3862 6218
228 344 332 409 833
1677 331 2005 393 ΝΘΤΙἜῚΑ.
3355 311 3462 377 835

233 453 355 506 Mss.
393 452 525 504 luoi.
569 448 949 510 Scorialensis,
990 458 1042 501 et
1075 450 1329 502 incendio
1377 449 1526 500 illius
1574 443 1758 498 bibliot

1950 455 2081 494 ann.
2122 439 2248 491 167.
2306 436 2490 508 periit.
2535 436 2742 503 (Fiam)
2795 431 3110 500 Gcncalogia
3147 427 3347 484 Christi
3408 444 3461 510 in

235 502 358 599 cod.
395 502 661 594 bs—corial.
713 549 848 592 teste
874 502 1077 593 ~Plin-ro
1110 543 1161 593 in
1197 541 1446 592 Itinerar.
1485 555 1574 600 per
1614 537 1836 602 Hispan.
1869 549 1919 599 p.
1957 531 2076 583 165.
2108 529 2164 582 lu
2200 502 2491 582 Montfauc.
2529 527 2668 580 Bibl.
2719 526 2956 578 biblioth.
2995 525 3120 576 Mss.
3166 539 3216 589 p.
3260 520 3362 572 618
3405 502 3468 599 ll,

236 633 315 685 sic
346 629 620 683 indicatur
661 644 675 680 :
713 625 936 695 Cydonii
975 627 1280 697 genealogia
1313 627 1508 680 Chriin
1541 633 1586 675 et
1620 621 1803 674 Μαι-ιιι»
1831 619 1896 669 ab
1932 617 2103 669 Adam
2134 631 2228 680 per
2267 615 2506 667 arborem
2539 622 2586 665 et
2623 611 2858 682 globulos
2890 609 3252 680 geealogicos
3284 607 3474 659 distin-

237 730 344 771 cta.
386 714 602 781 (Ιιλιιι.)

311 803 597 858 Florentia:
631 800 682 854 in
729 801 862 857 bibl.
900 801 1162 854 Laurent.
1211 799 1311 855 eod
1362 800 1456 858 2t.
1484 816 1539 854 ιι.
1575 799 1628 861 6.
1669 801 1723 862 7,
1749 800 1801 862 8,
1837 799 1967 866 plut.
2007 794 2096 857 59,
2134 803 2243 846 tres
2274 786 2538 842 Demetrii
2571 785 2780 882 Cydon.
2830 783 3110 838 Orationes
3155 791 3396 841 exstant,
3443 796 3472 834 a

245 891 498 946 Fabricio
526 905 633 942 non
665 901 993 942 merueram.
1029 890 1091 943 V.
1117 889 1344 944 Bandin.
1368 889 1486 941 Cat.
1515 889 1610 940 cit.
1649 887 1712 952 11,
1740 902 1791 956 p.
1827 885 1947 945 54⁸2,
1979 882 2098 936 scil.

320 977 477 1032 Orat.
509 979 576 1028 ad
617 979 988 1044 imperatorem
1027 977 1468 1028 Cantucuzentun.
1513 975 1682 1042 lncip.
1750 977 1845 1024 'Av

1461 1018 1468 1024 .
1513 975 1682 1042 lncip.
1750 973 2176 1041 'Avr‘véyxaoav.
2209 961 2252 1019 ὦ
2295 962 2536 1035 βασιλεῦ,
2576 962 2684 1013 τῶν
2718 961 2979 1029 συνεχῶν.

315 1063 464 1118 Orat.
500 1068 562 1114 ad
591 1063 873 1117 eumdem.
913 1063 1142 1131 incipit:
1171 1064 1289 1114 Ὅτι
1327 1063 1424 1130 μὲν
1463 1063 1529 1113 τὰ
1580 1062 1816 1130 παρόντα

806 1084 873 1117 Ιιι.
913 1063 1142 1131 incipit:
1171 1064 1289 1114 "tm
1327 1063 1424 1130 μὲν
1463 1063 1529 1113 τὰ
1580 1062 1816 1130 παρόντα
1857 1059 1961 1128 χρὴ
1996 1057 2331 1126 προσειπεῖν.

322 1150 474 1205 Orat.
506 1151 574 1200 ad
602 1149 790 1218 imper.
823 1149 1082 1203 Joannem
1115 1149 1502 1219 Pala’olognm.
1540 1148 1709 1216 lncip.
1743 1149 1847 1218 Ἀρ

1777 1149 1964 1218 Apto-rs
1997 1141 2476 1214 βασιὶεῦξπολλιἙν
2509 1137 2728 1204 ἀγαθῶν
2772 1135 3048 1196 πολλάκις.
3095 1132 3302 1203 (Μαι-Ι.)

1452 1318 1462 1327 _
1552 1259 1727 1315 Gra'ce
1763 1259 1915 1312 vertit
1952 1273 1979 1309 e
2016 1255 2224 1310 Latino.

321 1346 411 1400 21.
452 1345 709 1400 Richardi
741 1345 1062 1408 Florentini.
1103 1348 1353 1401 monachi
1400 1326 1762 1408 Dominicani,
1799 1345 1930 1398 clari
1973 1345 2114 1396 circa
2162 1358 2290 1395 anu.
2325 1341 2454 1394 Chr.
2499 1336 2657 1399 1500,
2707 1333 3010 1402 Confutatio
3067 1329 3314 1383 Alcorani
3368 1326 3487 1379 Mu-

248 1435 532 1490 hametlici.
575 1450 737 1501 quam
785 1450 908 1487 cum
960 1435 1150 1488 Latina
1199 1437 1452 1489 versione
1499 1433 1880 1488 Bartholonmii
1913 1431 2097 1485 Piceni
2146 1431 2317 1482 edidit
2348 1427 2668 1480 Theodorus
2701 1421 3015 1476 Bibl-under
3053 1420 3104 1471 in
3136 1418 3487 1487 Syutagaiate

249 1522 583 1590 scriptorum
615 1521 1303 1583 antillahamedanorum,
1355 1523 1518 1576 Basil.
1569 1523 1725 1586 1545,
1752 1520 1844 1574 fol.
1875 1535 1996 1588 pag.
2040 1518 2127 1571 85.
2173 1517 2378 1570 Recusa
2416 1514 2571 1568 Rom.
2601 1510 2758 1572 1606,
2801 1509 2854 1569 8,
2888 1514 3226 1560 memoratur
3259 1502 3311 1555 in

249 1587 379 1676 logo
431 1607 776 1660 bibliotheca:
832 1606 1166 1670 Barberinze,
1202 1625 1254 1675 p.
1289 1609 1413 1662 52-2.
1447 1607 1600 1667 Vide.
1654 1607 1695 1659 si
1751 1587 1942 1675 placet,
1993 1621 2112 1673 qua:
2158 1605 2224 1656 de
2272 1605 2374 1657 hoc
2425 1616 2590 1669 opere
2624 1598 2733 1651 dixi
2772 1597 2976 1650 volam.
3021 1593 3109 1655 Vl,
3159 1590 3323 1658 hujus
3351 1587 3484 1640 bibl.

254 1712 307 1765 p.
350 1695 441 1748 691
479 1694 691 1761 (ham)
719 1694 755 1746 f.
785 1694 894 1747 vol.
929 1695 1060 1758 \‘lll,
1091 1713 1142 1762 p.
1169 1697 1235 1750 86
1264 1712 1346 1764 sq.
1379 1695 1565 1763 ibique
1597 1711 1649 1746 ν.
1678 1702 1792 1748 not.
1829 1709 1912 1755 oo,
1936 1693 2064 1746 add.
2101 1692 2316 1744 Fabric.
2357 1697 2610 1740 nostrum
2642 1687 2694 1739 in
2727 1682 2938 1736 Delectu
2972 1689 3401 1749 argumentorum
3441 1681 3492 1765 rt

249 1764 446 1850 syllab.
488 1783 820 1847 scriptorum,
846 1781 934 1848 qui
962 1784 1232 1835 veritatem
1262 1781 1526 1850 religionis
1552 1781 1748 1836 Christ.
1791 1788 2145 1839 essenterant,
2175 1794 2224 1846 p.
2266 1778 2362 1829 123
2388 1772 2779 1828 ncl.—Ondin.
2805 1769 3020 1824 Comm.
3049 1769 3084 1824 l.
3127 1783 3176 1821 c.
3203 1766 3306 1820 col.
3359 1764 3494 1817 IO'tiO

252 1884 382 1936 sqq.
417 1897 488 1907 —
525 1866 665 1919 Edit.
708 1868 964 1919 Aleoran.
995 1884 1118 1922 cum
1151 1868 1619 1922 confutationibus
1641 1884 1705 1922 cx
1751 1867 1881 1920 edit.
1917 1868 2190 1920 Theodori
2221 1862 2543 1924 Bibliandri,
2578 1859 2736 1914 Basil.
2775 1852 2930 1912 1515.
2971 1855 3209 1912 Uberius
3247 1862 3500 1907 recenset

249 1955 348 2008 ιο.
374 1954 538 2007 Fabr.
578 1955 632 2005 in
678 1954 912 2007 Historia
950 1957 1072 2008 bibl.
1110 1957 1315 2010 Fabric.
1366 1966 1504 2026 part.
1543 1971 1598 2017 ιι,
1635 1971 1686 2024 p.
1726 1955 1834 2008 925
1867 1972 1986 2024 sqq.
2041 1955 2137 2008 Ms.
2183 1968 2399 2023 quoque
2439 1959 2610 2004 exstat
2649 1950 2704 2002 in
2741 1947 2862 2001 cod.
2907 1945 3038 1998 bibl.
3083 1943 3374 1999 Vaticanaa.
3429 1940 3495 1994 ν.

252 2041 557 2096 Montfattc.
581 2040 696 2093 Bib.
733 2041 969 2095 biblioth.
995 2042 1126 2095 Mss.
1154 2061 1206 2112 p.
1241 2045 1307 2096 12
1339 2043 1404 2096 D.
1446 2042 1662 2114 (“aut”)
2916 2089 2934 2104 .

326 2127 420 2182 εἰ.
461 2127 634 2180 Etiam
668 2127 991 2182 Alcoranum
1025 2131 1203 2199 ipsum
1232 2131 1284 2184 in
1307 2129 1550 2184 Grzecam
1584 2132 1824 2200 linguam
1866 2126 2212 2183 transtulisse
2255 2125 2429 2180 fertur
2463 2122 2767 2178 Demetrius
2788 2120 2928 2190 apud
2971 2120 3274 2174 Gesnerum
3304 2116 3358 2170 in
3397 2131 3497 2184 ap-

253 2214 490 2288 pendice
531 2213 902 2276 Biblimhecae,
926 2217 1070 2269 edita
1104 2215 1292 2286 Tignri
1317 2233 1365 2270 a.
1411 2217 1566 2281 1555,
1601 2217 1695 2270 fol.

332 2307 421 2361 '23.
463 2301 542 2354 Ex
584 2304 872 2371 Augustini
919 2304 1276 2358 Sermonibus
1309 2307 1488 2374 capita
1521 2304 1770 2373 qumdam
1801 2303 2169 2365 transtulisse,
2219 2297 2498 2354 Gesnerns
2535 2307 2593 2352 et
2631 2297 2721 2350 alii
2771 2303 3100 2348 memorant.
3140 2289 3350 2360 (haud
3397 2287 3498 2341 Ms.

271 2393 454 2448 Romae
500 2395 553 2446 in
604 2392 736 2446 bibl.
789 2391 965 2444 Vatie.
999 2391 1063 2445 γ.
1093 2391 1388 2458 Montl‘auc.
1429 2392 1466 2445 l.
1497 2407 1546 2445 c.
1574 2408 1627 2460 p.
1656 2393 1720 2445 12
1741 2389 1796 2444 C.

1978 2402 2066 2459 Lp.
2111 2388 2214 2441 708
2252 2389 2316 2441 Ι).
2345 2387 2410 2440 de
2441 2386 2564 2450 cmi,
2619 2382 3100 2447 bm,,Sﬂirtiana3,
3140 2380 3193 2469 in
3235 2394 3344 2447 quo
3371 2387 3503 2469 sunt.

270 2479 553 2550 Augustini
581 2480 732 2533 Orat.
756 2479 870 2533 sive
895 2477 1244 2532 Precationes
1272 2479 1360 2544 57,
1395 2494 1677 2534 conversa:
1696 2495 1763 2533 ex
1782 2478 1976 2534 Latino
2011 2480 2065 2534 in
2089 2476 2264 2534 Grzec.
2289 2495 2457 2534 serm.
2485 2495 2515 2532 a
2544 2481 2814 2534 Detne'rio
2838 2479 3104 2546 Cydonio.
3134 2464 3194 2516 :-
3218 2464 3505 2546 Augtsﬁ-ai

267 2567 634 2624 Encbiridion
667 2564 764 2620 Gr.
798 2581 1013 2617 ver-um
1048 2581 1076 2618 τι
1116 2563 1389 2618 Demetrio
1417 2565 1552 2636 Cyd.
1588 2566 1649 2620 V.
1677 2565 1930 2620 Lambcc.
1965 2568 2006 2631 Ι,
2040 2584 2088 2638 p.
2121 2567 2228 2620 2'72
2265 2567 2326 2624 C.
2368 2565 2524 2621 Conf.
2559 2577 2736 2620 tamen
2772 2566 3200 2626 Sclttenemaun,
3247 2565 3504 2619 Biblioth.

263 2658 454 2710 histor.
491 2655 722 2706 litterar.
751 2651 974 2704 Patrum
1009 2651 1249 2705 Latinor.
1281 2662 1414 2706 tom.
1458 2653 1525 2718 ll,
1564 2670 1615 2722 [ι.
1650 2655 1773 2710 500.

502 2655 722 2706 litterar.
751 2651 974 2704 Patrum
1009 2651 1249 2705 Latinor.
1281 2662 1414 2706 tom.
1458 2653 1525 2718 ll,
1564 2670 1615 2722 [ι.
1650 2655 1773 2710 500.
1808 2654 2027 2721 illane.)

339 2743 432 2796 ‘24.
497 2741 554 2794 S.
589 2739 812 2792 Thalna:
855 2738 1146 2805 Aquinatis
1189 2737 1462 2793 Summam
1498 2747 1746 2796 adversus
1793 2753 1992 2812 gentes.
2029 2741 2239 2808 (ΡΑΒιι.)
2286 2741 2444 2795 Conf.
2495 2739 2748 2794 Lambcc.
2791 2740 2832 2804 1,
2873 2757 2926 2811 p.
2988 2741 3091 2796 266
3157 2758 3299 2810 sqq.;
3352 2748 3406 2794 et
3444 2739 3512 2802 ν.

268 2848 324 2900 p.
373 2830 501 2891 561,
556 2829 626 2890 4;
676 2826 799 2879 cod.
851 2825 954 2879 957
991 2841 1052 2878 ex
1090 2826 1195 2880 Th.
1235 2828 1518 2895 Aquinatis
1549 2829 1644 2882 lib.
1675 2845 1749 2896 tv,
1797 2829 1874 2883 De
1919 2833 2136 2883 veritate
2179 2829 2452 2908 catholii'ce
2495 2829 2620 2897 fidei
2655 2838 2835 2882 contra
2881 2831 3120 2899 gentiles,
3155 2838 3208 2883 et
3239 2846 3301 2883 ex
3335 2829 3513 2896 t‘jttsd.

265 2918 495 2972 Summa
529 2915 798 2982 theologia:
826 2928 982 2982 capp.
1029 2913 1372 2967 miscellanea
1416 2916 1504 2978 4'5,
1532 2915 1627 2969 Gr.
1667 2931 1842 2970 versa.
1874 2947 1941 2956 -—
1977 2918 2158 2972 Ruina:
2187 2918 2240 2970 in
2272 2917 2398 2971 eod.
2446 2917 2620 2971 Vatic.
2656 2917 2716 2970 ι’.
2766 2917 3062 2973 Montlauc.
3107 2918 3146 2972 l.
3179 2932 3228 2970 c.
3267 2933 3322 2986 p.
3358 2917 3422 2968 1‘2
3475 2915 3515 2969 C

281 3017 344 3060 et
395 3004 461 3056 ο.
491 3034 562 3043 —
593 3003 697 3058 Th.
739 3004 1048 3072 Aquinatis,
1083 3003 1272 3073 prima:
1306 3005 1476 3073 partis
1510 3003 1741 3060 Summa:
1775 3006 2115 3070 Quaestiones
2141 3004 2208 3057 49
2238 3004 2447 3072 priores
2477 3020 2668 3060 νει-διε.
2705 3008 2754 3059 iu
2781 3005 2903 3058 cod.
2939 3005 3157 3058 Baroec.
3201 3003 3288 3059 65.
3315 3003 3520 3056 Auctor

265 3097 395 3151 Cat.
432 3095 557 3147 Mss.
590 3094 815 3160 Angliae,
845 3101 952 3146 etc.
987 3093 1030 3155 1,
1072 3108 1127 3162 p.
1163 3093 1214 3154 7,
1252 3093 1432 3153 Liber,
1463 3095 1559 3154 ait,
1601 3093 1714 3163 ipse
1757 3093 2149 3160 ἀνεπίγραφος.
2186 3093 2412 3147 l’lanudi
2465 3102 2645 3147 tamen
2685 3093 2942 3146 tribuitur
2975 3094 3027 3146 in
3059 3091 3176 3146 Cat.
3229 3091 3518 3165 impressit,

268 3182 486 3244 nescio,
521 3197 631 3250 quo
661 3191 902 3233 auctore.
952 3179 1083 3232 Nam
1130 3179 1462 3232 Demetrium
1509 3179 1714 3250 Cydon.
1754 3182 1981 3234 Vt-rtisse
2017 3180 2222 3235 librum
2264 3181 2576 3248 Aquinalis.
2631 3189 2860 3233 testatur
2911 3181 3262 3234 Passerinus.
3295 3209 3364 3219 —
3395 3181 3516 3232 Fxo—

271 3268 471 3322 rentize
508 3268 560 3321 in
594 3267 714 3319 cod.
753 3266 990 3318 Laurent
1037 3265 1122 3326 1‘2,
1177 3282 1230 3317 ιι.
1267 3265 1352 3330 11,
1390 3264 1667 3334 Expositio
1715 3267 2060 3320 articulorum
2103 3268 2249 3335 ﬁdei,
2288 3269 2433 3321 edita
2475 3283 2504 3320 a
2553 3267 2760 3320 Thoma
2801 3267 3092 3335 Aquinate.
3137 3279 3190 3320 et
3237 3285 3290 3321 ιι.
3331 3269 3417 3329 l9,
3448 3283 3517 3320 ex

268 3360 524 3428 ejusdem
588 3359 729 3412 libro
783 3375 864 3420 ιιι,
910 3368 1094 3411 contra
1143 3357 1367 3422 Crazcos,
1403 3376 1524 3429 cap.
1573 3360 1695 3426 122,
1745 3363 1890 3430 quod
1951 3363 2356 3416 matrimonium
2413 3362 2775 3430 inst-parabile
2821 3378 2941 3416 esse
2980 3363 3194 3421 debeat.
3235 3361 3326 3416 Gr.
3372 3379 3519 3416 vers.

273 3449 343 3502 γ.
379 3447 607 3499 Bandini
668 3446 786 3500 Cat.
825 3447 986 3501 codd.
1019 3447 1112 3500 Gr.
1142 3447 1306 3500 Laur.
1344 3448 1384 3510 l,
1418 3464 1470 3516 ιι.
1501 3447 1604 3502 554
1626 3464 1707 3518 sq.
1742 3478 1812 3487 —
1840 3449 2013 3503 Paris.
2051 3451 2104 3502 in
2139 3451 2272 3502 bibl.
2310 3449 2460 3518 publ.
2492 3451 2616 3503 cod.
2649 3450 2784 3503 1235i
2813 3459 2866 3502 et
2901 3449 3058 3512 19.57,
3093 3449 3302 3502 ἸἸεοιιιιυ
3325 3450 3518 3518 Aquin.

272 3535 514 3591 Sumam:
551 3533 869 3604 Theologij
903 3550 1027 3603 pars
1068 3534 1328 3599 secunda,
1360 3535 1455 3590 Gr.
1489 3551 1642 3589 versa
1685 3552 1712 3590 a
1747 3537 2021 3592 Demetrio
2052 3536 2186 3610 Cyd.
2233 3538 2376 3590 unde
2417 3539 2652 3607 suppleri
2695 3546 2872 3605 potest
2920 3538 3081 3592 Fabr.
3120 3537 3260 3591 Bibl.
3300 3539 3435 3589 mea.
3472 3551 3514 3592 et

275 3621 381 3690 in].
406 3620 586 3675 Latin.
619 3630 748 3673 tom.
781 3620 869 3684 Vl,
897 3636 950 3689 p.
984 3621 1112 3683 258,
1140 3621 1230 3674 ed.
1258 3622 1450 3674 Mansi.
1483 3621 1701 3693 (ΙΙΑιιι.)

353 3712 447 3765 25.
488 3711 742 3779 Ejusdem
780 3709 1010 3766 Summa:
1046 3711 1365 3782 theologica’,
1395 3726 1604 3782 partem
1641 3728 1657 3766 ι
1689 3721 1746 3768 et
1775 3729 1816 3769 ιι
1842 3711 1972 3770 Mss.
2004 3713 2058 3767 in
2083 3712 2221 3767 bibl.
2249 3711 2509 3767 Vaticana
2543 3721 2597 3766 et
2637 3711 2901 3767 Caesarea.
2940 3711 3024 3783 IV.
3055 3712 3121 3766 ad
3154 3729 3207 3767 ιι.
3245 3709 3451 3781 autem]

352 3797 445 3850 26.
489 3795 714 3849 Librum
754 3797 826 3849 De
849 3807 1145 3867 contemptu
1184 3799 1386 3852 mutuli.

355 3885 450 3940 27.
492 3884 728 3937 Anselmi
756 3884 1168 3939 Cantuariensis
1195 3887 1391 3958 librum
1440 3886 1511 3940 De
1538 3889 1864 3958 processione
1892 3886 2122 3959 Spiritus
2159 3887 2330 3940 sancti
2360 3897 2548 3941 contra
2590 3886 2826 3942 Grchs.
2861 3887 3058 3956 Incipit
3093 3889 3195 3939 :Ci
3231 3887 3368 3955 μετὰ
3399 3885 3525 3957 τοῖς

277 3981 580 4046 γενναίους·
600 3981 905 4043 ἀγωνιστὰς
931 3979 1208 4040 εἰσιόντες.
1245 3979 1485 4032 Meminit
1530 3982 1781 4042 Allatius,

1997 3981 2010 4033 ἵ
2048 3979 2119 4033 De
2157 3994 2458 4036 consensu.
2497 3977 2576 4051 [lu
2610 3979 2730 4034 cod.
2762 3978 2934 4034 Vatic.
2973 3979 3038 4036 γ.
3066 3979 3358 4033 Monttaue.
3385 3977 3522 4040 Bibl,

278 4065 554 4122 biblioth.
589 4065 716 4120 Mss.
749 4081 803 4136 p.
837 4064 904 4118 12
938 4065 998 4119 ι’.
1030 4065 1169 4119 Add.
1199 4081 1360 4135 supra
1391 4085 1444 4119 ιι.
1487 4067 1566 4139 9.]

358 4158 452 4212 28.
493 4157 749 4228 Ejusdem
781 4157 1025 4211 Ansclmi
1059 4158 1352 4227 Epistolam
1386 4159 1451 4211 de
1487 4160 1660 4213 tribus
1693 4159 2092 4229 quastionibus
2118 4176 2180 4214 ac
2219 4162 2527 4231 prmsertim
2564 4163 2628 4213 tle
2660 4162 2928 4214 fermento
2952 4167 3005 4212 et
3032 4173 3241 4228 azyma.
3280 4157 3344 4209 ad
3377 4157 3531 4211 Vale.

279 4245 512 4299 tianum
593 4245 706 4298 sive
770 4245 1197 4307 Walerannum,
1260 4245 1726 4314 Numburgenseni
1794 4265 1804 4299 ι

2008 4264 2133 4302 ιυιιι.
2209 4249 2400 4318 Incipit
2462 4264 2476 4304 :
2547 4249 2724 4304 Ειδότι
2797 4247 3002 4316 βραχέα
3066 4247 3231 4313 λέγω.
3283 4246 3533 4312 Meminit

278 4333 531 4388 Allatius
559 4332 680 4385 loco
710 4332 951 4385 laudato.
990 4332 1198 4404 (FABR.)
3292 4369 3303 4379 .

367 4419 625 4488 Liturgia:
654 4435 698 4473 s.
743 4420 916 4473 Missae
967 4435 1078 4472 sec.
1109 4421 1276 4472 ritum
1315 4420 1612 4473 llo‘mannm
1646 4431 1850 4489 partem
1874 4423 2062 4477 Graece
2090 4439 2300 4476 versant
2330 4437 2450 4476 esse
2480 4439 2508 4476 ει
2539 4421 2808 4482 Demetrio
2836 4421 2967 4492 Cyd.
2996 4420 3155 4474 docet
3187 4420 3288 4474 cel.
3323 4420 3531 4486 More",

279 4509 348 4562 in
401 4506 658 4561 Biblioth.
705 4507 829 4560 Mss.
872 4505 967 4560 Gr.
1002 4516 1052 4560 et
1098 4507 1219 4560 Lat.
1261 4517 1390 4574 tum.
1427 4508 1464 4567 1,
1501 4524 1552 4575 p.
1589 4508 1655 4559 50
1690 4519 1745 4562 et
1777 4509 1846 4562 52
1877 4511 1942 4564 de
1981 4511 2101 4563 cod.
2142 4510 2300 4563 Mart.
2337 4511 2405 4562 58
2437 4517 2492 4562 et
2535 4509 2706 4572 addit,
2743 4510 2900 4562 aliam
2939 4508 3118 4562 missa:
3158 4507 3210 4560 in
3251 4507 3535 4564 nativitatu

280 4592 519 4648 Domini
551 4607 662 4645 sec.
701 4592 861 4644 ritum
893 4593 1314 4646 Ambrosianum
1349 4593 1601 4647 Demetrii
1634 4593 1725 4648 Gr.
1758 4595 2268 4664 interpretatioumn
2311 4599 2581 4665 vulgatam
2636 4612 2761 4652 esse
2802 4597 2869 4650 ab
2909 4596 3147 4649 Antonio
3178 4594 3552 4666 Funtagallio,_

276 4678 573 4734 autiacho
599 4677 970 4741 Cisterciensi,
1002 4680 1054 4733 in
1080 4678 1400 4734 collectione
1426 4680 1687 4750 inscripta
1720 4701 1731 4734 :
1761 4682 2006 4740 Raccotta
2039 4684 2316 4747 .ltituuese,
2356 4684 2642 4740 Mediolani
2680 4685 2832 4740 1757.
2877 4685 3093 4756 ("aut")
