  <div class='ocr_page' id='page_1' title='image "/cluster/home/n/w/nwhite01/storage/ocr_20150623/154/hvd.32044073505299/442.png"; bbox 0 0 3862 6218; ppageno 0'>
   <div class='ocr_carea' id='block_1_1' title="bbox 247 294 360 357">
    <p class='ocr_par' dir='ltr' id='par_1_1' title="bbox 247 294 360 357">
     <span class='ocr_line' id='line_1_1' title="bbox 247 294 360 357; baseline -0.018 -2"><span class='ocrx_word' id='word_1_1' title='bbox 247 294 360 357; x_wconf 62' lang='lat'><strong>8517</strong></span> 
     </span>
    </p>
   </div>
   <div class='ocr_carea' id='block_1_2' title="bbox 1471 287 2302 349">
    <p class='ocr_par' dir='ltr' id='par_1_2' title="bbox 1471 287 2302 349">
     <span class='ocr_line' id='line_1_2' title="bbox 1471 287 2302 349; baseline 0.001 -3"><span class='ocrx_word' id='word_1_2' title='bbox 1471 287 1878 349; x_wconf 78' lang='lat' dir='ltr'><strong>ADVERSUS</strong></span> <span class='ocrx_word' id='word_1_3' title='bbox 1916 287 2302 347; x_wconf 67' lang='lat' dir='ltr'><strong>PALAMAM.</strong></span> 
     </span>
    </p>
   </div>
   <div class='ocr_carea' id='block_1_3' title="bbox 3422 287 3525 346">
    <p class='ocr_par' dir='ltr' id='par_1_3' title="bbox 3422 287 3525 346">
     <span class='ocr_line' id='line_1_3' title="bbox 3422 287 3525 346; baseline 0 0"><span class='ocrx_word' id='word_1_4' title='bbox 3422 287 3525 346; x_wconf 50' lang='lat'><strong>“&quot;8</strong></span> 
     </span>
    </p>
   </div>
   <div class='ocr_carea' id='block_1_4' title="bbox 239 397 1837 480">
    <p class='ocr_par' dir='ltr' id='par_1_4' title="bbox 239 397 1832 480">
     <span class='ocr_line' id='line_1_4' title="bbox 239 397 1832 480; baseline -0.007 -18"><span class='ocrx_word' id='word_1_5' title='bbox 239 397 555 480; x_wconf 66' lang='grc' dir='ltr'><strong>ξμπροσθεν</strong></span> <span class='ocrx_word' id='word_1_6' title='bbox 593 409 685 458; x_wconf 74' lang='grc' dir='ltr'><strong>τοῦ</strong></span> <span class='ocrx_word' id='word_1_7' title='bbox 723 403 984 457; x_wconf 72' lang='grc' dir='ltr'>δεσπότου</span> <span class='ocrx_word' id='word_1_8' title='bbox 1023 402 1116 456; x_wconf 80' lang='grc' dir='ltr'>τοῦ</span> <span class='ocrx_word' id='word_1_9' title='bbox 1157 401 1314 456; x_wconf 64' lang='lat' dir='ltr'><strong>nam</strong></span> <span class='ocrx_word' id='word_1_10' title='bbox 1350 401 1444 454; x_wconf 83' lang='grc' dir='ltr'>τοῦ</span> <span class='ocrx_word' id='word_1_11' title='bbox 1483 408 1522 454; x_wconf 87' lang='grc' dir='ltr'>ε’</span> <span class='ocrx_word' id='word_1_12' title='bbox 1550 399 1832 469; x_wconf 83' lang='grc' dir='ltr'>Οὐρϐανοῦ</span> 
     </span>
    </p>
   </div>
   <div class='ocr_carea' id='block_1_5' title="bbox 1943 397 3526 480">
    <p class='ocr_par' dir='ltr' id='par_1_5' title="bbox 1943 397 3526 472">
     <span class='ocr_line' id='line_1_5' title="bbox 1943 397 3526 472; baseline 0.005 -22"><span class='ocrx_word' id='word_1_13' title='bbox 1943 400 2186 453; x_wconf 81' lang='lat' dir='ltr'><strong>nonnnlii</strong></span> <span class='ocrx_word' id='word_1_14' title='bbox 2230 397 2402 452; x_wconf 70' lang='lat' dir='ltr'><strong>Gneci</strong></span> <span class='ocrx_word' id='word_1_15' title='bbox 2443 398 2770 452; x_wconf 79' lang='lat' dir='ltr'><strong>retulerunt.</strong></span> <span class='ocrx_word' id='word_1_16' title='bbox 2811 410 3300 455; x_wconf 86' lang='lat' dir='ltr'><strong>commemoratum</strong></span> <span class='ocrx_word' id='word_1_17' title='bbox 3350 402 3526 472; x_wconf 80' lang='lat' dir='ltr'><strong>impe-</strong></span> 
     </span>
    </p>
   </div>
   <div class='ocr_carea' id='block_1_6' title="bbox 243 491 1829 563">
    <p class='ocr_par' dir='ltr' id='par_1_6' title="bbox 243 491 1829 563">
     <span class='ocr_line' id='line_1_6' title="bbox 243 491 1829 563; baseline -0.008 -7"><span class='ocrx_word' id='word_1_18' title='bbox 243 505 341 558; x_wconf 72' lang='grc' dir='ltr'><strong>καὶ</strong></span> <span class='ocrx_word' id='word_1_19' title='bbox 387 501 496 552; x_wconf 80' lang='grc' dir='ltr'><strong>τῶν</strong></span> <span class='ocrx_word' id='word_1_20' title='bbox 545 495 706 550; x_wconf 74' lang='grc' dir='ltr'>αὑτοῦ</span> <span class='ocrx_word' id='word_1_21' title='bbox 755 495 1117 563; x_wconf 73' lang='grc' dir='ltr'>καρδιναλίων</span> <span class='ocrx_word' id='word_1_22' title='bbox 1167 493 1319 560; x_wconf 83' lang='grc' dir='ltr'><strong>παρά</strong></span> <span class='ocrx_word' id='word_1_23' title='bbox 1369 511 1530 545; x_wconf 84' lang='grc' dir='ltr'>τινων</span> <span class='ocrx_word' id='word_1_24' title='bbox 1578 491 1829 562; x_wconf 79' lang='grc' dir='ltr'><strong>Γραικῶν</strong></span> 
     </span>
    </p>
   </div>
   <div class='ocr_carea' id='block_1_7' title="bbox 241 586 1830 666">
    <p class='ocr_par' dir='ltr' id='par_1_7' title="bbox 241 586 1830 666">
     <span class='ocr_line' id='line_1_7' title="bbox 241 586 1830 666; baseline -0.007 -18"><span class='ocrx_word' id='word_1_25' title='bbox 241 594 535 666; x_wconf 78' lang='grc' dir='ltr'>ἀνηνέχθη.</span> <span class='ocrx_word' id='word_1_26' title='bbox 565 591 637 650; x_wconf 84' lang='grc' dir='ltr'><strong>ῶς</strong></span> <span class='ocrx_word' id='word_1_27' title='bbox 664 591 690 642; x_wconf 94' lang='grc' dir='ltr'><strong>ὀ</strong></span> <span class='ocrx_word' id='word_1_28' title='bbox 718 589 1005 659; x_wconf 58' lang='grc' dir='ltr'>εἰρημένος</span> <span class='ocrx_word' id='word_1_29' title='bbox 1036 587 1291 656; x_wconf 76' lang='grc' dir='ltr'>βασιλεὺς</span> <span class='ocrx_word' id='word_1_30' title='bbox 1319 589 1346 638; x_wconf 82' lang='grc' dir='ltr'><strong>ὀ</strong></span> <span class='ocrx_word' id='word_1_31' title='bbox 1375 586 1830 656; x_wconf 79' lang='grc' dir='ltr'>Καντακουζηνός</span> 
     </span>
    </p>
   </div>
   <div class='ocr_carea' id='block_1_8' title="bbox 242 678 1832 754">
    <p class='ocr_par' dir='ltr' id='par_1_8' title="bbox 242 678 1832 754">
     <span class='ocr_line' id='line_1_8' title="bbox 242 678 1832 754; baseline -0.008 -13"><span class='ocrx_word' id='word_1_32' title='bbox 242 689 342 741; x_wconf 74' lang='grc' dir='ltr'><strong>καὶ</strong></span> <span class='ocrx_word' id='word_1_33' title='bbox 389 687 422 754; x_wconf 77' lang='grc' dir='ltr'>ἡ</span> <span class='ocrx_word' id='word_1_34' title='bbox 473 684 578 734; x_wconf 74' lang='grc' dir='ltr'><strong>τῶν</strong></span> <span class='ocrx_word' id='word_1_35' title='bbox 632 681 882 751; x_wconf 84' lang='grc' dir='ltr'>Γραικῶν</span> <span class='ocrx_word' id='word_1_36' title='bbox 919 679 1216 745; x_wconf 70' lang='grc' dir='ltr'>Ἐκκλησία</span> <span class='ocrx_word' id='word_1_37' title='bbox 1267 678 1466 740; x_wconf 74' lang='grc' dir='ltr'>πολλὰς</span> <span class='ocrx_word' id='word_1_38' title='bbox 1514 679 1832 746; x_wconf 72' lang='grc' dir='ltr'><strong>δογματίζει</strong></span> 
     </span>
    </p>
   </div>
   <div class='ocr_carea' id='block_1_9' title="bbox 242 767 1831 845">
    <p class='ocr_par' dir='ltr' id='par_1_9' title="bbox 242 767 1831 845">
     <span class='ocr_line' id='line_1_9' title="bbox 242 767 1831 845; baseline -0.007 -14"><span class='ocrx_word' id='word_1_39' title='bbox 242 779 503 845; x_wconf 76' lang='grc' dir='ltr'>Θεότητας</span> <span class='ocrx_word' id='word_1_40' title='bbox 538 773 942 839; x_wconf 64' lang='grc' dir='ltr'><strong>ὑπερκειμένας</strong></span> <span class='ocrx_word' id='word_1_41' title='bbox 971 772 1063 822; x_wconf 78' lang='grc' dir='ltr'>καὶ</span> <span class='ocrx_word' id='word_1_42' title='bbox 1095 768 1524 834; x_wconf 76' lang='grc' dir='ltr'>ὑποϐεϐηκυίας,</span> <span class='ocrx_word' id='word_1_43' title='bbox 1554 768 1642 821; x_wconf 79' lang='grc' dir='ltr'>διὰ</span> <span class='ocrx_word' id='word_1_44' title='bbox 1674 768 1734 819; x_wconf 78' lang='grc' dir='ltr'>τὸ</span> <span class='ocrx_word' id='word_1_45' title='bbox 1764 767 1831 820; x_wconf 72' lang='grc' dir='ltr'>τὰ</span> 
     </span>
    </p>
   </div>
   <div class='ocr_carea' id='block_1_10' title="bbox 243 858 1831 939">
    <p class='ocr_par' dir='ltr' id='par_1_10' title="bbox 243 858 1831 939">
     <span class='ocr_line' id='line_1_10' title="bbox 243 858 1831 939; baseline -0.008 -18"><span class='ocrx_word' id='word_1_46' title='bbox 243 868 518 939; x_wconf 84' lang='grc' dir='ltr'>προσόντα</span> <span class='ocrx_word' id='word_1_47' title='bbox 565 863 642 932; x_wconf 83' lang='grc' dir='ltr'>τῷ</span> <span class='ocrx_word' id='word_1_48' title='bbox 691 862 810 931; x_wconf 81' lang='grc' dir='ltr'><strong>ΘΞῷ</strong></span> <span class='ocrx_word' id='word_1_49' title='bbox 855 861 1134 930; x_wconf 76' lang='grc' dir='ltr'><strong>διαφέρειν</strong></span> <span class='ocrx_word' id='word_1_50' title='bbox 1179 861 1361 927; x_wconf 79' lang='grc' dir='ltr'>λέγειν</span> <span class='ocrx_word' id='word_1_51' title='bbox 1405 858 1831 929; x_wconf 79' lang='grc' dir='ltr'><strong>πραγματικῶς,</strong></span> 
     </span>
    </p>
   </div>
   <div class='ocr_carea' id='block_1_11' title="bbox 243 952 1833 1022">
    <p class='ocr_par' dir='ltr' id='par_1_11' title="bbox 243 952 1833 1022">
     <span class='ocr_line' id='line_1_11' title="bbox 243 952 1833 1022; baseline -0.006 -11"><span class='ocrx_word' id='word_1_52' title='bbox 243 961 342 1012; x_wconf 71' lang='grc' dir='ltr'><strong>καὶ</strong></span> <span class='ocrx_word' id='word_1_53' title='bbox 375 957 581 1009; x_wconf 73' lang='grc' dir='ltr'>τούτων</span> <span class='ocrx_word' id='word_1_54' title='bbox 617 955 849 1007; x_wconf 70' lang='grc' dir='ltr'>ἕκαστον</span> <span class='ocrx_word' id='word_1_55' title='bbox 885 952 1117 1021; x_wconf 76' lang='grc' dir='ltr'>θεότητα</span> <span class='ocrx_word' id='word_1_56' title='bbox 1151 952 1331 1018; x_wconf 83' lang='grc' dir='ltr'>λέγειν</span> <span class='ocrx_word' id='word_1_57' title='bbox 1364 952 1833 1022; x_wconf 88' lang='grc' dir='ltr'>διακεκριμμένην</span> 
     </span>
    </p>
   </div>
   <div class='ocr_carea' id='block_1_12' title="bbox 243 1043 1833 1118">
    <p class='ocr_par' dir='ltr' id='par_1_12' title="bbox 243 1043 1833 1118">
     <span class='ocr_line' id='line_1_12' title="bbox 243 1043 1833 1118; baseline -0.004 -15"><span class='ocrx_word' id='word_1_58' title='bbox 243 1051 333 1103; x_wconf 78' lang='grc' dir='ltr'><strong>ἐπ’</strong></span> <span class='ocrx_word' id='word_1_59' title='bbox 362 1050 592 1118; x_wconf 80' lang='grc' dir='ltr'>ἄπειρον</span> <span class='ocrx_word' id='word_1_60' title='bbox 628 1047 728 1114; x_wconf 82' lang='grc' dir='ltr'>τῆς</span> <span class='ocrx_word' id='word_1_61' title='bbox 766 1045 914 1107; x_wconf 80' lang='grc' dir='ltr'><strong>Θείας</strong></span> <span class='ocrx_word' id='word_1_62' title='bbox 949 1045 1138 1107; x_wconf 79' lang='grc' dir='ltr'>οὐσίας</span> <span class='ocrx_word' id='word_1_63' title='bbox 1174 1043 1469 1106; x_wconf 75' lang='grc' dir='ltr'><strong>διεστώσας</strong></span> <span class='ocrx_word' id='word_1_64' title='bbox 1501 1060 1513 1073; x_wconf 80' lang='grc'><strong><em>⁸</em></strong></span> <span class='ocrx_word' id='word_1_65' title='bbox 1558 1044 1833 1113; x_wconf 76' lang='grc' dir='ltr'>ἐπιθυμή-</span> 
     </span>
    </p>
   </div>
   <div class='ocr_carea' id='block_1_13' title="bbox 245 1133 1834 1207">
    <p class='ocr_par' dir='ltr' id='par_1_13' title="bbox 245 1133 1834 1207">
     <span class='ocr_line' id='line_1_13' title="bbox 245 1133 1834 1207; baseline 0.006 -32"><span class='ocrx_word' id='word_1_66' title='bbox 245 1157 350 1201; x_wconf 68' lang='grc' dir='ltr'><strong>σας</strong></span> <span class='ocrx_word' id='word_1_67' title='bbox 380 1141 476 1207; x_wconf 72' lang='grc' dir='ltr'><strong>τὴν</strong></span> <span class='ocrx_word' id='word_1_68' title='bbox 507 1135 771 1204; x_wconf 61' lang='grc' dir='ltr'>ἀλήθειαν</span> <span class='ocrx_word' id='word_1_69' title='bbox 799 1135 1001 1200; x_wconf 85' lang='grc' dir='ltr'>γνῶναι</span> <span class='ocrx_word' id='word_1_70' title='bbox 1029 1133 1235 1202; x_wconf 75' lang='grc' dir='ltr'>ταύτης</span> <span class='ocrx_word' id='word_1_71' title='bbox 1265 1133 1363 1203; x_wconf 84' lang='grc' dir='ltr'>τῆς</span> <span class='ocrx_word' id='word_1_72' title='bbox 1393 1133 1743 1193; x_wconf 75' lang='grc' dir='ltr'>διδασκαλίας</span> <span class='ocrx_word' id='word_1_73' title='bbox 1776 1135 1834 1185; x_wconf 83' lang='grc' dir='ltr'>ὲν</span> 
     </span>
    </p>
   </div>
   <div class='ocr_carea' id='block_1_14' title="bbox 245 1224 1834 1295">
    <p class='ocr_par' dir='ltr' id='par_1_14' title="bbox 245 1224 1834 1295">
     <span class='ocr_line' id='line_1_14' title="bbox 245 1224 1834 1295; baseline -0.004 -11"><span class='ocrx_word' id='word_1_74' title='bbox 245 1228 821 1286; x_wconf 79' lang='grc' dir='ltr'>Κωνσταντινουπόλει</span> <span class='ocrx_word' id='word_1_75' title='bbox 849 1226 1165 1294; x_wconf 87' lang='grc' dir='ltr'>διατρίϐων,</span> <span class='ocrx_word' id='word_1_76' title='bbox 1197 1229 1286 1279; x_wconf 80' lang='grc' dir='ltr'>ὅτε</span> <span class='ocrx_word' id='word_1_77' title='bbox 1319 1225 1454 1294; x_wconf 75' lang='grc' dir='ltr'>πρὸς</span> <span class='ocrx_word' id='word_1_78' title='bbox 1485 1226 1574 1276; x_wconf 82' lang='grc' dir='ltr'><strong>τὸν</strong></span> <span class='ocrx_word' id='word_1_79' title='bbox 1610 1224 1834 1295; x_wconf 78' lang='grc' dir='ltr'>βασιλέα</span> 
     </span>
    </p>
   </div>
   <div class='ocr_carea' id='block_1_15' title="bbox 243 1317 1830 1390">
    <p class='ocr_par' dir='ltr' id='par_1_15' title="bbox 243 1317 1830 1390">
     <span class='ocr_line' id='line_1_15' title="bbox 243 1317 1830 1390; baseline -0.004 -17"><span class='ocrx_word' id='word_1_80' title='bbox 243 1323 341 1374; x_wconf 72' lang='grc' dir='ltr'><strong>τὸν</strong></span> <span class='ocrx_word' id='word_1_81' title='bbox 374 1320 739 1386; x_wconf 85' lang='grc' dir='ltr'>Παλαιολόγον</span> <span class='ocrx_word' id='word_1_82' title='bbox 775 1320 926 1390; x_wconf 81' lang='grc' dir='ltr'>παρᾶ</span> <span class='ocrx_word' id='word_1_83' title='bbox 961 1318 1054 1370; x_wconf 79' lang='grc' dir='ltr'><strong>τοῦ</strong></span> <span class='ocrx_word' id='word_1_84' title='bbox 1098 1319 1388 1387; x_wconf 80' lang='grc' dir='ltr'>εἰρημένου</span> <span class='ocrx_word' id='word_1_85' title='bbox 1431 1317 1602 1389; x_wconf 78' lang='grc' dir='ltr'>ἄκρου</span> <span class='ocrx_word' id='word_1_86' title='bbox 1647 1319 1830 1385; x_wconf 86' lang='grc' dir='ltr'>ἀρχιε-</span> 
     </span>
    </p>
   </div>
   <div class='ocr_carea' id='block_1_16' title="bbox 248 1407 1837 1485">
    <p class='ocr_par' dir='ltr' id='par_1_16' title="bbox 248 1407 1837 1485">
     <span class='ocr_line' id='line_1_16' title="bbox 248 1407 1837 1485; baseline -0.006 -17"><span class='ocrx_word' id='word_1_87' title='bbox 248 1417 388 1485; x_wconf 76' lang='grc' dir='ltr'>ρέως</span> <span class='ocrx_word' id='word_1_88' title='bbox 418 1414 750 1481; x_wconf 71' lang='grc' dir='ltr'><strong>ἀπεστάλην,</strong></span> <span class='ocrx_word' id='word_1_89' title='bbox 781 1411 1133 1480; x_wconf 77' lang='grc' dir='ltr'>ἐζητήσαμεν</span> <span class='ocrx_word' id='word_1_90' title='bbox 1161 1409 1318 1462; x_wconf 76' lang='grc' dir='ltr'>τοῦτο</span> <span class='ocrx_word' id='word_1_91' title='bbox 1349 1407 1561 1477; x_wconf 80' lang='grc' dir='ltr'>μαθεῖν,</span> <span class='ocrx_word' id='word_1_92' title='bbox 1591 1408 1690 1459; x_wconf 76' lang='grc' dir='ltr'><strong>οὐκ</strong></span> <span class='ocrx_word' id='word_1_93' title='bbox 1720 1407 1837 1459; x_wconf 78' lang='grc' dir='ltr'>ἐδυ-</span> 
     </span>
    </p>
   </div>
   <div class='ocr_carea' id='block_1_17' title="bbox 244 1500 1835 1576">
    <p class='ocr_par' dir='ltr' id='par_1_17' title="bbox 244 1500 1835 1576">
     <span class='ocr_line' id='line_1_17' title="bbox 244 1500 1835 1576; baseline -0.006 -15"><span class='ocrx_word' id='word_1_94' title='bbox 244 1509 494 1576; x_wconf 78' lang='grc' dir='ltr'>νήθημεν</span> <span class='ocrx_word' id='word_1_95' title='bbox 525 1508 579 1558; x_wconf 81' lang='grc' dir='ltr'><strong>δὲ</strong></span> <span class='ocrx_word' id='word_1_96' title='bbox 611 1507 754 1575; x_wconf 80' lang='grc' dir='ltr'>λόγῳ</span> <span class='ocrx_word' id='word_1_97' title='bbox 785 1506 817 1575; x_wconf 84' lang='grc' dir='ltr'>ἦ</span> <span class='ocrx_word' id='word_1_98' title='bbox 853 1505 1140 1572; x_wconf 78' lang='grc' dir='ltr'>πράγματι</span> <span class='ocrx_word' id='word_1_99' title='bbox 1174 1501 1390 1569; x_wconf 80' lang='grc' dir='ltr'>βέϐαιόν</span> <span class='ocrx_word' id='word_1_100' title='bbox 1421 1519 1471 1552; x_wconf 90' lang='grc' dir='ltr'><strong>τι</strong></span> <span class='ocrx_word' id='word_1_101' title='bbox 1505 1500 1835 1554; x_wconf 88' lang='grc' dir='ltr'>καταλαϐεῖν</span> 
     </span>
    </p>
   </div>
   <div class='ocr_carea' id='block_1_18' title="bbox 245 1589 1835 1666">
    <p class='ocr_par' dir='ltr' id='par_1_18' title="bbox 245 1589 1835 1666">
     <span class='ocr_line' id='line_1_18' title="bbox 245 1589 1835 1666; baseline -0.007 -16"><span class='ocrx_word' id='word_1_102' title='bbox 245 1599 382 1666; x_wconf 72' lang='grc' dir='ltr'>περὶ</span> <span class='ocrx_word' id='word_1_103' title='bbox 408 1597 505 1666; x_wconf 78' lang='grc' dir='ltr'>τῆς</span> <span class='ocrx_word' id='word_1_104' title='bbox 534 1596 689 1663; x_wconf 75' lang='grc' dir='ltr'>δόξης</span> <span class='ocrx_word' id='word_1_105' title='bbox 717 1594 919 1663; x_wconf 83' lang='grc' dir='ltr'>ταύτης</span> <span class='ocrx_word' id='word_1_106' title='bbox 946 1595 1042 1646; x_wconf 74' lang='grc' dir='ltr'><strong>καὶ</strong></span> <span class='ocrx_word' id='word_1_107' title='bbox 1069 1591 1272 1659; x_wconf 79' lang='grc' dir='ltr'><strong>ἀνόμου</strong></span> <span class='ocrx_word' id='word_1_108' title='bbox 1301 1591 1652 1652; x_wconf 73' lang='grc' dir='ltr'>διδασκαλίας</span> <span class='ocrx_word' id='word_1_109' title='bbox 1671 1607 1683 1620; x_wconf 75' lang='grc'><strong><em>⁸</em></strong></span> <span class='ocrx_word' id='word_1_110' title='bbox 1714 1589 1835 1642; x_wconf 84' lang='grc' dir='ltr'>ὅθεν</span> 
     </span>
    </p>
   </div>
   <div class='ocr_carea' id='block_1_19' title="bbox 243 1684 1834 1756">
    <p class='ocr_par' dir='ltr' id='par_1_19' title="bbox 243 1684 1834 1756">
     <span class='ocr_line' id='line_1_19' title="bbox 243 1684 1834 1756; baseline -0.004 -16"><span class='ocrx_word' id='word_1_111' title='bbox 243 1693 344 1742; x_wconf 71' lang='grc' dir='ltr'><strong>καὶ</strong></span> <span class='ocrx_word' id='word_1_112' title='bbox 388 1688 745 1756; x_wconf 65' lang='grc' dir='ltr'>ἠναγκάσθην</span> <span class='ocrx_word' id='word_1_113' title='bbox 791 1687 972 1754; x_wconf 83' lang='grc' dir='ltr'>λόγοις</span> <span class='ocrx_word' id='word_1_114' title='bbox 1025 1685 1280 1753; x_wconf 73' lang='grc' dir='ltr'>σκληροῖς</span> <span class='ocrx_word' id='word_1_115' title='bbox 1323 1684 1695 1745; x_wconf 73' lang='grc' dir='ltr'>ἐπιτίθεσθαι,</span> <span class='ocrx_word' id='word_1_116' title='bbox 1741 1684 1834 1734; x_wconf 70' lang='grc' dir='ltr'><strong>καὶ</strong></span> 
     </span>
    </p>
   </div>
   <div class='ocr_carea' id='block_1_20' title="bbox 241 1775 1834 1849">
    <p class='ocr_par' dir='ltr' id='par_1_20' title="bbox 241 1775 1834 1849">
     <span class='ocr_line' id='line_1_20' title="bbox 241 1775 1834 1849; baseline -0.006 -13"><span class='ocrx_word' id='word_1_117' title='bbox 241 1783 440 1849; x_wconf 82' lang='grc' dir='ltr'>ὥσπερ</span> <span class='ocrx_word' id='word_1_118' title='bbox 474 1780 714 1849; x_wconf 72' lang='grc' dir='ltr'>ἐλέγχοις</span> <span class='ocrx_word' id='word_1_119' title='bbox 748 1778 860 1830; x_wconf 80' lang='grc' dir='ltr'>τισὶ</span> <span class='ocrx_word' id='word_1_120' title='bbox 894 1775 1312 1848; x_wconf 74' lang='grc' dir='ltr'>προκαλεῖσθαι.</span> <span class='ocrx_word' id='word_1_121' title='bbox 1347 1776 1511 1838; x_wconf 80' lang='grc' dir='ltr'>Τέλος</span> <span class='ocrx_word' id='word_1_122' title='bbox 1545 1777 1573 1828; x_wconf 85' lang='grc' dir='ltr'><strong>ό</strong></span> <span class='ocrx_word' id='word_1_123' title='bbox 1606 1775 1834 1844; x_wconf 82' lang='grc' dir='ltr'>είρημέ·</span> 
     </span>
    </p>
   </div>
   <div class='ocr_carea' id='block_1_21' title="bbox 241 1865 1839 1941">
    <p class='ocr_par' dir='ltr' id='par_1_21' title="bbox 241 1865 1839 1941">
     <span class='ocr_line' id='line_1_21' title="bbox 241 1865 1839 1941; baseline -0.004 -16"><span class='ocrx_word' id='word_1_124' title='bbox 241 1889 337 1934; x_wconf 78' lang='grc' dir='ltr'><strong>νος</strong></span> <span class='ocrx_word' id='word_1_125' title='bbox 367 1871 621 1941; x_wconf 75' lang='grc' dir='ltr'>βασιλεὺς</span> <span class='ocrx_word' id='word_1_126' title='bbox 648 1873 674 1923; x_wconf 90' lang='grc' dir='ltr'><strong>ὀ</strong></span> <span class='ocrx_word' id='word_1_127' title='bbox 705 1870 1159 1940; x_wconf 76' lang='grc' dir='ltr'>Καντακουξηνὸς</span> <span class='ocrx_word' id='word_1_128' title='bbox 1186 1865 1350 1940; x_wconf 84' lang='grc' dir='ltr'>ἦλθεν</span> <span class='ocrx_word' id='word_1_129' title='bbox 1372 1869 1450 1929; x_wconf 76' lang='grc' dir='ltr'>εἰς</span> <span class='ocrx_word' id='word_1_130' title='bbox 1475 1866 1693 1937; x_wconf 79' lang='grc' dir='ltr'>ὁμιλίαν</span> <span class='ocrx_word' id='word_1_131' title='bbox 1716 1870 1839 1936; x_wconf 72' lang='grc' dir='ltr'>ἐμοὶ</span> 
     </span>
    </p>
   </div>
   <div class='ocr_carea' id='block_1_22' title="bbox 246 1960 1838 2032">
    <p class='ocr_par' dir='ltr' id='par_1_22' title="bbox 246 1960 1838 2032">
     <span class='ocr_line' id='line_1_22' title="bbox 246 1960 1838 2032; baseline -0.004 -17"><span class='ocrx_word' id='word_1_132' title='bbox 246 1964 380 2032; x_wconf 77' lang='grc' dir='ltr'>περὶ</span> <span class='ocrx_word' id='word_1_133' title='bbox 405 1963 500 2032; x_wconf 81' lang='grc' dir='ltr'><strong>τῆς</strong></span> <span class='ocrx_word' id='word_1_134' title='bbox 531 1962 897 2032; x_wconf 70' lang='grc' dir='ltr'>προκειμένης</span> <span class='ocrx_word' id='word_1_135' title='bbox 927 1961 1102 2028; x_wconf 76' lang='grc' dir='ltr'>δόξης.</span> <span class='ocrx_word' id='word_1_136' title='bbox 1134 1961 1197 2014; x_wconf 87' lang='grc' dir='ltr'>Εί</span> <span class='ocrx_word' id='word_1_137' title='bbox 1228 1960 1322 2014; x_wconf 70' lang='grc' dir='ltr'><strong>καὶ</strong></span> <span class='ocrx_word' id='word_1_138' title='bbox 1348 1960 1530 2012; x_wconf 91' lang='grc' dir='ltr'>τοίνυν</span> <span class='ocrx_word' id='word_1_139' title='bbox 1557 1962 1613 2012; x_wconf 84' lang='grc' dir='ltr'>ὲν</span> <span class='ocrx_word' id='word_1_140' title='bbox 1641 1961 1838 2029; x_wconf 80' lang='grc' dir='ltr'>ἀρχαῖς</span> 
     </span>
    </p>
   </div>
   <div class='ocr_carea' id='block_1_23' title="bbox 221 2050 1838 2124">
    <p class='ocr_par' dir='ltr' id='par_1_23' title="bbox 221 2050 1838 2124">
     <span class='ocr_line' id='line_1_23' title="bbox 221 2050 1838 2124; baseline -0.004 -15"><span class='ocrx_word' id='word_1_141' title='bbox 221 2056 426 2124; x_wconf 34' lang='grc' dir='ltr'>,ἐδόκει</span> <span class='ocrx_word' id='word_1_142' title='bbox 457 2072 550 2123; x_wconf 84' lang='grc' dir='ltr'><strong>μοι</strong></span> <span class='ocrx_word' id='word_1_143' title='bbox 582 2057 655 2124; x_wconf 81' lang='grc' dir='ltr'>μὴ</span> <span class='ocrx_word' id='word_1_144' title='bbox 687 2054 863 2123; x_wconf 88' lang='grc' dir='ltr'>ὀρθῶς</span> <span class='ocrx_word' id='word_1_145' title='bbox 891 2055 1108 2122; x_wconf 77' lang='grc' dir='ltr'>φρονεῖν</span> <span class='ocrx_word' id='word_1_146' title='bbox 1137 2050 1537 2122; x_wconf 73' lang='grc' dir='ltr'>πραγματικὴν</span> <span class='ocrx_word' id='word_1_147' title='bbox 1563 2050 1838 2119; x_wconf 74' lang='grc' dir='ltr'>διάκρσιν</span> 
     </span>
    </p>
   </div>
   <div class='ocr_carea' id='block_1_24' title="bbox 243 2142 1838 2218">
    <p class='ocr_par' dir='ltr' id='par_1_24' title="bbox 243 2142 1838 2218">
     <span class='ocr_line' id='line_1_24' title="bbox 243 2142 1838 2218; baseline -0.005 -17"><span class='ocrx_word' id='word_1_148' title='bbox 243 2147 590 2218; x_wconf 77' lang='grc' dir='ltr'>ὑφορωμένῳ</span> <span class='ocrx_word' id='word_1_149' title='bbox 619 2146 798 2212; x_wconf 82' lang='grc' dir='ltr'>λέγειν</span> <span class='ocrx_word' id='word_1_150' title='bbox 830 2144 992 2198; x_wconf 82' lang='grc' dir='ltr'>αὑτὸν</span> <span class='ocrx_word' id='word_1_151' title='bbox 1022 2147 1084 2198; x_wconf 81' lang='grc' dir='ltr'>ὲκ</span> <span class='ocrx_word' id='word_1_152' title='bbox 1117 2145 1224 2198; x_wconf 88' lang='grc' dir='ltr'><strong>τῶν</strong></span> <span class='ocrx_word' id='word_1_153' title='bbox 1254 2144 1428 2211; x_wconf 84' lang='grc' dir='ltr'>λόγων</span> <span class='ocrx_word' id='word_1_154' title='bbox 1459 2142 1621 2196; x_wconf 81' lang='grc' dir='ltr'>αὑτοῦ</span> <span class='ocrx_word' id='word_1_155' title='bbox 1647 2159 1658 2171; x_wconf 93' lang='grc'><strong>·</strong></span> <span class='ocrx_word' id='word_1_156' title='bbox 1691 2145 1838 2211; x_wconf 84' lang='grc' dir='ltr'>ὅμως</span> 
     </span>
    </p>
   </div>
   <div class='ocr_carea' id='block_1_25' title="bbox 250 2235 1834 2309">
    <p class='ocr_par' dir='ltr' id='par_1_25' title="bbox 250 2235 1834 2309">
     <span class='ocr_line' id='line_1_25' title="bbox 250 2235 1834 2309; baseline -0.005 -17"><span class='ocrx_word' id='word_1_157' title='bbox 250 2241 394 2309; x_wconf 82' lang='grc' dir='ltr'>μετά</span> <span class='ocrx_word' id='word_1_158' title='bbox 443 2245 594 2300; x_wconf 84' lang='grc' dir='ltr'>τινας</span> <span class='ocrx_word' id='word_1_159' title='bbox 647 2240 861 2308; x_wconf 78' lang='grc' dir='ltr'>ἡμέρας</span> <span class='ocrx_word' id='word_1_160' title='bbox 905 2237 1003 2305; x_wconf 74' lang='grc' dir='ltr'>τῆς</span> <span class='ocrx_word' id='word_1_161' title='bbox 1053 2237 1272 2304; x_wconf 77' lang='grc' dir='ltr'>ὁμιλίας</span> <span class='ocrx_word' id='word_1_162' title='bbox 1321 2235 1834 2306; x_wconf 77' lang='grc' dir='ltr'>παρατεινομένης,</span> 
     </span>
    </p>
   </div>
   <div class='ocr_carea' id='block_1_26' title="bbox 252 2327 1839 2398">
    <p class='ocr_par' dir='ltr' id='par_1_26' title="bbox 252 2327 1839 2398">
     <span class='ocr_line' id='line_1_26' title="bbox 252 2327 1839 2398; baseline -0.003 -16"><span class='ocrx_word' id='word_1_163' title='bbox 252 2327 374 2382; x_wconf 78' lang='grc' dir='ltr'>εἷπε</span> <span class='ocrx_word' id='word_1_164' title='bbox 404 2330 478 2398; x_wconf 80' lang='grc' dir='ltr'>μὴ</span> <span class='ocrx_word' id='word_1_165' title='bbox 505 2331 724 2397; x_wconf 80' lang='grc' dir='ltr'>φρονεῖν</span> <span class='ocrx_word' id='word_1_166' title='bbox 751 2329 1143 2398; x_wconf 74' lang='grc' dir='ltr'>πραγματικὴν</span> <span class='ocrx_word' id='word_1_167' title='bbox 1171 2328 1447 2396; x_wconf 80' lang='grc' dir='ltr'>διάκρισιν</span> <span class='ocrx_word' id='word_1_168' title='bbox 1472 2328 1579 2379; x_wconf 89' lang='grc' dir='ltr'><strong>τῶν</strong></span> <span class='ocrx_word' id='word_1_169' title='bbox 1609 2327 1839 2397; x_wconf 84' lang='grc' dir='ltr'>προσόν-</span> 
     </span>
    </p>
   </div>
   <div class='ocr_carea' id='block_1_27' title="bbox 254 2418 1836 2490">
    <p class='ocr_par' dir='ltr' id='par_1_27' title="bbox 254 2418 1836 2490">
     <span class='ocr_line' id='line_1_27' title="bbox 254 2418 1836 2490; baseline -0.002 -18"><span class='ocrx_word' id='word_1_170' title='bbox 254 2439 362 2474; x_wconf 87' lang='grc' dir='ltr'>των</span> <span class='ocrx_word' id='word_1_171' title='bbox 403 2422 480 2490; x_wconf 82' lang='grc' dir='ltr'>τῴ</span> <span class='ocrx_word' id='word_1_172' title='bbox 525 2419 665 2490; x_wconf 79' lang='grc' dir='ltr'>Θεῷ,</span> <span class='ocrx_word' id='word_1_173' title='bbox 711 2420 848 2472; x_wconf 81' lang='grc' dir='ltr'>ἀλλὰ</span> <span class='ocrx_word' id='word_1_174' title='bbox 897 2423 1054 2488; x_wconf 83' lang='grc' dir='ltr'>μόνον</span> <span class='ocrx_word' id='word_1_175' title='bbox 1101 2419 1242 2488; x_wconf 82' lang='grc' dir='ltr'>λόγῳ</span> <span class='ocrx_word' id='word_1_176' title='bbox 1289 2421 1382 2473; x_wconf 73' lang='grc' dir='ltr'><strong>καὶ</strong></span> <span class='ocrx_word' id='word_1_177' title='bbox 1425 2418 1661 2489; x_wconf 78' lang='grc' dir='ltr'>ἐπινοίᾳ.</span> <span class='ocrx_word' id='word_1_178' title='bbox 1705 2418 1836 2469; x_wconf 80' lang='grc' dir='ltr'>Τότε</span> 
     </span>
    </p>
   </div>
   <div class='ocr_carea' id='block_1_28' title="bbox 247 2506 1837 2583">
    <p class='ocr_par' dir='ltr' id='par_1_28' title="bbox 247 2506 1837 2583">
     <span class='ocr_line' id='line_1_28' title="bbox 247 2506 1837 2583; baseline -0.004 -15"><span class='ocrx_word' id='word_1_179' title='bbox 247 2513 440 2583; x_wconf 82' lang='grc' dir='ltr'>ὥσπερ</span> <span class='ocrx_word' id='word_1_180' title='bbox 467 2513 654 2582; x_wconf 77' lang='grc' dir='ltr'>ἡσθεὶς</span> <span class='ocrx_word' id='word_1_181' title='bbox 684 2511 792 2579; x_wconf 83' lang='grc' dir='ltr'>ἐγὼ</span> <span class='ocrx_word' id='word_1_182' title='bbox 821 2506 976 2564; x_wconf 72' lang='grc' dir='ltr'>εἶπον</span> <span class='ocrx_word' id='word_1_183' title='bbox 1003 2511 1164 2564; x_wconf 79' lang='grc' dir='ltr'>αὑτὸν</span> <span class='ocrx_word' id='word_1_184' title='bbox 1194 2511 1370 2573; x_wconf 69' lang='grc' dir='ltr'>καλῶς</span> <span class='ocrx_word' id='word_1_185' title='bbox 1405 2512 1606 2578; x_wconf 83' lang='grc' dir='ltr'>λέγειν,</span> <span class='ocrx_word' id='word_1_186' title='bbox 1637 2510 1730 2562; x_wconf 77' lang='grc' dir='ltr'>καὶ</span> <span class='ocrx_word' id='word_1_187' title='bbox 1763 2511 1837 2579; x_wconf 85' lang='grc' dir='ltr'><strong>τῷ</strong></span> 
     </span>
    </p>
   </div>
   <div class='ocr_carea' id='block_1_29' title="bbox 250 2602 1837 2676">
    <p class='ocr_par' dir='ltr' id='par_1_29' title="bbox 250 2602 1837 2676">
     <span class='ocr_line' id='line_1_29' title="bbox 250 2602 1837 2676; baseline -0.004 -18"><span class='ocrx_word' id='word_1_188' title='bbox 250 2605 514 2676; x_wconf 83' lang='grc' dir='ltr'>μακαρίῳ</span> <span class='ocrx_word' id='word_1_189' title='bbox 546 2607 856 2673; x_wconf 72' lang='grc' dir='ltr'>συμφωνεῖν</span> <span class='ocrx_word' id='word_1_190' title='bbox 888 2603 1220 2672; x_wconf 79' lang='grc' dir='ltr'>Ἀμϐροσίῳ.</span> <span class='ocrx_word' id='word_1_191' title='bbox 1252 2604 1405 2654; x_wconf 71' lang='grc' dir='ltr'>Μετὰ</span> <span class='ocrx_word' id='word_1_192' title='bbox 1432 2602 1604 2654; x_wconf 78' lang='grc' dir='ltr'>ταῦτα</span> <span class='ocrx_word' id='word_1_193' title='bbox 1634 2604 1730 2662; x_wconf 81' lang='grc' dir='ltr'>τὰς</span> <span class='ocrx_word' id='word_1_194' title='bbox 1760 2604 1837 2653; x_wconf 82' lang='grc' dir='ltr'>εί-</span> 
     </span>
    </p>
   </div>
   <div class='ocr_carea' id='block_1_30' title="bbox 251 2693 1838 2769">
    <p class='ocr_par' dir='ltr' id='par_1_30' title="bbox 251 2693 1838 2769">
     <span class='ocr_line' id='line_1_30' title="bbox 251 2693 1838 2769; baseline 0.001 -19"><span class='ocrx_word' id='word_1_195' title='bbox 251 2702 495 2769; x_wconf 84' lang='grc' dir='ltr'>ρημένας</span> <span class='ocrx_word' id='word_1_196' title='bbox 542 2700 600 2751; x_wconf 84' lang='grc' dir='ltr'>ὲν</span> <span class='ocrx_word' id='word_1_197' title='bbox 632 2701 954 2768; x_wconf 73' lang='grc' dir='ltr'>γράμμασιν</span> <span class='ocrx_word' id='word_1_198' title='bbox 989 2701 1185 2767; x_wconf 77' lang='grc' dir='ltr'>ἔθηκεν</span> <span class='ocrx_word' id='word_1_199' title='bbox 1219 2699 1459 2768; x_wconf 79' lang='grc' dir='ltr'>ὁμιλίας,</span> <span class='ocrx_word' id='word_1_200' title='bbox 1495 2701 1551 2751; x_wconf 70' lang='grc' dir='ltr'>ἐν</span> <span class='ocrx_word' id='word_1_201' title='bbox 1586 2693 1664 2760; x_wconf 71' lang='grc' dir='ltr'>οἷς</span> <span class='ocrx_word' id='word_1_202' title='bbox 1695 2715 1838 2768; x_wconf 81' lang='grc' dir='ltr'>παρ·</span> 
     </span>
    </p>
   </div>
   <div class='ocr_carea' id='block_1_31' title="bbox 247 2792 1839 2861">
    <p class='ocr_par' dir='ltr' id='par_1_31' title="bbox 247 2792 1839 2861">
     <span class='ocr_line' id='line_1_31' title="bbox 247 2792 1839 2861; baseline 0 -17"><span class='ocrx_word' id='word_1_203' title='bbox 247 2794 458 2861; x_wconf 88' lang='grc' dir='ltr'>ενεῖραι</span> <span class='ocrx_word' id='word_1_204' title='bbox 497 2792 645 2844; x_wconf 88' lang='grc' dir='ltr'>δοκεῖ</span> <span class='ocrx_word' id='word_1_205' title='bbox 703 2808 822 2843; x_wconf 85' lang='grc' dir='ltr'>τινα</span> <span class='ocrx_word' id='word_1_206' title='bbox 863 2792 1194 2861; x_wconf 80' lang='grc' dir='ltr'>ἀμφιϐολίαν</span> <span class='ocrx_word' id='word_1_207' title='bbox 1251 2792 1563 2859; x_wconf 85' lang='grc' dir='ltr'>γεννῶντα,</span> <span class='ocrx_word' id='word_1_208' title='bbox 1610 2795 1839 2861; x_wconf 82' lang='grc' dir='ltr'>πότερον</span> 
     </span>
    </p>
   </div>
   <div class='ocr_carea' id='block_1_32' title="bbox 244 2875 1839 2955">
    <p class='ocr_par' dir='ltr' id='par_1_32' title="bbox 244 2875 1839 2955">
     <span class='ocr_line' id='line_1_32' title="bbox 244 2875 1839 2955; baseline 0.001 -18"><span class='ocrx_word' id='word_1_209' title='bbox 244 2886 414 2953; x_wconf 80' lang='grc' dir='ltr'>λόγου</span> <span class='ocrx_word' id='word_1_210' title='bbox 452 2886 611 2952; x_wconf 84' lang='grc' dir='ltr'>μόνον</span> <span class='ocrx_word' id='word_1_211' title='bbox 642 2883 674 2955; x_wconf 81' lang='grc' dir='ltr'><strong>ἢ</strong></span> <span class='ocrx_word' id='word_1_212' title='bbox 712 2875 805 2936; x_wconf 77' lang='grc' dir='ltr'><strong>καὶ</strong></span> <span class='ocrx_word' id='word_1_213' title='bbox 841 2886 1182 2954; x_wconf 80' lang='grc' dir='ltr'>πραγμάτων</span> <span class='ocrx_word' id='word_1_214' title='bbox 1215 2881 1354 2937; x_wconf 78' lang='grc' dir='ltr'>εἶναι</span> <span class='ocrx_word' id='word_1_215' title='bbox 1389 2884 1653 2954; x_wconf 81' lang='grc' dir='ltr'>διαφορὰν</span> <span class='ocrx_word' id='word_1_216' title='bbox 1689 2888 1839 2955; x_wconf 76' lang='grc' dir='ltr'>ἰσχυ-</span> 
     </span>
    </p>
   </div>
   <div class='ocr_carea' id='block_1_33' title="bbox 250 2977 1850 3049">
    <p class='ocr_par' dir='ltr' id='par_1_33' title="bbox 250 2977 1850 3049">
     <span class='ocr_line' id='line_1_33' title="bbox 250 2977 1850 3049; baseline -0.001 -20"><span class='ocrx_word' id='word_1_217' title='bbox 250 2978 490 3048; x_wconf 74' lang='grc' dir='ltr'>ρίζεται.</span> <span class='ocrx_word' id='word_1_218' title='bbox 522 2978 588 3029; x_wconf 78' lang='lat' dir='ltr'><strong>&quot;A</strong></span> <span class='ocrx_word' id='word_1_219' title='bbox 621 2978 686 3047; x_wconf 81' lang='grc' dir='ltr'>δὴ</span> <span class='ocrx_word' id='word_1_220' title='bbox 723 2978 1030 3046; x_wconf 71' lang='grc' dir='ltr'>γράμματα</span> <span class='ocrx_word' id='word_1_221' title='bbox 1063 2977 1138 3045; x_wconf 80' lang='grc' dir='ltr'><strong>τῷ</strong></span> <span class='ocrx_word' id='word_1_222' title='bbox 1175 2979 1453 3046; x_wconf 79' lang='grc' dir='ltr'>εἰρημένῳ</span> <span class='ocrx_word' id='word_1_223' title='bbox 1491 2977 1728 3049; x_wconf 81' lang='grc' dir='ltr'>δεσπότῃ</span> <span class='ocrx_word' id='word_1_224' title='bbox 1762 2977 1850 3047; x_wconf 69' lang='grc' dir='ltr'>τῷ</span> 
     </span>
    </p>
   </div>
   <div class='ocr_carea' id='block_1_34' title="bbox 245 3069 1838 3141">
    <p class='ocr_par' dir='ltr' id='par_1_34' title="bbox 245 3069 1838 3141">
     <span class='ocr_line' id='line_1_34' title="bbox 245 3069 1838 3141; baseline 0 -17"><span class='ocrx_word' id='word_1_225' title='bbox 245 3073 412 3140; x_wconf 77' lang='grc' dir='ltr'>ἄκρῳ</span> <span class='ocrx_word' id='word_1_226' title='bbox 443 3073 706 3140; x_wconf 59' lang='grc' dir='ltr'>ἀρχιερεδ</span> <span class='ocrx_word' id='word_1_227' title='bbox 723 3071 988 3136; x_wconf 76' lang='grc' dir='ltr'>ὑποδείξω</span> <span class='ocrx_word' id='word_1_228' title='bbox 1011 3105 1028 3134; x_wconf 92' lang='grc'>,-</span> <span class='ocrx_word' id='word_1_229' title='bbox 1059 3070 1198 3122; x_wconf 80' lang='grc' dir='ltr'>ὥστε</span> <span class='ocrx_word' id='word_1_230' title='bbox 1228 3069 1399 3123; x_wconf 77' lang='grc' dir='ltr'>ταῦτα</span> <span class='ocrx_word' id='word_1_231' title='bbox 1437 3071 1468 3140; x_wconf 87' lang='grc' dir='ltr'>ἣ</span> <span class='ocrx_word' id='word_1_232' title='bbox 1501 3071 1838 3141; x_wconf 76' lang='grc' dir='ltr'>ἀποδοκιμά-</span> 
     </span>
    </p>
   </div>
   <div class='ocr_carea' id='block_1_35' title="bbox 250 3162 1838 3232">
    <p class='ocr_par' dir='ltr' id='par_1_35' title="bbox 250 3162 1838 3232">
     <span class='ocr_line' id='line_1_35' title="bbox 250 3162 1838 3232; baseline 0.001 -17"><span class='ocrx_word' id='word_1_233' title='bbox 250 3179 372 3225; x_wconf 87' lang='grc' dir='ltr'>σαι,</span> <span class='ocrx_word' id='word_1_234' title='bbox 405 3164 438 3230; x_wconf 82' lang='grc' dir='ltr'>ἢ</span> <span class='ocrx_word' id='word_1_235' title='bbox 472 3162 796 3231; x_wconf 83' lang='grc' dir='ltr'>βεϐαιῶσαι.</span> <span class='ocrx_word' id='word_1_236' title='bbox 828 3163 982 3215; x_wconf 82' lang='grc' dir='ltr'>Μετὰ</span> <span class='ocrx_word' id='word_1_237' title='bbox 1010 3162 1184 3215; x_wconf 77' lang='grc' dir='ltr'>ταῦτα</span> <span class='ocrx_word' id='word_1_238' title='bbox 1216 3163 1463 3232; x_wconf 72' lang='grc' dir='ltr'>γέγραφε</span> <span class='ocrx_word' id='word_1_239' title='bbox 1497 3167 1626 3232; x_wconf 75' lang='grc' dir='ltr'>περὶ</span> <span class='ocrx_word' id='word_1_240' title='bbox 1655 3165 1749 3216; x_wconf 81' lang='grc' dir='ltr'>τοῦ</span> <span class='ocrx_word' id='word_1_241' title='bbox 1782 3167 1838 3218; x_wconf 80' lang='grc' dir='ltr'>ἐν</span> 
     </span>
    </p>
   </div>
   <div class='ocr_carea' id='block_1_36' title="bbox 245 3231 1840 3326">
    <p class='ocr_par' dir='ltr' id='par_1_36' title="bbox 245 3231 1840 3326">
     <span class='ocr_line' id='line_1_36' title="bbox 245 3231 1840 3326; baseline -0.001 -16"><span class='ocrx_word' id='word_1_242' title='bbox 245 3256 336 3326; x_wconf 78' lang='grc' dir='ltr'>τῷ</span> <span class='ocrx_word' id='word_1_243' title='bbox 365 3256 629 3325; x_wconf 82' lang='grc' dir='ltr'>Θαϐωρίῳ</span> <span class='ocrx_word' id='word_1_244' title='bbox 657 3257 915 3323; x_wconf 78' lang='grc' dir='ltr'>φανέντος</span> <span class='ocrx_word' id='word_1_245' title='bbox 945 3256 1142 3324; x_wconf 83' lang='grc' dir='ltr'>φωτὸς,</span> <span class='ocrx_word' id='word_1_246' title='bbox 1174 3231 1347 3323; x_wconf 85' lang='grc' dir='ltr'>λέγων</span> <span class='ocrx_word' id='word_1_247' title='bbox 1380 3231 1840 3314; x_wconf 13' lang='grc' dir='ltr'>ἐκεῖνογᾶκτςστον</span> 
     </span>
    </p>
   </div>
   <div class='ocr_carea' id='block_1_37' title="bbox 249 3345 1840 3417">
    <p class='ocr_par' dir='ltr' id='par_1_37' title="bbox 249 3345 1840 3417">
     <span class='ocr_line' id='line_1_37' title="bbox 249 3345 1840 3417; baseline -0.002 -15"><span class='ocrx_word' id='word_1_248' title='bbox 249 3345 422 3411; x_wconf 78' lang='grc' dir='ltr'>εἶναι,</span> <span class='ocrx_word' id='word_1_249' title='bbox 463 3350 557 3401; x_wconf 80' lang='grc' dir='ltr'>καὶ</span> <span class='ocrx_word' id='word_1_250' title='bbox 597 3349 697 3400; x_wconf 79' lang='grc' dir='ltr'><strong>οὐκ</strong></span> <span class='ocrx_word' id='word_1_251' title='bbox 733 3347 926 3400; x_wconf 71' lang='grc' dir='ltr'>οὐσίαν</span> <span class='ocrx_word' id='word_1_252' title='bbox 961 3347 1119 3409; x_wconf 84' lang='grc' dir='ltr'>Θεοῦ,</span> <span class='ocrx_word' id='word_1_253' title='bbox 1160 3346 1298 3400; x_wconf 73' lang='grc' dir='ltr'>ἀλλὰ</span> <span class='ocrx_word' id='word_1_254' title='bbox 1334 3365 1456 3400; x_wconf 88' lang='grc' dir='ltr'>τινα</span> <span class='ocrx_word' id='word_1_255' title='bbox 1499 3347 1652 3401; x_wconf 84' lang='grc' dir='ltr'>θείαν</span> <span class='ocrx_word' id='word_1_256' title='bbox 1692 3351 1840 3417; x_wconf 74' lang='grc' dir='ltr'>ἐνέρ-</span> 
     </span>
    </p>
   </div>
   <div class='ocr_carea' id='block_1_38' title="bbox 247 3439 1842 3512">
    <p class='ocr_par' dir='ltr' id='par_1_38' title="bbox 247 3439 1842 3512">
     <span class='ocr_line' id='line_1_38' title="bbox 247 3439 1842 3512; baseline -0.003 -18"><span class='ocrx_word' id='word_1_257' title='bbox 247 3459 436 3512; x_wconf 81' lang='grc' dir='ltr'>γειαν.</span> <span class='ocrx_word' id='word_1_258' title='bbox 463 3442 643 3511; x_wconf 82' lang='grc' dir='ltr'>Ὅπερ</span> <span class='ocrx_word' id='word_1_259' title='bbox 669 3442 801 3511; x_wconf 77' lang='grc' dir='ltr'>ἡμῖν</span> <span class='ocrx_word' id='word_1_260' title='bbox 825 3441 973 3492; x_wconf 82' lang='grc' dir='ltr'>δοκεῖ</span> <span class='ocrx_word' id='word_1_261' title='bbox 1003 3439 1125 3510; x_wconf 74' lang='grc' dir='ltr'>μηδ’</span> <span class='ocrx_word' id='word_1_262' title='bbox 1150 3440 1318 3509; x_wconf 72' lang='grc' dir='ltr'>ἀκοῆς</span> <span class='ocrx_word' id='word_1_263' title='bbox 1345 3441 1515 3506; x_wconf 78' lang='grc' dir='ltr'>ἄξιον.</span> <span class='ocrx_word' id='word_1_264' title='bbox 1545 3440 1710 3491; x_wconf 78' lang='grc' dir='ltr'>υύδὲν</span> <span class='ocrx_word' id='word_1_265' title='bbox 1734 3440 1842 3507; x_wconf 74' lang='grc' dir='ltr'>γὰρ</span> 
     </span>
    </p>
   </div>
   <div class='ocr_carea' id='block_1_39' title="bbox 251 3530 1840 3599">
    <p class='ocr_par' dir='ltr' id='par_1_39' title="bbox 251 3530 1840 3599">
     <span class='ocr_line' id='line_1_39' title="bbox 251 3530 1840 3599; baseline -0.003 -13"><span class='ocrx_word' id='word_1_266' title='bbox 251 3535 517 3586; x_wconf 80' lang='grc' dir='ltr'>ἇκτιστον</span> <span class='ocrx_word' id='word_1_267' title='bbox 554 3532 694 3599; x_wconf 82' lang='grc' dir='ltr'>πλὴν</span> <span class='ocrx_word' id='word_1_268' title='bbox 729 3531 826 3599; x_wconf 84' lang='grc' dir='ltr'>τῆς</span> <span class='ocrx_word' id='word_1_269' title='bbox 861 3530 1013 3592; x_wconf 81' lang='grc' dir='ltr'>θείας</span> <span class='ocrx_word' id='word_1_270' title='bbox 1047 3531 1237 3592; x_wconf 84' lang='grc' dir='ltr'>οὐσίας</span> <span class='ocrx_word' id='word_1_271' title='bbox 1263 3547 1277 3561; x_wconf 90' lang='grc'><strong>·</strong></span> <span class='ocrx_word' id='word_1_272' title='bbox 1316 3533 1408 3583; x_wconf 75' lang='grc' dir='ltr'><strong>καὶ</strong></span> <span class='ocrx_word' id='word_1_273' title='bbox 1445 3533 1551 3583; x_wconf 82' lang='grc' dir='ltr'><strong>πᾶν</strong></span> <span class='ocrx_word' id='word_1_274' title='bbox 1585 3530 1840 3583; x_wconf 81' lang='grc' dir='ltr'>ἄκτιστον</span> 
     </span>
    </p>
   </div>
   <div class='ocr_carea' id='block_1_40' title="bbox 255 3621 1841 3692">
    <p class='ocr_par' dir='ltr' id='par_1_40' title="bbox 255 3621 1841 3692">
     <span class='ocr_line' id='line_1_40' title="bbox 255 3621 1841 3692; baseline -0.004 -14"><span class='ocrx_word' id='word_1_275' title='bbox 255 3625 433 3680; x_wconf 83' lang='grc' dir='ltr'>ἁῖὁιον</span> <span class='ocrx_word' id='word_1_276' title='bbox 463 3621 605 3676; x_wconf 76' lang='grc' dir='ltr'>εἶναι</span> <span class='ocrx_word' id='word_1_277' title='bbox 627 3663 641 3685; x_wconf 87' lang='grc'><strong>,</strong></span> <span class='ocrx_word' id='word_1_278' title='bbox 681 3624 850 3692; x_wconf 78' lang='grc' dir='ltr'>μηδὲν</span> <span class='ocrx_word' id='word_1_279' title='bbox 880 3624 936 3676; x_wconf 84' lang='grc' dir='ltr'>δὲ</span> <span class='ocrx_word' id='word_1_280' title='bbox 972 3625 1142 3676; x_wconf 77' lang='grc' dir='ltr'>ἀΐδιον</span> <span class='ocrx_word' id='word_1_281' title='bbox 1176 3623 1373 3692; x_wconf 83' lang='grc' dir='ltr'>ὁρατόν</span> <span class='ocrx_word' id='word_1_282' title='bbox 1400 3638 1414 3653; x_wconf 75' lang='grc'>⁸</span> <span class='ocrx_word' id='word_1_283' title='bbox 1451 3624 1521 3675; x_wconf 75' lang='grc' dir='ltr'>τὰ</span> <span class='ocrx_word' id='word_1_284' title='bbox 1556 3623 1665 3690; x_wconf 77' lang='grc' dir='ltr'>γὰρ</span> <span class='ocrx_word' id='word_1_285' title='bbox 1700 3621 1841 3690; x_wconf 61' lang='lat' dir='ltr'><strong>opib-</strong></span> 
     </span>
    </p>
   </div>
   <div class='ocr_carea' id='block_1_41' title="bbox 255 3697 1841 3792">
    <p class='ocr_par' dir='ltr' id='par_1_41' title="bbox 255 3697 1841 3792">
     <span class='ocr_line' id='line_1_41' title="bbox 255 3697 1841 3792; baseline -0.006 -18"><span class='ocrx_word' id='word_1_286' title='bbox 255 3738 402 3792; x_wconf 83' lang='grc' dir='ltr'>μενα</span> <span class='ocrx_word' id='word_1_287' title='bbox 448 3697 782 3791; x_wconf 62' lang='grc' dir='ltr'>πρόσκαίρα.</span> <span class='ocrx_word' id='word_1_288' title='bbox 813 3719 978 3771; x_wconf 89' lang='grc' dir='ltr'>Ὅθεν</span> <span class='ocrx_word' id='word_1_289' title='bbox 1014 3720 1060 3770; x_wconf 88' lang='grc' dir='ltr'><strong>εί</strong></span> <span class='ocrx_word' id='word_1_290' title='bbox 1105 3719 1292 3785; x_wconf 76' lang='grc' dir='ltr'>ἔλεγεν</span> <span class='ocrx_word' id='word_1_291' title='bbox 1331 3720 1508 3770; x_wconf 80' lang='grc' dir='ltr'>ἐκεῖνο</span> <span class='ocrx_word' id='word_1_292' title='bbox 1545 3717 1605 3769; x_wconf 84' lang='grc' dir='ltr'><strong>τὸ</strong></span> <span class='ocrx_word' id='word_1_293' title='bbox 1647 3714 1841 3784; x_wconf 71' lang='grc' dir='ltr'>όρ,.θὲν</span> 
     </span>
    </p>
   </div>
   <div class='ocr_carea' id='block_1_42' title="bbox 254 3808 1841 3886">
    <p class='ocr_par' dir='ltr' id='par_1_42' title="bbox 254 3808 1841 3886">
     <span class='ocr_line' id='line_1_42' title="bbox 254 3808 1841 3886; baseline -0.004 -21"><span class='ocrx_word' id='word_1_294' title='bbox 254 3813 379 3878; x_wconf 77' lang='grc' dir='ltr'><strong>φῶς</strong></span> <span class='ocrx_word' id='word_1_295' title='bbox 421 3811 692 3882; x_wconf 83' lang='grc' dir='ltr'>σύμϐολον</span> <span class='ocrx_word' id='word_1_296' title='bbox 733 3811 990 3878; x_wconf 86' lang='grc' dir='ltr'>γενέσθαι</span> <span class='ocrx_word' id='word_1_297' title='bbox 1031 3810 1126 3863; x_wconf 79' lang='grc' dir='ltr'><strong>τοῦ</strong></span> <span class='ocrx_word' id='word_1_298' title='bbox 1169 3811 1406 3886; x_wconf 76' lang='grc' dir='ltr'>ἁρράτου</span> <span class='ocrx_word' id='word_1_299' title='bbox 1451 3808 1543 3861; x_wconf 69' lang='grc' dir='ltr'><strong>καὶ</strong></span> <span class='ocrx_word' id='word_1_300' title='bbox 1581 3808 1841 3860; x_wconf 79' lang='grc' dir='ltr'>ἁκτίστου</span> 
     </span>
    </p>
   </div>
   <div class='ocr_carea' id='block_1_43' title="bbox 255 3901 1844 3974">
    <p class='ocr_par' dir='ltr' id='par_1_43' title="bbox 255 3901 1844 3974">
     <span class='ocr_line' id='line_1_43' title="bbox 255 3901 1844 3974; baseline -0.004 -18"><span class='ocrx_word' id='word_1_301' title='bbox 255 3905 464 3974; x_wconf 73' lang='grc' dir='ltr'>φωτὸς,</span> <span class='ocrx_word' id='word_1_302' title='bbox 493 3903 669 3974; x_wconf 83' lang='grc' dir='ltr'>ὀρθῶς</span> <span class='ocrx_word' id='word_1_303' title='bbox 701 3905 768 3957; x_wconf 83' lang='grc' dir='ltr'>ἂν</span> <span class='ocrx_word' id='word_1_304' title='bbox 797 3905 1034 3973; x_wconf 75' lang='grc' dir='ltr'>ἐφρόνει.</span> <span class='ocrx_word' id='word_1_305' title='bbox 1065 3903 1260 3968; x_wconf 82' lang='grc' dir='ltr'>Λέγειν</span> <span class='ocrx_word' id='word_1_306' title='bbox 1286 3901 1340 3954; x_wconf 79' lang='grc' dir='ltr'>δὲ</span> <span class='ocrx_word' id='word_1_307' title='bbox 1373 3901 1432 3953; x_wconf 80' lang='grc' dir='ltr'><strong>τὸ</strong></span> <span class='ocrx_word' id='word_1_308' title='bbox 1458 3903 1566 3962; x_wconf 69' lang='grc' dir='ltr'>τοῖς</span> <span class='ocrx_word' id='word_1_309' title='bbox 1603 3916 1844 3967; x_wconf 85' lang='grc' dir='ltr'>σωματι-</span> 
     </span>
    </p>
   </div>
   <div class='ocr_carea' id='block_1_44' title="bbox 255 3989 1842 4066">
    <p class='ocr_par' dir='ltr' id='par_1_44' title="bbox 255 3989 1842 4066">
     <span class='ocr_line' id='line_1_44' title="bbox 255 3989 1842 4066; baseline -0.004 -18"><span class='ocrx_word' id='word_1_310' title='bbox 255 3998 379 4057; x_wconf 81' lang='grc' dir='ltr'>κοῖς</span> <span class='ocrx_word' id='word_1_311' title='bbox 417 3995 718 4065; x_wconf 79' lang='grc' dir='ltr'>ὀφθαλμοῖς</span> <span class='ocrx_word' id='word_1_312' title='bbox 758 3996 952 4064; x_wconf 82' lang='grc' dir='ltr'>ὀραθὲν</span> <span class='ocrx_word' id='word_1_313' title='bbox 996 3995 1111 4062; x_wconf 78' lang='grc' dir='ltr'><strong>φῶς</strong></span> <span class='ocrx_word' id='word_1_314' title='bbox 1153 3995 1410 4066; x_wconf 46' lang='grc' dir='ltr'>ᾰκίτιστον</span> <span class='ocrx_word' id='word_1_315' title='bbox 1452 3989 1591 4045; x_wconf 76' lang='grc' dir='ltr'>εἶναι</span> <span class='ocrx_word' id='word_1_316' title='bbox 1634 3991 1842 4043; x_wconf 79' lang='grc' dir='ltr'>παντά-</span> 
     </span>
    </p>
   </div>
   <div class='ocr_carea' id='block_1_45' title="bbox 257 4083 1848 4155">
    <p class='ocr_par' dir='ltr' id='par_1_45' title="bbox 257 4083 1848 4155">
     <span class='ocr_line' id='line_1_45' title="bbox 257 4083 1848 4155; baseline -0.003 -15"><span class='ocrx_word' id='word_1_317' title='bbox 257 4103 435 4140; x_wconf 83' lang='grc' dir='ltr'>πασιν</span> <span class='ocrx_word' id='word_1_318' title='bbox 483 4088 589 4153; x_wconf 80' lang='grc' dir='ltr'>ἔξω</span> <span class='ocrx_word' id='word_1_319' title='bbox 633 4087 742 4141; x_wconf 85' lang='grc' dir='ltr'><strong>τῶν</strong></span> <span class='ocrx_word' id='word_1_320' title='bbox 790 4105 849 4140; x_wconf 88' lang='grc' dir='ltr'><strong>τε</strong></span> <span class='ocrx_word' id='word_1_321' title='bbox 895 4087 997 4155; x_wconf 76' lang='grc' dir='ltr'><strong>τῆς</strong></span> <span class='ocrx_word' id='word_1_322' title='bbox 1047 4087 1285 4148; x_wconf 82' lang='grc' dir='ltr'>πίστεως</span> <span class='ocrx_word' id='word_1_323' title='bbox 1333 4086 1500 4154; x_wconf 82' lang='grc' dir='ltr'>ὅρων,</span> <span class='ocrx_word' id='word_1_324' title='bbox 1549 4087 1642 4137; x_wconf 85' lang='grc' dir='ltr'><strong>καί</strong></span> <span class='ocrx_word' id='word_1_325' title='bbox 1694 4083 1848 4152; x_wconf 67' lang='grc' dir='ltr'>παρὰ</span> 
     </span>
    </p>
   </div>
   <div class='ocr_carea' id='block_1_46' title="bbox 259 4176 1847 4249">
    <p class='ocr_par' dir='ltr' id='par_1_46' title="bbox 259 4176 1847 4249">
     <span class='ocr_line' id='line_1_46' title="bbox 259 4176 1847 4249; baseline -0.003 -17"><span class='ocrx_word' id='word_1_326' title='bbox 259 4180 445 4232; x_wconf 82' lang='grc' dir='ltr'>πάντα</span> <span class='ocrx_word' id='word_1_327' title='bbox 481 4180 639 4249; x_wconf 85' lang='grc' dir='ltr'>λόγον</span> <span class='ocrx_word' id='word_1_328' title='bbox 665 4195 679 4209; x_wconf 92' lang='grc'><strong>·</strong></span> <span class='ocrx_word' id='word_1_329' title='bbox 720 4179 891 4232; x_wconf 80' lang='grc' dir='ltr'>ταῦτα</span> <span class='ocrx_word' id='word_1_330' title='bbox 928 4179 1109 4233; x_wconf 80' lang='grc' dir='ltr'>τοίνυν</span> <span class='ocrx_word' id='word_1_331' title='bbox 1154 4178 1455 4249; x_wconf 68' lang='grc' dir='ltr'>βουλόμεθα</span> <span class='ocrx_word' id='word_1_332' title='bbox 1497 4176 1575 4246; x_wconf 81' lang='grc' dir='ltr'>τῷ</span> <span class='ocrx_word' id='word_1_333' title='bbox 1617 4176 1847 4245; x_wconf 86' lang='grc' dir='ltr'>παρόντι</span> 
     </span>
    </p>
   </div>
   <div class='ocr_carea' id='block_1_47' title="bbox 1938 490 3525 551">
    <p class='ocr_par' dir='ltr' id='par_1_47' title="bbox 1938 490 3525 551">
     <span class='ocr_line' id='line_1_47' title="bbox 1938 490 3525 551; baseline 0.003 -7"><span class='ocrx_word' id='word_1_334' title='bbox 1938 501 2172 545; x_wconf 83' lang='lat' dir='ltr'><strong>raturem</strong></span> <span class='ocrx_word' id='word_1_335' title='bbox 2229 492 2713 551; x_wconf 78' lang='lat' dir='ltr'><strong>Cautaeuzenum,</strong></span> <span class='ocrx_word' id='word_1_336' title='bbox 2761 501 2815 542; x_wconf 83' lang='lat' dir='ltr'><strong>et</strong></span> <span class='ocrx_word' id='word_1_337' title='bbox 2861 490 3162 545; x_wconf 82' lang='lat' dir='ltr'><strong>Ecclesiam</strong></span> <span class='ocrx_word' id='word_1_338' title='bbox 3209 493 3525 549; x_wconf 62' lang='lat' dir='ltr'><strong>Graecorum</strong></span> 
     </span>
    </p>
   </div>
   <div class='ocr_carea' id='block_1_48' title="bbox 1935 584 3528 655">
    <p class='ocr_par' dir='ltr' id='par_1_48' title="bbox 1935 584 3528 655">
     <span class='ocr_line' id='line_1_48' title="bbox 1935 584 3528 655; baseline 0.003 -17"><span class='ocrx_word' id='word_1_339' title='bbox 1935 586 2132 638; x_wconf 84' lang='lat' dir='ltr'><strong>multas</strong></span> <span class='ocrx_word' id='word_1_340' title='bbox 2159 601 2259 639; x_wconf 87' lang='lat' dir='ltr'><strong>suo</strong></span> <span class='ocrx_word' id='word_1_341' title='bbox 2285 585 2536 650; x_wconf 63' lang='lat' dir='ltr'><strong>dogmate</strong></span> <span class='ocrx_word' id='word_1_342' title='bbox 2567 584 2880 638; x_wconf 82' lang='lat' dir='ltr'><strong>divinitates</strong></span> <span class='ocrx_word' id='word_1_343' title='bbox 2913 585 3176 642; x_wconf 77' lang='lat' dir='ltr'><strong>inducere</strong></span> <span class='ocrx_word' id='word_1_344' title='bbox 3221 590 3528 655; x_wconf 83' lang='lat' dir='ltr'><strong>superemi-</strong></span> 
     </span>
    </p>
   </div>
   <div class='ocr_carea' id='block_1_49' title="bbox 1936 678 3528 750">
    <p class='ocr_par' dir='ltr' id='par_1_49' title="bbox 1936 678 3528 750">
     <span class='ocr_line' id='line_1_49' title="bbox 1936 678 3528 750; baseline 0.003 -20"><span class='ocrx_word' id='word_1_345' title='bbox 1936 687 2134 733; x_wconf 85' lang='lat' dir='ltr'><strong>nentes</strong></span> <span class='ocrx_word' id='word_1_346' title='bbox 2176 692 2239 730; x_wconf 87' lang='lat' dir='ltr'><strong>ac</strong></span> <span class='ocrx_word' id='word_1_347' title='bbox 2283 678 2558 739; x_wconf 82' lang='lat' dir='ltr'><strong>remissas,</strong></span> <span class='ocrx_word' id='word_1_348' title='bbox 2611 693 2678 731; x_wconf 90' lang='lat' dir='ltr'><strong>eo</strong></span> <span class='ocrx_word' id='word_1_349' title='bbox 2744 678 2890 747; x_wconf 88' lang='lat' dir='ltr'><strong>quod</strong></span> <span class='ocrx_word' id='word_1_350' title='bbox 2938 690 3206 743; x_wconf 86' lang='lat' dir='ltr'><strong>asserant,</strong></span> <span class='ocrx_word' id='word_1_351' title='bbox 3243 697 3366 750; x_wconf 59' lang='lat' dir='ltr'><strong>qum</strong></span> <span class='ocrx_word' id='word_1_352' title='bbox 3418 683 3528 736; x_wconf 91' lang='lat' dir='ltr'><strong>Deo</strong></span> 
     </span>
    </p>
   </div>
   <div class='ocr_carea' id='block_1_50' title="bbox 1937 767 3527 840">
    <p class='ocr_par' dir='ltr' id='par_1_50' title="bbox 1937 767 3527 840">
     <span class='ocr_line' id='line_1_50' title="bbox 1937 767 3527 840; baseline 0.004 -20"><span class='ocrx_word' id='word_1_353' title='bbox 1937 768 2148 830; x_wconf 66' lang='lat' dir='ltr'><strong>insunt,</strong></span> <span class='ocrx_word' id='word_1_354' title='bbox 2183 767 2405 821; x_wconf 88' lang='lat' dir='ltr'><strong>realiter</strong></span> <span class='ocrx_word' id='word_1_355' title='bbox 2437 770 2580 821; x_wconf 89' lang='lat' dir='ltr'><strong>inter</strong></span> <span class='ocrx_word' id='word_1_356' title='bbox 2606 783 2664 821; x_wconf 86' lang='lat' dir='ltr'><strong>se</strong></span> <span class='ocrx_word' id='word_1_357' title='bbox 2697 767 2944 832; x_wconf 64' lang='lat' dir='ltr'><strong>dill‘erre,</strong></span> <span class='ocrx_word' id='word_1_358' title='bbox 2977 778 3032 821; x_wconf 93' lang='lat' dir='ltr'><strong>et</strong></span> <span class='ocrx_word' id='word_1_359' title='bbox 3061 786 3227 822; x_wconf 91' lang='lat' dir='ltr'><strong>unum</strong></span> <span class='ocrx_word' id='word_1_360' title='bbox 3267 771 3527 840; x_wconf 75' lang='lat' dir='ltr'><strong>quodque</strong></span> 
     </span>
    </p>
   </div>
   <div class='ocr_carea' id='block_1_51' title="bbox 1937 860 3523 916">
    <p class='ocr_par' dir='ltr' id='par_1_51' title="bbox 1937 860 3523 916">
     <span class='ocr_line' id='line_1_51' title="bbox 1937 860 3523 916; baseline 0.003 -4"><span class='ocrx_word' id='word_1_361' title='bbox 1937 861 2132 913; x_wconf 83' lang='lat' dir='ltr'><strong>horum</strong></span> <span class='ocrx_word' id='word_1_362' title='bbox 2171 860 2426 913; x_wconf 88' lang='lat' dir='ltr'><strong>deitatem</strong></span> <span class='ocrx_word' id='word_1_363' title='bbox 2477 860 2790 914; x_wconf 87' lang='lat' dir='ltr'><strong>distinctam</strong></span> <span class='ocrx_word' id='word_1_364' title='bbox 2841 864 2892 914; x_wconf 90' lang='lat' dir='ltr'><strong>in</strong></span> <span class='ocrx_word' id='word_1_365' title='bbox 2956 862 3229 916; x_wconf 80' lang='lat' dir='ltr'><strong>inﬁnitum</strong></span> <span class='ocrx_word' id='word_1_366' title='bbox 3279 879 3304 914; x_wconf 81' lang='grc' dir='ltr'><strong>ιι</strong></span> <span class='ocrx_word' id='word_1_367' title='bbox 3340 864 3523 916; x_wconf 85' lang='lat' dir='ltr'><strong>divina</strong></span> 
     </span>
    </p>
   </div>
   <div class='ocr_carea' id='block_1_52' title="bbox 1936 951 3558 1023">
    <p class='ocr_par' dir='ltr' id='par_1_52' title="bbox 1936 951 3558 1023">
     <span class='ocr_line' id='line_1_52' title="bbox 1936 951 3558 1023; baseline 0 -17"><span class='ocrx_word' id='word_1_368' title='bbox 1936 952 2242 1007; x_wconf 88' lang='lat' dir='ltr'><strong>substantia</strong></span> <span class='ocrx_word' id='word_1_369' title='bbox 2269 951 2493 1006; x_wconf 78' lang='lat' dir='ltr'><strong>distare.</strong></span> <span class='ocrx_word' id='word_1_370' title='bbox 2519 953 2651 1006; x_wconf 78' lang='lat' dir='ltr'><strong>Cum</strong></span> <span class='ocrx_word' id='word_1_371' title='bbox 2677 968 2836 1007; x_wconf 85' lang='lat' dir='ltr'><strong>nosse</strong></span> <span class='ocrx_word' id='word_1_372' title='bbox 2863 970 3052 1006; x_wconf 82' lang='lat' dir='ltr'><strong>verum</strong></span> <span class='ocrx_word' id='word_1_373' title='bbox 3077 955 3240 1023; x_wconf 85' lang='lat' dir='ltr'><strong>hujus</strong></span> <span class='ocrx_word' id='word_1_374' title='bbox 3263 957 3530 1008; x_wconf 83' lang='lat' dir='ltr'><strong>doetrime</strong></span> <span class='ocrx_word' id='word_1_375' title='bbox 3555 981 3558 986; x_wconf 96' lang='lat'><strong><em>-</em></strong></span> 
     </span>
    </p>
   </div>
   <div class='ocr_carea' id='block_1_53' title="bbox 1937 1045 3532 1116">
    <p class='ocr_par' dir='ltr' id='par_1_53' title="bbox 1937 1045 3532 1116">
     <span class='ocr_line' id='line_1_53' title="bbox 1937 1045 3532 1116; baseline 0.001 -17"><span class='ocrx_word' id='word_1_376' title='bbox 1937 1061 2219 1114; x_wconf 84' lang='lat' dir='ltr'><strong>cuperem,</strong></span> <span class='ocrx_word' id='word_1_377' title='bbox 2248 1045 2726 1113; x_wconf 72' lang='lat' dir='ltr'><strong>Constantinopoli</strong></span> <span class='ocrx_word' id='word_1_378' title='bbox 2755 1047 2983 1115; x_wconf 83' lang='lat' dir='ltr'><strong>degens,</strong></span> <span class='ocrx_word' id='word_1_379' title='bbox 3009 1048 3228 1114; x_wconf 82' lang='lat' dir='ltr'><strong>quando</strong></span> <span class='ocrx_word' id='word_1_380' title='bbox 3257 1047 3321 1100; x_wconf 88' lang='lat' dir='ltr'><strong>ad</strong></span> <span class='ocrx_word' id='word_1_381' title='bbox 3358 1047 3532 1116; x_wconf 83' lang='lat' dir='ltr'><strong>impe-</strong></span> 
     </span>
    </p>
   </div>
   <div class='ocr_carea' id='block_1_54' title="bbox 1940 1137 3531 1208">
    <p class='ocr_par' dir='ltr' id='par_1_54' title="bbox 1940 1137 3531 1208">
     <span class='ocr_line' id='line_1_54' title="bbox 1940 1137 3531 1208; baseline -0.001 -15"><span class='ocrx_word' id='word_1_382' title='bbox 1940 1147 2177 1193; x_wconf 84' lang='lat' dir='ltr'><strong>raterem</strong></span> <span class='ocrx_word' id='word_1_383' title='bbox 2218 1137 2581 1204; x_wconf 42' lang='lat' dir='ltr'><strong>Palaielogum</strong></span> <span class='ocrx_word' id='word_1_384' title='bbox 2616 1154 2643 1190; x_wconf 87' lang='lat' dir='ltr'><strong>a</strong></span> <span class='ocrx_word' id='word_1_385' title='bbox 2680 1149 3113 1192; x_wconf 84' lang='lat' dir='ltr'><strong>commemorato</strong></span> <span class='ocrx_word' id='word_1_386' title='bbox 3143 1154 3360 1192; x_wconf 89' lang='lat' dir='ltr'><strong>summo</strong></span> <span class='ocrx_word' id='word_1_387' title='bbox 3391 1156 3531 1208; x_wconf 84' lang='lat' dir='ltr'><strong>pon-</strong></span> 
     </span>
    </p>
   </div>
   <div class='ocr_carea' id='block_1_55' title="bbox 1941 1231 3526 1299">
    <p class='ocr_par' dir='ltr' id='par_1_55' title="bbox 1941 1231 3526 1299">
     <span class='ocr_line' id='line_1_55' title="bbox 1941 1231 3526 1299; baseline 0.001 -14"><span class='ocrx_word' id='word_1_388' title='bbox 1941 1234 2085 1286; x_wconf 84' lang='lat' dir='ltr'><strong>titice</strong></span> <span class='ocrx_word' id='word_1_389' title='bbox 2117 1232 2316 1284; x_wconf 80' lang='lat' dir='ltr'><strong>missus</strong></span> <span class='ocrx_word' id='word_1_390' title='bbox 2344 1231 2442 1297; x_wconf 79' lang='lat' dir='ltr'><strong>fui,</strong></span> <span class='ocrx_word' id='word_1_391' title='bbox 2468 1231 2821 1299; x_wconf 78' lang='lat' dir='ltr'><strong>qiuesivimns</strong></span> <span class='ocrx_word' id='word_1_392' title='bbox 2843 1231 2986 1286; x_wconf 88' lang='lat' dir='ltr'><strong>istud</strong></span> <span class='ocrx_word' id='word_1_393' title='bbox 3022 1233 3184 1290; x_wconf 80' lang='lat' dir='ltr'><strong>scire.</strong></span> <span class='ocrx_word' id='word_1_394' title='bbox 3210 1247 3316 1288; x_wconf 82' lang='lat' dir='ltr'><strong>non</strong></span> <span class='ocrx_word' id='word_1_395' title='bbox 3343 1244 3526 1288; x_wconf 80' lang='lat' dir='ltr'><strong>autem</strong></span> 
     </span>
    </p>
   </div>
   <div class='ocr_carea' id='block_1_56' title="bbox 1939 1323 3529 1394">
    <p class='ocr_par' dir='ltr' id='par_1_56' title="bbox 1939 1323 3529 1394">
     <span class='ocr_line' id='line_1_56' title="bbox 1939 1323 3529 1394; baseline 0.001 -18"><span class='ocrx_word' id='word_1_396' title='bbox 1939 1325 2224 1394; x_wconf 90' lang='lat' dir='ltr'><strong>potuimus</strong></span> <span class='ocrx_word' id='word_1_397' title='bbox 2257 1323 2426 1376; x_wconf 81' lang='lat' dir='ltr'><strong>verbo</strong></span> <span class='ocrx_word' id='word_1_398' title='bbox 2483 1323 2567 1375; x_wconf 79' lang='lat' dir='ltr'><strong>vel</strong></span> <span class='ocrx_word' id='word_1_399' title='bbox 2605 1338 2660 1376; x_wconf 87' lang='lat' dir='ltr'><strong>re</strong></span> <span class='ocrx_word' id='word_1_400' title='bbox 2701 1323 2908 1391; x_wconf 87' lang='lat' dir='ltr'><strong>aliquid</strong></span> <span class='ocrx_word' id='word_1_401' title='bbox 2941 1328 3076 1377; x_wconf 88' lang='lat' dir='ltr'><strong>certi</strong></span> <span class='ocrx_word' id='word_1_402' title='bbox 3111 1324 3179 1376; x_wconf 91' lang='lat' dir='ltr'><strong>de</strong></span> <span class='ocrx_word' id='word_1_403' title='bbox 3213 1325 3312 1376; x_wconf 86' lang='lat' dir='ltr'><strong>hac</strong></span> <span class='ocrx_word' id='word_1_404' title='bbox 3344 1326 3529 1390; x_wconf 60' lang='lat' dir='ltr'><strong>Opini-</strong></span> 
     </span>
    </p>
   </div>
   <div class='ocr_carea' id='block_1_57' title="bbox 1939 1414 3530 1482">
    <p class='ocr_par' dir='ltr' id='par_1_57' title="bbox 1939 1414 3530 1482">
     <span class='ocr_line' id='line_1_57' title="bbox 1939 1414 3530 1482; baseline -0.001 -14"><span class='ocrx_word' id='word_1_405' title='bbox 1939 1430 2044 1468; x_wconf 88' lang='lat' dir='ltr'><strong>one</strong></span> <span class='ocrx_word' id='word_1_406' title='bbox 2087 1424 2141 1467; x_wconf 89' lang='lat' dir='ltr'><strong>et</strong></span> <span class='ocrx_word' id='word_1_407' title='bbox 2176 1414 2340 1482; x_wconf 72' lang='lat' dir='ltr'><strong>imp9a</strong></span> <span class='ocrx_word' id='word_1_408' title='bbox 2373 1417 2620 1466; x_wconf 64' lang='lat' dir='ltr'><strong>doctrina</strong></span> <span class='ocrx_word' id='word_1_409' title='bbox 2654 1414 3150 1482; x_wconf 82' lang='lat' dir='ltr'><strong>comprehendere.</strong></span> <span class='ocrx_word' id='word_1_410' title='bbox 3183 1415 3530 1482; x_wconf 77' lang='lat' dir='ltr'><strong>Qttnptnplt&#39;r</strong></span> 
     </span>
    </p>
   </div>
   <div class='ocr_carea' id='block_1_58' title="bbox 1939 1503 3532 1572">
    <p class='ocr_par' dir='ltr' id='par_1_58' title="bbox 1939 1503 3532 1572">
     <span class='ocr_line' id='line_1_58' title="bbox 1939 1503 3532 1572; baseline -0.003 -12"><span class='ocrx_word' id='word_1_411' title='bbox 1939 1516 1994 1560; x_wconf 87' lang='lat' dir='ltr'><strong>et</strong></span> <span class='ocrx_word' id='word_1_412' title='bbox 2047 1515 2273 1560; x_wconf 87' lang='lat' dir='ltr'><strong>coactus</strong></span> <span class='ocrx_word' id='word_1_413' title='bbox 2325 1520 2444 1557; x_wconf 87' lang='lat' dir='ltr'><strong>sunt</strong></span> <span class='ocrx_word' id='word_1_414' title='bbox 2495 1504 2679 1558; x_wconf 79' lang='lat' dir='ltr'><strong>verbis</strong></span> <span class='ocrx_word' id='word_1_415' title='bbox 2731 1504 2942 1572; x_wconf 75' lang='lat' dir='ltr'><strong>asperis</strong></span> <span class='ocrx_word' id='word_1_416' title='bbox 2993 1518 3089 1557; x_wconf 90' lang='lat' dir='ltr'><strong>eos</strong></span> <span class='ocrx_word' id='word_1_417' title='bbox 3153 1503 3434 1564; x_wconf 83' lang='lat' dir='ltr'><strong>insectari,</strong></span> <span class='ocrx_word' id='word_1_418' title='bbox 3477 1512 3532 1556; x_wconf 81' lang='lat' dir='ltr'><strong>et</strong></span> 
     </span>
    </p>
   </div>
   <div class='ocr_carea' id='block_1_59' title="bbox 1941 1595 3530 1664">
    <p class='ocr_par' dir='ltr' id='par_1_59' title="bbox 1941 1595 3530 1664">
     <span class='ocr_line' id='line_1_59' title="bbox 1941 1595 3530 1664; baseline 0 -16"><span class='ocrx_word' id='word_1_419' title='bbox 1941 1597 2111 1650; x_wconf 88' lang='lat' dir='ltr'><strong>veluti</strong></span> <span class='ocrx_word' id='word_1_420' title='bbox 2161 1595 2490 1664; x_wconf 77' lang='lat' dir='ltr'><strong>quibusdam</strong></span> <span class='ocrx_word' id='word_1_421' title='bbox 2542 1595 2881 1663; x_wconf 82' lang='lat' dir='ltr'><strong>argumentis</strong></span> <span class='ocrx_word' id='word_1_422' title='bbox 2921 1611 3245 1663; x_wconf 76' lang='lat' dir='ltr'><strong>provocare.</strong></span> <span class='ocrx_word' id='word_1_423' title='bbox 3287 1596 3530 1649; x_wconf 78' lang='lat' dir='ltr'><strong>&#39;I&#39;andcnt</strong></span> 
     </span>
    </p>
   </div>
   <div class='ocr_carea' id='block_1_60' title="bbox 1943 1685 3536 1757">
    <p class='ocr_par' dir='ltr' id='par_1_60' title="bbox 1943 1685 3536 1757">
     <span class='ocr_line' id='line_1_60' title="bbox 1943 1685 3536 1757; baseline -0.001 -16"><span class='ocrx_word' id='word_1_424' title='bbox 1943 1689 2240 1757; x_wconf 89' lang='lat' dir='ltr'><strong>imperator</strong></span> <span class='ocrx_word' id='word_1_425' title='bbox 2279 1685 2395 1754; x_wconf 82' lang='lat' dir='ltr'><strong>ipse</strong></span> <span class='ocrx_word' id='word_1_426' title='bbox 2428 1685 2845 1740; x_wconf 81' lang='lat' dir='ltr'><strong>Cantacnzenus</strong></span> <span class='ocrx_word' id='word_1_427' title='bbox 2875 1688 2941 1740; x_wconf 88' lang='lat' dir='ltr'><strong>de</strong></span> <span class='ocrx_word' id='word_1_428' title='bbox 2979 1685 3082 1739; x_wconf 85' lang='lat' dir='ltr'><strong>liae</strong></span> <span class='ocrx_word' id='word_1_429' title='bbox 3122 1687 3387 1756; x_wconf 88' lang='lat' dir='ltr'><strong>opinione</strong></span> <span class='ocrx_word' id='word_1_430' title='bbox 3421 1703 3536 1740; x_wconf 86' lang='lat' dir='ltr'><strong>tue-</strong></span> 
     </span>
    </p>
   </div>
   <div class='ocr_carea' id='block_1_61' title="bbox 1940 1779 3536 1848">
    <p class='ocr_par' dir='ltr' id='par_1_61' title="bbox 1940 1779 3536 1848">
     <span class='ocr_line' id='line_1_61' title="bbox 1940 1779 3536 1848; baseline -0.001 -13"><span class='ocrx_word' id='word_1_431' title='bbox 1940 1797 2065 1836; x_wconf 87' lang='lat' dir='ltr'><strong>cntu</strong></span> <span class='ocrx_word' id='word_1_432' title='bbox 2100 1780 2266 1832; x_wconf 82' lang='lat' dir='ltr'><strong>verba</strong></span> <span class='ocrx_word' id='word_1_433' title='bbox 2309 1779 2458 1833; x_wconf 82' lang='lat' dir='ltr'><strong>fecit.</strong></span> <span class='ocrx_word' id='word_1_434' title='bbox 2497 1779 2762 1844; x_wconf 86' lang='lat' dir='ltr'><strong>Quamvis</strong></span> <span class='ocrx_word' id='word_1_435' title='bbox 2801 1789 2984 1834; x_wconf 86' lang='lat' dir='ltr'><strong>autem</strong></span> <span class='ocrx_word' id='word_1_436' title='bbox 3020 1795 3047 1832; x_wconf 89' lang='lat' dir='ltr'><strong>a</strong></span> <span class='ocrx_word' id='word_1_437' title='bbox 3084 1781 3353 1848; x_wconf 85' lang='lat' dir='ltr'><strong>principio</strong></span> <span class='ocrx_word' id='word_1_438' title='bbox 3387 1781 3536 1834; x_wconf 79' lang='grc' dir='ltr'>ιὶιΙρ-</span> 
     </span>
    </p>
   </div>
   <div class='ocr_carea' id='block_1_62' title="bbox 1942 1873 3534 1944">
    <p class='ocr_par' dir='ltr' id='par_1_62' title="bbox 1942 1873 3534 1944">
     <span class='ocr_line' id='line_1_62' title="bbox 1942 1873 3534 1944; baseline 0 -16"><span class='ocrx_word' id='word_1_439' title='bbox 1942 1885 2094 1928; x_wconf 90' lang='lat' dir='ltr'><strong>retur</strong></span> <span class='ocrx_word' id='word_1_440' title='bbox 2125 1873 2258 1926; x_wconf 89' lang='lat' dir='ltr'><strong>mibi</strong></span> <span class='ocrx_word' id='word_1_441' title='bbox 2309 1888 2418 1926; x_wconf 89' lang='lat' dir='ltr'><strong>non</strong></span> <span class='ocrx_word' id='word_1_442' title='bbox 2473 1884 2622 1927; x_wconf 85' lang='lat' dir='ltr'><strong>recte</strong></span> <span class='ocrx_word' id='word_1_443' title='bbox 2671 1873 2901 1932; x_wconf 85' lang='lat' dir='ltr'><strong>sentire.</strong></span> <span class='ocrx_word' id='word_1_444' title='bbox 2939 1875 3031 1942; x_wconf 90' lang='lat' dir='ltr'><strong>qui</strong></span> <span class='ocrx_word' id='word_1_445' title='bbox 3083 1891 3150 1928; x_wconf 80' lang='lat' dir='ltr'><strong>ex</strong></span> <span class='ocrx_word' id='word_1_446' title='bbox 3181 1876 3299 1944; x_wconf 85' lang='lat' dir='ltr'><strong>ejus</strong></span> <span class='ocrx_word' id='word_1_447' title='bbox 3347 1876 3534 1929; x_wconf 80' lang='lat' dir='ltr'><strong>verbis</strong></span> 
     </span>
    </p>
   </div>
   <div class='ocr_carea' id='block_1_63' title="bbox 1939 1965 3532 2035">
    <p class='ocr_par' dir='ltr' id='par_1_63' title="bbox 1939 1965 3532 2035">
     <span class='ocr_line' id='line_1_63' title="bbox 1939 1965 3532 2035; baseline 0.002 -16"><span class='ocrx_word' id='word_1_448' title='bbox 1939 1983 2063 2019; x_wconf 84' lang='lat' dir='ltr'><strong>eum</strong></span> <span class='ocrx_word' id='word_1_449' title='bbox 2089 1965 2500 2020; x_wconf 72' lang='lat' dir='ltr'><strong>distinctionem</strong></span> <span class='ocrx_word' id='word_1_450' title='bbox 2522 1966 2723 2019; x_wconf 89' lang='lat' dir='ltr'><strong>realem</strong></span> <span class='ocrx_word' id='word_1_451' title='bbox 2747 1983 2948 2035; x_wconf 88' lang='lat' dir='ltr'><strong>ponere</strong></span> <span class='ocrx_word' id='word_1_452' title='bbox 2971 1969 3320 2035; x_wconf 73' lang='lat' dir='ltr'><strong>suspicabar;</strong></span> <span class='ocrx_word' id='word_1_453' title='bbox 3347 1980 3532 2022; x_wconf 81' lang='lat' dir='ltr'><strong>tamen</strong></span> 
     </span>
    </p>
   </div>
   <div class='ocr_carea' id='block_1_64' title="bbox 1943 2057 3530 2126">
    <p class='ocr_par' dir='ltr' id='par_1_64' title="bbox 1943 2057 3530 2126">
     <span class='ocr_line' id='line_1_64' title="bbox 1943 2057 3530 2126; baseline 0.002 -17"><span class='ocrx_word' id='word_1_454' title='bbox 1943 2067 2062 2125; x_wconf 92' lang='lat' dir='ltr'><strong>post</strong></span> <span class='ocrx_word' id='word_1_455' title='bbox 2107 2058 2317 2126; x_wconf 80' lang='lat' dir='ltr'><strong>aliquot</strong></span> <span class='ocrx_word' id='word_1_456' title='bbox 2351 2057 2492 2119; x_wconf 88' lang='lat' dir='ltr'><strong>dies,</strong></span> <span class='ocrx_word' id='word_1_457' title='bbox 2528 2073 2785 2111; x_wconf 89' lang='lat' dir='ltr'><strong>sermone</strong></span> <span class='ocrx_word' id='word_1_458' title='bbox 2818 2068 3116 2126; x_wconf 73' lang='lat' dir='ltr'><strong>protracto,</strong></span> <span class='ocrx_word' id='word_1_459' title='bbox 3148 2060 3290 2112; x_wconf 72' lang='lat' dir='ltr'><strong>dixit</strong></span> <span class='ocrx_word' id='word_1_460' title='bbox 3322 2074 3377 2112; x_wconf 89' lang='lat' dir='ltr'><strong>se</strong></span> <span class='ocrx_word' id='word_1_461' title='bbox 3421 2076 3530 2112; x_wconf 89' lang='lat' dir='ltr'><strong>tton</strong></span> 
     </span>
    </p>
   </div>
   <div class='ocr_carea' id='block_1_65' title="bbox 1941 2147 3534 2217">
    <p class='ocr_par' dir='ltr' id='par_1_65' title="bbox 1941 2147 3534 2217">
     <span class='ocr_line' id='line_1_65' title="bbox 1941 2147 3534 2217; baseline -0.001 -16"><span class='ocrx_word' id='word_1_462' title='bbox 1941 2149 2146 2202; x_wconf 82' lang='lat' dir='ltr'><strong>sentire</strong></span> <span class='ocrx_word' id='word_1_463' title='bbox 2197 2149 2397 2201; x_wconf 75' lang='lat' dir='ltr'><strong>realetn</strong></span> <span class='ocrx_word' id='word_1_464' title='bbox 2446 2147 2857 2202; x_wconf 87' lang='lat' dir='ltr'><strong>distinctionem</strong></span> <span class='ocrx_word' id='word_1_465' title='bbox 2914 2149 3059 2202; x_wconf 88' lang='lat' dir='ltr'><strong>inter</strong></span> <span class='ocrx_word' id='word_1_466' title='bbox 3105 2163 3190 2214; x_wconf 90' lang='lat' dir='ltr'><strong>ea,</strong></span> <span class='ocrx_word' id='word_1_467' title='bbox 3248 2166 3368 2217; x_wconf 71' lang='lat' dir='ltr'><strong>qua:</strong></span> <span class='ocrx_word' id='word_1_468' title='bbox 3424 2148 3534 2201; x_wconf 86' lang='lat' dir='ltr'><strong>Deo</strong></span> 
     </span>
    </p>
   </div>
   <div class='ocr_carea' id='block_1_66' title="bbox 1943 2237 3530 2307">
    <p class='ocr_par' dir='ltr' id='par_1_66' title="bbox 1943 2237 3530 2307">
     <span class='ocr_line' id='line_1_66' title="bbox 1943 2237 3530 2307; baseline 0.001 -17"><span class='ocrx_word' id='word_1_469' title='bbox 1943 2237 2152 2301; x_wconf 87' lang='lat' dir='ltr'><strong>insunt,</strong></span> <span class='ocrx_word' id='word_1_470' title='bbox 2190 2238 2285 2292; x_wconf 89' lang='lat' dir='ltr'><strong>sed</strong></span> <span class='ocrx_word' id='word_1_471' title='bbox 2333 2247 2543 2292; x_wconf 88' lang='lat' dir='ltr'><strong>tantum</strong></span> <span class='ocrx_word' id='word_1_472' title='bbox 2620 2239 2829 2292; x_wconf 81' lang='lat' dir='ltr'><strong>ratione</strong></span> <span class='ocrx_word' id='word_1_473' title='bbox 2887 2245 2942 2291; x_wconf 89' lang='lat' dir='ltr'><strong>et</strong></span> <span class='ocrx_word' id='word_1_474' title='bbox 2990 2251 3258 2307; x_wconf 57' lang='lat' dir='ltr'><strong>conreptu</strong></span> <span class='ocrx_word' id='word_1_475' title='bbox 3312 2240 3530 2292; x_wconf 82' lang='lat' dir='ltr'><strong>mentis.</strong></span> 
     </span>
    </p>
   </div>
   <div class='ocr_carea' id='block_1_67' title="bbox 1943 2328 3532 2407">
    <p class='ocr_par' dir='ltr' id='par_1_67' title="bbox 1943 2328 3532 2399">
     <span class='ocr_line' id='line_1_67' title="bbox 1943 2328 3532 2399; baseline -0.001 -17"><span class='ocrx_word' id='word_1_476' title='bbox 1943 2329 2099 2383; x_wconf 85' lang='lat' dir='ltr'><strong>Tunc</strong></span> <span class='ocrx_word' id='word_1_477' title='bbox 2130 2329 2296 2383; x_wconf 84' lang='lat' dir='ltr'><strong>veluti</strong></span> <span class='ocrx_word' id='word_1_478' title='bbox 2330 2329 2550 2399; x_wconf 81' lang='lat' dir='ltr'><strong>gavisus</strong></span> <span class='ocrx_word' id='word_1_479' title='bbox 2580 2328 2713 2392; x_wconf 80' lang='lat' dir='ltr'><strong>dixi,</strong></span> <span class='ocrx_word' id='word_1_480' title='bbox 2750 2330 2887 2383; x_wconf 86' lang='lat' dir='ltr'><strong>bene</strong></span> <span class='ocrx_word' id='word_1_481' title='bbox 2915 2345 3041 2384; x_wconf 89' lang='lat' dir='ltr'><strong>cum</strong></span> <span class='ocrx_word' id='word_1_482' title='bbox 3079 2330 3264 2384; x_wconf 82' lang='lat' dir='ltr'><strong>dicere</strong></span> <span class='ocrx_word' id='word_1_483' title='bbox 3300 2341 3351 2383; x_wconf 92' lang='lat' dir='ltr'><strong>et</strong></span> <span class='ocrx_word' id='word_1_484' title='bbox 3408 2338 3532 2383; x_wconf 88' lang='lat' dir='ltr'><strong>cum</strong></span> 
     </span>
    </p>
   </div>
   <div class='ocr_carea' id='block_1_68' title="bbox 1942 2423 3534 2489">
    <p class='ocr_par' dir='ltr' id='par_1_68' title="bbox 1942 2423 3534 2489">
     <span class='ocr_line' id='line_1_68' title="bbox 1942 2423 3534 2489; baseline -0.002 -10"><span class='ocrx_word' id='word_1_485' title='bbox 1942 2425 2001 2480; x_wconf 88' lang='lat' dir='ltr'><strong>B.</strong></span> <span class='ocrx_word' id='word_1_486' title='bbox 2054 2424 2343 2477; x_wconf 81' lang='lat' dir='ltr'><strong>Ambrosio</strong></span> <span class='ocrx_word' id='word_1_487' title='bbox 2401 2423 2723 2476; x_wconf 80' lang='lat' dir='ltr'><strong>convenire.</strong></span> <span class='ocrx_word' id='word_1_488' title='bbox 2781 2424 2972 2476; x_wconf 84' lang='lat' dir='ltr'><strong>Postea</strong></span> <span class='ocrx_word' id='word_1_489' title='bbox 3042 2423 3187 2476; x_wconf 83' lang='lat' dir='ltr'><strong>dicta</strong></span> <span class='ocrx_word' id='word_1_490' title='bbox 3261 2423 3534 2489; x_wconf 73' lang='lat' dir='ltr'><strong>colloquia</strong></span> 
     </span>
    </p>
   </div>
   <div class='ocr_carea' id='block_1_69' title="bbox 1943 2514 3536 2584">
    <p class='ocr_par' dir='ltr' id='par_1_69' title="bbox 1943 2514 3536 2584">
     <span class='ocr_line' id='line_1_69' title="bbox 1943 2514 3536 2584; baseline -0.004 -13"><span class='ocrx_word' id='word_1_491' title='bbox 1943 2517 2163 2584; x_wconf 76' lang='lat' dir='ltr'><strong>scriptis</strong></span> <span class='ocrx_word' id='word_1_492' title='bbox 2212 2515 2516 2579; x_wconf 77' lang='lat' dir='ltr'><strong>mandavit,</strong></span> <span class='ocrx_word' id='word_1_493' title='bbox 2560 2514 2763 2584; x_wconf 87' lang='lat' dir='ltr'><strong>quibus</strong></span> <span class='ocrx_word' id='word_1_494' title='bbox 2804 2515 3066 2568; x_wconf 76' lang='lat' dir='ltr'><strong>nonnulla</strong></span> <span class='ocrx_word' id='word_1_495' title='bbox 3116 2516 3374 2575; x_wconf 81' lang='lat' dir='ltr'><strong>inseruit,</strong></span> <span class='ocrx_word' id='word_1_496' title='bbox 3413 2529 3536 2581; x_wconf 71' lang='lat' dir='ltr'><strong>qua:</strong></span> 
     </span>
    </p>
   </div>
   <div class='ocr_carea' id='block_1_70' title="bbox 1942 2607 3537 2674">
    <p class='ocr_par' dir='ltr' id='par_1_70' title="bbox 1942 2607 3537 2674">
     <span class='ocr_line' id='line_1_70' title="bbox 1942 2607 3537 2674; baseline -0.003 -12"><span class='ocrx_word' id='word_1_497' title='bbox 1942 2607 2342 2662; x_wconf 82' lang='lat' dir='ltr'><strong>dubitationem</strong></span> <span class='ocrx_word' id='word_1_498' title='bbox 2389 2611 2632 2674; x_wconf 87' lang='lat' dir='ltr'><strong>pariunt,</strong></span> <span class='ocrx_word' id='word_1_499' title='bbox 2669 2617 2848 2660; x_wconf 88' lang='lat' dir='ltr'><strong>utrum</strong></span> <span class='ocrx_word' id='word_1_500' title='bbox 2894 2608 3123 2662; x_wconf 80' lang='lat' dir='ltr'><strong>rationis</strong></span> <span class='ocrx_word' id='word_1_501' title='bbox 3186 2616 3418 2667; x_wconf 84' lang='lat' dir='ltr'><strong>tantum,</strong></span> <span class='ocrx_word' id='word_1_502' title='bbox 3468 2621 3537 2658; x_wconf 84' lang='lat' dir='ltr'><strong>au</strong></span> 
     </span>
    </p>
   </div>
   <div class='ocr_carea' id='block_1_71' title="bbox 1943 2698 3538 2764">
    <p class='ocr_par' dir='ltr' id='par_1_71' title="bbox 1943 2698 3538 2764">
     <span class='ocr_line' id='line_1_71' title="bbox 1943 2698 3538 2764; baseline -0.002 -10"><span class='ocrx_word' id='word_1_503' title='bbox 1943 2702 2108 2754; x_wconf 85' lang='lat' dir='ltr'><strong>etiam</strong></span> <span class='ocrx_word' id='word_1_504' title='bbox 2167 2701 2365 2754; x_wconf 86' lang='lat' dir='ltr'><strong>realetn</strong></span> <span class='ocrx_word' id='word_1_505' title='bbox 2419 2701 2829 2754; x_wconf 74' lang='lat' dir='ltr'><strong>distinctionem</strong></span> <span class='ocrx_word' id='word_1_506' title='bbox 2863 2715 2987 2753; x_wconf 80' lang='lat' dir='ltr'><strong>esse</strong></span> <span class='ocrx_word' id='word_1_507' title='bbox 3043 2699 3358 2752; x_wconf 75' lang='lat' dir='ltr'><strong>contendat.</strong></span> <span class='ocrx_word' id='word_1_508' title='bbox 3407 2698 3538 2764; x_wconf 79' lang='lat' dir='ltr'><strong>Qme</strong></span> 
     </span>
    </p>
   </div>
   <div class='ocr_carea' id='block_1_72' title="bbox 1943 2790 3538 2862">
    <p class='ocr_par' dir='ltr' id='par_1_72' title="bbox 1943 2790 3538 2862">
     <span class='ocr_line' id='line_1_72' title="bbox 1943 2790 3538 2862; baseline 0 -18"><span class='ocrx_word' id='word_1_509' title='bbox 1943 2793 2192 2862; x_wconf 78' lang='lat' dir='ltr'><strong>profecto</strong></span> <span class='ocrx_word' id='word_1_510' title='bbox 2235 2793 2437 2862; x_wconf 86' lang='lat' dir='ltr'><strong>scripta</strong></span> <span class='ocrx_word' id='word_1_511' title='bbox 2484 2808 2698 2847; x_wconf 88' lang='lat' dir='ltr'><strong>summo</strong></span> <span class='ocrx_word' id='word_1_512' title='bbox 2735 2790 2980 2861; x_wconf 81' lang='lat' dir='ltr'><strong>pontiﬁci</strong></span> <span class='ocrx_word' id='word_1_513' title='bbox 3029 2792 3342 2853; x_wconf 82' lang='lat' dir='ltr'><strong>ostendam,</strong></span> <span class='ocrx_word' id='word_1_514' title='bbox 3376 2802 3434 2843; x_wconf 84' lang='grc' dir='ltr'><strong>ιιι</strong></span> <span class='ocrx_word' id='word_1_515' title='bbox 3475 2807 3538 2844; x_wconf 78' lang='lat' dir='ltr'><strong>(a</strong></span> 
     </span>
    </p>
   </div>
   <div class='ocr_carea' id='block_1_73' title="bbox 1942 2885 3539 2955">
    <p class='ocr_par' dir='ltr' id='par_1_73' title="bbox 1942 2885 3539 2955">
     <span class='ocr_line' id='line_1_73' title="bbox 1942 2885 3539 2955; baseline -0.001 -15"><span class='ocrx_word' id='word_1_516' title='bbox 1942 2887 2028 2942; x_wconf 89' lang='lat' dir='ltr'><strong>vel</strong></span> <span class='ocrx_word' id='word_1_517' title='bbox 2086 2886 2381 2955; x_wconf 87' lang='lat' dir='ltr'><strong>improbet,</strong></span> <span class='ocrx_word' id='word_1_518' title='bbox 2438 2887 2516 2941; x_wconf 73' lang='lat' dir='ltr'><strong>vel</strong></span> <span class='ocrx_word' id='word_1_519' title='bbox 2575 2886 2885 2940; x_wconf 70' lang='lat' dir='ltr'><strong>conﬁrmet.</strong></span> <span class='ocrx_word' id='word_1_520' title='bbox 2943 2885 3150 2939; x_wconf 86' lang='lat' dir='ltr'><strong>Deinde</strong></span> <span class='ocrx_word' id='word_1_521' title='bbox 3205 2885 3426 2954; x_wconf 77' lang='lat' dir='ltr'><strong>scripsit</strong></span> <span class='ocrx_word' id='word_1_522' title='bbox 3471 2885 3539 2939; x_wconf 87' lang='lat' dir='ltr'><strong>de</strong></span> 
     </span>
    </p>
   </div>
   <div class='ocr_carea' id='block_1_74' title="bbox 1945 2979 3540 3048">
    <p class='ocr_par' dir='ltr' id='par_1_74' title="bbox 1945 2979 3540 3048">
     <span class='ocr_line' id='line_1_74' title="bbox 1945 2979 3540 3048; baseline -0.001 -16"><span class='ocrx_word' id='word_1_523' title='bbox 1945 2979 2174 3037; x_wconf 87' lang='lat' dir='ltr'><strong>lumine.</strong></span> <span class='ocrx_word' id='word_1_524' title='bbox 2211 2979 2357 3048; x_wconf 89' lang='lat' dir='ltr'><strong>quod</strong></span> <span class='ocrx_word' id='word_1_525' title='bbox 2381 2979 2649 3048; x_wconf 79' lang='lat' dir='ltr'><strong>apparuit</strong></span> <span class='ocrx_word' id='word_1_526' title='bbox 2690 2979 2742 3031; x_wconf 88' lang='lat' dir='ltr'><strong>itt</strong></span> <span class='ocrx_word' id='word_1_527' title='bbox 2781 2987 2967 3032; x_wconf 90' lang='lat' dir='ltr'><strong>monte</strong></span> <span class='ocrx_word' id='word_1_528' title='bbox 3005 2979 3248 3039; x_wconf 77' lang='lat' dir='ltr'><strong>&#39;l‘lialior.</strong></span> <span class='ocrx_word' id='word_1_529' title='bbox 3285 2993 3540 3032; x_wconf 86' lang='lat' dir='ltr'><strong>asserens</strong></span> 
     </span>
    </p>
   </div>
   <div class='ocr_carea' id='block_1_75' title="bbox 1871 3069 3537 3145">
    <p class='ocr_par' dir='ltr' id='par_1_75' title="bbox 1871 3069 3537 3145">
     <span class='ocr_line' id='line_1_75' title="bbox 1871 3069 3537 3145; baseline -0.002 -19"><span class='ocrx_word' id='word_1_530' title='bbox 1871 3089 1912 3145; x_wconf 71' lang='grc' dir='ltr'><strong>ρ</strong></span> <span class='ocrx_word' id='word_1_531' title='bbox 1950 3073 2079 3126; x_wconf 88' lang='lat' dir='ltr'><strong>illttd</strong></span> <span class='ocrx_word' id='word_1_532' title='bbox 2102 3088 2223 3126; x_wconf 86' lang='lat' dir='ltr'><strong>esse</strong></span> <span class='ocrx_word' id='word_1_533' title='bbox 2254 3071 2586 3134; x_wconf 81' lang='lat' dir='ltr'><strong>iucreatntn,</strong></span> <span class='ocrx_word' id='word_1_534' title='bbox 2609 3080 2665 3126; x_wconf 89' lang='lat' dir='ltr'><strong>et</strong></span> <span class='ocrx_word' id='word_1_535' title='bbox 2692 3087 2799 3124; x_wconf 89' lang='lat' dir='ltr'><strong>non</strong></span> <span class='ocrx_word' id='word_1_536' title='bbox 2823 3087 2944 3126; x_wconf 91' lang='lat' dir='ltr'><strong>esse</strong></span> <span class='ocrx_word' id='word_1_537' title='bbox 2975 3071 3066 3123; x_wconf 78' lang='lat' dir='ltr'><strong>Dei</strong></span> <span class='ocrx_word' id='word_1_538' title='bbox 3095 3071 3415 3133; x_wconf 83' lang='lat' dir='ltr'><strong>essentiam,</strong></span> <span class='ocrx_word' id='word_1_539' title='bbox 3441 3069 3537 3123; x_wconf 79' lang='lat' dir='ltr'><strong>sed</strong></span> 
     </span>
    </p>
   </div>
   <div class='ocr_carea' id='block_1_76' title="bbox 1949 3161 3537 3235">
    <p class='ocr_par' dir='ltr' id='par_1_76' title="bbox 1949 3161 3537 3235">
     <span class='ocr_line' id='line_1_76' title="bbox 1949 3161 3537 3235; baseline -0.002 -17"><span class='ocrx_word' id='word_1_540' title='bbox 1949 3166 2242 3235; x_wconf 85' lang='lat' dir='ltr'><strong>quamdam</strong></span> <span class='ocrx_word' id='word_1_541' title='bbox 2295 3165 2534 3217; x_wconf 84' lang='lat' dir='ltr'><strong>divinam</strong></span> <span class='ocrx_word' id='word_1_542' title='bbox 2587 3162 3181 3232; x_wconf 77' lang='lat' dir='ltr'><strong>Operationem,quod</strong></span> <span class='ocrx_word' id='word_1_543' title='bbox 3221 3177 3288 3214; x_wconf 91' lang='lat' dir='ltr'><strong>ne</strong></span> <span class='ocrx_word' id='word_1_544' title='bbox 3345 3161 3537 3214; x_wconf 88' lang='lat' dir='ltr'><strong>auditu</strong></span> 
     </span>
    </p>
   </div>
   <div class='ocr_carea' id='block_1_77' title="bbox 1949 3253 3539 3326">
    <p class='ocr_par' dir='ltr' id='par_1_77' title="bbox 1949 3253 3539 3326">
     <span class='ocr_line' id='line_1_77' title="bbox 1949 3253 3539 3326; baseline -0.001 -18"><span class='ocrx_word' id='word_1_545' title='bbox 1949 3258 2172 3326; x_wconf 88' lang='lat' dir='ltr'><strong>quidem</strong></span> <span class='ocrx_word' id='word_1_546' title='bbox 2225 3254 2512 3309; x_wconf 82' lang='lat' dir='ltr'><strong>ferendum</strong></span> <span class='ocrx_word' id='word_1_547' title='bbox 2575 3265 2672 3308; x_wconf 87' lang='lat' dir='ltr'><strong>est.</strong></span> <span class='ocrx_word' id='word_1_548' title='bbox 2721 3253 2867 3307; x_wconf 70' lang='lat' dir='ltr'><strong>Nihil</strong></span> <span class='ocrx_word' id='word_1_549' title='bbox 2913 3254 3060 3307; x_wconf 89' lang='lat' dir='ltr'><strong>enim</strong></span> <span class='ocrx_word' id='word_1_550' title='bbox 3101 3263 3188 3308; x_wconf 83' lang='lat' dir='ltr'><strong>est</strong></span> <span class='ocrx_word' id='word_1_551' title='bbox 3234 3253 3539 3307; x_wconf 82' lang='lat' dir='ltr'><strong>increatutn</strong></span> 
     </span>
    </p>
   </div>
   <div class='ocr_carea' id='block_1_78' title="bbox 1952 3346 3538 3419">
    <p class='ocr_par' dir='ltr' id='par_1_78' title="bbox 1952 3346 3538 3419">
     <span class='ocr_line' id='line_1_78' title="bbox 1952 3346 3538 3419; baseline -0.002 -21"><span class='ocrx_word' id='word_1_552' title='bbox 1952 3359 2150 3419; x_wconf 66' lang='lat' dir='ltr'><strong>[it-teter</strong></span> <span class='ocrx_word' id='word_1_553' title='bbox 2198 3348 2441 3410; x_wconf 83' lang='lat' dir='ltr'><strong>divinam</strong></span> <span class='ocrx_word' id='word_1_554' title='bbox 2495 3347 2816 3408; x_wconf 85' lang='lat' dir='ltr'><strong>essentiam,</strong></span> <span class='ocrx_word' id='word_1_555' title='bbox 2870 3354 2926 3398; x_wconf 89' lang='lat' dir='ltr'><strong>et</strong></span> <span class='ocrx_word' id='word_1_556' title='bbox 2995 3359 3156 3398; x_wconf 87' lang='lat' dir='ltr'><strong>omne</strong></span> <span class='ocrx_word' id='word_1_557' title='bbox 3210 3346 3538 3411; x_wconf 84' lang='lat' dir='ltr'><strong>inrrcatum,</strong></span> 
     </span>
    </p>
   </div>
   <div class='ocr_carea' id='block_1_79' title="bbox 1951 3437 3539 3510">
    <p class='ocr_par' dir='ltr' id='par_1_79' title="bbox 1951 3437 3539 3510">
     <span class='ocr_line' id='line_1_79' title="bbox 1951 3437 3539 3510; baseline -0.006 -16"><span class='ocrx_word' id='word_1_558' title='bbox 1951 3442 2350 3510; x_wconf 85' lang='lat' dir='ltr'><strong>sempiternum</strong></span> <span class='ocrx_word' id='word_1_559' title='bbox 2386 3449 2490 3491; x_wconf 81' lang='lat' dir='ltr'><strong>est.</strong></span> <span class='ocrx_word' id='word_1_560' title='bbox 2523 3437 2740 3490; x_wconf 72' lang='lat' dir='ltr'><strong>Nullum</strong></span> <span class='ocrx_word' id='word_1_561' title='bbox 2778 3453 2941 3505; x_wconf 88' lang='lat' dir='ltr'><strong>porro</strong></span> <span class='ocrx_word' id='word_1_562' title='bbox 2976 3438 3371 3504; x_wconf 83' lang='lat' dir='ltr'><strong>sempiternum</strong></span> <span class='ocrx_word' id='word_1_563' title='bbox 3410 3438 3539 3489; x_wconf 62' lang='lat' dir='ltr'><strong>vis?-</strong></span> 
     </span>
    </p>
   </div>
   <div class='ocr_carea' id='block_1_80' title="bbox 1952 3531 3538 3600">
    <p class='ocr_par' dir='ltr' id='par_1_80' title="bbox 1952 3531 3538 3600">
     <span class='ocr_line' id='line_1_80' title="bbox 1952 3531 3538 3600; baseline -0.002 -13"><span class='ocrx_word' id='word_1_564' title='bbox 1952 3533 2060 3587; x_wconf 87' lang='lat' dir='ltr'><strong>bile</strong></span> <span class='ocrx_word' id='word_1_565' title='bbox 2108 3541 2192 3586; x_wconf 91' lang='lat' dir='ltr'><strong>est</strong></span> <span class='ocrx_word' id='word_1_566' title='bbox 2229 3547 2393 3600; x_wconf 70' lang='grc' dir='ltr'>τίμιαι</span> <span class='ocrx_word' id='word_1_567' title='bbox 2441 3531 2587 3585; x_wconf 89' lang='lat' dir='ltr'><strong>enim</strong></span> <span class='ocrx_word' id='word_1_568' title='bbox 2636 3538 2936 3583; x_wconf 89' lang='lat' dir='ltr'><strong>cernuntur</strong></span> <span class='ocrx_word' id='word_1_569' title='bbox 2983 3539 3333 3598; x_wconf 87' lang='lat' dir='ltr'><strong>temporanea</strong></span> <span class='ocrx_word' id='word_1_570' title='bbox 3385 3537 3538 3584; x_wconf 78' lang='lat' dir='ltr'><strong>sunt.</strong></span> 
     </span>
    </p>
   </div>
   <div class='ocr_carea' id='block_1_81' title="bbox 1949 3619 3536 3691">
    <p class='ocr_par' dir='ltr' id='par_1_81' title="bbox 1949 3619 3536 3691">
     <span class='ocr_line' id='line_1_81' title="bbox 1949 3619 3536 3691; baseline -0.001 -15"><span class='ocrx_word' id='word_1_571' title='bbox 1949 3623 2132 3686; x_wconf 77' lang='lat' dir='ltr'><strong>Quare</strong></span> <span class='ocrx_word' id='word_1_572' title='bbox 2163 3623 2205 3675; x_wconf 89' lang='lat' dir='ltr'><strong>si</strong></span> <span class='ocrx_word' id='word_1_573' title='bbox 2257 3621 2490 3682; x_wconf 88' lang='lat' dir='ltr'><strong>diceret,</strong></span> <span class='ocrx_word' id='word_1_574' title='bbox 2537 3619 2671 3673; x_wconf 91' lang='lat' dir='ltr'><strong>illud</strong></span> <span class='ocrx_word' id='word_1_575' title='bbox 2727 3620 2942 3675; x_wconf 80' lang='lat' dir='ltr'><strong>visibilc</strong></span> <span class='ocrx_word' id='word_1_576' title='bbox 2979 3620 3163 3674; x_wconf 74' lang='lat' dir='ltr'><strong>lumen</strong></span> <span class='ocrx_word' id='word_1_577' title='bbox 3227 3620 3536 3691; x_wconf 85' lang='lat' dir='ltr'><strong>symbolum</strong></span> 
     </span>
    </p>
   </div>
   <div class='ocr_carea' id='block_1_82' title="bbox 1951 3712 3538 3780">
    <p class='ocr_par' dir='ltr' id='par_1_82' title="bbox 1951 3712 3538 3780">
     <span class='ocr_line' id='line_1_82' title="bbox 1951 3712 3538 3780; baseline -0.001 -12"><span class='ocrx_word' id='word_1_578' title='bbox 1951 3715 2121 3769; x_wconf 81' lang='lat' dir='ltr'><strong>fuisse</strong></span> <span class='ocrx_word' id='word_1_579' title='bbox 2154 3713 2448 3767; x_wconf 87' lang='lat' dir='ltr'><strong>invisibilis</strong></span> <span class='ocrx_word' id='word_1_580' title='bbox 2506 3722 2563 3766; x_wconf 92' lang='lat' dir='ltr'><strong>et</strong></span> <span class='ocrx_word' id='word_1_581' title='bbox 2607 3712 2834 3766; x_wconf 86' lang='lat' dir='ltr'><strong>increati</strong></span> <span class='ocrx_word' id='word_1_582' title='bbox 2886 3712 3130 3774; x_wconf 91' lang='lat' dir='ltr'><strong>luminis,</strong></span> <span class='ocrx_word' id='word_1_583' title='bbox 3165 3713 3353 3780; x_wconf 85' lang='lat' dir='ltr'><strong>utique</strong></span> <span class='ocrx_word' id='word_1_584' title='bbox 3392 3721 3538 3766; x_wconf 83' lang='lat' dir='ltr'><strong>recte</strong></span> 
     </span>
    </p>
   </div>
   <div class='ocr_carea' id='block_1_83' title="bbox 1919 3803 3538 3875">
    <p class='ocr_par' dir='ltr' id='par_1_83' title="bbox 1919 3803 3538 3875">
     <span class='ocr_line' id='line_1_83' title="bbox 1919 3803 3538 3875; baseline -0.002 -14"><span class='ocrx_word' id='word_1_585' title='bbox 1919 3816 2187 3875; x_wconf 75' lang='lat' dir='ltr'><strong>saperet.</strong></span> <span class='ocrx_word' id='word_1_586' title='bbox 2235 3805 2428 3859; x_wconf 88' lang='lat' dir='ltr'><strong>Dicere</strong></span> <span class='ocrx_word' id='word_1_587' title='bbox 2471 3815 2654 3859; x_wconf 87' lang='lat' dir='ltr'><strong>autem</strong></span> <span class='ocrx_word' id='word_1_588' title='bbox 2704 3803 2910 3869; x_wconf 82' lang='lat' dir='ltr'><strong>lumen,</strong></span> <span class='ocrx_word' id='word_1_589' title='bbox 2962 3803 3106 3872; x_wconf 85' lang='lat' dir='ltr'><strong>quod</strong></span> <span class='ocrx_word' id='word_1_590' title='bbox 3156 3803 3466 3872; x_wconf 81' lang='lat' dir='ltr'><strong>corporalib</strong></span> <span class='ocrx_word' id='word_1_591' title='bbox 3510 3817 3538 3857; x_wconf 75' lang='grc' dir='ltr'><strong>ε</strong></span> 
     </span>
    </p>
   </div>
   <div class='ocr_carea' id='block_1_84' title="bbox 1950 3895 3537 3961">
    <p class='ocr_par' dir='ltr' id='par_1_84' title="bbox 1950 3895 3537 3961">
     <span class='ocr_line' id='line_1_84' title="bbox 1950 3895 3537 3961; baseline -0.001 -10"><span class='ocrx_word' id='word_1_592' title='bbox 1950 3899 2122 3952; x_wconf 86' lang='lat' dir='ltr'><strong>oculis</strong></span> <span class='ocrx_word' id='word_1_593' title='bbox 2172 3900 2348 3952; x_wconf 87' lang='lat' dir='ltr'><strong>visum</strong></span> <span class='ocrx_word' id='word_1_594' title='bbox 2392 3907 2497 3961; x_wconf 90' lang='lat' dir='ltr'><strong>est,</strong></span> <span class='ocrx_word' id='word_1_595' title='bbox 2539 3911 2661 3951; x_wconf 86' lang='lat' dir='ltr'><strong>esse</strong></span> <span class='ocrx_word' id='word_1_596' title='bbox 2713 3896 3052 3959; x_wconf 84' lang='lat' dir='ltr'><strong>increattttn,</strong></span> <span class='ocrx_word' id='word_1_597' title='bbox 3111 3895 3336 3950; x_wconf 87' lang='lat' dir='ltr'><strong>omnino</strong></span> <span class='ocrx_word' id='word_1_598' title='bbox 3383 3906 3537 3949; x_wconf 82' lang='lat' dir='ltr'><strong>exta</strong></span> 
     </span>
    </p>
   </div>
   <div class='ocr_carea' id='block_1_85' title="bbox 1951 3988 3539 4050">
    <p class='ocr_par' dir='ltr' id='par_1_85' title="bbox 1951 3988 3539 4050">
     <span class='ocr_line' id='line_1_85' title="bbox 1951 3988 3539 4050; baseline -0.001 -8"><span class='ocrx_word' id='word_1_599' title='bbox 1951 3992 2216 4042; x_wconf 86' lang='lat' dir='ltr'><strong>terminos</strong></span> <span class='ocrx_word' id='word_1_600' title='bbox 2262 3988 2384 4042; x_wconf 90' lang='lat' dir='ltr'><strong>lidei</strong></span> <span class='ocrx_word' id='word_1_601' title='bbox 2421 3997 2602 4050; x_wconf 88' lang='lat' dir='ltr'><strong>est.et</strong></span> <span class='ocrx_word' id='word_1_602' title='bbox 2633 3998 2827 4041; x_wconf 87' lang='lat' dir='ltr'><strong>contra</strong></span> <span class='ocrx_word' id='word_1_603' title='bbox 2863 4003 3080 4042; x_wconf 87' lang='lat' dir='ltr'><strong>omnem</strong></span> <span class='ocrx_word' id='word_1_604' title='bbox 3101 3988 3392 4042; x_wconf 81' lang='lat' dir='ltr'><strong>rationem.</strong></span> <span class='ocrx_word' id='word_1_605' title='bbox 3415 3988 3539 4042; x_wconf 82' lang='lat' dir='ltr'><strong>lluc</strong></span> 
     </span>
    </p>
   </div>
   <div class='ocr_carea' id='block_1_86' title="bbox 1951 4079 3539 4151">
    <p class='ocr_par' dir='ltr' id='par_1_86' title="bbox 1951 4079 3539 4151">
     <span class='ocr_line' id='line_1_86' title="bbox 1951 4079 3539 4151; baseline 0.001 -17"><span class='ocrx_word' id='word_1_606' title='bbox 1951 4082 2119 4151; x_wconf 84' lang='lat' dir='ltr'><strong>igitur</strong></span> <span class='ocrx_word' id='word_1_607' title='bbox 2149 4079 2404 4132; x_wconf 83' lang='lat' dir='ltr'><strong>volumus</strong></span> <span class='ocrx_word' id='word_1_608' title='bbox 2437 4079 2694 4147; x_wconf 75' lang='lat' dir='ltr'><strong>prresenti</strong></span> <span class='ocrx_word' id='word_1_609' title='bbox 2732 4081 2946 4148; x_wconf 83' lang='lat' dir='ltr'><strong>scripto</strong></span> <span class='ocrx_word' id='word_1_610' title='bbox 2979 4093 3099 4133; x_wconf 90' lang='lat' dir='ltr'><strong>esse</strong></span> <span class='ocrx_word' id='word_1_611' title='bbox 3137 4081 3447 4144; x_wconf 80' lang='lat' dir='ltr'><strong>manifesta,</strong></span> <span class='ocrx_word' id='word_1_612' title='bbox 3480 4087 3539 4136; x_wconf 87' lang='lat' dir='ltr'><strong>ut</strong></span> 
     </span>
    </p>
   </div>
   <div class='ocr_carea' id='block_1_87' title="bbox 1954 4171 3079 4240">
    <p class='ocr_par' dir='ltr' id='par_1_87' title="bbox 1954 4171 3079 4240">
     <span class='ocr_line' id='line_1_87' title="bbox 1954 4171 3079 4240; baseline -0.002 -14"><span class='ocrx_word' id='word_1_613' title='bbox 1954 4174 2032 4228; x_wconf 90' lang='lat' dir='ltr'><strong>rei</strong></span> <span class='ocrx_word' id='word_1_614' title='bbox 2066 4174 2268 4226; x_wconf 81' lang='lat' dir='ltr'><strong>veritas</strong></span> <span class='ocrx_word' id='word_1_615' title='bbox 2302 4171 2352 4224; x_wconf 91' lang='lat' dir='ltr'><strong>in</strong></span> <span class='ocrx_word' id='word_1_616' title='bbox 2381 4181 2662 4240; x_wconf 87' lang='lat' dir='ltr'><strong>posterutu</strong></span> <span class='ocrx_word' id='word_1_617' title='bbox 2699 4181 3079 4225; x_wconf 76' lang='lat' dir='ltr'><strong>conservetur.</strong></span> 
     </span>
    </p>
   </div>
   <div class='ocr_carea' id='block_1_88' title="bbox 258 4267 2452 4345">
    <p class='ocr_par' dir='ltr' id='par_1_88' title="bbox 258 4267 2452 4345">
     <span class='ocr_line' id='line_1_88' title="bbox 258 4267 2452 4345; baseline -0.005 -19"><span class='ocrx_word' id='word_1_618' title='bbox 258 4293 282 4341; x_wconf 66' lang='grc' dir='ltr'><strong>γ</strong></span> <span class='ocrx_word' id='word_1_619' title='bbox 304 4276 559 4344; x_wconf 70' lang='grc' dir='ltr'>ραμματι</span> <span class='ocrx_word' id='word_1_620' title='bbox 594 4269 734 4328; x_wconf 79' lang='grc' dir='ltr'>εἶναι</span> <span class='ocrx_word' id='word_1_621' title='bbox 768 4273 935 4345; x_wconf 73' lang='grc' dir='ltr'>δῆλα,</span> <span class='ocrx_word' id='word_1_622' title='bbox 975 4274 1041 4326; x_wconf 82' lang='grc' dir='ltr'><strong>ἵν’</strong></span> <span class='ocrx_word' id='word_1_623' title='bbox 1067 4275 1100 4342; x_wconf 86' lang='grc' dir='ltr'><strong>ἡ</strong></span> <span class='ocrx_word' id='word_1_624' title='bbox 1133 4273 1224 4326; x_wconf 85' lang='grc' dir='ltr'>τοῦ</span> <span class='ocrx_word' id='word_1_625' title='bbox 1260 4271 1586 4343; x_wconf 73' lang='grc' dir='ltr'>πράγματος</span> <span class='ocrx_word' id='word_1_626' title='bbox 1621 4269 1850 4338; x_wconf 77' lang='grc' dir='ltr'>ἀλήθεια</span> <span class='ocrx_word' id='word_1_627' title='bbox 1887 4267 2169 4320; x_wconf 79' lang='grc' dir='ltr'>εἰσέπειτα</span> <span class='ocrx_word' id='word_1_628' title='bbox 2200 4267 2452 4335; x_wconf 73' lang='grc' dir='ltr'>τηρῆται.</span> 
     </span>
    </p>
   </div>
   <div class='ocr_carea' id='block_1_89' title="bbox 1493 4449 1708 4462">
    <p class='ocr_par' dir='ltr' id='par_1_89' title="bbox 1493 4449 1708 4462">
     <span class='ocr_line' id='line_1_89' title="bbox 1493 4449 1708 4462; baseline -0.009 0"><span class='ocrx_word' id='word_1_629' title='bbox 1493 4449 1708 4462; x_wconf 51' lang='grc' dir='ltr'><strong>*Δ*</strong></span> 
     </span>
    </p>
   </div>
   <div class='ocr_carea' id='block_1_90' title="bbox 1762 4439 3532 4462">
    <p class='ocr_par' dir='ltr' id='par_1_90' title="bbox 1762 4439 3532 4462">
     <span class='ocr_line' id='line_1_90' title="bbox 1762 4439 3532 4462; baseline -0.002 -2"><span class='ocrx_word' id='word_1_630' title='bbox 1762 4439 3532 4462; x_wconf 57' lang='lat' dir='ltr'><strong>Mm</strong></span> 
     </span>
    </p>
   </div>
   <div class='ocr_carea' id='block_1_91' title="bbox 805 4592 3033 4735">
    <p class='ocr_par' dir='ltr' id='par_1_91' title="bbox 805 4592 3033 4735">
     <span class='ocr_line' id='line_1_91' title="bbox 805 4592 3033 4735; baseline -0.005 -2"><span class='ocrx_word' id='word_1_631' title='bbox 805 4601 1809 4735; x_wconf 84' lang='grc' dir='ltr'><strong>ΔΗΜΗΤΡΙοΥ</strong></span> <span class='ocrx_word' id='word_1_632' title='bbox 1896 4598 2246 4730; x_wconf 88' lang='grc' dir='ltr'><strong>ΤΟΥ</strong></span> <span class='ocrx_word' id='word_1_633' title='bbox 2323 4592 3033 4726; x_wconf 77' lang='grc' dir='ltr'><strong>ΚΥΔΩΝΗ</strong></span> 
     </span>
    </p>
   </div>
   <div class='ocr_carea' id='block_1_92' title="bbox 1333 4823 2508 4911">
    <p class='ocr_par' dir='ltr' id='par_1_92' title="bbox 1333 4823 2508 4911">
     <span class='ocr_line' id='line_1_92' title="bbox 1333 4823 2508 4911; baseline -0.006 -4"><span class='ocrx_word' id='word_1_634' title='bbox 1333 4825 1628 4907; x_wconf 80' lang='grc' dir='ltr'><strong>ΚΑΤΑ</strong></span> <span class='ocrx_word' id='word_1_635' title='bbox 1702 4823 1930 4910; x_wconf 87' lang='grc' dir='ltr'><strong>ΤΟΥ</strong></span> <span class='ocrx_word' id='word_1_636' title='bbox 2007 4824 2508 4911; x_wconf 85' lang='grc' dir='ltr'><strong>ΠΑΛΑΜΑ.</strong></span> 
     </span>
    </p>
   </div>
   <div class='ocr_carea' id='block_1_93' title="bbox 960 4983 2874 5317">
    <p class='ocr_par' dir='ltr' id='par_1_93' title="bbox 960 4983 2874 5317">
     <span class='ocr_line' id='line_1_93' title="bbox 960 4983 2874 5317; baseline -0.002 -63"><span class='ocrx_word' id='word_1_637' title='bbox 960 4983 1930 5255; x_wconf 67' lang='lat' dir='ltr'><strong>DElt-tETttti</strong></span> <span class='ocrx_word' id='word_1_638' title='bbox 2029 5098 2874 5317; x_wconf 68' lang='lat' dir='ltr'><strong>CYDONIS</strong></span> 
     </span>
    </p>
   </div>
   <div class='ocr_carea' id='block_1_94' title="bbox 886 5327 2992 5459">
    <p class='ocr_par' dir='ltr' id='par_1_94' title="bbox 886 5327 2992 5459">
     <span class='ocr_line' id='line_1_94' title="bbox 886 5327 2992 5459; baseline 0 -2"><span class='ocrx_word' id='word_1_639' title='bbox 886 5370 1498 5459; x_wconf 75' lang='lat' dir='ltr'><strong>onensus</strong></span> <span class='ocrx_word' id='word_1_640' title='bbox 1591 5327 2304 5459; x_wconf 78' lang='lat' dir='ltr'><strong>GRECORIUM</strong></span> <span class='ocrx_word' id='word_1_641' title='bbox 2394 5370 2992 5458; x_wconf 72' lang='lat' dir='ltr'><strong>PALAMAM.</strong></span> 
     </span>
    </p>
   </div>
   <div class='ocr_carea' id='block_1_95' title="bbox 354 5613 1837 5700">
    <p class='ocr_par' dir='ltr' id='par_1_95' title="bbox 354 5613 1837 5700">
     <span class='ocr_line' id='line_1_95' title="bbox 354 5613 1837 5700; baseline 0.001 -22"><span class='ocrx_word' id='word_1_642' title='bbox 354 5627 470 5679; x_wconf 77' lang='grc' dir='ltr'>ἰνα</span> <span class='ocrx_word' id='word_1_643' title='bbox 502 5613 576 5689; x_wconf 76' lang='grc' dir='ltr'>ὥς</span> <span class='ocrx_word' id='word_1_644' title='bbox 613 5629 669 5679; x_wconf 78' lang='grc' dir='ltr'>ὲν</span> <span class='ocrx_word' id='word_1_645' title='bbox 702 5626 986 5696; x_wconf 81' lang='grc' dir='ltr'>κεφαλαίῳ</span> <span class='ocrx_word' id='word_1_646' title='bbox 1017 5626 1084 5679; x_wconf 73' lang='grc' dir='ltr'>τὰ</span> <span class='ocrx_word' id='word_1_647' title='bbox 1113 5625 1207 5679; x_wconf 79' lang='grc' dir='ltr'><strong>τοῦ</strong></span> <span class='ocrx_word' id='word_1_648' title='bbox 1245 5628 1483 5695; x_wconf 81' lang='grc' dir='ltr'>Παλαμᾶ</span> <span class='ocrx_word' id='word_1_649' title='bbox 1519 5627 1722 5682; x_wconf 79' lang='grc' dir='ltr'>ἄνωθεν</span> <span class='ocrx_word' id='word_1_650' title='bbox 1754 5629 1837 5700; x_wconf 79' lang='grc' dir='ltr'><strong>ἀρ-</strong></span> 
     </span>
    </p>
   </div>
   <div class='ocr_carea' id='block_1_96' title="bbox 1943 5613 3546 5700">
    <p class='ocr_par' dir='ltr' id='par_1_96' title="bbox 2035 5624 3546 5695">
     <span class='ocr_line' id='line_1_96' title="bbox 2035 5624 3546 5695; baseline -0.005 -8"><span class='ocrx_word' id='word_1_651' title='bbox 2035 5631 2104 5687; x_wconf 89' lang='lat' dir='ltr'><strong>Ut</strong></span> <span class='ocrx_word' id='word_1_652' title='bbox 2134 5632 2449 5686; x_wconf 88' lang='lat' dir='ltr'><strong>summatim</strong></span> <span class='ocrx_word' id='word_1_653' title='bbox 2484 5645 2570 5685; x_wconf 88' lang='lat' dir='ltr'><strong>res</strong></span> <span class='ocrx_word' id='word_1_654' title='bbox 2601 5629 2832 5684; x_wconf 73' lang='lat' dir='ltr'><strong>Palamre</strong></span> <span class='ocrx_word' id='word_1_655' title='bbox 2859 5639 2998 5684; x_wconf 75' lang='lat' dir='ltr'><strong>notae</strong></span> <span class='ocrx_word' id='word_1_656' title='bbox 3035 5627 3186 5693; x_wconf 81' lang='lat' dir='ltr'><strong>ﬁant,</strong></span> <span class='ocrx_word' id='word_1_657' title='bbox 3219 5624 3287 5679; x_wconf 85' lang='lat' dir='ltr'><strong>ab</strong></span> <span class='ocrx_word' id='word_1_658' title='bbox 3319 5624 3546 5695; x_wconf 85' lang='lat' dir='ltr'><strong>antiqua</strong></span> 
     </span>
    </p>
   </div>
   <div class='ocr_carea' id='block_1_97' title="bbox 273 5718 1858 5792">
    <p class='ocr_par' dir='ltr' id='par_1_97' title="bbox 273 5718 1858 5792">
     <span class='ocr_line' id='line_1_97' title="bbox 273 5718 1858 5792; baseline 0.002 -20"><span class='ocrx_word' id='word_1_659' title='bbox 273 5718 503 5789; x_wconf 72' lang='grc' dir='ltr'>ξάμενοι</span> <span class='ocrx_word' id='word_1_660' title='bbox 524 5760 538 5788; x_wconf 88' lang='grc'><strong>,</strong></span> <span class='ocrx_word' id='word_1_661' title='bbox 572 5719 835 5791; x_wconf 76' lang='grc' dir='ltr'>δείξωμεν</span> <span class='ocrx_word' id='word_1_662' title='bbox 870 5719 1148 5789; x_wconf 83' lang='grc' dir='ltr'>συντόμως</span> <span class='ocrx_word' id='word_1_663' title='bbox 1169 5758 1184 5785; x_wconf 88' lang='grc'><strong>,</strong></span> <span class='ocrx_word' id='word_1_664' title='bbox 1215 5720 1295 5773; x_wconf 81' lang='grc' dir='ltr'><strong>ὅτι</strong></span> <span class='ocrx_word' id='word_1_665' title='bbox 1327 5721 1424 5792; x_wconf 80' lang='grc' dir='ltr'><strong>τὴν</strong></span> <span class='ocrx_word' id='word_1_666' title='bbox 1460 5721 1559 5792; x_wconf 78' lang='grc' dir='ltr'>μὲν</span> <span class='ocrx_word' id='word_1_667' title='bbox 1592 5720 1724 5792; x_wconf 76' lang='grc' dir='ltr'>ὓλην</span> <span class='ocrx_word' id='word_1_668' title='bbox 1758 5723 1858 5792; x_wconf 79' lang='grc' dir='ltr'>τῆς</span> 
     </span>
    </p>
   </div>
   <div class='ocr_carea' id='block_1_98' title="bbox 1966 5718 3562 5794">
    <p class='ocr_par' dir='ltr' id='par_1_98' title="bbox 1966 5718 3562 5794">
     <span class='ocr_line' id='line_1_98' title="bbox 1966 5718 3562 5794; baseline -0.006 -14"><span class='ocrx_word' id='word_1_669' title='bbox 1966 5723 2176 5794; x_wconf 75' lang='lat' dir='ltr'><strong>origine</strong></span> <span class='ocrx_word' id='word_1_670' title='bbox 2227 5731 2446 5794; x_wconf 88' lang='lat' dir='ltr'><strong>sumpto</strong></span> <span class='ocrx_word' id='word_1_671' title='bbox 2495 5723 2653 5779; x_wconf 87' lang='lat' dir='ltr'><strong>initio</strong></span> <span class='ocrx_word' id='word_1_672' title='bbox 2691 5721 2930 5778; x_wconf 78' lang='lat' dir='ltr'><strong>breviter</strong></span> <span class='ocrx_word' id='word_1_673' title='bbox 2965 5718 3342 5785; x_wconf 83' lang='lat' dir='ltr'><strong>ostendemus,</strong></span> <span class='ocrx_word' id='word_1_674' title='bbox 3377 5725 3562 5794; x_wconf 36' lang='lat' dir='ltr'><strong>male:</strong></span> 
     </span>
    </p>
   </div>
  </div>
