3862 6218
258 318 362 384 841

1484 301 1885 371 ADVERSUS
1924 296 2315 365 PALAMAM.

3407 290 3517 359 842

274 439 449 507 Ὀομὴ
489 436 546 488 δὲ
578 432 836 503 ’Υψὲστου
876 429 1006 483 ποία
1048 424 1207 496 ἑτέρα
1250 426 1297 476 εἰ
1340 422 1414 492 μὴ
1454 424 1487 494 ἠ
1527 421 1705 491 θέρμη
1736 418 1867 478 τοῦ⁴

1979 416 2285 471 xardescit?
2316 413 2518 469 halitus
2568 421 2749 468 autem
2789 407 3018 463 naribus
3046 414 3332 473 attractus,
3363 410 3517 479 quis-

261 528 604 595 πνεύματος,
650 525 770 594 ἥτις
824 522 954 574 ποτὲ
996 520 1089 573 καὶ
1142 520 1203 571 ἐκ
1236 517 1331 585 τῆς
1387 514 1531 585 ῥινὸς
1580 512 1837 583 ἀρρήτως

263 620 548 687 ἐξέρχεται
570 634 585 681 ;

353 709 441 763 Ἐν
470 709 527 762 δὲ
558 710 667 768 τοῖς
702 706 913 773 λόγοις,
947 701 1038 765 οὒς
1077 700 1373 771 ἐπιγράφει
1413 699 1710 769 προτέρους
1747 700 1841 752 καὶ

267 802 574 870 δευτέρους,
603 798 726 851 τάδε
760 796 925 864 φησίν
951 810 965 824 ·
1005 814 1021 843 ι
1057 796 1123 845 Ὃ
1156 793 1339 862 μέντοι
1372 780 1487 859 pd);
1521 793 1578 843 ἐν
1606 791 1843 844 ὑποστά-

267 911 353 946 σει
385 892 516 959 φασὶ
546 887 928 957 πνευματικῶς
955 886 1109 955 ὁρᾷν,
1138 874 1198 937 ὃν
1227 884 1326 952 μὲν
1352 885 1445 935 καὶ
1478 884 1555 953 μὴ
1586 880 1846 951 συμϐολι-

267 981 385 1039 κὸν,
419 980 503 1031 ἀεὶ
531 977 585 1029 δὲ
615 975 696 1039 ὃν,
730 975 891 1028 ἄῦ).όν
919 991 975 1025 τε
1009 974 1100 1025 καὶ
1132 972 1205 1041 νῷ
1237 970 1532 1040 θεωρητὸν,
1564 968 1723 1022 τοῦτο
1754 970 1845 1023 διὰ

268 1075 368 1141 τῆς
394 1070 588 1139 πείρας
617 1068 787 1121 ἴσασι.
820 1085 836 1117 ι
867 1065 974 1117 Καὶ
1000 1063 1159 1117 πάλιν
1185 1062 1278 1129 ἀφ’
1298 1063 1485 1131 ἑτέρου
1510 1062 1617 1114 τῶν
1641 1062 1844 1127 αὐτῶν,

267 1158 331 1218 οὗ
378 1165 409 1231 ἡ
444 1161 608 1231 ἀρχὴ,
663 1156 1161 1225 ’Υποψιθυρίσας.
1195 1154 1317 1207 τάδε
1365 1154 1497 1222 φασί
1526 1169 1538 1182 °
1566 1172 1582 1203 ι
1608 1154 1847 1222 Τοιγαρ-

266 1255 365 1308 οῦν
411 1254 469 1307 τδ
500 1255 610 1322 φῶς
645 1252 820 1304 ἐκεῖνο
848 1249 1115 1319 σύμϐολόν
1161 1252 1218 1301 τέ
1248 1252 1363 1301 ἐστι
1392 1252 1489 1303 καὶ
1517 1258 1632 1316 φῶς
1657 1250 1849 1319 ἀληθι-

268 1348 386 1413 νὸν,
419 1346 513 1397 καὶ
541 1344 642 1396 οὐκ
675 1343 928 1411 ἀληθινὸν
963 1341 1174 1407 ἁπλῶς,
1207 1341 1324 1394 ἀλλ’
1346 1341 1477 1393 αὐτὸ
1508 1342 1568 1394 τὸ
1597 1340 1851 1411 ἀληθινὸν
1881 1409 1890 1417 _

270 1435 491 1504 ὑπῆρχε
525 1433 660 1501 φῶς.
696 1449 714 1481 ι
748 1432 857 1484 Kal
888 1428 1047 1483 πάλιν
1072 1431 1133 1483 ἐν
1157 1429 1233 1498 τῷ
1261 1430 1408 1499 αὐτῷ
1431 1445 1444 1459 ⁸
1479 1449 1496 1480 ι
1530 1431 1593 1483 Ei
1620 1431 1729 1500 γὰρ
1759 1433 1853 1484 καὶ

271 1527 393 1595 φῶς
437 1524 550 1595 ἔχει
590 1527 689 1594 τὴν
731 1520 1075 1592 ἐπωνυμίαν,
1118 1521 1254 1575 ἀλλὰ
1298 1523 1394 1576 καὶ
1438 1522 1553 1590 φῶς
1598 1522 1855 1592 ἀληθινὸν

270 1619 548 1677 καλεῖται,
577 1616 780 1686 μᾶλλον
802 1615 858 1668 δὲ
886 1613 1021 1667 αὐτὸ
1043 1614 1103 1667 τὸ
1130 1614 1383 1685 ἀληθινὸν
1408 1613 1544 1683 φῶς,
1571 1615 1599 1667 ὃ
1624 1615 1700 1678 ὠς
1729 1599 1866 1685 ipa;

270 1728 392 1764 τιον
420 1709 448 1761 ό
479 1707 609 1771 Θεὸς
643 1707 1027 1761 ἀναϐάλλεται.
1064 1725 1083 1759 ι
1121 1706 1324 1760 Τοῦτον
1355 1709 1446 1760 τὸν
1476 1707 1676 1778 τρόπον
1709 1708 1855 1779 ἔχειν

272 1800 340 1854 τὸ
366 1800 481 1869 φῶς
506 1800 664 1851 τοῦτο
690 1796 1137 1862 κατασκευάσας,
1162 1796 1253 1850 διὰ
1277 1796 1490 1849 πολλῶν
1516 1798 1861 1852 ἀποδεικνύει

274 1892 379 1947 καὶ
409 1892 605 1961 ὁρατὸν
639 1888 778 1945 εῖναι
802 1931 817 1953 ,
852 1888 1171 1960 προστιθεὶς
1205 1888 1303 1943 καὶ
1334 1888 1673 1959 ἀνακράσεις
1705 1890 1861 1953 τινὰς

278 1983 378 2039 καὶ
421 1983 597 2053 μίξεις
638 1981 735 2036 τοῦ
775 1981 1021 2035 τοιούτου
1063 1979 1241 2049 φωτὸς
1286 1979 1426 2050 μετὰ
1459 1980 1567 2033 τῶν
1607 1979 1862 2051 ὁρώντων

276 2073 688 2138 ἀποτελεῖσθαι,
720 2074 813 2127 καί
844 2073 1018 2142 φησίν
1047 2071 1105 2125 έν
1128 2088 1236 2125 τινι
1265 2071 1373 2126 τῶν
1400 2072 1706 2142 εἰρημένων
1733 2074 1863 2144 περὶ

278 2165 383 2221 τοῦ
415 2164 593 2236 φωτὸς
624 2164 801 2231 λόγων
826 2179 839 2193 ⁸
880 2182 899 2215 ι
933 2163 1033 2217 ’Ἐν
1062 2164 1208 2216 ἐστιν
1236 2162 1363 2216 ὅταν
1396 2163 1538 2233 μετὰ
1568 2162 1660 2215 τοῦ
1693 2164 1865 2233 ὁρῶνι

279 2272 373 2318 τος
402 2254 641 2323 γίνηται,
668 2251 855 2322 ἕτερον
882 2251 1071 2305 ἄλλοτε
1097 2252 1312 2323 ὁρᾶται.
1345 2249 1482 2305 Ποτὲ
1513 2251 1612 2320 μὲν
1639 2251 1732 2304 τοῦ
1763 2252 1866 2304 σώ-

292 2363 457 2416 ματος
501 2345 798 2412 ἐπανιστᾷ,
838 2342 932 2395 καὶ
975 2342 1054 2405 εἰς
1102 2342 1235 2410 ὕψος
1280 2342 1543 2411 ἀναφέρει
1589 2344 1863 2413 ἆῤῥητον,

290 2434 465 2489 ἄλλοτ’
490 2431 646 2496 αὖθις
680 2438 771 2486 xui.
797 2433 858 2486 τὸ
890 2430 1046 2501 σῶμα
1082 2431 1575 2502 μεθαρμοσάμενον
1594 2472 1612 2497 ,
1643 2433 1739 2484 καὶ
1766 2433 1867 2501 τῆς

282 2529 496 2590 οἰκείας
527 2508 913 2597 μεταδεδωκὰῂ
938 2522 1346 2593 λαμπρότητος,
1376 2524 1468 2574 καὶ
1496 2523 1743 2592 εἰρήνης,
1774 2522 1867 2575 καὶ

285 2620 512 2686 ἀγάπης
533 2655 547 2680 ,
576 2601 843 2678 θεοει’δοῦς
873 2632 932 2666 τε
963 2614 1155 2685 ἡδονῆς
1186 2614 1281 2666 καὶ
1312 2612 1581 2676 ἀπαθείας
1612 2613 1867 2683 ἔμπλεων

276 2710 548 2777 ποιῆσαν,
588 2705 887 2774 ὀφθαλμοῖς
933 2706 1290 2775 σωματικοῖς,
1331 2698 1377 2756 ὢ
1412 2703 1506 2756 τοῦ
1551 2703 1863 2773 θαύματοςε

285 2803 499 2868 γίνεται
528 2799 754 2867 ληπτόν.
790 2816 808 2848 ι
847 2797 955 2850 Καὶ
984 2797 1041 2848 ἐν
1072 2796 1245 2866 ἑτέρῳ
1270 2834 1284 2859 ,
1312 2787 1374 2849 οὗ
1407 2797 1439 2866 ή
1470 2797 1613 2866 ἀρχὴ
1636 2837 1650 2859 ,
1678 2798 1869 2851 Εὺλό-

286 2909 406 2959 γως
432 2889 547 2959 μὲν
576 2884 689 2943 οὖν
719 2890 753 2941 ό
779 2887 982 2956 λόγος,
1012 2886 1137 2940 τάδε
1171 2887 1334 2957 φησίν
1354 2902 1366 2914 ’
1403 2905 1421 2938 ι
1453 2889 1550 2941 Ἐν
1577 2890 1633 2940 ἐν
1667 2888 1869 2958 θεωρίᾳ

288 2985 510 3053 πνεῦμα
548 2983 608 3035 τὸ
655 2981 769 3049 φῶς
818 2980 953 3050 μετὰ
991 2978 1100 3033 τῶν
1138 2978 1225 3032 διὰ
1267 2979 1512 3051 καθαρᾶς
1559 2982 1869 3051 προσευχῆς

287 3070 726 3139 ἐντυγχανόντων
759 3069 963 3136 γίνεται
997 3067 1268 3137 ὁρώμενον
1306 3069 1398 3120 καὶ
1437 3066 1513 3139 μὴ
1546 3068 1865 3139 διαιρούμε-

288 3180 382 3216 νον
408 3161 587 3215 αὐτῶν
607 3176 618 3189 ο
644 3178 663 3212 ι
695 3160 788 3213 καὶ
816 3159 977 3213 πάλιν
1002 3160 1058 3211 ἐν
1085 3158 1160 3227 τῷ
1188 3156 1367 3228 αὐτῷ’
1404 3177 1422 3209 ι
1453 3156 1662 3214 Ἰσασιν
1687 3163 1734 3214 oi
1766 3178 1869 3231 με-

295 3252 584 3323 μυημένοι,
617 3251 711 3304 καὶ
738 3250 987 3318 λέγουσιν
1015 3249 1076 3303 οὐ
1111 3249 1372 3319 συζυγίαν
1401 3252 1604 3320 ὀλίγοις
1632 3254 1742 3306 τισὶ
1776 3252 1871 3324 μέ-

294 3361 413 3416 ρεσι
461 3344 557 3396 καί⁵
604 3345 863 3413 δυνάμεσι
905 3342 1004 3413 τὴν
1048 3342 1410 3415 ἀλληλουχίαν
1458 3347 1868 3416 παρεχομένην,

289 3438 413 3490 ἀλλ’
434 3431 545 3490 οἷον
573 3438 873 3506 ἀνάκρασιν
903 3432 1040 3489 εἶναι
1070 3436 1207 3505 πρὸς
1233 3435 1412 3507 ψυχὴν
1440 3436 1532 3489 τοῦ
1564 3438 1741 3502 φωτὸς
1772 3438 1869 3506 τῆς

288 3531 517 3601 χάριτος
549 3531 647 3601 τὴν
679 3530 950 3599 ἐνοίκησιν
975 3570 989 3590 ,
1026 3529 1344 3600 θαυμαστὴν
1377 3524 1488 3582 οἷον
1519 3528 1761 3600 ἄρρητον
1785 3546 1797 3558 ·
1836 3530 1870 3599 ἡ

288 3625 350 3676 δὲ
383 3622 475 3676 τοῦ
517 3622 784 3693 γαμηλίου
811 3622 1258 3691 συναλλάγματος
1291 3638 1346 3674 τι
1376 3620 1524 3674 δοκεί
1555 3621 1663 3675 τῶν
1698 3621 1872 3675 ἄλλων

288 3717 478 3770 πλέον.
524 3714 664 3767 Ἀλλ’
695 3714 803 3767 οὐδ’
834 3716 1009 3767 ἐκεῖνο
1060 3714 1334 3784 σῠμφυσις
1357 3752 1373 3778 ,
1427 3712 1537 3766 οὐδ’
1571 3713 1873 3784 ἀνάκρασίς

294 3734 478 3770 πλεον.
539 3734 646 3767 ΛΛΑ
695 3734 786 3767 ouo
834 3734 1009 3767 εκεινο
1060 3734 1334 3784 συμφυσις
1357 3752 1373 3778 ,
1427 3734 1520 3766 ουο
1571 3734 1709 3767 ανακ
1750 3734 1873 3777 ασις

294 3813 465 3871 ἐστιν,
496 3805 611 3860 ἀλλ’
632 3806 818 3876 ὁμιλίᾳ
848 3806 975 3870 τινὶ,
1008 3806 1101 3857 καὶ
1131 3796 1241 3857 οἷον
1274 3802 1689 3874 προσκολλήσει,
1714 3734 1777 3854 ἓν
1806 3802 1876 3855 τὰ

295 3902 469 3954 πλείω
498 3899 756 3967 γίνονται.
794 3915 812 3949 t
849 3896 1137 3950 Ἔσονται
1169 3894 1279 3964 γὰρ
1299 3937 1313 3962 ,
1342 3898 1536 3965 φησὶν,
1568 3897 1622 3948 οί
1650 3894 1761 3948 δύο
1789 3896 1878 3960 εἰς

293 3994 493 4063 σάρκα
505 3991 673 4060 μίαν,
688 4007 706 4041 ι
730 3991 825 4042 καὶ
847 3992 1025 4058 σάρκα
1049 3991 1237 4059 μόνην,
1255 3988 1499 4058 ἁλλὀὺχὶ
1523 3988 1615 4040 καὶ
1636 3988 1876 4057 πνεῦμα.

308 4085 376 4138 Ἦ
410 4086 464 4137 δὲ
496 4083 589 4136 τοῦ
626 4082 762 4137 Θεοῦ
797 4082 928 4152 πρὸς
962 4082 1088 4144 τοὺς
1120 4080 1459 4150 ἠξιωμένους
1491 4071 1709 4143 ἕνωσις,
1740 4078 1879 4147 γνώ-

296 4195 439 4241 σεως
476 4178 651 4231 πάντα
680 4175 881 4245 τρόπον
912 4173 1331 4243 ὑπερϐάλλουσα
1359 4172 1434 4243 τῷ
1470 4172 1737 4243 παντελὴς
1772 4174 1874 4226 ὑπ-

296 4272 491 4340 άρχειν
520 4270 614 4323 καὶ
638 4269 732 4321 τοῦ
763 4266 1069 4338 χωροῦντος
1098 4268 1348 4335 κρεῖττον
1375 4266 1409 4335 ἢ
1440 4266 1617 4333 λόγος,
1648 4264 1714 4317 δι’
1739 4264 1878 4317 ὅλων

294 4363 410 4416 τῶν
440 4360 696 4431 καθαρῶν
724 4359 1051 4429 πνευμάτων
1084 4357 1420 4425 Πνεύρατος.

296 4456 562 4528 guitionis
591 4463 836 4526 superat,
883 4469 949 4509 eo
976 4454 1121 4524 quod
1176 4452 1418 4520 perfecta
1449 4451 1674 4506 exsistat

298 4556 649 4622 penetrante,
681 4563 843 4618 quam
876 4555 937 4600 ut
960 4545 1068 4599 dici
1100 4546 1292 4613 possit.
1332 4563 1352 4596 ι

1946 525 2071 571 nam
2106 508 2247 562 alius
2297 515 2381 562 est
2414 505 2637 570 excelsi,
2681 517 2846 572 quam
2905 502 3089 555 fervor
3133 501 3383 571 spiritus.
3427 502 3521 572 qui

1947 601 2283 670 quanquue
2304 600 2466 653 etiam
2491 612 2521 651 e
2545 597 2771 651 naribus
2802 608 3005 648 arcano
3031 592 3194 648 modo
3226 593 3386 649 exit?
3484 634 3489 643 .

2019 693 2075 747 ln
2108 691 2453 747 orationibus
2482 705 2632 747 vero.
2663 702 2802 758 quas
2845 687 3057 757 priores
3112 694 3167 739 et
3197 686 3529 755 posteriores

1952 784 2223 847 inscribit,
2258 785 2373 838 haec
2403 782 2479 835 ait
2521 798 2534 835 :
2574 799 2590 831 ι
2630 779 2802 833 Porro
2832 778 3018 831 iumen
3050 776 3195 847 quod
3219 776 3529 830 subsistens

1950 876 2271 949 spiritaliter
2311 888 2370 930 se
2412 872 2601 928 videre
2626 870 2800 933 aiunt,
2825 867 3039 922 exsistit
3071 867 3391 937 quidem,et
3421 883 3528 919 non

1954 970 2299 1040 imaginarie,
2337 980 2554 1036 semper
2610 977 2741 1017 vero
2784 962 3025 1025 exsistit,
3059 961 3419 1015 immateriale
3468 976 3532 1014 ac

1955 1061 2299 1132 intelligibile
2332 1060 2437 1115 hoc
2469 1059 2654 1113 lumen
2693 1073 2791 1128 per
2814 1056 3206 1126 experientiam
3243 1064 3467 1108 norunt.
3507 1072 3527 1104 ι

1956 1157 2026 1211 Ει
2056 1170 2245 1210 rursus
2276 1156 2328 1208 in
2356 1153 2465 1207 alia
2493 1151 2812 1207 earumdem
2865 1149 3201 1209 orationum,
3246 1136 3403 1217 cujus
3432 1146 3537 1200 ini-

1960 1248 2116 1310 tium,
2151 1244 2281 1299 Cum
2307 1245 2805 1305 submurmurasset,
2862 1240 2979 1294 haec
3008 1239 3104 1300 ait,
3164 1258 3181 1289 t
3234 1239 3404 1306 Igitur
3454 1240 3541 1292 lu-

1961 1351 2085 1390 men
2113 1333 2246 1388 illud
2286 1342 2343 1389 et
2380 1332 2694 1403 symbolum
2739 1338 2846 1395 est,
2888 1342 2945 1384 et
2982 1330 3170 1383 lumen
3221 1346 3438 1390 verum,
3484 1338 3541 1383 et

1960 1443 2072 1483 non
2099 1426 2423 1495 simpliciter
2454 1440 2671 1487 verum,
2700 1423 2797 1478 sed
2826 1422 3009 1492 ipsum
3050 1438 3099 1476 Vt
3120 1436 3240 1475 rum
3290 1429 3410 1474 erat
3452 1421 3542 1474 lu-

1963 1533 2113 1574 men.
2168 1534 2187 1569 ι
2233 1516 2450 1571 Rursus
2513 1515 2568 1569 iu
2604 1518 2796 1569 eadem
2840 1514 3085 1568 oratione
3123 1528 3137 1566 :
3178 1530 3197 1563 ι
3236 1511 3347 1567 Etsi
3397 1510 3543 1564 enim

1962 1611 2151 1665 lumen
2193 1607 2522 1680 appellatur,
2574 1605 2670 1661 sed
2712 1614 2767 1661 et
2797 1620 2989 1660 verum
3036 1605 3219 1659 lumen
3262 1616 3549 1671 nuncupa-

1966 1712 2079 1767 tur,
2138 1702 2249 1757 imo
2296 1714 2428 1756 vero
2482 1699 2662 1768 ipsum
2717 1706 2803 1753 est
2855 1713 3045 1752 verum
3078 1698 3285 1761 lumen,
3312 1697 3465 1765 quod
3490 1704 3551 1751 ut

1898 1781 1937 1837 Β
1964 1794 2359 1851 vestimentum
2402 1790 2585 1846 induit
2636 1790 2799 1845 Deus.
2846 1807 2865 1841 ι
2898 1789 3057 1843 Hunc
3097 1789 3151 1843 in
3184 1791 3406 1843 modum
3448 1789 3550 1844 ha-

1966 1888 2098 1945 bere
2144 1903 2206 1944 se
2261 1886 2445 1942 lumen
2507 1899 2631 1940 cum
2687 1882 3034 1949 astruxisset,
3100 1882 3290 1937 multis
3333 1882 3548 1952 probat,

1965 1981 2131 2039 etiam
2166 1979 2385 2035 visibile
2408 1992 2553 2041 esse,
2599 1976 2808 2033 addens
2853 1976 3081 2045 insuper
3126 1975 3552 2045 temperationes

1966 2071 2229 2140 quasdam
2286 2068 2426 2124 ellici
2474 2083 2537 2123 ac
2567 2069 2953 2137 permistiones
2979 2066 3143 2135 hujus
3176 2067 3403 2122 luminis
3426 2081 3553 2122 cum

1971 2162 2098 2227 illis,
2144 2162 2240 2230 qui
2285 2160 2423 2215 illud
2467 2159 2677 2224 vident,
2732 2173 2797 2214 ac
2837 2160 3071 2227 loquens
3103 2158 3174 2212 de
3212 2158 3317 2212 hoc
3346 2158 3553 2212 lumine

1968 2256 2022 2308 in
2060 2269 2167 2307 una
2194 2269 2261 2308 ex
2285 2252 2563 2322 praedictis
2602 2252 2965 2318 orationibus,
3013 2251 3092 2306 ait
3126 2269 3140 2305 :
3179 2268 3198 2302 ι
3238 2250 3418 2306 Unum
3446 2261 3550 2308 est.

1968 2338 2190 2413 quando
2216 2360 2342 2399 cum
2389 2343 2609 2397 vidente
2639 2343 2718 2407 lit,
2759 2340 2908 2396 aliud
2940 2340 3273 2410 quandoque
3313 2339 3552 2405 videtur,

1970 2435 2265 2505 aliquando
2294 2434 2348 2488 in
2390 2448 2593 2503 corpus
2638 2433 2906 2499 impetum
2948 2430 3100 2497 facit,
3149 2440 3205 2486 et
3231 2430 3363 2485 illud
3392 2430 3447 2484 in
3478 2430 3556 2483 al-

1969 2528 2263 2582 titudinem
2293 2525 2626 2580 inell'abilem
2660 2524 2881 2579 attollit.
2922 2522 3133 2577 Rursus
3172 2522 3308 2578 alias
3337 2522 3554 2591 corpori

1970 2632 2027 2673 se
2054 2618 2319 2688 adaptans
2352 2626 2410 2671 et
2444 2612 2884 2680 accommodans,
2923 2627 2988 2669 ac
3012 2612 3239 2684 proprio
3263 2613 3557 2681 splendore

1970 2710 2399 2775 communicato,
2455 2709 2545 2763 ubi
2576 2702 2747 2777 pacis,
2784 2706 3071 2760 charitatis
3125 2706 3434 2773 divinzeque
3459 2720 3561 2757 vo-

1972 2801 2199 2872 luptatis
2239 2808 2296 2855 et
2358 2798 2820 2869 impassibilitatis
2850 2798 3072 2867 plenum
3126 2797 3393 2862 ell‘ecerit,
3425 2812 3560 2851 ocu-

1973 2894 2039 2948 lis
2064 2889 2367 2957 corporeis,
2400 2906 2433 2946 o
2453 2905 2569 2946 rem
2597 2890 2825 2946 miram!
2853 2890 3178 2960 percipitur.
3212 2910 3229 2942 ι
3261 2892 3328 2946 Ει
3352 2892 3404 2946 in
3428 2907 3558 2946 ora-

1973 2985 2145 3051 tione,
2208 2984 2369 3054 cujus
2441 2983 2685 3047 initium,
2747 2980 2941 3035 Merito
2994 2983 3160 3052 igitur
3194 2985 3386 3048 oratio,
3443 2984 3557 3037 haec

1973 3076 2102 3132 ait:
2152 3094 2172 3127 ‹
2209 3076 2419 3130 Lumen
2456 3090 2599 3129 unus
2642 3072 2702 3127 ﬁt
2756 3073 2995 3143 Spiritus
3042 3074 3099 3127 in
3184 3075 3560 3144 speculatione

1972 3161 2102 3224 cum
2128 3167 2260 3232 illis,
2289 3171 2385 3237 qui
2424 3181 2524 3236 per
2558 3166 2825 3219 sinceram
2859 3166 3237 3235 precationem
3265 3167 3396 3220 illud
3422 3182 3558 3221 nano

1973 3262 2281 3325 ciscuntur,
2328 3273 2454 3313 cum
2506 3257 2781 3316 videatur.
2816 3265 2875 3311 et
2921 3256 2991 3311 ab
3031 3256 3167 3326 ipsis
3206 3273 3316 3311 non
3348 3257 3560 3313 divida-

1958 3363 2087 3417 tur.
2138 3371 2158 3405 ι
2195 3353 2411 3406 Rursus
2441 3349 2497 3403 in
2541 3349 2734 3404 eadem
2770 3366 2784 3403 :
2824 3366 2843 3400 ι
2879 3348 3077 3403 Sciunt
3124 3350 3347 3413 initiati,
3384 3362 3439 3405 et
3476 3367 3561 3405 as-

1972 3450 2165 3497 serunt
2204 3454 2525 3508 compagem
2585 3445 2831 3491 mutuam
2867 3478 2880 3501 ,
2923 3454 3032 3492 non
3077 3448 3287 3493 tantum
3330 3441 3562 3510 conjun-

1975 3534 2214 3588 ctionem
2258 3532 2448 3601 paucis
2495 3530 2826 3599 quibusdam
2900 3530 3149 3600 partibus
3198 3546 3253 3585 et
3299 3532 3562 3599 potentiis
3652 3552 3655 3555 λ

1972 3623 2242 3694 praebere,
2279 3621 2376 3677 sed
2424 3621 2881 3675 inbabitationem
2915 3620 3140 3675 luminis
3185 3624 3391 3691 gratiae,
3437 3624 3559 3677 vel-

1974 3717 2055 3769 uti
2090 3712 2506 3783 permistionem
2541 3726 2667 3767 esse
2733 3726 2859 3765 cum
2889 3711 3069 3766 anima
3106 3713 3299 3766 miram
3333 3723 3389 3767 et
3429 3715 3567 3769 inero

1975 3806 2222 3862 fahilem.
2256 3806 2430 3860 Porro
2450 3803 2773 3873 conjunctio
2807 3804 3071 3874 nuptialis
3100 3806 3418 3861 commercii
3443 3808 3566 3863 aliis

1979 3900 2201 3969 quidem
2235 3901 2408 3969 major
2439 3898 2681 3962 videtur,
2723 3899 2819 3953 sed
2854 3914 3036 3968 neque
3072 3902 3187 3969 ipsa
3221 3909 3305 3955 est
3335 3916 3565 3954 concre-

1987 3990 2064 4045 tio
2102 4000 2159 4045 et
2216 3990 2503 4061 permistio
2526 4029 2539 4053 ,
2579 3989 2672 4044 sed
2705 4004 3000 4059 congressu
3034 3991 3295 4060 quodam,
3329 4007 3391 4046 ac
3421 3993 3569 4046 velut

1984 4084 2417 4154 agglutinatione
2455 4082 2691 4151 plurima
2745 4097 2917 4135 unum
2964 4081 3103 4136 [lunt
3146 4100 3161 4137 :
3196 4082 3368 4136 Erunt
3407 4086 3566 4149 enim,

1985 4174 2186 4243 inquit,
2212 4174 2314 4227 duo
2351 4175 2406 4227 in
2443 4190 2655 4227 carnem
2684 4190 2867 4243 unum,
2889 4183 2947 4228 et
2973 4189 3193 4229 carnem
3222 4176 3442 4244 quidem
3484 4191 3575 4231 so-

1982 4267 2114 4330 lam,
2149 4281 2254 4319 non
2282 4275 2466 4320 autem
2502 4275 2560 4320 et
2607 4266 2885 4334 spiritum.
2931 4266 3026 4319 Dei
3078 4281 3211 4320 vero
3256 4268 3573 4338 eonjunctio

1985 4370 2111 4410 cunt
2137 4356 2224 4421 iis,
2260 4355 2357 4424 qui
2388 4356 2539 4425 digni
2575 4355 2702 4408 facti
2748 4364 2899 4419 sunt,
2951 4368 3171 4408 omnem
3223 4357 3445 4410 modum
3481 4370 3577 4410 co-

1726 4471 1742 4507 :
1790 4451 2054 4507 nimirum
2113 4450 2346 4522 Spiritu,
2387 4460 2617 4506 cunctos
2682 4451 2916 4520 Spiritus
2977 4455 3151 4519 puros
3223 4452 3575 4520 praestantius

385 4643 509 4697 Ἑπί
526 4642 732 4703 τούτιις
751 4638 1105 4709 ἐλεγχόμενος
1126 4638 1228 4690 ὑπὸ
1243 4639 1335 4690 τοῦ
1360 4638 1625 4708 Βαρλαὰμ
1653 4640 1861 4693 ἐκείνου

2066 4640 2138 4696 De
2176 4642 2260 4695 his
2295 4655 2423 4711 ergo
2466 4640 2834 4710 reprehensus
2884 4640 2953 4695 ab
3010 4641 3104 4696 illo
3160 4641 3427 4705 Barlaam,
3481 4643 3575 4710 qui

296 4737 396 4789 τοῦ
424 4742 516 4789 καὶ
546 4735 645 4804 τὴν
698 4735 875 4803 ἀρχὴν
931 4730 1093 4783 αὐτὸν
1144 4735 1518 4799 ᾳωρὰσαντος,
1551 4731 1739 4801 σαφῶς
1788 4732 1887 4802 τὴν

296 4825 491 4879 οὐσίαν
508 4824 598 4877 τοῦ
630 4822 764 4873 Θεοῦ
791 4820 991 4889 ὁρατὴν
1016 4820 1110 4872 καὶ
1137 4820 1407 4889 πνευστὴν
1435 4821 1886 4889 κατασκευάζων,

299 4916 588 4985 ὲκφεύγων
617 4915 778 4984 δῆθεν
808 4914 866 4964 τὸ
897 4913 1114 4975 ἄτιπον,
1147 4912 1351 4982 χείρονι
1382 4913 1540 4983 κακῷ
1564 4916 1889 4984 θεραπεύειν

300 5008 403 5077 τὴν
433 5007 643 5076 αἵρεσιν
688 5005 1031 5073 ἐπεχείρησε,
1066 5004 1160 5054 καὶ
1191 5006 1364 5072 τολμᾷ
1422 5006 1518 5073 τὴν
1568 5005 1888 5073 ὑπερούσιον

300 5098 542 5166 ὓπαρξιν
573 5096 665 5147 τοῦ
700 5094 833 5147 Θεοῦ
871 5097 1233 5164 πραγματικῇ
1277 5094 1545 5163 διακρίσει
1590 5098 1670 5159 είς
1695 5098 1883 5149 οὐσίαν

302 5192 401 5245 καὶ
428 5191 725 5259 ἐνέργειαν,
768 5189 969 5256 μᾶλλον
1013 5187 1068 5237 δὲ
1122 5186 1400 5255 ἐνεργείας
1452 5188 1742 5243 διελέσθαι.
1774 5188 1885 5241 Καί

304 5298 471 5352 φησιν
499 5283 553 5332 ἐν
573 5279 806 5330 natth
833 5278 1135 5346 εἰρημένων
1160 5277 1303 5343 λόγω
1317 5296 1353 5338 ι,
1385 5277 1469 5328 ὅτι
1492 5277 1649 5330 τοῦτο
1694 5277 1754 5330 τὸ
1771 5278 1887 5346 φῶς

302 5372 463 5441 οὐσίᾳ
502 5371 599 5439 μὲν
626 5369 761 5420 Θεοῦ
786 5369 883 5419 οὐκ
914 5368 1049 5419 ἐστι·
1088 5367 1182 5418 καὶ
1210 5368 1315 5435 γὰρ
1364 5367 1642 5434 ἀνέπαφος
1676 5369 1883 5440 ἐκείνηο

307 5463 538 5530 ἄγγελος
569 5462 668 5512 οὐκ
696 5460 812 5511 ἐστι
841 5474 855 5488 ο
881 5457 1233 5519 ὃεσποτικοὺς
1275 5460 1382 5527 γὰρ
1416 5459 1572 5528 φέρει
1602 5462 1891 5531 χαρακτῆ-

308 5572 434 5625 ρας.
489 5557 598 5608 Καὶ
644 5553 825 5615 πάλιν,
860 5551 931 5631 Tp
966 5551 1080 5619 φῶς
1116 5549 1270 5601 τοῦτο
1302 5548 1503 5617 θεωρία
1558 5545 1627 5619 ἦν
1680 5553 1741 5604 οὐ
1782 5552 1882 5621 τῆς

306 5648 457 5709 θείας
481 5632 714 5714 φύσεως,
735 5643 868 5695 ἀλλὰ
894 5641 987 5709 τῆς
1021 5639 1172 5708 δόξης
1198 5642 1293 5707 τῆς
1348 5639 1559 5705 φύσεως
1605 5640 1791 5705 αὐτοῦ,
1816 5644 1880 5712 ἦν

305 5740 405 5792 καὶ
445 5738 606 5790 ἔδωκε
634 5738 743 5797 τοῖς
777 5734 1045 5804 μαθηταῖς
1092 5734 1119 5783 ὁ
1174 5729 1523 5801 Κύριοςλκαὶ
1578 5732 1645 5785 δ.’
1699 5735 1877 5789 αὐτῶν

558 5829 830 5890 ιἈτκοι,
875 5824 989 5886 Gn.
1030 5821 1240 5913 βων.

1989 4733 2155 4789 etiam
2184 4734 2253 4788 ab
2305 4733 2461 4787 initio
2483 4749 2610 4787 eum
2658 4733 2884 4796 detexit,
2933 4750 3055 4787 cum
3108 4733 3394 4787 manifeste
3440 4719 3576 4787 sub-

1990 4826 2249 4880 stantiam
2281 4826 2378 4880 Dei
2409 4826 2682 4880 visibilem
2720 4833 2775 4878 et
2811 4826 3125 4893 spirabilem
3188 4824 3572 4888 constitueret,

1989 4916 2242 4971 devitans
2267 4917 2527 4969 nimirum
2587 4916 2909 4978 absurdum,
2944 4915 3116 4984 pejori
3154 4915 3294 4967 malo
3326 4915 3573 4967 haeresim

1990 5023 2187 5061 curare
2218 5021 2509 5075 aggressus
2537 5015 2646 5066 est,
2672 5016 2835 5074 atque
2867 5007 3035 5059 audet
3069 5006 3577 5074 supersubstantia-

1989 5099 2097 5153 lem
2131 5098 2507 5151 exsistentiam
2550 5098 2646 5150 Dei
2701 5098 2832 5151 reali
2879 5098 3235 5152 distinctione
3291 5100 3345 5151 in
3390 5114 3570 5152 essen-

1989 5191 2121 5243 tiam
2158 5197 2235 5256 ,et
2266 5189 2660 5257 operationem,
2689 5190 2820 5258 quin
2855 5192 3037 5261 potius
3059 5192 3406 5260 npcratioues
3438 5197 3583 5247 muli

1990 5288 2073 5334 tas
2119 5280 2384 5335 dividere.
2423 5284 2600 5350 Atque
2658 5282 2734 5335 ait
2782 5283 2833 5334 in
2885 5282 3117 5350 quadam
3189 5286 3577 5354 prmdictarum

1994 5371 2336 5435 orationum,
2368 5371 2472 5425 hoc
2500 5372 2689 5425 lumen
2736 5372 3099 5427 substantiam
3143 5376 3235 5429 Dei
3274 5392 3383 5430 non
3432 5394 3574 5441 esse,

1991 5464 2198 5518 etenim
2263 5462 2565 5516 iutactilem
2611 5462 2761 5516 illam
2810 5479 2951 5527 esse,
3001 5467 3253 5536 angelum
3287 5482 3396 5522 non
3432 5484 3575 5535 esse,

1991 5554 2142 5623 quod
2202 5553 2406 5607 heriles
2472 5553 2817 5608 characteres
2885 5566 3058 5625 gerat.
3127 5576 3147 5609 »λ
3203 5560 3269 5614 Et
3323 5571 3516 5617 rursus
3558 5580 3578 5621 :

1995 5663 2013 5697 ι
2058 5645 2269 5698 Lumen
2304 5644 2410 5698 hoc
2446 5643 2705 5699 intuitum
2760 5662 2903 5710 esse,
2943 5664 3069 5701 non
3111 5649 3309 5706 diviuze
3348 5665 3577 5718 natum,

1986 5737 2082 5794 sed
2114 5736 2300 5804 gloriae
2331 5747 2541 5791 natura:
2584 5737 2724 5807 ejus,
2772 5754 2933 5807 quem
2974 5741 3142 5795 etiam
3198 5744 3345 5799 dedit
3393 5746 3581 5799 Domi-

3082 5880 3097 5903 ..
3181 5838 3260 5897 27
