3862 6218
451 310 560 376 843
1720 306 1818 367 DE
1827 306 2098 367 METRII
2140 306 2454 369 CYDONII
3565 308 3625 373 sit

434 434 564 475 enus
590 416 900 489 discipuiis,
942 429 1006 471 ac
1034 427 1134 486 per
1163 413 1312 485 ipsos
1340 412 1494 470 dedit
1525 413 1783 470 omnibus
1814 414 1868 470 in
1897 430 1959 470 eu

2129 420 2267 472 πᾶσι
2294 421 2407 480 τοῖς
2432 416 2779 472 πιστεύουσιν
2799 415 2969 485 αὐτῷ.
3010 414 3123 470 Καὶ
3159 416 3277 487 μετ’
3306 415 3454 485 ὀλίγα
3472 400 3627 472 ’Ὥστε

446 500 823 569 credentibus.
873 527 893 560 ι
939 507 1004 563 Et
1047 514 1167 578 post
1201 521 1412 577 pauca:
1446 525 1465 560 ι
1493 506 1682 577 Itaque
1720 506 1884 562 etiam
1914 506 1971 560 ιιι

2114 500 2216 565 καὶ
2235 512 2300 581 τῇ
2324 510 2420 564 ἀνθ
2429 511 2641 582 ρωπίνῃ
2660 509 2816 578 φύσει
2835 509 2933 580 τὴν
2945 508 3101 574 δόξαν
3121 508 3285 563 ἔδωκε
3300 509 3396 580 τῆς
3416 510 3630 580 θεότητος,

449 619 624 660 manat
680 611 887 656 natura:
949 598 1181 669 gloriam
1238 596 1388 653 dedit
1457 597 1698 661 deitatis,
1770 606 1974 653 natura!

2120 600 2221 672 τὴν
2250 601 2416 670 φύσιν
2448 601 2507 656 δὲ
2529 602 2613 654 οὐ.
2656 599 2819 655 Ἄλλο
2843 599 2952 669 ἄρα
2988 597 3148 668 φύσις
3175 598 3336 663 Θεοῦ,
3364 600 3453 653 καὶ
3493 601 3521 670 ή
3546 600 3634 665 δόξα

438 710 575 753 νει-ο
599 693 821 748 minime
849 710 862 747 :
890 689 1037 745 aliud
1067 704 1196 760 ergo
1221 696 1417 745 natura
1449 689 1568 755 Dei,
1600 700 1657 747 et
1699 690 1871 761 gloria
1902 691 1963 761 ejt

2119 693 2323 766 ταύτης
2360 694 2568 767 ἕτερον.
2612 676 2756 750 Ἀλλ’
2782 695 2831 748 εί
2857 693 2951 749 καὶ
2968 694 3067 767 τῆς
3104 693 3251 757 θείας
3276 693 3478 763 φύσεως
3496 693 3635 762 ῐτερόν

445 785 699 857 (παίω-ω)
725 782 896 839 aliud.
924 782 1030 839 Sed
1063 782 1314 852 quamvis
1342 798 1372 837 a
1404 782 1590 838 divina
1642 792 1839 837 natura
1870 783 1970 838 aliu

2119 783 2256 851 ἐστι,
2290 786 2403 848 τοῖς
2437 780 2587 839 οὖσιν
2638 785 2738 839 οὐκ
2775 784 2841 838 ἂν
2896 783 2983 853 εῐη
3034 784 3413 855 ιναρίθμητος.
3463 784 3631 847 Καὶεὶς

442 880 536 943 sit,
571 891 680 930 non
712 887 888 931 tamen
919 874 1065 929 inter
1086 874 1233 930 entia
1265 875 1735 929 connumeranda.
1777 893 1796 927 ι
1841 873 1907 928 Et
1949 890 1967 929 ε

2119 877 2465 946 παράστασιν
2486 875 2596 931 τῶν
2619 874 2876 930 τοιούτων
2905 873 3070 929 αὐτοῦ
3094 874 3292 944 λόγων,
3340 873 3415 943 τῷ
3460 874 3541 926 ini
3560 873 3635 942 τῆς

446 969 915 1024 conﬁrmationem
943 980 1167 1020 suorum
1200 979 1515 1020 sermonum
1576 966 1750 1020 utitur
1786 964 1971 1020 lumini

1852 964 2015 1033 mine,
2118 967 2213 1021 τοῦ
2246 968 2452 1039 Κυρίου
2483 964 2964 1040 μεταμορφώσεως
2990 966 3191 1042 χρῆται
3219 964 3377 1035 φωτί.

443 1061 598 1128 quod
622 1059 721 1112 fuit
749 1056 802 1113 in
837 1054 1312 1125 transiiguratione
1341 1054 1581 1109 Domini.

514 1148 695 1218 Atque
720 1147 787 1202 de
810 1146 916 1202 hoc
939 1146 1131 1201 eodem
1160 1145 1368 1204 lumine
1401 1144 1603 1220 similia
1635 1154 1822 1200 narrat
1846 1145 1899 1199 in
1936 1144 2019 1200 di-

2192 1145 2302 1199 Καὶ
2328 1145 2458 1215 περὶ
2487 1142 2582 1198 τοῦ
2612 1143 2779 1198 αὐτοῦ
2805 1144 2984 1214 φωτδς
3022 1143 3091 1198 τὰ
3139 1144 3304 1214 ὃμοια
3340 1143 3563 1210 διέξεισιν
3601 1144 3641 1195 ἐν

440 1239 619 1295 versis
653 1237 769 1294 suis
796 1236 1158 1292 orationibus.
1206 1235 1331 1292 Haec
1377 1244 1561 1291 autem
1606 1246 1798 1306 postea
1840 1248 1965 1295 sect:

2117 1236 2393 1307 διαφόροις
2412 1235 2588 1305 λόγοις
2612 1234 2988 1290 αὐτοῦ.Ταῦτα
3001 1235 3047 1288 δ’
3068 1234 3293 1306 ὕστερον
3310 1235 3359 1287 oi
3376 1234 3642 1303 αίρεσιῶται

441 1340 589 1387 tores
610 1329 732 1399 ejus
772 1336 918 1383 tomo
966 1328 1118 1382 edito
1157 1327 1354 1392 secuti,
1381 1326 1449 1383 de
1491 1327 1844 1387 distinctione
1881 1328 1966 1384 sul

2117 1326 2283 1379 αὐτοῦ
2328 1325 2417 1380 διὰ
2457 1326 2647 1396 τόμον.
2688 1326 2823 1396 Περὶ
2868 1324 2970 1397 μὲν
3006 1324 3334 1395 διακρίσεως
3369 1325 3539 1388 οὐσίας
3572 1325 3641 1377 τοῦ

438 1421 653 1477 stantiae
677 1419 772 1475 Dei
815 1428 873 1475 et
902 1418 1219 1488 operatione
1252 1419 1367 1473 haec
1404 1418 1582 1474 aiunt.

2115 1419 2250 1474 Θεοῦ
2268 1421 2359 1474 καὶ
2378 1418 2659 1491 ἐνεργείας
2692 1420 2818 1474 τάδε
2848 1419 3036 1490 φασίν.

514 1508 630 1565 Hoc
670 1510 902 1565 recitato
948 1508 1460 1565 honorandissimus
1497 1508 1910 1581 cbartopbylax,
1952 1523 2016 1566 ac

2200 1512 2662 1583 Ἀναγνωσθέντος
2731 1512 2885 1566 τοῦδε
2907 1553 2922 1577 ,
2989 1512 3197 1585 ἤρξατο
3269 1514 3299 1567 ό
3365 1513 3642 1585 τιμιώτατις

430 1616 728 1672 supremus
774 1600 1225 1674 philosophorum
1248 1640 1265 1666 ,
1327 1610 1385 1656 ut
1427 1601 1598 1657 moris
1630 1610 1716 1657 est
1754 1601 1950 1658 ecclesi

2119 1603 2462 1677 χαρτοφύλαξ
2518 1604 2613 1657 καὶ
2670 1603 2877 1667 ὕπατος
2924 1606 3033 1659 τῶν
3090 1605 3397 1676 φιλοσόφων
3444 1607 3566 1660 κατὰ
3600 1607 3644 1659 τὸ

437 1695 586 1763 stici,
618 1694 782 1765 carpit
824 1694 1162 1763 interrogare
1191 1707 1661 1763 unumquemque,
1714 1709 1877 1764 quam
1916 1694 1962 1749 b:

2117 1691 2571 1766 ἐκκλησιαστικὸν
2628 1693 2749 1757 ἔθος
2806 1695 3015 1766 ἐρωτᾷν
3074 1693 3328 1758 ἕκαστον,
3380 1693 3513 1757 ὅπως
3556 1694 3642 1763 εχει

437 1788 562 1843 beat
591 1787 917 1843 sententiam
949 1786 1016 1841 d'e
1058 1785 1145 1841 his
1187 1784 1511 1856 dogmaticis
1541 1785 1834 1855 capitibus,
1885 1801 1956 1856 qu

2117 1787 2347 1858 γνώμης
2372 1786 2501 1855 περὶ
2522 1785 2631 1840 τῶν
2661 1784 2801 1839 κατὰ
2823 1786 2987 1857 μέρος
3010 1782 3352 1854 λαληθέντων
3391 1785 3477 1836 καὶ
3500 1783 3642 1848 ἐξετα-

436 1894 536 1949 per
560 1878 773 1949 singula
797 1876 1042 1933 membra
1080 1876 1229 1933 dicta
1256 1884 1385 1931 sunt
1410 1884 1577 1946 atque
1626 1875 1879 1932 discussa
1906 1892 1923 1933 :
1957 1899 1961 1924 ι

2118 1877 2355 1933 σθέντων
2410 1875 2757 1949 δογματικῶν
2814 1874 3146 1945 κεφαλαίων.
3200 1875 3312 1928 Καὶ
3361 1874 3541 1935 πάντες
3582 1876 3642 1926 ἐνί

433 1984 629 2025 omnes
669 1983 780 2024 uno
811 1982 930 2032 ore,
973 1974 1226 2037 tanquam
1256 1980 1367 2022 uno
1408 1966 1606 2037 spiritu
1635 1966 1869 2032 incitati,
1899 1967 1958 2022 D4

2119 1970 2350 2040 στόματι
2380 1968 2454 2032 ὡς
2496 1967 2558 2033 ἐξ
2588 1966 2707 2031 ὲνδς
2748 1965 3060 2038 κινούμενοι
3096 1965 3403 2037 πνεύματος
3431 1967 3549 2035 μετά
3569 1964 3642 2018 τοῦ

434 2062 852 2120 convenientem
884 2076 990 2115 una
1018 2075 1139 2115 cum
1169 2058 1562 2131 conjunctione
1590 2057 1959 2115 distinctione]

2116 2062 2399 2133 ἡνωμένον
2424 2059 2523 2115 καὶ
2560 2059 2839 2132 θεοπρεπῆ
2863 2060 3130 2130 διάκρισιν
3158 2059 3263 2129 τῆς
3306 2058 3451 2122 θείας
3494 2060 3641 2121 οὐσίας

435 2153 639 2209 divinat
708 2151 1029 2207 substantiae
1079 2160 1243 2221 atque
1287 2149 1642 2220 operationis,
1686 2148 1833 2204 clare
1880 2148 1958 2204 fas

2116 2153 2212 2206 καὶ
2243 2150 2527 2223 ἐνεργείας
2560 2141 2813 2223 φανερῶς
2850 2150 3210 2221 ὡμολόγησαν
3265 2153 3380 2215 τοῖς
3419 2150 3641 2217 θεολόγοις

433 2251 585 2308 sunt,
614 2242 896 2312 theologos
929 2240 1125 2303 secuti,
1160 2240 1573 2310 increatamque
1602 2238 1844 2294 divinam
1880 2252 1958 2308 opt

2117 2242 2375 2312 ἑπόμενοι
2437 2240 2696 2295 ἄκτιστόν
2755 2258 2815 2295 τε
2842 2241 2942 2313 τὴν
2999 2242 3151 2295 θείαν
3182 2242 3478 2314 ἐνέργειαν,
3532 2241 3642 2294 καθὰ

434 2331 730 2398 rationem,
770 2328 1233 2401 quemadmodum
1261 2342 1392 2383 sane
1418 2333 1476 2383 et
1499 2327 1861 2383 substantiam
1889 2341 1959 2380 an

2117 2333 2252 2403 δῆτα
2272 2333 2367 2385 καὶ
2399 2332 2499 2404 τὴν
2540 2332 2729 2387 οὐσίαν
2792 2329 3080 2402 ἔστερξαν.
3137 2333 3252 2387 Καὶ
3311 2334 3465 2388 πάλιν
3501 2334 3549 2385 ἑν
3585 2332 3642 2399 τῷ

432 2423 637 2494 plexati
678 2432 829 2479 sunt.
865 2422 933 2477 Et
971 2437 1167 2476 rursus
1201 2421 1255 2476 in
1309 2420 1502 2475 eodem
1556 2429 1703 2474 tomo
1751 2436 1766 2474 :
1815 2420 1930 2475 Nos

2117 2425 2261 2495 αὐτῷ
2282 2440 2295 2454 ·
2335 2426 2524 2499 Ἡμεῖς
2547 2424 2605 2479 δὲ
2625 2423 2774 2495 παρὰ
2799 2423 2908 2477 τῶν
2932 2423 3103 2494 ἁγίων
3147 2405 3495 2495 ἐδιδάχθημεν
3535 2422 3642 2494 Γρα-

432 2516 608 2572 sacris
664 2513 970 2584 Scripturis
1030 2513 1209 2569 edocti
1269 2526 1480 2575 sumus,
1544 2519 1602 2566 et
1649 2510 1957 2566 substantia

2117 2518 2231 2587 φῶν
2283 2518 2377 2570 καὶ
2428 2516 2620 2571 οὐσίαν
2670 2517 2815 2588 ἔχειν
2865 2517 2959 2572 τὸν
3008 2518 3165 2583 Θεὸν,
3203 2518 3298 2572 καὶ
3324 2517 3532 2587 δύναμιν
3571 2516 3642 2568 καὶ

429 2603 640 2659 habere
667 2603 861 2666 Deum,
902 2610 955 2655 et
992 2604 1290 2671 potentiam
1355 2608 1519 2669 atque
1552 2600 1923 2663 operationem

2116 2610 2394 2682 ἐνέργειαν
2422 2611 2522 2680 τῆς
2570 2609 2719 2675 θείας
2753 2609 2942 2674 οὐσίας
2973 2610 3343 2682 διαφέρουσαν
3365 2627 3378 2641 ’
3406 2609 3581 2682 μᾶλλον
3599 2608 3641 2659 δὲ

431 2694 616 2751 divina
675 2693 978 2748 substantia
1005 2692 1386 2755 diﬂcrentcm;
1430 2691 1541 2745 imo
1580 2704 1710 2744 vero
1734 2688 1956 2758 potenti:

2114 2702 2207 2755 καὶ
2239 2700 2497 2772 δυνάμεις
2518 2700 2613 2756 καὶ
2633 2702 2941 2772 ἐνεργείας.
2998 2703 3131 2771 Περὶ
3155 2704 3214 2755 δὲ
3251 2702 3347 2757 τοῦ
3391 2701 3639 2771 φωτδςτῆς

432 2794 490 2842 et
514 2783 887 2855 operationes.
942 2781 1017 2835 De
1066 2781 1273 2835 lumine
1328 2793 1462 2835 vero
1514 2778 1955 2850 transﬁguratiou

2117 2792 2597 2863 μεταμορφώσεως
2628 2796 2768 2865 μετὰ
2786 2792 2945 2847 τοῦτο
2970 2793 3241 2864 ὲζητήθη.
3256 2796 3389 2848 Φασὶ
3408 2794 3638 2863 δειχθῆναι

434 2883 625 2946 Ροειθει
677 2871 964 2943 (ιυενείιυιη
1013 2879 1121 2926 εει·
1158 2870 1438 2936 θίίθηιηῑν
1479 2878 1756 2925 ostensum
1796 2883 1919 2924 055°
1973 2883 2003 2924 ³
2112 2885 2265 2956 παρὰ
2291 2884 2399 2939 τῶν
2430 2884 2600 2955 ἁγίων
2616 2884 2973 2940 ὄτιᾶκτιστόν
2996 2886 3111 2938 ἐστι
3153 2887 3217 2939 τὸ
3240 2887 3339 2957 τῆς
3360 2885 3447 2939 τοῦ
3475 2886 3639 2954 Κυρίου

429 2966 639 3025 sanctis
700 2964 1008 3019 increatum
1071 2975 1191 3018 esse
1241 2961 1426 3015 lumen
1516 2960 1954 3031 transﬁguration

2116 2975 2593 3048 μεταμορφώσεως
2620 2976 2759 3043 φῶς,
2792 2979 2885 3029 καὶ
2907 2976 2989 3029 ὅτι
3019 2977 3119 3029 οὐκ
3147 2979 3270 3031 ἔστι
3292 2978 3442 3032 τοῦτο
3472 2978 3637 3048 ἡούσία

429 3057 673 3123 Domini,
706 3064 765 3112 et
801 3053 936 3109 illud
982 3067 1093 3107 non
1143 3066 1263 3106 esse
1316 3051 1678 3106 substantiam
1717 3051 1837 3121 ejus
1885 3068 1899 3105 :
1949 3072 1954 3099 ι

2111 3067 2205 3121 τοῦ
2234 3066 2367 3121 Θεοῦ
2389 3083 2403 3099 ο
2437 3067 2530 3121 καὶ
2568 3067 2771 3130 πάντες
2793 3066 2978 3137 σχεδὸν
3015 3062 3192 3136 εἶπον,
3230 3070 3311 3124 ὅτι
3367 3070 3636 3140 ἀπεδείχθη,

429 3165 624 3209 omnes
649 3147 822 3205 ferme
853 3145 1132 3241 dixerunt,
1173 3144 1608 3199 demonstratum
1645 3156 1789 3198 esse.
1842 3143 1911 3196 Et
1950 3142 1954 3194 ἱ

2111 3160 2204 3213 καὶ
2234 3161 2294 3213 ὲν
2324 3163 2437 3223 τοῖς
2467 3132 2928 3230 ἀναθεματισμοίς
2952 3157 3036 3225 οἷς
3077 3132 3326 3226 ἐξέθεντο
3382 3163 3507 3216 κατᾶ
3539 3132 3636 3214 ’τῶν

429 3231 1109 3304 anathematismis,'quos
1144 3231 1438 3288 ediderunt
1493 3240 1681 3286 contra
1744 3246 1857 3294 eos,
1910 3247 1954 3302 (ιι

2110 3250 2186 3318 μὴ
2217 3246 2556 3319 πειθομένων
2577 3251 2695 3311 ταῖς
2736 3249 3106 3322 βλασφημίαις
3136 3252 3347 3319 αὐτῶν,
3368 3244 3425 3304 ἓν
3465 3246 3536 3314 οἷς
3563 3248 3635 3303 καὶ

429 3347 541 3391 non
588 3329 963 3392 adducuntur,
1015 3332 1075 3380 ut
1104 3322 1333 3379 credant
1376 3337 1569 3377 eorum
1615 3322 1954 3393 blasphemia

2109 3337 2329 3400 ἑαυτοὺς
2378 3338 2848 3409 ἀνακηρύττουσι,
2894 3339 3020 3394 τάδε
3073 3342 3242 3410 φασίσ
3281 3342 3397 3394 Τών
3418 3342 3634 3410 λεγόντων

428 3425 524 3480 ubi
564 3424 777 3493 seipsos
833 3418 1108 3490 praconio
1162 3416 1460 3477 celebrant,
1521 3414 1638 3469 hac
1678 3413 1877 3468 aiunt:
1911 3414 1949 3467 li

2104 3428 2355 3499 προϊέναι
2386 3428 2485 3497 μὲν
2510 3429 2611 3500 τὴν
2630 3429 2777 3485 θείαν
2793 3431 3067 3501 ἐνέργειαν
3084 3433 3149 3485 ὲκ
3167 3432 3271 3504 τῆς
3295 3434 3439 3498 θείας
3462 3434 3629 3493 οὐσίας,

428 3515 525 3584 qui
558 3513 753 3569 dicunt
778 3510 1020 3566 divinam
1046 3505 1421 3578 operationem
1451 3504 1745 3574 provenire
1781 3503 1953 3573 quide:

2107 3518 2355 3589 προϊέναι
2399 3518 2457 3572 δὲ
2488 3519 2827 3590 ἀδιαιρέτως,
2878 3520 2969 3574 διὰ
3022 3522 3121 3590 μὲν
3148 3503 3249 3576 τοῦ
3313 3524 3537 3594 προϊέναι
3557 3522 3632 3588 τὴν

428 3622 497 3661 ex
528 3605 713 3671 divina
743 3600 1073 3664 substantia,
1105 3597 1397 3669 provenire
1429 3610 1560 3651 vero
1606 3593 1953 3664 inseparabili

2193 3610 2414 3682 ερῤητον
2442 3610 2714 3683 διάκρισιν
2743 3614 3157 3685 παριστώντων,
3176 3617 3271 3671 διὰ
3295 3593 3461 3673 δὲίτοῦ
3495 3617 3632 3670 ἀδιαι-

429 3705 536 3761 ter,
569 3709 697 3753 cum
723 3709 824 3765 per
874 3691 1008 3748 illud
1053 3687 1388 3761 (provenire)
1422 3684 1759 3740 inetl‘abilem
1807 3684 1954 3739 distit

2105 3701 2275 3771 ρέτως
2330 3702 2589 3773 ὑπερφυᾶ
2648 3684 2974 3759 δεικνύντων
3026 3706 3123 3777 τὴν
3155 3705 3376 3773 Ξνωσιν,
3414 3704 3630 3770 αίωνίιὴ

428 3788 670 3845 stionem
696 3785 1030 3857 signiﬁcent,
1068 3796 1168 3857 per
1194 3781 1343 3835 illam
1384 3791 1515 3833 vero
1541 3777 1867 3862 particulam
1897 3777 2005 3848 (in-
2103 3793 2319 3864 μνήμη,

427 3876 833 3950 separabiliter)
894 3873 1275 3931 admirandam
1308 3868 1771 3941 ’conjunctionem
1821 3877 2007 3925 osten-

427 3969 582 4035 dant,
611 3978 816 4025 aeterna
846 3966 919 4021 sit
957 3963 1243 4021 memoria.
2122 3996 2126 3999 Α
2382 4034 2394 4044 ⁸

495 4059 567 4115 Et
605 4058 676 4114 de
710 4056 917 4112 lumine
950 4055 1040 4120 iis,
1069 4054 1242 4121 aiunt,
1272 4056 1363 4126 qui
1410 4052 1741 4111 conﬁtentur
1789 4050 1999 4116 lumen,

2168 4057 2280 4115 Kal
2310 4060 2438 4134 περὶ
2485 4060 2581 4115 τοῦ
2634 4062 2812 4131 φωτὸς
2829 4099 2846 4127 ,
2877 4062 2988 4116 τῶν
3038 4063 3460 4134 ὁμολογούντων,
3505 4060 3625 4131 φασι.

345 4226 352 4241 Ι
426 4148 575 4220 quod
600 4145 942 4217 resplenduit
974 4143 1328 4217 inell‘abiliter
1370 4145 1426 4200 in
1457 4153 1644 4199 monte
1701 4143 1870 4197 transl

2101 4149 2161 4203 τδ
2178 4148 2464 4241 ἐκλάμψαν
2492 4152 2821 4222 ἀπορρήτως
2842 4152 2959 4223 φῶς
2985 4153 3079 4207 ἐπὶ
3100 4152 3194 4207 τοῦ
3220 4144 3380 4225 690i»;
3424 4155 3514 4223 τῆς
3554 4149 3626 4205 τοῦ

426 4232 659 4297 rationis
708 4237 948 4302 Domini,
984 4237 1169 4293 lumen
1209 4252 1331 4294 esse
1375 4234 1776 4301 inaccessibile,
1808 4234 1951 4288 lume

2101 4239 2307 4310 Κυρίου
2338 4241 2838 4312 μεταμορφώσεως,
2866 4244 2981 4311 φῶς
3019 4245 3319 4315 ἀπρόσιτον
3366 4241 3511 4309 εῖναι,
3553 4240 3626 4293 καί

425 4332 776 4395 immensum,
797 4336 856 4384 et
887 4327 1217 4385 etlusionem
1248 4326 1789 4397 incircumscriptam
1822 4324 1950 4379 divit

2099 4329 2215 4400 φῶς
2240 4329 2491 4398 ἄπλετον,
2522 4334 2617 4386 καὶ.
2656 4334 2815 4404 χύσιν
2841 4336 3226 4407 ἀπεριόριστον
3250 4338 3398 4402 θείας
3446 4335 3624 4404 αἴγλης.

426 4421 756 4494 splendoris,
806 4429 865 4477 et
925 4419 1096 4492 gloria
1155 4420 1506 4487 ineil‘abilem,
1577 4435 1642 4477 ac
1692 4417 1951 4476 divinitat.

2101 4421 2195 4475 καὶ
2222 4421 2377 4486 δόξαν
2400 4417 2728 4494 ἀπόρρητον,
2761 4425 2859 4478 καὶ
2884 4425 3143 4498 θεότητος
3184 4426 3344 4493 δόξαν
3374 4426 3623 4498 ὐηρτεὶῆι

425 4515 733 4573 claritatem
786 4516 912 4585 plus
949 4529 1114 4583 quam
1160 4513 1480 4583 perfectam,
1509 4512 1639 4568 ﬁliis
1661 4511 1950 4584 gloriam,«

2100 4512 2234 4566 Υίοῦ
2270 4512 2430 4583 δόξαν
2453 4516 2549 4568 καὶ
2579 4514 2861 4586 βασιλείαν
2887 4517 3044 4584 Θεοῦ,
3074 4519 3169 4572 καὶ
3197 4519 3393 4583 κάλλος
3414 4517 3624 4589 ἀληθινὸν

427 4608 525 4664 Dei
561 4623 814 4679 regnum,
870 4605 1457 4677 pulchritudinemque
1508 4620 1719 4671 veram,
1748 4603 1951 4673 atquei

2098 4602 2193 4657 καὶ
2233 4602 2497 4674 ἐράσμιον
2521 4604 2653 4673 περὶ
2697 4604 2798 4676 τὴν
2826 4604 2977 4660 θείαν
3003 4607 3098 4660 καὶ
3150 4608 3427 4677 μακαρίαν
3475 4602 3621 4674 φύσιν.

424 4699 515 4755 sui
544 4713 786 4754 amorem
819 4697 1174 4763 allicientem,
1200 4695 1345 4752 circa
1391 4695 1635 4751 divinam
1665 4704 1722 4753 et
1779 4696 1949 4753 beata:

2099 4696 2192 4749 καὶ
2217 4695 2453 4766 φυσικὴν
2483 4695 2641 4760 δόξαν
2669 4696 2827 4761 Θεοῦ,
2867 4698 2962 4751 καὶ
3017 4698 3271 4768 θεότητος
3328 4696 3522 4767 Πατρὸς
3553 4693 3624 4745 καὶ

424 4791 575 4851 illam
632 4801 944 4854 naturam,
986 4796 1043 4843 et
1101 4787 1409 4842 naturalem
1463 4787 1694 4858 gloriam
1749 4786 1885 4853 Dei,
1928 4801 1949 4841 ε

2098 4787 2417 4859 Πνεύματος
2448 4791 2507 4841 ἐν
2556 4788 2673 4858 Υίῷ
2725 4789 3004 4858 μονογενεῖ
3030 4790 3527 4859 ἀπσστράπτουσαν,
3550 4782 3621 4834 καὶ

424 4880 648 4937 deitatis
684 4878 883 4945 Patris,
936 4886 991 4933 et
1020 4875 1258 4947 Spiritus
1291 4876 1346 4931 in
1375 4875 1669 4948 Unigenito
1697 4891 1949 4935 coruscat

2096 4880 2181 4935 διὰ
2210 4878 2382 4933 ταῦτα
2409 4878 2663 4934 ἄκτιστον
2684 4878 3025 4944 δοξαζόντων,
3056 4882 3116 4933 τὸ
3147 4879 3385 4933 τοιοῦτον
3413 4876 3534 4946 φῶς.
3566 4872 3621 4940 μὴ

426 4979 637 5039 tem,et
672 4978 961 5042 propterea
992 4968 1329 5035 existimant,
1352 4967 1655 5024 increatum
1679 4967 1951 5038 hujusmm

2099 4971 2291 5042 μέντοι
2316 4986 2381 5039 γε
2410 4969 2547 5026 αὐτὸ
2573 4965 2715 5025 εἶναι
2762 4970 3027 5040 λεγόντων
3073 4971 3173 5042 τὴν
3208 4968 3519 5040 ὐπεριύσιον
3548 4958 3619 5016 τοῦ

423 5064 637 5130 lumen.
660 5078 769 5119 non
812 5071 992 5118 tamen
1034 5070 1290 5117 asserunt
1318 5075 1442 5117 esse
1488 5062 1948 5131 supersubstanti:

2095 5062 2231 5117 Θεοῦ
2254 5061 2464 5129 οὐσίαν,
2493 5061 2569 5124 ὡς
2624 5061 2839 5131 ἐκείνης
2900 5061 3130 5131 ἀοράτου
3180 5061 3500 5120 παντάπασι,
3549 5051 3620 5106 καὶ

424 5156 532 5213 lem
588 5155 686 5212 Dei
742 5153 1127 5221 substantiam,
1184 5162 1457 5224 tanquam
1499 5154 1596 5209 illa
1647 5154 1869 5225 penitus
1918 5170 1945 5212 s

2098 5152 2411 5224 ἀμεθέκτου
2471 5151 2766 5225 μενούσης,
2813 5150 2969 5217 δόξαν
3017 5152 3077 5206 δὲ
3131 5152 3329 5222 μᾶλλον
3392 5149 3621 5217 λεγόντων

426 5248 725 5306 invisibilis
784 5255 841 5302 et
879 5246 1378 5317 imparticipabilis,
1426 5244 1620 5301 dicunt
1652 5262 1783 5302 vero
1809 5248 1951 5317 potiu

2094 5244 2251 5300 τοῦτο
2286 5244 2522 5315 φυσικὴν
2561 5246 2659 5315 τῆς
2708 5243 3034 5315 ὐπερουσίου
3081 5244 3290 5307 οὐσίας,
3320 5242 3377 5306 ἐξ
3437 5238 3619 5304 ἐκείνης

424 5340 529 5397 hoc
564 5342 749 5397 lumen
774 5352 895 5395 esse
916 5338 1146 5409 gloriam
1175 5338 1718 5408 supersubstantialis
1740 5339 1949 5395 substat

2094 5337 2395 5411 προϊοῦσαν
2450 5336 2796 5409 ἀδιαιρέτως,
2847 5339 2943 5391 καί
2975 5336 3395 5406 ἑπιφαινομένην
3414 5333 3493 5386 διὰ
3518 5328 3616 5399 φιλ·

425 5431 537 5497 tim,
565 5429 636 5486 ab
665 5443 730 5486 ea
750 5428 1191 5500 proﬁciscentem
1238 5427 1703 5497 inseparabiliter,
1729 5439 1895 5500 atque
1929 5446 1950 5488 s

2092 5429 2407 5500 ανθρωπίαν
2436 5429 2703 5494 Θεοῦντοίς
2726 5429 3157 5501 κεκαθαρμένοις
3179 5430 3271 5483 τὸν
3326 5425 3459 5490 νοῦν,
3518 5416 3617 5492 μεθ’

424 5521 813 5577 ostendentem
858 5529 1042 5577 mente
1092 5519 1339 5591 purgatis
1376 5533 1477 5588 pro
1501 5536 1598 5577 sua
1630 5522 1949 5593 benignitati

2090 5516 2159 5593 ἦς
2186 5520 2344 5593 δόξης
2369 5523 2398 5575 ὁ
2424 5521 2629 5592 Κύριος
2649 5522 2807 5594 ἡμῶν
2844 5524 2939 5576 και
2996 5521 3131 5587 Θεὸς
3179 5521 3298 5592 ἡξει
3356 5517 3484 5571 κατὰ
3534 5512 3613 5579 τὴν

425 5627 548 5668 cum
586 5626 691 5681 qua
726 5612 898 5681 gloria
935 5613 1202 5668 Dominus
1231 5619 1422 5667 noster
1460 5620 1515 5667 et
1544 5612 1690 5669 Deus
1721 5623 1950 5669 venturu

2093 5612 2354 5682 δευτέραν
2406 5611 2573 5667 αὐτοῦ
2634 5611 2730 5667 καὶ
2794 5611 3028 5684 φρικτὴν
3078 5610 3375 5682 παρουσίαν
3442 5602 3610 5677 κρίνων

427 5712 513 5754 est
542 5700 790 5754 secundo
820 5715 921 5756 suo
950 5710 1116 5773 atque
1153 5698 1437 5757 tremendo
1461 5700 1723 5773 adventu,
1742 5702 1952 5773 judicat

1708 5702 1992 5773 ,judicare
2094 5700 2306 5769 ζῶντας
2332 5704 2428 5761 καὶ
2457 5704 2710 5779 νεκροὺς,
2736 5703 2929 5761 αίωνία
2961 5704 3004 5775 ἦ
3029 5702 3230 5776 μνήμη.

433 5792 585 5845 vivos
614 5798 670 5844 et
693 5796 959 5858 mortuos,
991 5801 1193 5847 aeterna
1225 5795 1296 5850 sit
1319 5792 1602 5848 memoria.
