3862 6218
382 278 400 285 ·λ
438 253 543 313 847
1657 272 1677 293 α
1712 253 1988 312 DEMETJ

2087 256 2089 312 :
2132 256 2448 329 CYDONII
3557 268 3635 333 stt

429 380 586 424 tonio
615 368 983 424 communiter
1010 380 1204 420 omnes
1226 364 1400 429 aiunt,
1432 382 1449 414 ι
1481 362 1655 420 Unam
1681 364 1848 435 igitur
1876 366 1988 420 bant

2087 417 2089 428 ι
2126 389 2144 422 ι
2181 371 2274 423 Ἐν
2301 371 2400 440 μὲν
2435 372 2500 444 δὴ
2534 371 2688 425 τοῦτο
2728 373 2821 426 καὶ
2852 374 3064 443 πρῶτον
3087 374 3283 445 κυρίως
3309 375 3373 431 ἄν
3411 394 3485 437 τις
3536 383 3627 452 φαίη

380 507 384 511 .
429 472 490 515 et
525 464 856 531 praacipuam
896 457 1114 528 proprie
1143 456 1350 510 dixerit
1383 456 1583 525 aliquis
1606 456 1749 511 inter
1770 456 2009 512 divinam

434 554 796 607 substantiam
843 556 900 603 et
950 548 1194 602 divinam
1248 547 1629 616 operationem
1697 547 2011 603 distinctio-

434 647 522 701 nis
569 643 827 713 speciem,
856 639 1120 705 nimirum
1171 639 1473 695 secundum
1523 655 1741 696 causam
1786 651 1842 696 et
1885 656 2011 696 cau-

388 780 391 783 λ
430 746 665 791 saluum

492 826 734 893 Quintus
762 824 956 880 modus
992 842 1013 891 ε,
1039 822 1207 877 Aiunt
1235 823 1595 878 substantiam
1635 824 1856 894 quidem
1886 841 2010 895 pro-

432 921 553 990 prie
616 933 723 972 non
780 916 887 972 dici
934 914 1224 980 Deitatem,
1286 914 1383 969 sed
1420 916 1586 969 etiam
1631 916 1677 971 si
1733 916 2010 972 diceretur

431 1011 637 1074 Deitas,
690 1007 1109 1077 supereminens
1155 1006 1383 1073 dicitur,
1445 1012 1691 1077 operatio
1728 1023 1862 1063 vero
1888 1024 2010 1077 pro-

420 1103 551 1172 .prie
584 1112 669 1155 est
698 1101 904 1163 Deitas,
929 1109 985 1153 et
1010 1098 1221 1152 inﬁnite
1262 1099 1527 1153 inﬁnities
1572 1100 1799 1153 remissa
1827 1100 2010 1156 Deitas

428 1195 505 1264 (id
535 1204 621 1248 est
647 1192 919 1260 inferior).
942 1190 1098 1246 Unde
1123 1204 1247 1245 cum
1276 1191 1461 1244 multae
1498 1190 1606 1244 sint
1651 1198 1814 1260 atque
1846 1194 2009 1247 innu-

423 1302 587 1342 mera:
616 1285 964 1354 operationes
998 1283 1095 1337 Dei
1126 1284 1403 1345 incrcatae,
1427 1283 1609 1337 multa:
1639 1299 1857 1352 quoque
1892 1285 2009 1341 dei-

406 1389 563 1437 tates
586 1384 713 1430 sunt
766 1383 928 1442 atque
969 1371 1292 1427 innumerae.
1322 1372 1384 1425 Et
1426 1373 1672 1427 Palamas
1699 1374 1916 1442 quidem
1950 1376 2007 1430 in

420 1469 646 1540 epistola
678 1465 742 1520 ad
778 1464 1116 1532 Acindynnm
1147 1504 1161 1527 ,
1191 1481 1210 1515 ι
1243 1464 1339 1518 Est
1371 1464 1560 1534 igitur,
1602 1466 1802 1534 inquit,
1833 1466 2008 1522 deitas

358 1600 377 1617 ι
421 1560 651 1615 remissa
703 1558 909 1613 donum
960 1556 1228 1610 exsistens
1264 1553 1487 1610 deitatis
1516 1557 2002 1625 supereminentis,

417 1666 522 1705 nec
548 1657 759 1703 tantum
787 1647 982 1710 deitas,
1009 1646 1102 1701 sed
1122 1646 1358 1699 increata
1386 1644 1585 1706 deitas,
1618 1657 1668 1700 et
1698 1647 1837 1702 ultra
1864 1649 2004 1704 hanc

2116 462 2213 531 τῆς
2235 480 2293 515 τε
2322 463 2473 526 θείας
2493 464 2678 527 οὐσίας
2719 466 2813 518 καὶ
2855 465 3005 528 θείας
3052 467 3327 535 ἐνεργείας
3369 468 3630 540 διακρίσεως

2122 549 2288 619 εἶδος,
2319 556 2377 609 τὺ
2403 554 2524 609 κατ’
2556 557 2732 611 αἴτιον
2744 557 2948 628 δηλαδὴ
2978 560 3071 612 καὶ
3094 558 3354 614 αἰτιατόν.
3381 578 3398 611 ι

2186 820 2443 889 Πέμπτος
2479 822 2705 891 τρόπος,
2745 823 2827 876 ὅτι
2881 824 3015 892 φασὶ
3063 825 3164 895 τὴν
3212 824 3313 893 μὲν
3369 825 3537 879 οὐσίαν
3578 829 3632 899 μὴ

2117 910 2323 979 κυρίως
2371 910 2629 979 λέγεσθαι
2667 913 2921 982 θεότητα,
2957 913 3073 967 ἀλλ’
3120 917 3167 968 εί
3205 915 3301 969 καὶ
3334 915 3525 984 λέγοιτο
3546 918 3632 973 θεό-

2074 1032 2077 1037 -
2111 1020 2232 1072 της,
2276 1004 2648 1075 ὑπερκειμένη
2690 1005 2907 1073 λέγεται
2938 1008 3019 1077 ’ἡ
3068 1007 3123 1060 δὲ
3184 1009 3435 1079 ἐνέργεια
3476 1012 3635 1080 κυρίως

2074 1093 2171 1149 ητέ
2215 1094 2332 1146 ἐστι
2385 1094 2596 1164 θεότης,
2645 1097 2740 1149 καὶ
2793 1096 3062 1167 ὑφειμένη
3112 1098 3357 1169 ἀπείρως
3393 1102 3635 1174 ἀπειράκις

2073 1235 2079 1241 .
2113 1184 2280 1249 ἐστὶν,
2316 1185 2440 1240 ὃθεν
2468 1190 2560 1239 καὶ
2600 1187 2725 1241 ἐπεὶ
2770 1188 2968 1241 πολλαὶ
2997 1189 3092 1243 καὶ
3131 1192 3487 1263 ἀναρίθμητοι
3516 1196 3634 1265 ἐνέρ-

2079 1275 2257 1343 ,γειαί
2296 1277 2403 1328 είσι
2433 1278 2526 1330 τοῦ
2561 1277 2697 1331 Θεοῦ
2744 1280 3014 1348 ἄκτιστοι,
3065 1283 3159 1335 καὶ
3208 1282 3398 1336 πολλαὶ
3427 1284 3635 1355 θεότητὲς

2112 1370 2219 1421 είσι
2252 1368 2346 1422 καὶ
2393 1368 2781 1440 ἀναρίθμητοι.
2814 1371 2924 1424 Καὶ
2974 1372 3003 1423 ὁ
3064 1370 3163 1440 μὶν
3196 1373 3454 1442 Παλαμᾶς
3496 1377 3544 1428 ἐν
3583 1379 3632 1445 τῇ

2111 1458 2251 1525 πρὸς
2285 1459 2376 1529 τὸν
2416 1459 2724 1512 Ἀκίνδυνον
2759 1459 3042 1530 ἐπιστολῇ,
3088 1480 3106 1514 ι
3148 1463 3336 1515 Ἔστιν
3366 1466 3483 1535 ἄρα,
3513 1467 3633 1533 φησὶ,

2077 1547 2303 1620 ..θεότης
2334 1550 2602 1620 ὑφειμένη
2629 1592 2643 1615 ,
2691 1551 2862 1620 δῶρον
2906 1548 3044 1606 οὖσα
3085 1552 3190 1618 τῆς
3237 1554 3631 1640 ὑπερκειμένης,

2110 1642 2203 1694 καὶ
2234 1642 2297 1694 οὐ
2332 1641 2524 1713 θεότης
2556 1643 2739 1712 μόνον,
2769 1643 2904 1696 ἀλλὰ
2937 1648 3031 1698 καὶ
3059 1645 3319 1710 ἄκτιστος
3344 1647 3536 1718 θεότης,
3562 1648 3632 1699 καὶ

419 1743 681 1798 deitatem
737 1750 823 1795 est
871 1740 1036 1794 Deus.
1076 1756 1094 1790 ι
1131 1738 1189 1793 In
1246 1754 1502 1794 sermone
1538 1746 1673 1794 vero’
1696 1739 1763 1795 ad
1797 1742 1988 1796 Nomo-

2105 1736 2243 1805 ὑπὲρ
2272 1734 2477 1805 ταύτην
2512 1735 2611 1804 τὴν
2636 1736 2870 1808 θεότητά
2900 1739 3049 1791 ἐστιν
3077 1738 3105 1790 ὁ
3144 1739 3298 1803 Θεός.
3338 1758 3357 1791 ι
3407 1739 3485 1791 Ἐν
3509 1739 3631 1808 δὲτῴ

421 1833 708 1904 pliylacem
745 1831 1058 1886 Simeonem
1092 1869 1106 1892 ,
1138 1846 1158 1881 ι
1198 1828 1254 1884 Si
1302 1830 1473 1895 enim,
1510 1830 1709 1900 inquit,
1738 1833 1990 1897 remissa,

413 1925 501 1979 vel
547 1923 797 1984 inferior,
828 1929 924 1976 aut
952 1921 1156 1987 minor,
1187 1921 1273 1975 vel
1314 1922 1593 1992 quidpiam
1646 1922 1822 1977 simile
1855 1922 1994 1979 divi-

415 2036 484 2075 na
516 2018 764 2090 operatio
822 2034 932 2073 non
987 2017 1226 2082 dicatur,
1264 2030 1373 2070 non
1414 2031 1542 2071 vere
1592 2026 1814 2071 sanctus
1862 2016 1995 2071 Dio-

415 2112 625 2184 nysius,
661 2118 718 2166 et
766 2117 1036 2179 quotquot
1072 2116 1200 2164 sunt
1239 2107 1318 2161 illi
1354 2106 1591 2176 aequales
1653 2114 1711 2160 et
1763 2106 1990 2170 similes,

418 2200 916 2271 supereminentem
990 2212 1110 2253 esse
1190 2196 1554 2254 substantiam
1610 2195 1705 2250 Dei
1773 2195 1990 2250 docent.

416 2292 560 2348 Fieri
595 2291 742 2347 enim
775 2306 881 2346 non
914 2296 1207 2357 potest,,ut
1236 2288 1370 2359 quid
1401 2288 1850 2358 superemineat,
1883 2300 1992 2340 non

412 2384 741 2449 exsistente,
770 2381 917 2453 quod
963 2381 1103 2436 infra
1156 2381 1248 2436 sit.
1290 2400 1308 2432 ι
1341 2379 1408 2434 Ει
1442 2380 1497 2434 in
1528 2378 1800 2443 oratione,
1836 2379 1995 2449 cujus

411 2475 630 2529 initium
663 2490 678 2528 :
708 2474 752 2527 A
804 2474 999 2543 spiritu
1050 2473 1297 2527 excitatis
1328 2470 1577 2525 Patribus
1599 2486 1618 2524 :
1648 2488 1667 2522 ι
1718 2469 1990 2535 Quoniam

407 2563 579 2630 enim,
633 2562 837 2632 inquit,
884 2571 941 2617 et
996 2562 1091 2617 Dei
1156 2570 1355 2616 natura
1430 2561 1606 2616 deitas
1659 2559 1986 2630 appellatur,

409 2659 581 2729 magis
638 2666 819 2713 autem
888 2656 1109 2726 proprie
1145 2656 1417 2726 operatio.
1460 2672 1478 2705 ι
1526 2652 1593 2709 Ει
1632 2652 1688 2707 in
1742 2653 1987 2724 Dialogo,

401 2749 590 2819 .cujus,
628 2746 916 2821 inscriptio
971 2746 1295 2801 Barlamim
1328 2754 1379 2798 et
1427 2742 1784 2810 Orthodoxus,
1815 2762 1834 2796 ι
1870 2742 1989 2799 Una

409 2850 515 2907 est,
552 2841 750 2910 inquit,
780 2839 949 2893 trium
1010 2840 1374 2908 hypostaseon
1424 2835 1621 2900 deitas,
1655 2851 1754 2903 seu
1792 2847 1986 2891 natura

396 2942 464 2986 iet
487 2930 791 2987 substantia
827 2928 1392 2999 supersubstantialis,
1434 2928 1687 2997 simplex,
1731 2927 1985 2983 invisibi-

397 3027 501 3093 lis,
526 3024 1215 3118 inintelligibilis,prorsus
1252 3021 1795 3118 imparticipabilisri
1833 3020 1984 3076 Reli-
2015 3058 2059 3118 ο

402 3133 529 3186 qua:
548 3131 699 3180 vero,
717 3130 838 3185 quae
860 3130 890 3168 a
919 3112 1128 3170 sanctis
1153 3112 1414 3167 dicuntur
1440 3111 1831 3182 deitates,|sive
1856 3126 1986 3174 una,

405 3212 522 3264 sive
554 3211 694 3275 duae,
726 3207 839 3263 sive
867 3205 1052 3275 plures
1087 3211 1236 3260 sunt.
1273 3203 1408 3259 Nam
1444 3202 1599 3268 illud,
1633 3203 1834 3272 ubique
1866 3216 1989 3257 esse

406 3300 516 3355 ἀπὸ
545 3299 639 3354 τοῦ
675 3300 806 3362 θεῖν,
835 3313 863 3353 a
892 3295 1189 3361 currendo,
1217 3303 1272 3350 et
1313 3295 1471 3364 quasi
1526 3294 1730 3364 ubique
1779 3295 1987 3363 pertin-

396 3390 619 3461 gendo;
677 3389 806 3443 item
865 3386 1060 3442 nullibi
1109 3400 1229 3441 esse
1272 3385 1659 3450 decurrendo,
1719 3395 1776 3439 et
1831 3386 1984 3455 quasi

400 3481 620 3550 ubique
670 3478 932 3550 fugiendo
994 3476 1171 3532 deilas
1229 3477 1667 3546 cngnoniinatur.
1718 3474 1988 3546 Splendor

402 3574 536 3629 item
588 3571 685 3626 Dei
706 3581 733 3636 ',
767 3585 930 3640 quem
964 3579 1029 3647 Aet
1075 3569 1307 3639 apostoli
1364 3568 1418 3622 in
1460 3552 1644 3623 monte
1691 3582 1988 3637 conspexe-

404 3670 556 3729 runt,
588 3661 990 3724 deitas,dicitur
1028 3660 1134 3714 ἀπὸ
1160 3659 1253 3714 τοῦ
1286 3659 1492 3724 αἱθειν,
1516 3660 1584 3714 ab
1624 3676 1690 3713 eo
1729 3659 1875 3728 quod
1903 3670 1986 3715 est

404 3756 622 3819 ardere,
654 3754 761 3809 hoc
820 3762 906 3809 est
954 3753 1298 3818 comburere,
1350 3760 1514 3819 atque
1565 3766 1783 3805 onmem
1820 3751 1986 3814 ,mali.

402 3848 535 3903 tiam
567 3860 909 3901 consumere.
945 3846 1076 3901 Item
1110 3846 1253 3900 scire
1275 3844 1457 3898 omnia
1489 3844 1595 3897 ἀπὸ
1624 3844 1717 3894 τοῦ
1737 3844 1981 3910 θεᾶσθαν,

403 3939 474 3995 ab
511 3938 779 4007 aspicere,
830 3936 973 4005 quod
1026 3935 1166 3989 Deus
1220 3943 1417 3989 cuncta
1473 3933 1803 4002 conspiciat,
1834 3944 1986 3989 ante-

404 4045 570 4100 quam
611 4029 766 4091 Iiant,
808 4036 864 4081 et
910 4025 1199 4096 providere
1253 4024 1362 4078 ἀπὸ
1415 4024 1508 4076 τοῦ
1545 4026 1769 4095 ἐφορᾷν,
1805 4027 1873 4081 ab
1916 4041 1984 4081 eo

404 4119 553 4188 quod
601 4116 880 4187 inspiciat,
914 4116 980 4169 ad
1037 4115 1152 4168 haec
1185 4126 1239 4168 et
1288 4113 1547 4170 deiﬁcare
1603 4116 1801 4186 (deitas
1842 4116 1981 4171 dici-

404 4212 541 4279 tur).
576 4227 595 4260 ι
646 4210 710 4262 Et
765 4216 889 4276 post
939 4205 1207 4259 nonnulla
1249 4223 1264 4261 :
1312 4225 1349 4267 ι,
1383 4205 1619 4261 Videsne
1671 4207 1980 4274 evidenter,

401 4300 551 4372 quod
591 4315 700 4354 non
735 4308 946 4354 tantum
989 4314 1111 4367 qua:
1161 4313 1407 4367 prorsus
1450 4307 1535 4354 cst
1582 4298 1896 4365 invisibilis,
1927 4310 1984 4355 et

2082 1828 2239 1895 τπρὸς
2291 1827 2382 1881 τὸν
2435 1829 2789 1896 νομοφύλακα
2846 1830 3141 1903 Συμεώνην
3172 1847 3187 1861 ⁸
3259 1851 3279 1884 ί
3330 1832 3387 1883 El
3440 1832 3505 1901 μὴ
3548 1832 3632 1899 γὰρ

2080 1918 2388 1989 ὑφειμένη,
2423 1922 2610 1989 φησιν,
2642 1921 2674 1988 ἢ
2710 1924 3111 2001 ὑπερεχομένη,
3150 1925 3183 1994 ἢ
3218 1924 3628 1994 ὑποϐεϐηκυία,ή

2097 2025 2149 2061 τι
2181 2009 2424 2063 τοιοῦτον
2456 2013 2487 2082 ἡ
2539 2013 2657 2066 θεία
2697 2014 2950 2082 ἐνέργεια
2985 2013 3229 2084 λεχθείη,
3276 2016 3374 2068 οὐκ
3402 2014 3631 2084 ἀληθὼςὸ

2098 2101 2251 2168 ἅγιος
2293 2103 2594 2168 Διονύσιος,
2628 2107 2721 2157 καὶ
2753 2106 2868 2157 ὅσοι
2904 2105 3023 2158 κατ’
3073 2106 3240 2160 αὑτὸν
3273 2105 3630 2177 ὑπερκειμένην

2096 2186 2237 2243 εἶναι
2266 2191 2580 2246 διδάσκουσι
2610 2195 2707 2264 τὴν
2737 2196 2927 2248 οὐσίαν
2958 2195 3051 2248 τοῦ
3084 2196 3248 2252 Θεοῦ.
3279 2198 3351 2251 Οὐ
3382 2198 3483 2266 γὰρ
3515 2195 3630 2248 ἔστιν

2098 2285 2460 2355 ὑπερκεῖσθαι
2496 2287 2571 2357 μὴ
2604 2287 2756 2350 ὄντος
2796 2285 2893 2341 τοῦ
2946 2288 3376 2360 ὑποδεϐηκότος.
3416 2310 3433 2342 ι
3471 2291 3562 2344 Καὶ
3585 2291 3629 2341 ἐν

2098 2378 2177 2447 τῷ
2214 2377 2358 2445 λόγῳ
2398 2374 2459 2433 οὗ
2490 2381 2521 2449 η
2552 2379 2714 2450 ἀρχὴ,
2768 2379 2898 2445 Τοῖς
2949 2381 3512 2448 πνευματοκινήτοις
3536 2378 3626 2434 τῶν

2093 2466 2396 2534 Πατέρων,
2440 2487 2457 2519 ι
2503 2469 2722 2540 Ἐπειδὴ
2769 2470 2920 2539 γὰρ,
2963 2471 3118 2539 φησι,
3169 2472 3266 2525 καὶ
3317 2473 3351 2539 ἡ
3400 2469 3483 2525 τοῦ
3520 2468 3626 2523 Θεοῦ

2094 2558 2253 2629 φύσις
2275 2561 2463 2629 θεότης
2485 2561 2832 2630 ὀνομάζεται’
2860 2566 3198 2633 κυριώτερον
3220 2563 3279 2617 δὲ
3298 2565 3330 2633 ἡ
3351 2563 3586 2633 ἐνέργεια.
3608 2580 3623 2611 ι

2093 2649 2204 2702 Καὶ
2241 2651 2298 2702 ἐν
2336 2650 2413 2715 τῷ
2466 2651 2721 2721 διαλόγῳ,
2776 2646 2836 2707 οὗ
2867 2654 2899 2723 ἡ
2954 2653 3263 2725 ἐπιγραφὴ,
3296 2654 3626 2723 Βαρλαμίτης

2090 2739 2190 2795 καί
2217 2740 2558 2808 ὀρθόδοξος,
2594 2762 2612 2793 ι
2650 2743 2763 2796 Μία
2813 2746 2931 2797 ἐστὶ
2961 2745 3071 2798 τῶν
3100 2748 3293 2816 τριῶν,
3326 2746 3500 2817 φησὶν,
3525 2744 3626 2797 ὑπο·

2093 2832 2338 2886 στάσεων
2370 2831 2582 2904 θεότης,
2623 2834 2742 2906 ἤτοι
2779 2835 2941 2904 φύσις
2988 2837 3083 2890 καὶ
3112 2838 3279 2892 οὐσία
3328 2838 3623 2909 ὑπερούσιος,

2090 2923 2258 2995 ἁπλῆ,
2283 2925 2536 2993 ἀόρατος,
2572 2927 2956 2997 ἀπερινόητος,
2976 2929 3288 2998 ἀμέθεκτος
3305 2931 3622 2985 παντάπασιν.

2091 3017 2158 3069 Δί
2195 3016 2252 3069 δὲ
2282 3015 2443 3071 ἄλλαι
2475 3018 2627 3084 παρὰ
2662 3018 2773 3072 τῶν
2826 3019 3002 3088 ἁγίων
3050 3020 3350 3091 λεγόμεναι
3396 3022 3625 3091 θεότητες,

2092 3109 2203 3161 εἴτε
2238 3109 2358 3179 μία,
2394 3109 2503 3162 εἴτε
2534 3110 2647 3176 δύο,
2678 3112 2787 3164 εἴτε
2820 3111 3061 3176 πλείους.
3096 3114 3216 3169 Ka‘t
3244 3116 3353 3188 γὰρ
3380 3115 3437 3169 τὸ
3462 3131 3626 3169 πανται

2090 3200 2187 3271 χοῦ
2223 3198 2386 3271 εἶναι,
2433 3204 2542 3256 ἀπὸ
2572 3203 2668 3257 τοῦ
2709 3206 2821 3259 θεῖν
2860 3207 2954 3260 καὶ
2981 3207 3146 3261 οἱονεὶ
3179 3209 3406 3276 φθάνειν
3458 3224 3623 3261 πανταο

2088 3297 2236 3363 χόσε,
2264 3294 2498 3365 θεότητα
2527 3296 2639 3367 ἔχει
2668 3297 2766 3369 τὴν
2809 3292 3152 3365 ὲπὶονυμίανσ
3187 3303 3287 3356 καὶ
3317 3302 3375 3356 τὸ
3417 3298 3621 3371 μηδαμιῦ

2088 3381 2232 3439 εἶναι
2279 3387 2605 3455 ἀποθέοντα,
2657 3389 2847 3460 ὥσπερ
2885 3390 3259 3462 διαφεύγοντα
3307 3392 3617 3462 πανταχόθεν.

2093 3479 2166 3537 Ἦ
2190 3496 2248 3530 τε
2284 3479 2376 3533 τοῦ
2403 3480 2538 3534 Θεοῦ
2564 3482 2907 3553 λαμπρότης,
2946 3484 3015 3555 ἦν
3049 3487 3145 3538 καὶ
3180 3488 3234 3540 oi
3262 3484 3527 3541 ἀπόστολοι
3549 3483 3617 3533 επι

2087 3569 2182 3623 τοῦ
2232 3570 2392 3642 ὅρους
2420 3568 2579 3638 εἶδον,
2626 3574 2819 3644 θεότης
2862 3574 3108 3643 λέγεται,
3158 3578 3268 3633 ἀπὸ
3303 3578 3392 3633 τοῦ
3437 3576 3616 3637 αἴθειν,

2088 3662 2336 3716 τουτέστι
2384 3664 2562 3718 καίειν
2612 3683 2671 3718 τε
2721 3666 2815 3719 καὶ
2866 3668 3188 3725 ἀναλίσκειν
3227 3673 3404 3724 πᾶσαν
3452 3667 3616 3739 μοχθη-

2092 3754 2217 3825 ρίαν
2245 3770 2258 3786 ο
2320 3756 2383 3807 τό
2433 3773 2491 3809 τε
2539 3757 2833 3825 γινώσκειν
2873 3748 3091 3813 ἅπαντα
3142 3766 3293 3832 παρὰ
3345 3764 3399 3815 τὸ
3430 3760 3615 3813 θεᾶσθαι

2088 3846 2264 3899 πάντα
2294 3846 2386 3899 τὸν
2410 3847 2544 3901 Θεὸν
2579 3850 2707 3919 πρὶν
2732 3850 2989 3917 γενέσθαι
3018 3850 3183 3918 αὐτὰ,
3211 3855 3301 3907 καὶ
3326 3855 3382 3906 τὸ
3412 3850 3615 3921 προνοεῖν

2087 3939 2194 3992 ἀπὸ
2241 3939 2334 3991 τοῦ
2367 3941 2589 4010 ἐφορᾷν,
2625 3940 2879 4010 καὶπρὸς
2910 3941 3119 4005 τούτοις
3153 3944 3213 3996 τὸ
3240 3945 3505 3998 θεοποιεῖν.
3532 3937 3614 3991 Καὶ

2090 4032 2228 4100 μετά
2252 4047 2398 4083 τινοι⁸
2439 4048 2457 4081 t
2503 4030 2667 4102 ὐρᾷς
2714 4032 2923 4101 σαφῶς,
2962 4034 3128 4087 ὅτιού
3178 4038 3340 4106 μόνον
3382 4038 3411 4105 ή
3447 4031 3613 4086 nemo

2087 4140 2253 4178 πασιν
2282 4125 2512 4195 ἀόρατος
2544 4125 2636 4178 καὶ
2682 4126 3043 4196 ἀπερινόητος
3076 4129 3172 4181 καὶ
3208 4129 3493 4199 aperiente,-
3518 4121 3611 4175 θεός

2085 4233 2222 4284 της,
2273 4216 2410 4269 ἀλλὰ
2464 4217 2559 4270 καὶ
2608 4220 2639 4286 ἡ
2695 4220 2806 4280 τοῖς
2858 4217 3038 4285 ἁγίοις
3093 4221 3279 4288 μόνοις
3333 4217 3611 4287 exossam;

2086 4307 2256 4378 ὁρατὴ
2277 4308 2374 4361 καὶ
2393 4308 2557 4378 νοητὴ
2581 4311 2673 4360 καὶ
2699 4309 2941 4379 μεθεκτὴ
2967 4310 3158 4379 θεότης
3175 4312 3268 4364 τοῦ
3301 4310 3564 4363 Geo-31m.
3592 4321 3606 4353 ι

403 4391 847 4462 inintelligibilis,
872 4401 927 4446 et
954 4390 1424 4461 imparticipabilis
1446 4391 1641 4457 deitas,
1665 4393 1760 4446 sed
1784 4394 1972 4456 etiam,

2087 4400 2193 4454 Καὶ⁹
2226 4401 2282 4452 ἐν
2320 4402 2491 4470 ἑτέρῖρ
2513 4415 2528 4430 ο
2573 4417 2593 4451 ι
2641 4400 2781 4452 Ἀλλ’
2813 4400 2924 4468 ἐγὼ
2970 4404 3068 4462 τὰς
3100 4403 3228 4466 ὅλας
3273 4402 3471 4471 ἀγαθάς
3499 4412 3609 4466 φημι

401 4503 526 4557 quin
557 4485 919 4540 inen‘abiliter
965 4485 1169 4540 sanctis
1212 4492 1297 4539 est
1323 4472 1693 4551 asnectab'ilis,
1719 4496 1775 4539 et
1809 4486 1973 4540 intel-

401 4579 650 4649 ligibilis,
681 4586 736 4633 et
771 4577 1171 4647 participabilis
1224 4578 1400 4632 deitas
1470 4578 1563 4631 Dei
1602 4579 1722 4633 est?
1765 4598 1781 4629 ι
1823 4580 1890 4635 Et
1922 4581 1977 4636 in

401 4671 507 4727 alia
566 4671 817 4725 oratione
851 4686 865 4722 :
901 4688 918 4718 ι
976 4668 1080 4722 Sed
1127 4683 1229 4739 ego
1278 4682 1468 4722 omnes
1499 4669 1696 4734 bonos,
1728 4671 1975 4738 inquam,

404 4763 567 4822 unius
596 4762 693 4818 Dei
732 4775 1029 4836 processus
1074 4775 1196 4815 esse
1248 4759 1623 4815 substantialia
1656 4760 1770 4816 haec
1799 4771 1853 4815 et
1879 4777 1985 4817 ιιοοη

401 4854 598 4910 turalia
631 4853 746 4918 Dei,
784 4869 905 4924 qua:
946 4852 1206 4907 dicuntur
1238 4850 1463 4905 rctnissa
1496 4862 1749 4921 respectu
1777 4852 1976 4907 divinae

400 4947 744 5013 substantiae,
775 4962 895 5017 quae
922 4955 978 5001 et
1010 4946 1250 5021 abﬁipsa,
1282 4955 1336 4998 et
1369 4944 1511 4998 inter
1544 4959 1602 4999 se
1630 4945 1974 5015 distinguun-

321 5076 327 5083 .
405 5047 494 5092 tur
517 5037 823 5105 (nimirum)
845 5037 1192 5107 sapientiam,
1221 5036 1541 5106 potentiam,
1570 5036 1971 5104 operationem,

401 5132 592 5194 vitam,
618 5137 675 5184 et
700 5128 1025 5193 bonitatem,
1054 5143 1118 5183 ac
1146 5128 1510 5192 sanctitatem,
1528 5139 1582 5183 et
1605 5132 1795 5183 omnia
1818 5141 1975 5200 quot-

400 5229 534 5289 qu’ot
561 5232 616 5275 et
650 5229 756 5283 est,
808 5230 866 5275 et
895 5220 1096 5274 dicitur
1145 5235 1349 5274 numen
1399 5220 1666 5274 divinum.
1704 5241 1723 5273 ι
1763 5224 1972 5281 llursus

402 5310 456 5365 in
483 5311 675 5367 eadem
708 5310 957 5366 oratione
986 5330 998 5364 :
1036 5328 1055 5361 ι
1104 5309 1208 5365 Sed
1245 5311 1289 5365 si
1337 5326 1445 5365 non
1476 5318 1621 5368 esset
1656 5312 1759 5367 alia
1796 5316 1970 5372 deitas

401 5411 600 5470 praeter
634 5401 877 5458 divinam
927 5411 1202 5467 naturam,
1243 5402 1507 5472 ingenita,
1540 5403 1646 5472 ipsi
1675 5384 1969 5475 coteterna,

403 5501 661 5561 tanquam
719 5492 896 5562 ipsius
951 5493 1216 5563 Operatio.
1277 5486 1307 5545 ι’
1352 5494 1422 5548 Ει
1471 5502 1596 5563 post
1657 5498 1969 5555 nonnulla:

408 5602 426 5636 ι
457 5583 563 5638 Sed
598 5593 654 5637 et
681 5584 814 5638 illud
850 5583 1110 5638 inﬁnitics
1154 5583 1364 5639 infinite
1407 5586 1459 5639 in
1496 5588 1753 5642 omnibus
1780 5588 1971 5660 hujus-

399 5673 549 5728 modi
585 5675 781 5727 divinae
806 5676 1199 5729 attribuerunt.
1223 5676 1555 5733 eminentiae.
1594 5697 1611 5729 ι
1643 5679 1799 5737 Ειοὶιι
1828 5681 1973 5753 Αροτ

2081 4492 2174 4545 τοῦ
2201 4492 2319 4555 ένδς
2346 4492 2482 4545 Θεοῦ
2514 4493 2777 4562 προόδους
2813 4489 2953 4546 εἶναι
2984 4494 3048 4546 τὰ
3079 4495 3314 4565 ούσιὼδη
3347 4493 3504 4547 ταῦτα
3536 4486 3609 4539 καὶ

2080 4583 2287 4651 φυσικὰ
2315 4582 2408 4635 τοῦ
2448 4582 2584 4637 Θεοῦ
2613 4582 2679 4636 τὰ
2707 4584 2977 4653 ὑφειμένα
3008 4587 3106 4656 τῆς
3136 4587 3287 4649 θείας
3322 4586 3511 4645 οὐσίας,
3536 4578 3607 4632 καὶ

2080 4672 2245 4744 ἕτερα
2276 4674 2483 4742 ταύτης
2516 4691 2575 4726 τε
2605 4674 2700 4726 καὶ
2734 4673 3003 4743 ἀλλήλων,
3046 4677 3145 4745 τὴν
3179 4676 3386 4744 σοφίαν,
3417 4674 3505 4743 τὴν
3542 4668 3610 4721 δύ.

2081 4786 2265 4838 ναμιν,
2299 4769 2400 4837 τὴν
2442 4770 2753 4835 ἐνέργειαν,
2793 4770 2890 4840 τὴν
2937 4771 3105 4839 ζωὴν,
3158 4774 3249 4822 καὶ
3299 4768 3605 4837 άγαθὸτητα.

2079 4860 2173 4913 καὶ
2201 4860 2483 4928 ἀγιότητα,
2508 4861 2776 4915 καὶπάνθ’
2801 4864 2901 4916 ὅσα
2929 4864 3021 4916 καὶ
3045 4863 3158 4914 ἔστι
3187 4862 3248 4914 τὸ
3268 4864 3413 4915 Θείον
3444 4857 3522 4910 xxi
3545 4854 3610 4904 λέ-

2077 4967 2256 5019 γεται.
2290 4969 2309 5001 ι
2352 4950 2461 5002 Καὶ
2491 4951 2656 5004 πάλιν
2688 4954 2745 5005 ὲν
2767 4948 3051 5021 τῷάὑτῴο
3097 4972 3114 5004 ι
3160 4952 3294 5005 Ἀλλ’
3320 4952 3455 5019 εἰμὴ
3497 4945 3605 5009 ἄλλη

2077 5042 2264 5109 θεότης
2291 5043 2376 5110 εἴη
2425 5043 2575 5113 παρὰ
2604 5044 2701 5111 τὴν
2757 5028 2906 5096 θείαν
2955 5044 3117 5112 φύσιν
3170 5045 3449 5111 ἀγέννητος
3479 5080 3492 5102 ,
3534 5035 3609 5089 καὶ

2075 5134 2210 5204 αὖτῇ
2240 5132 2509 5196 συναΐδιος
2536 5133 2608 5195 ὡς
2642 5134 2893 5205 ἐνέργεια
2926 5135 3118 5203 αὑτῆς.
3159 5155 3176 5188 ι
3214 5137 3318 5187 Καὶ
3345 5133 3471 5201 μετά
3489 5139 3604 5180 τιναθ

2082 5242 2101 5278 ι
2142 5225 2302 5279 Ἀλλὰ
2322 5226 2414 5278 καὶ
2434 5224 2495 5278 τδ
2533 5226 2830 5293 ἀπειράκις
2877 5228 3121 5296 ἀπείρως
3154 5229 3241 5279 ἐπὶ
3260 5226 3363 5278 τῶν
3388 5218 3608 5276 τοιούτων

2076 5318 2295 5371 πάντων
2366 5320 2432 5387 τῇ
2465 5317 2584 5387 θείᾳ
2634 5319 2982 5388 προσέθηκαν
3030 5321 3266 5391 ὑπεροχῇ
3292 5357 3304 5371 .
3342 5338 3359 5368 ι
3421 5315 3532 5369 Καὶ.
3561 5312 3607 5360 ἐν

2074 5411 2139 5480 τῇ
2189 5407 2333 5462 οὕτω
2365 5408 2674 5480 καλουμένῃ
2713 5407 3398 5481 διεξοδικονιέρᾳταπολογίᾳ
3425 5422 3437 5436 ι
3472 5422 3489 5454 ι
3516 5398 3603 5454 Καὶ

2076 5500 2186 5571 γὰρ
2218 5501 2644 5573 κατηξιώθημεν
2677 5503 2879 5557 εἰδέναι
2911 5503 3010 5574 τὴν
3036 5510 3136 5575 μὲν
3158 5502 3337 5556 οὐσίαν
3364 5498 3479 5567 μίαν
3522 5490 3597 5541 καὶ

2077 5591 2258 5661 ἀπλῆν
2304 5595 2398 5647 καὶ
2440 5594 2748 5663 ἀδιαίρετον
2801 5596 2925 5649 καθ’
2961 5596 3176 5667 ἑαυτὴν,
3224 5593 3427 5651 ὲκείνας
3464 5586 3510 5637 δὲ
3545 5580 3593 5631 οὐ

2077 5682 2276 5748 πολλὰς
2318 5684 2500 5754 μόνον,
2536 5685 2669 5740 ἀλλὰ
2706 5690 2796 5741 καὶ
2844 5687 3077 5760 ἀριθμὸν
3127 5678 3538 5755 ὑπερϐαινούυς-
3572 5688 3587 5719 υ
