3862 6218
331 364 436 428 857
806 408 807 411 γ
1544 368 1943 429 ADVERSUS
1985 364 2365 427 PALAMAM.
3008 396 3015 399 ν
3460 328 3574 420 858

328 476 387 526 ὲν
415 477 480 543 τῇ
510 481 645 545 πρὸς
671 477 760 531 τδν
795 478 1103 533 ’Λκίνδυνον
1143 477 1583 547 ὲπιστολῇ,ιΚαὶ
1613 477 1711 533 τὰς
1741 478 1892 543 Eva?-

2017 477 2289 532 tdmodum
2320 476 2473 530 multi
2502 476 2729 545 spiritus
2768 472 3223 541 singularitatem,
3279 487 3343 528 ac
3368 472 3581 544 simpli-

327 564 483 631 γείας
526 566 619 620 τοῦ
673 569 987 639 Ῐίνεὺματος
1040 569 1325 638 πνεύματα
1381 570 1535 639 φίλον
1576 568 1656 637 τῷ
1697 568 1896 639 Ἡσαΐᾳ

2017 569 2247 631 :itatem,
2269 567 2891 635 incompositionemqtte
2953 566 3193 635 Spiritus
3220 576 3330 619 non
3361 566 3573 627 tollunt,

330 654 547 707 καὶ-εἰν·
579 657 781 727 δηλαδὴ
822 661 889 713 τὰ
928 661 1079 731 δῶρα
1114 662 1209 713 τοῦ
1252 660 1588 731 Πνεὺματος.
1618 660 1679 711 Δί
1719 657 1776 710 δὲ
1801 659 1896 711 τοῦ

2017 661 2207 730 quippe
2235 669 2362 715 sunt
2390 660 2738 725 operationes
2786 660 2991 727 ipsius;
3029 658 3100 711 ita
3146 661 3309 711 etiam
3369 658 3412 711 si
3456 659 3578 727 quis

326 744 461 798 Θεοῦ
497 748 767 817 ἐνέργειαι
796 753 1042 806 ἄκτιστοί
1082 755 1238 807 εἰσιν.
1284 772 1304 805 ι

2017 753 2212 806 dixerit
2282 754 2482 807 multas
2548 753 2801 815 deitates,
2865 752 3216 820 operationes
3286 751 3578 820 designans

328 841 490 896 unius
525 843 770 910 Deitatis,
796 850 1057 902 unitatem
1118 865 1180 903 ac
1209 849 1614 917 simplicitatem
1679 849 1798 919 ejus
1861 863 1970 901 non
2012 849 2171 903 tollit.
2204 866 2221 898 ι
2273 848 2341 902 Ει
2398 849 2447 900 in
2485 848 2712 916 epistola
2759 848 2825 901 ad
2880 846 3223 916 Aeindynum
3278 866 3290 900 :
3351 868 3368 898 ι
3406 849 3578 905 Etiam

325 936 676 1001 operationes
733 939 973 1008 Spiritus
1013 943 1186 995 sancti
1250 942 1427 1009 placet
1479 942 1632 995 Isaia:
1678 942 1903 1011 spiritus
1942 942 2241 1011 appellare,
2290 941 2503 995 scilicet
2551 934 2692 994 dona
2734 940 2973 1010 Spiritus
3027 942 3226 995 sancti.
3292 942 3383 995 Dei
3447 956 3578 995 vero

326 1028 675 1096 operationes
712 1031 966 1088 increatae
1005 1044 1155 1088 sunt.
1198 1052 1217 1085 ι

402 1122 523 1174 Ἔτι
550 1122 770 1187 λέγουσι
806 1126 878 1191 μὴ
923 1125 1169 1191 γίνεσθαι
1221 1128 1491 1185 σύνθεσιν,
1525 1128 1588 1181 ἔκ
1623 1145 1679 1181 τε
1722 1128 1908 1191 οὑσίας

323 1213 461 1268 Θεοῦ
487 1216 583 1266 καὶ
612 1207 686 1268 ὧν
709 1216 999 1284 φρονοῦσιν
1023 1218 1179 1270 αὑτοὶ
1202 1221 1602 1288 πραγματικῶς
1632 1223 1912 1291 συνυπάρ-

326 1325 443 1377 χειν
473 1307 632 1377 αὑτῇ.
674 1308 784 1361 Καί
843 1325 1007 1378 φησιν
1061 1312 1088 1362 ὁ
1151 1311 1415 1380 Παλαμᾶς
1455 1316 1514 1365 ἐν
1566 1315 1711 1382 λόγῳ
1761 1308 1822 1366 οὑ
1875 1315 1908 1383 ἠ

324 1399 509 1469 ἁρχὴ,
582 1398 713 1464 Τοῖς
779 1405 1355 1470 πνευματοκινήτοις
1420 1405 1539 1458 τῶν
1607 1407 1904 1475 Πατέρων,

332 1508 352 1541 ι
398 1492 517 1543 Ὀτι
552 1491 612 1543 τὸ
635 1490 890 1546 ἄκτιστον
922 1499 1341 1566 προσκείμενον,
1372 1499 1497 1569 μίαν
1522 1500 1906 1554 ἀποδείκνυσιν

324 1582 423 1633 καὶ
474 1582 595 1650 ίσην
653 1584 751 1636 καὶ
792 1586 972 1653 ἁπλῆν
1020 1589 1120 1655 τὴν
1182 1590 1239 1640 ἐν
1284 1592 1349 1658 τῇ
1409 1589 1681 1659 διακρίσει
1728 1594 1902 1666 ταύτῃ

323 1672 615 1741 ὁρωμένην
644 1672 897 1742 θεότητα.
933 1677 1043 1729 Καὶ
1071 1678 1179 1748 γὰρ
1220 1680 1328 1731 πᾶν
1355 1679 1611 1735 ἄκτιστον
1646 1683 1737 1734 καὶ
1769 1685 1900 1753 ὁμό-

324 1765 485 1831 τιμόν
514 1766 749 1819 ἐστικαὶ
783 1768 1081 1836 ἡνωμένον,
1106 1771 1200 1821 καὶ
1225 1769 1473 1834 σύνθεσις
1505 1772 1562 1823 ὲν
1599 1775 1709 1835 τοῖς
1746 1774 1903 1827 ἀκτίο

324 1874 475 1918 στοις
521 1859 925 1927 συναγομένοις
961 1863 1039 1923 είς
1069 1860 1127 1914 ἓν
1166 1864 1227 1914 οὑ
1280 1863 1482 1931 μήποτ’
1525 1865 1591 1917 ἂν
1622 1866 1897 1932 γένοιτο.»

2085 1127 2353 1181 Praeterea
2404 1126 2627 1189 dicunt,
2680 1142 2785 1179 non
2841 1126 2959 1181 ﬁeri
3003 1126 3458 1194 compositionem
3513 1140 3577 1180 ex

2014 1220 2340 1283 substantia,
2385 1229 2441 1273 et
2492 1220 2560 1274 iis
2618 1235 2738 1288 qua:
2777 1215 2853 1273 illi
2905 1219 3150 1273 sentiunt
3209 1218 3427 1272 realiter
3465 1217 3578 1271 dis-

2012 1311 2181 1365 tincta
2231 1326 2352 1365 esse
2394 1326 2518 1365 cum
2570 1310 2896 1365 substantia.
2941 1312 3119 1378 Atque
3180 1310 3375 1362 asserit
3428 1310 3583 1365 Pala-

2011 1419 2149 1469 mas,
2194 1404 2248 1457 in
2286 1405 2559 1467 oratione,
2608 1405 2765 1473 cujus
2799 1404 3016 1457 initium
3056 1422 3070 1463 ;
3114 1405 3152 1457 Α
3204 1403 3404 1467 Spiritu
3441 1408 3581 1459 exci-

2011 1502 2135 1552 tatis
2168 1498 2440 1557 Patribus.
2479 1516 2496 1548 t
2529 1498 2685 1563 Quod
2720 1512 2825 1551 vox
2890 1498 3223 1559 increalum,
3259 1494 3387 1549 dum
3430 1499 3582 1565 adja-

2010 1599 2119 1652 cet,
2178 1605 2342 1642 unam
2386 1590 2650 1652 ostendit,
2708 1599 2765 1643 et
2814 1589 3101 1657 :rqttalem,
3155 1603 3219 1642 ac
3278 1588 3582 1656 simplicem

2004 1679 2295 1742 Deitatem,
2340 1694 2461 1749 qua:
2517 1680 2570 1732 in
2619 1678 2721 1732 hac
2778 1678 3131 1733 distinctione
3171 1677 3409 1731 videtur.
3459 1678 3583 1732 Etc~

2010 1772 2121 1825 nim
2155 1787 2317 1825 omne
2358 1771 2662 1825 increatum
2690 1770 2936 1840 ejusdem
2980 1770 3211 1825 honoris
3249 1778 3334 1825 est
3369 1779 3424 1825 et
3450 1785 3584 1823 con-

2002 1863 2331 1931 junctionis,
2376 1877 2556 1931 neque
2596 1862 2649 1915 in
2712 1861 2971 1915 increatis
3004 1861 3059 1914 in
3115 1878 3285 1916 unum
3338 1862 3585 1917 collectis

326 1949 438 2001 Καὶ
477 1950 537 2001 ὲν
567 1942 741 2018 ἑτέρῳ
770 1944 830 2003 οὗ
861 1953 894 2018 ή
922 1952 1086 2021 ἁρχὴ.
1127 1929 1612 2022 ’Υποψιθυρίσας
1635 1929 1867 2010 τοίνυν
1887 1974 1901 1989 ο

2017 1954 2100 2009 liet
2128 1970 2368 2023 unquam
2402 1954 2751 2022 compositio.
2791 1972 2808 2004 ι
2842 1951 2909 2009 Et
2935 1952 2987 2006 itt
3022 1952 3128 2006 alia
3157 1952 3406 2007 oratione
3438 1994 3453 2016 ,
3489 1969 3584 2007 cu-

346 2055 365 2086 ι
397 2038 503 2089 Καὶ
528 2038 648 2090 οὑδὲ
680 2038 839 2093 τοῦτο
861 2041 1090 2094 συνιδεῖν
1138 2044 1357 2111 ἴσχυσεν
1394 2047 1423 2098 ὁ
1469 2048 1526 2098 ἐν
1560 2046 1770 2109 τοὺτοις
1807 2048 1905 2111 τὰς

324 2129 612 2193 συνθέσεις
643 2131 895 2201 ἀφρόνως
928 2133 1363 2203 φανταζόμενος,
1392 2137 1482 2199 ιὼς
1530 2139 1561 2206 ἠ
1610 2140 1719 2190 τῶν
1750 2138 1907 2192 ἀκτί-

325 2236 473 2271 στων
517 2220 612 2273 καὶ
657 2222 823 2283 ὅντως
858 2223 1045 2277 ἁπλῶν
1076 2226 1392 2288 συνέλευσις
1421 2228 1502 2290 είς
1545 2227 1604 2279 ἒν
1654 2228 1905 2281 σύνθεσιν

323 2311 588 2379 οὐδεμίαν
619 2316 857 2382 ἐμποιεῖ.
905 2333 923 2365 ι
958 2315 1066 2368 Καὶ
1092 2318 1120 2369 ὁ
1151 2318 1497 2386 χρηματίσας
1522 2321 1603 2381 είς
1634 2322 1904 2389 πατριάρ-

330 2417 436 2475 χην
477 2403 746 2466 Κόκκινος
769 2405 825 2456 ὲν
852 2403 894 2456 θ’
923 2405 1036 2458 τῶν
1072 2406 1139 2458 ιδ’
1179 2408 1493 2474 κεφαλαίων
1518 2409 1684 2475 αὑτοῦ
1717 2427 1905 2478 φησιν,

337 2511 355 2541 ι
407 2492 597 2563 Ἡμεῖς
626 2495 889 2563 μαθόντες
913 2497 1020 2549 ἀπὸ
1058 2498 1169 2549 τῶν
1206 2498 1399 2563 ἁγίων,
1432 2501 1515 2552 ὅτι
1550 2500 1667 2553 οὑδὲ
1700 2501 1791 2554 τὸν
1812 2501 1907 2554 ἄν·

331 2583 554 2652 Θρωπον
578 2587 794 2640 ποιοῦσί
829 2605 961 2641 ποτε
991 2588 1247 2643 σύνθετον
1274 2592 1341 2642 τὰ
1376 2593 1585 2658 φυσικὰ
1618 2592 1906 2660 ἰδιώματα,

330 2676 453 2730 ἀλλ’
484 2678 606 2731 οὑδὲ
663 2680 712 2732 οἱ
757 2682 995 2749 τεχνικοὶ
1031 2683 1179 2749 λόγοι
1224 2687 1319 2736 καὶ
1355 2685 1693 2755 ἐπιστῆμαι·
1734 2689 1910 2750 οὐδεὶς

332 2768 447 2839 γὰρ
498 2771 563 2823 ἂν
612 2770 756 2823 εἴποι
797 2772 927 2824 ποτὲ
972 2773 1064 2824 τδν
1110 2773 1403 2843 ἄνθρωπον
1442 2774 1722 2841 σύνθετον,
1774 2779 1909 2830 διότι

333 2862 451 2929 εχει
477 2861 640 2929 φύσιν
673 2866 766 2916 καὶ
796 2863 1077 2935 ἐνέργειαν
1129 2865 1387 2936 φυσικὴν,
1424 2867 1456 2937 ἢ
1494 2867 1627 2920 διότι
1660 2869 1773 2938 ἔχει
1806 2869 1912 2933 φύ-

335 2969 427 3005 σιν
459 2954 554 3005 καὶ
577 2953 771 3025 τέχνην
806 2956 1276 3027 γραμματικὴν,ἣ
1313 2961 1650 3029 τεκτονικὴν,
1677 2961 1708 3029 ἢ
1738 2977 1911 3028 γεωρ-

335 3046 506 3116 γικὴν
532 3048 711 3115 τυχόν.
759 3047 820 3101 Ei
859 3049 913 3101 δὲ
964 3051 1057 3103 ἐπὶ
1105 3050 1213 3102 τῶν
1253 3051 1562 3120 ἀνθρώπων
1595 3052 1787 3118 οὑτως,
1818 3054 1909 3106 ἐπὶ

331 3136 436 3189 τοῦ
474 3136 608 3190 Θεοῦ
638 3139 691 3190 τί
717 3141 823 3207 χρὴ
864 3139 1064 3207 λέγειν,
1098 3141 1191 3194 τοῦ
1227 3143 1407 3196 πάντα
1439 3145 1733 3213 ὑπερφυῶς
1760 3146 1911 3215 ἔχον-

2003 2047 2093 2115 jus
2138 2046 2399 2099 initium:
2453 2045 2587 2099 Cum
2636 2044 3018 2097 insusurrasset
3073 2046 3271 2114 igitur:
3320 2063 3338 2095 ι
3395 2044 3585 2112 Neque

2009 2139 2113 2191 hoc
2149 2138 2461 2206 perspicere
2509 2137 2703 2200 valuit,
2737 2137 2831 2205 qui
2886 2135 2940 2188 in
2980 2134 3097 2190 istis
3155 2134 3586 2203 compositiones

2010 2233 2177 2286 stulte
2210 2231 2561 2297 imaginatur,
2592 2229 2739 2297 quod
2774 2230 2825 2281 in
2863 2243 3032 2281 unum
3068 2241 3370 2281 concursus
3400 2241 3583 2278 rerum

2012 2323 2402 2385 increatarum,
2453 2330 2508 2373 et
2569 2334 2758 2373 revera
2809 2317 3165 2386 simplicium,
3223 2315 3582 2384 compositio-

2010 2427 2133 2465 nem
2197 2410 2399 2463 nttllam
2469 2408 2615 2463 facit.
2672 2428 2689 2459 ι
2738 2408 2805 2461 Et
2858 2405 3128 2461 Cocciuus
3166 2404 3277 2466 ille,
3321 2405 3414 2474 qui
3480 2402 3585 2457 fuit

2009 2502 2346 2571 patriarcha,
2378 2500 2432 2553 in
2465 2515 2612 2553 nono
2652 2499 2833 2567 capite
2872 2513 2938 2551 ex
2968 2496 3034 2551 iis
3061 2494 3355 2550 duodecim
3388 2494 3595 2562 capiti-,

2013 2594 2136 2651 bus.
2171 2608 2291 2661 qua:
2324 2591 2541 2654 edidit,
2597 2609 2614 2641 ι
2639 2583 2646 2591 ’
2672 2590 2803 2651 Nos,
2836 2589 2933 2653 ait,
2993 2603 3119 2641 cum
3169 2586 3529 2641 didicerimus
3555 2601 3587 2640 a

2012 2685 2236 2745 sanctis,
2262 2683 2406 2752 quod
2445 2697 2625 2751 neque
2662 2681 2943 2734 hominem
2984 2680 3195 2735 faciunt
3226 2678 3590 2748 proprietates

2015 2777 2294 2829 naturales
2343 2790 2583 2843 unquam
2631 2773 3022 2843 compositum,
3050 2772 3144 2826 sed
3196 2787 3377 2841 neque
3418 2770 3592 2825 artili-

2012 2865 2146 2920 ciosi
2223 2879 2505 2936 sermones
2541 2874 2596 2917 et
2625 2863 2953 2934 disciplinae.
2993 2861 3165 2917 Nemo
3210 2863 3359 2915 enim
3388 2860 3590 2914 dixerit

2016 2968 2261 3023 unquam
2312 2954 2594 3007 hominem
2650 2951 3043 3021 compositum,
3098 2949 3357 3021 quoniam
3425 2948 3590 3001 habet

2017 3056 2265 3099 naturam
2297 3052 2351 3098 ct
2385 3044 2763 3113 operationem
2834 3042 3164 3105 naturalem,
3198 3041 3285 3095 vel
3316 3040 3463 3110 quod
3494 3040 3591 3092 ha-

2020 3141 2150 3194 beat
2181 3147 2460 3200 naturam,
2510 3146 2567 3190 et
2612 3144 2784 3190 artem
2822 3136 3258 3206 grammaticam,
3283 3133 3367 3187 vel
3420 3131 3590 3186 fabri-

331 3246 465 3294 τοςς
507 3230 665 3283 Ἀλλὰ
698 3232 947 3294 σύνθεσις
974 3231 1184 3300 γίνεται
1218 3234 1314 3286 καὶ
1354 3235 1574 3301 λέγεται
1608 3236 1751 3299 τότε,
1781 3238 1909 3289 ὅταν

2017 3232 2143 3287 lem.
2176 3230 2260 3284 vel
2291 3231 2471 3284 forsan
2499 3237 2673 3282 artem
2711 3227 3081 3297 agriculturae.
3114 3225 3270 3291 Quod
3303 3224 3348 3279 si
3405 3224 3458 3278 in
3491 3224 3592 3277 ho-

330 3320 432 3373 δύο
464 3324 764 3391 πράγματα
815 3322 1005 3389 ἔχοντα
1047 3323 1104 3375 ἓν
1143 3324 1372 3377 ἕκαστον
1414 3326 1547 3378 ἰδίαν
1592 3326 1909 3393 ὑπόστασιν,

333 3413 440 3469 καὶ
464 3413 761 3481 δυνάμενον
789 3413 1021 3467 ἕκαστον
1043 3411 1184 3467 εἶναι
1218 3414 1541 3486 θεωρεῖσθαι
1572 3418 1693 3469 καθ’
1727 3420 1908 3481 ἑαντὸ,

329 3500 463 3570 δίχα
516 3499 608 3553 τοῦ
648 3501 874 3570 ἑτέρου·
910 3502 1039 3555 ὅταν
1085 3502 1153 3553 τὰ
1192 3502 1415 3555 τοιαῦτα
1452 3504 1780 3558 συντεθῶσιν
1819 3507 1913 3556 καὶ

329 3586 617 3640 ἐνωθῶσιν
658 3587 913 3656 ἀλλήλοις
947 3590 1027 3649 εἰς
1057 3588 1185 3657 μίαν
1214 3588 1537 3652 ὑπόστασιν,
1582 3584 1693 3643 οἷον
1723 3591 1914 3663 ὥσπερ

330 3682 397 3734 ὲν
438 3679 514 3749 τῷ
553 3679 828 3749 ἀνθρώπῳ
859 3678 1007 3749 ψυχὴ
1065 3683 1160 3735 καὶ
1204 3682 1385 3751 σῶμα,
1435 3681 1468 3750 ἦ
1519 3683 1591 3733 ’ὲν
1647 3687 1713 3753 τῇ
1765 3686 1913 3755 οἰκία

330 3772 480 3826 λίθοι
510 3774 605 3826 καὶ
645 3771 781 3837 ξὺλα
819 3773 912 3825 xal.
940 3772 1178 3841 σίδηρος.
1211 3773 1397 3824 Ταῦτα
1440 3773 1547 3843 γὰρ
1589 3774 1713 3827 καθ’
1743 3776 1912 3831 ἑαυτὰ

328 3867 545 3919 ἕκαστα
593 3865 892 3928 ὑπόστασις
925 3865 1247 3925 ὄντα,σὸταν
1304 3866 1603 3919 συντεθῶσι
1655 3868 1749 3921 καὶ
1783 3870 1914 3920 ἑνω-

334 3959 505 4012 θῶσιν
539 3956 788 4025 ἀλλήλοις
838 3958 916 4018 είς
968 3958 1097 4025 μίαν
1150 3956 1468 4019 ὑπόστασιν,
1520 3960 1641 4009 τότε
1693 3959 1914 4026 λέγεται

337 4048 614 4109 σύνθεσις,
652 4047 773 4115 ἤτοι
797 4044 990 4109 ἓνωσις
1022 4048 1401 4100 ἐνυποστάτων
1422 4047 1515 4100 δὺο
1546 4051 1910 4118 πραγμάτων,

333 4140 371 4210 ἢ
403 4141 497 4195 καὶ
526 4138 811 4191 πλειόνων.
849 4156 868 4189 ι
902 4140 1008 4189 Καὶ
1060 4141 1116 4190 ἐν
1162 4138 1242 4207 τῷ
1292 4138 1443 4207 τόμῳ
1501 4142 1654 4211 κοινῇ
1712 4143 1914 4205 πάντες

333 4231 710 4299 ἀπεφήναντο,
752 4248 772 4281 ί
805 4228 961 4281 Μετὰ
1008 4228 1164 4281 τοῦτο
1216 4229 1564 4299 ἐζητήσαμεν
1618 4236 1768 4301 παρὰ
1803 4233 1913 4285 τῶν

332 4321 515 4387 ἁγίων
559 4323 607 4373 εἱ
664 4321 931 4390 μηδεμίαν
969 4321 1082 4389 ἔχοι
1122 4337 1203 4380 τις
1256 4319 1321 4373 ἂν
1372 4322 1611 4373 ἐπινοεῖν
1663 4322 1914 4376 σύνθεσιν

334 4418 436 4469 ἐπὶ
462 4416 596 4468 Θεοῦ
626 4416 713 4468 διὰ
764 4416 862 4484 τὴν
912 4414 1010 4483 τῆς
1052 4413 1205 4475 θείας
1250 4412 1438 4474 οὑσίας
1489 4413 1584 4464 καὶ
1636 4414 1915 4483 ἐνεργείας

330 4509 625 4577 διαφοράν.
674 4506 995 4577 ’Λπεδείχθη
1025 4502 1119 4559 οὖν
1160 4506 1306 4575 παρὰ
1340 4506 1445 4559 τῶν
1477 4506 1647 4571 ἁγίων
1696 4508 1914 4560 πάντων

2016 3321 2259 3375 minibus
2298 3320 2371 3375 ita
2413 3335 2471 3375 se
2504 3335 2592 3373 res
2636 3319 2824 3381 habet,
2867 3317 3000 3386 quid
3046 3318 3099 3370 in
3130 3317 3244 3371 Deo
3290 3316 3587 3369 dicendum

2014 3426 2120 3478 est.
2160 3417 2253 3485 qui
2284 3414 2467 3469 omnia
2513 3411 3010 3483 supernaturaliter
3042 3410 3245 3464 habet?
3289 3408 3395 3463 Sed
3436 3423 3589 3462 com-

2014 3508 2216 3578 positio
2249 3516 2379 3560 tunc
2410 3507 2469 3559 lit
2514 3513 2570 3558 et
2610 3504 2832 3566 dicitur,
2865 3501 3085 3570 quando
3126 3500 3246 3555 duae
3276 3514 3365 3553 res
3396 3499 3587 3569 singu-

2013 3599 2080 3654 lae
2123 3598 2332 3651 habent
2365 3595 2646 3665 propriam
2703 3592 3143 3655 subsistentiam,
3178 3604 3409 3661 quarum
3454 3592 3590 3644 una-

2016 3703 2243 3760 quarque
2270 3676 2447 3758 possit
2493 3700 2614 3740 esse
2653 3700 2750 3755 per
2778 3700 2858 3749 se,
2884 3694 2940 3737 et
2977 3682 3322 3738 considerari
3359 3681 3476 3737 sine
3506 3680 3588 3735 al-

2017 3791 2152 3844 tera,
2226 3776 2448 3848 quando
2502 3775 2767 3847 ejusmodi
2826 3773 3127 3844 composita
3184 3781 3242 3827 et
3297 3772 3591 3841 conjuncta

2017 3869 2224 3925 iuerint
2273 3867 2341 3922 ad
2387 3868 2623 3921 invicem
2669 3867 2723 3921 in
2759 3880 2923 3921 unam
2969 3864 3404 3929 subsistentiam,
3434 3862 3590 3917 verbi

2015 3960 2214 4030 gratia,
2251 3967 2308 4012 ut
2338 3959 2393 4012 in
2424 3958 2647 4013 homine
2677 3958 2858 4011 anima
2899 3966 2954 4013 et
2988 3971 3211 4027 corpus,
3249 3956 3329 4010 vel
3366 3956 3420 4010 in
3455 3970 3591 4009 con-

2017 4050 2281 4115 Strttenda
2340 4048 2503 4103 domo
2562 4048 2774 4119 lapides
2807 4091 2820 4113 ,
2863 4048 3010 4118 ligna
3062 4056 3119 4102 et
3176 4046 3420 4110 ferrum;
3477 4047 3592 4101 [nec

2016 4143 2164 4198 enim
2195 4141 2416 4211 singula
2455 4156 2555 4210 per
2584 4156 2642 4195 se
2671 4138 3085 4195 subsistentiam
3126 4138 3350 4202 habent,
3381 4147 3438 4192 et
3466 4153 3591 4192 cum

2017 4236 2311 4305 conjuncta
2372 4242 2429 4286 et
2458 4232 2765 4302 composita
2806 4231 2951 4285 inter
3014 4246 3072 4286 se
3107 4231 3161 4285 in
3207 4245 3371 4284 unam
3408 4229 3593 4283 subsi-

2016 4325 2273 4379 stentiam
2329 4324 2553 4388 fuerint,
2585 4330 2715 4375 tunc
2734 4321 2936 4375 dicitur
2964 4321 3313 4389 compositio,
3344 4320 3427 4373 vel
3460 4334 3595 4373 ccu-

2013 4417 2227 4488 junctio
2248 4416 2479 4469 duarum
2507 4428 2713 4473 rerum,
2736 4412 2818 4464 vel
2844 4410 3088 4481 plurium
3113 4411 3587 4465 subsistendum.»

2019 4508 2087 4563 Et
2164 4508 2221 4561 in
2279 4516 2428 4560 tomo
2484 4504 2854 4558 communiter
2936 4516 3129 4557 omnes
3176 4500 3593 4556 decreverunt:

335 4602 764 4669 κηρυττόμενον,
816 4599 890 4659 ὡς
942 4599 1043 4650 οὑκ
1096 4599 1212 4650 ἐστι
1275 4596 1525 4649 σύνθεσίν
1586 4613 1708 4667 τινα
1760 4598 1909 4667 παρὰ

2023 4617 2040 4650 ι
2088 4598 2216 4652 Post
2267 4597 2383 4651 hac
2426 4595 2778 4665 quaesivimus
2833 4607 2864 4647 a
2911 4591 3142 4657 sanctis,
3204 4600 3390 4646 utrum
3424 4588 3594 4660 possit

331 4692 498 4747 τοῦτο
528 4689 768 4758 νομίζειν
801 4692 891 4741 ἐπὶ
923 4690 1015 4742 τοῦ
1050 4689 1209 4742 Θεοῦ.
1284 4709 1318 4741 ι.
1342 4690 1449 4741 Καὶ
1490 4690 1547 4739 ἐν
1585 4691 1696 4751 τοῖς
1719 4689 1914 4741 ἀναθε-

336 4785 635 4855 ματισμοῐς
665 4782 709 4835 δ’
730 4780 1034 4851 ἐκφωνοῦσι
1056 4798 1069 4812 ο
1101 4800 1118 4831 ι
1148 4782 1270 4842 Τοῖς
1294 4780 1547 4848 φρονοῦσι
1578 4782 1671 4833 καὶ
1698 4781 1917 4847 λέγουσι

336 4875 597 4929 σύνθεσίν
630 4892 752 4928 τινα
783 4875 917 4935 ὅλως
946 4872 1032 4926 διὰ
1060 4872 1229 4924 ταῦτα
1263 4873 1514 4939 γίνεσθαι
1536 4872 1629 4925 ἐπὶ
1654 4874 1811 4936 Θεοῦ,
1840 4874 1915 4941 μὴ

339 4964 687 5034 πειθομένοις
735 4965 792 5017 δὲ
830 4968 895 5034 τῇ
928 4963 1036 5015 τῶν
1065 4964 1239 5031 ἁγίων
1270 4962 1607 5034 διδασκαλίᾳ,
1649 4964 1916 5033 μηδεμίαν

338 5058 598 5113 σύνθεσιν
630 5057 738 5110 ἀπὸ
772 5056 879 5109 τῶν
911 5053 1157 5125 φυσικῶν
1186 5057 1243 5107 ἐν
1269 5057 1335 5125 τῇ
1368 5054 1529 5122 φύσει
1563 5056 1809 5122 γίνεσθαι
1833 5056 1916 5109 δια

338 5151 677 5214 δασκὸντων,
733 5149 807 5212 ὠς
865 5151 985 5201 κατ’
1041 5147 1196 5202 οὐδὲν
1245 5148 1463 5209 πάντως
1519 5148 1618 5218 τὴν
1650 5150 1914 5217 διαφορὰν

339 5239 552 5310 ταύτην
582 5240 986 5310 ).υμαινομένην
1011 5242 1076 5309 τῇ
1119 5241 1238 5308 θείᾳ
1269 5240 1551 5306 ἁπλότητι,
1585 5239 1851 5309 ἀνάθεμα.
1889 5259 1908 5292 ι

2024 4690 2297 4760 quispiam
2329 4688 2491 4741 ullam
2535 4684 2991 4755 compositionem
3032 4686 3087 4738 in
3117 4683 3227 4737 Deo
3252 4681 3597 4736 animadver-

2019 4792 2136 4838 tere
2185 4788 2413 4851 prOpter
2449 4779 2841 4839 dill‘crentiam,
2890 4791 3012 4846 quze
3053 4784 3137 4830 est
3181 4775 3322 4828 inter
3354 4772 3594 4825 divinam

2015 4875 2375 4932 substantiam
2437 4882 2493 4928 et
2559 4871 2955 4941 operationem.
3018 4873 3310 4921 Ustettsum
3358 4873 3441 4917 est
3492 4862 3596 4931 igi-

2017 4978 2108 5025 tur
2159 4984 2190 5022 a
2253 4965 2460 5025 sanctis
2521 4964 2775 5019 omnibus
2826 4960 3180 5030 prwdicatum
3216 4957 3406 5020 fuisse,
3449 4953 3596 5022 quod

2016 5060 2225 5116 nullam
2275 5054 2733 5126 compositionem
2780 5060 3006 5121 pr0pter
3041 5050 3092 5103 id
3150 5048 3204 5103 in
3242 5048 3353 5101 Deo
3406 5043 3599 5099 existi-

2004 5165 2168 5206 -mare
2218 5149 2367 5205 licet.
2404 5167 2422 5199 ι
2454 5146 2522 5201 Et
2555 5146 2606 5199 in
2645 5140 3119 5199 anathematismis
3184 5138 3543 5209 pronuntiant
3578 5154 3593 5191 :

2029 5257 2047 5290 ι
2090 5239 2162 5294 lis
2206 5237 2300 5308 qui
2335 5235 2604 5299 sentiunt,
2650 5248 2713 5288 ac
2747 5232 2961 5297 dicunt,
2997 5228 3454 5300 compositionem
3502 5225 3600 5281 ali-

345 5351 515 5407 quam
545 5336 772 5390 omnino
798 5343 1025 5404 propter
1058 5334 1174 5388 hmc
1205 5335 1257 5387 in
1288 5334 1397 5387 Deo
1440 5333 1579 5393 ﬁeri.
1611 5350 1789 5402 neque
1852 5334 2121 5390 doctrinae
2159 5339 2475 5388 sanctorum
2547 5330 2933 5399 acquiescunt,
2972 5327 3065 5397 qui
3129 5327 3326 5380 docent
3390 5323 3595 5379 nullam

340 5428 798 5496 compositionem
853 5427 970 5481 lieri
1024 5442 1088 5481 ex
1145 5426 1489 5503 naturalibus
1565 5427 1618 5480 in
1685 5436 1901 5491 natura,

346 5521 712 5590 simplicitati.
755 5523 1070 5576 anathema.
1112 5541 1127 5573 ι

398 5617 542 5687 ,Ἔτι
584 5616 1005 5683 δογματίζουσιν
1036 5615 1117 5666 ὅτι
1146 5602 1297 5668 κατά
1325 5632 1448 5668 τινα
1476 5617 1678 5684 τρόπον
1710 5616 1770 5667 οὑ
1797 5616 1911 5668 διας

342 5706 626 5774 κρίνονται
654 5707 899 5774 ἀλλήλων
925 5708 993 5758 τὰ
1021 5707 1147 5773 τρία
1188 5707 1285 5775 τῆς,
1334 5706 1588 5776 θεότητος
1623 5707 1912 5775 πρόσωπα,

344 5791 689 5875 ᾗπρόσωπα,
713 5798 845 5852 ἀλλὰ
864 5800 957 5851 καὶ
984 5798 1115 5867 πρὸς
1136 5798 1231 5861 τὰς
1250 5799 1504 5868 δυνάμεις
1529 5798 1616 5850 καὶ
1638 5799 1915 5867 ἐνεργείας

1983 5440 2107 5480 cum
2178 5424 2488 5479 dill‘erentia
2540 5424 2656 5476 haec
2704 5421 2841 5475 nihil
2889 5428 3085 5474 noceat
3124 5417 3352 5473 omnino
3399 5415 3599 5469 divinae

2101 5614 2373 5667 Praeterea
2408 5612 2798 5681 dogmatizant,
2838 5610 2982 5681 quod
3019 5624 3127 5662 non
3172 5606 3593 5675 distinguuntur

2029 5705 2266 5775 quodam
2316 5702 2479 5757 modo
2537 5704 2680 5757 inter
2737 5718 2793 5757 se
2853 5712 2964 5757 tres
3016 5700 3245 5756 Deitatis
3300 5711 3545 5767 persona:
3578 5734 3595 5761 ,

2026 5809 2297 5868 quatenus
2354 5811 2600 5867 persona:
2652 5808 2799 5854 sunt.
2849 5799 2953 5853 Sed
3005 5810 3057 5855 et.
3104 5799 3166 5851 at!
3224 5793 3491 5863 potentias
3540 5796 3595 5844 et
