3862 6218
302 314 405 377 861
470 376 471 379 η

1501 314 1903 376 ADVERSUS
1936 312 2325 376 PALAMAM-

3180 243 3187 251 ι

3436 311 3546 376 862

299 435 501 495 πάντες
534 432 740 503 χάριτι,
782 430 971 502 ὥσπερ
998 430 1063 501 δὴ
1094 430 1187 484 καὶ
1221 427 1363 485 θεοί·
1400 428 1538 497 αῦτη
1578 431 1624 484 δ’
1656 433 1871 500 ηχάρις

1990 429 2147 485 :reati
2181 427 2403 499 quidem
2431 425 2518 481 isti
2557 440 2749 481 omnes
2791 432 2918 479 Sunt
2960 408 3158 493 ralia,
3189 423 3547 491 quemadmo—

294 527 574 588 ἅκτιστος,
614 523 691 588 ῶς
740 520 936 595 μικρὸν
972 521 1229 593 ἀνωτέρω
1266 520 1773 593 προαποδέδεικται.
1804 539 1822 573 ι

372 717 483 769 Kal
507 715 691 777 πάλιν,
725 733 744 765 ι
774 715 841 768 Δί
863 714 957 768 τοῦ
984 714 1118 769 Θεοῦ
1138 716 1411 786 ἐνέργειαι
1434 715 1679 770 ἄκτιστοί
1706 716 1868 781 εἰσιν,

301 804 351 857 εί
380 804 473 857 καὶ
492 804 560 855 τὰ
577 802 746 856 πλείω
765 803 876 855 τῶν
898 802 1353 872 ἀποτελεσμάτων
1368 803 1571 855 τούτων
1598 801 1875 872 κτίσματὰ

301 896 434 945 είσι.
474 911 494 943 ι
532 892 644 946 Καὶ
676 893 735 944 ὲν
784 892 860 959 τῷ
898 892 1061 963 λόγῳ,
1093 886 1154 944 οὗ
1182 895 1214 962 ἡ
1244 892 1406 963 ἀρχὴ,
1459 891 1882 945 Φιλοκεινοῦσι

300 984 437 1051 μὲν,
489 1003 506 1035 ι
557 982 679 1045 Πῶς
701 980 795 1035 οῦν
827 983 926 1036 οὐκ
956 985 1212 1047 ἄκτιστος
1244 985 1277 1053 ή
1316 984 1473 1054 χάρις
1505 983 1572 1035 δι’
1614 983 1681 1055 ἢν
1716 982 1806 1035 καὶ
1831 982 1881 1035 οί

304 1072 705 1141 μετεσχηκότες
753 1070 924 1141 αὐτῆς
962 1073 1189 1143 ἄναρχοι
1220 1073 1317 1148 καὶ
1346 1075 1592 1128 ἄκτιστοι
1623 1073 1718 1128 καὶ
1757 1073 1885 1127 ἀτε-

300 1162 574 1232 λεύτητοι,
612 1163 709 1215 καὶ
738 1164 928 1228 ἀΐδιοι,
965 1167 1061 1217 καὶ
1091 1165 1331 1235 οὐράνιοι
1365 1166 1484 1219 κατ’
1525 1164 1694 1235 αὐτὴν
1725 1164 1875 1235 παρᾶ

300 1251 413 1305 τῶν
439 1250 701 1322 Πατέρων
739 1251 1293 1323 προσηγορεύθησανς
1332 1271 1351 1305 ι

378 1434 502 1486 Ἔτι
549 1432 933 1505 δογματίζουσι
977 1436 1179 1499 πολλὰς
1227 1437 1524 1502 ὑπόστασις
1573 1435 1714 1493 εἶναι
1777 1438 1875 1493 τοῦ

303 1522 462 1578 Θεοῦ.
497 1526 605 1578 Καί
636 1543 801 1597 φησιν
840 1529 868 1581 ὁ
916 1528 1206 1598 Παλαμᾶς,
1261 1548 1280 1582 ι
1338 1528 1480 1583 Ἀλλ’
1521 1532 1642 1583 ἐπεὶ
1675 1530 1877 1595 πολλὰς

302 1616 401 1670 καὶ
444 1614 737 1687 διαφόρους
791 1617 1120 1681 ὑποστάσεις
1154 1620 1249 1674 καὶ
1296 1619 1554 1689 δυνάμεις
1590 1622 1683 1674 καὶ⁸
1725 1622 1877 1690 svsp-

305 1708 466 1776 τείας
496 1709 526 1759 ό
550 1707 684 1771 Θεὸς
721 1706 856 1779 ἔχει,
890 1710 938 1762 εί
976 1711 1053 1781 μὴ
1091 1711 1150 1765 ἓν
1177 1730 1230 1765 τι
1269 1711 1331 1765 τὸ
1376 1714 1547 1767 αἴτιον
1571 1715 1628 1766 ὲν
1662 1712 1873 1778 αὐταῖς,

1975 520 2106 573 dum
2138 533 2267 573 sane
2292 525 2349 572 et
2376 516 2449 570 dii
2480 532 2496 580 ;
2526 516 2644 585 ipsa
2688 529 2819 569 vero
2860 513 3033 585 gratia
3072 514 3313 568 increata
3351 520 3455 578 est,
3488 522 3547 567 ut

1974 613 2140 685 paulo
2184 611 2439 681 superius
2475 611 2906 666 demonstratum
2958 617 3062 663 est.
3103 626 3124 662 ι

2050 705 2120 760 Ει
2172 718 2413 758 rursus:
2462 720 2481 755 ι
2515 702 2611 757 Dei
2674 700 3024 770 operationes
3083 699 3341 754 inereatre
3375 708 3525 757 sunt.

1978 805 2233 877 quamvis
2258 803 2513 873 pleraque
2540 801 2736 855 borum
2762 799 3054 855 eﬂ‘ectuum
3075 810 3337 853 creature
3380 800 3505 853 sint.
3525 815 3542 848 ι

1976 900 2046 954 Ει
2103 898 2158 952 in
2203 896 2488 959 oratione,
2520 895 2677 963 cujus
2724 893 2939 947 initium
2993 911 3009 949 :
3048 891 3383 947 Contendant
3434 892 3553 960 qui—

1976 991 2093 1044 dem
2122 1004 2140 1042 :
2176 1006 2197 1039 ι
2228 988 2398 1058 Igitur
2424 986 2518 1056 qui
2548 985 2664 1040 ﬁeri
2705 993 2908 1054 potest.
2957 993 3018 1037 ιιι
3052 998 3159 1036 non
3196 982 3267 1036 sit
3296 983 3544 1035 incrcata

1977 1082 2170 1153 gratia,
2199 1096 2300 1151 per
2325 1094 2491 1150 quam
2518 1086 2575 1132 et
2618 1075 2712 1145 qui
2741 1074 3039 1145 participes
3068 1076 3189 1144 ejus
3239 1073 3367 1127 facti
3397 1080 3546 1133 sunt,

1979 1174 2097 1227 sine
2154 1170 2427 1242 principio
2484 1178 2541 1224 et
2587 1165 2855 1239 increati,
2905 1164 3122 1233 ﬁneque
3170 1173 3444 1221 carentes.
3493 1170 3551 1215 et

1980 1262 2300 1333 sempiterni
2348 1267 2513 1330 atque
2544 1257 2798 1313 caelestes
2828 1254 3134 1309 secundum
3174 1254 3349 1323 ipsam
3382 1268 3413 1307 a
3450 1252 3552 1307 Pa-

1983 1355 2161 1412 tribus
2194 1351 2450 1423 appellati
2486 1347 2656 1404 sunt?
2690 1364 2709 1397 ι

2046 1444 2318 1500 Ρτωιετειι
2364 1440 2753 1511 dogmatizant,
2797 1438 3000 1493 multas
3048 1436 3373 1506 bypostases
3426 1446 3551 1487 esse

1977 1534 2109 1601 Dei;
2156 1543 2321 1604 atque
2362 1531 2442 1586 ait
2474 1530 2764 1587 Palamas:
2807 1545 2826 1579 ι
2866 1527 2973 1583 Sed
3037 1525 3298 1596 quoniam
3347 1523 3551 1577 multas

1975 1632 2033 1677 et
2073 1621 2322 1675 diversas
2357 1619 2714 1690 bypostases.
2757 1625 2813 1671 et
2843 1616 3120 1687 potentias
3144 1653 3160 1679 ,
3189 1622 3246 1670 et
3277 1611 3553 1683 operatio.

1976 1729 2076 1769 nes
2106 1712 2250 1767 Deus
2303 1709 2492 1772 habet,
2542 1708 2650 1764 nisi
2703 1720 2877 1763 unum
2935 1705 3144 1775 aliquid
3204 1704 3259 1759 in
3292 1702 3428 1774 ipsis
3480 1702 3555 1757 sit

308 1797 505 1852 πολλαὶ
543 1798 637 1852 καὶ
676 1799 925 1869 διάφοροι
957 1801 1171 1857 ἔσονται
1202 1804 1369 1873 ἀρχαὶ
1397 1804 1499 1875 τῆς
1538 1803 1813 1873 θεότητος.
1852 1821 1871 1856 ι

1990 1818 2165 1870 causa,
2198 1802 2371 1858 multa
2397 1809 2454 1857 et
2489 1798 2703 1855 diversa
2736 1806 2904 1854 erunt
2944 1796 3211 1868 principia
3246 1794 3486 1850 deitatis.
3524 1811 3544 1844 ι

381 1890 503 1947 Ἔτι
540 1890 928 1961 δογματίζουσι
972 1894 1067 1946 καὶ
1097 1894 1199 1956 τὰς
1247 1895 1445 1959 πολλὰς
1496 1895 1698 1959 ταύτας
1730 1897 1880 1968 ἐνερ-

304 1977 465 2047 γείας
516 1980 705 2044 οὐσίας
754 1977 918 2037 εἶναι.
954 1984 1068 2037 Καί
1118 2001 1285 2056 φησιν
1313 1987 1341 2039 ό
1377 1985 1644 2055 Παλαμᾶς
1696 1992 1755 2040 ἑν
1802 1986 1879 2056 τῷ

303 2071 441 2141 πρὸς
468 2072 562 2125 τὸν
593 2073 752 2127 Λίνου
783 2074 951 2145 λόγῳ,
978 2068 1038 2129 οὗ
1073 2077 1106 2147 ἠ
1138 2078 1303 2148 ἀρχὴ,
1335 2078 1547 2146 Διδοῦς
1576 2079 1762 2143 ὄντως
1792 2080 1879 2132 οι·

303 2162 590 2231 χομένης,
630 2181 650 2215 ι
705 2164 814 2217 Καὶ
865 2168 976 2236 μὴν
1030 2168 1172 2221 κατὰ
1223 2167 1314 2221 τὸν
1360 2168 1526 2225 πολὺν
1575 2168 1739 2232 ὅντως
1785 2168 1879 2221 καὶ

308 2255 812 2325 πνευματοκίνητον
868 2257 992 2310 νοῦν
1052 2258 1162 2311 τῶν
1220 2258 1380 2329 ιερῶν
1433 2259 1694 2329 Πατέρων
1744 2259 1877 2329 φαίη

304 2348 374 2402 ἂν
421 2365 505 2411 τις
536 2349 630 2401 καὶ
664 2348 853 2404 οὐσίαν
886 2350 1129 2417 εὐσεϐῶς
1170 2351 1418 2422 ,ἑκάστην
1456 2352 1567 2406 τῶν
1610 2351 1704 2406 τοῦ
1739 2351 1877 2405 Θεοῦ

303 2440 392 2491 ινε
400 2439 622 2507 ργειῶν.
659 2458 679 2492 ι

383 2530 505 2584 Ἔτι
556 2533 813 2602 φρονοῦσι
848 2532 950 2604 τὴν
1000 2533 1191 2588 οὐσίαν
1236 2535 1330 2590 τοῦ
1384 2534 1520 2591 Θεοῦ
1570 2535 1879 2608 φθαρτικὴν

306 2617 571 2675 εἶναικαὶ
605 2624 972 2695 ἀναλωτικὴν,
1026 2625 1186 2696 εἴπερ
1241 2625 1395 2681 ἔσται
1444 2627 1704 2699 μεθεκτή,
1768 2629 1880 2682 Καί

308 2728 481 2780 φησιν
515 2712 544 2762 ό
595 2714 862 2783 Παλαμᾶς
906 2716 966 2769 ιν
999 2715 1077 2787 τῷ
1113 2716 1251 2787 πρὸς
1301 2717 1609 2772 Ἀκίνδυνον
1640 2718 1879 2789 πέμπτῳ

306 2805 475 2875 λόγῳ,
495 2821 556 2858 ου
582 2807 616 2877 ὴ
643 2806 807 2876 ἀρχὴ,
850 2805 1039 2862 Ἀλλὰ
1071 2806 1161 2874 τίς
1191 2807 1269 2863 ἄν
1286 2824 1303 2841 ·
1336 2827 1356 2861 ι
1384 2808 1530 2881 Αὐτὴ
1551 2809 1732 2864 τοίνυν
1757 2810 1880 2864 καθ’

309 2897 482 2963 αὐτὴν
512 2897 545 2965 ή
573 2895 692 2949 θεία
732 2898 1070 2969 μετεχομένη
1104 2898 1198 2953 καὶ
1231 2898 1620 2971 λαμδανομένη
1661 2900 1877 2972 φύσιςῆ

310 2988 529 3057 φυρμὸν
565 2987 834 3054 πείσεται,
888 2989 922 3060 ἢ
977 2990 1074 3061 τὴν
1127 2990 1442 3063 παθητικὴν
1495 2992 1880 3058 ὲξαναλὼσασα

2051 1894 2325 1950 Praeterea
2356 1890 2761 1962 dogmatizant,
2789 1889 2956 1945 etiam
2985 1888 3085 1943 bas
3122 1888 3325 1943 multas
3357 1900 3555 1955 opera-

1982 1983 2160 2040 tiones
2219 1998 2341 2038 esse
2400 1978 2773 2046 substantias;
2815 1986 2982 2049 atque
3039 1978 3117 2032 ait
3172 1977 3443 2039 Palamas,
3495 1974 3553 2029 in

1980 2076 2232 2133 oratione
2278 2073 2346 2129 ad
2386 2074 2706 2143 episcopum
2749 2070 3045 2134 Anensem,
3090 2069 3248 2138 cujus
3308 2066 3551 2128 initium,

1982 2167 2307 2222 Verecundia
2357 2180 2540 2218 revera
2574 2164 2817 2217 amissa:
2857 2178 2875 2215 ι
2922 2160 2992 2214 Ει
3031 2155 3551 2214 ιιιιιιεηοεεοιιηάυιιι

1982 2258 2212 2313 multam
2259 2269 2450 2311 revera
2511 2261 2569 2308 et
2624 2267 2655 2306 a
2713 2249 2909 2320 spiritu
2970 2250 3267 2304 excitatam
3312 2256 3553 2302 mentem

1980 2358 2299 2405 sanctorum
2328 2346 2579 2409 Patrum,
2608 2340 2812 2397 dixerit
2842 2339 3066 2410 aliquis,
3094 2338 3260 2394 etiam
3290 2337 3551 2393 substan-

1982 2441 2110 2497 tiam
2140 2437 2250 2510 pie,
2288 2447 2734 2504 unamquamque
2756 2430 2853 2486 Dei
2882 2428 3283 2499 operationem.
3324 2446 3346 2481 ι

2053 2533 2323 2588 Praeterea
2377 2527 2629 2583 sentiunt
2680 2523 3051 2580 substantiam
3110 2520 3207 2574 Dei
3269 2518 3385 2573 fore
3434 2531 3555 2572 cor-

1982 2623 2276 2695 ruptivam,
2302 2628 2356 2677 et
2374 2617 2829 2688 consumptivam,
2856 2615 2903 2671 si
2933 2613 3042 2671 erit
3060 2609 3555 2669 communicabilis.

1982 2718 2161 2785 Atque
2201 2712 2277 2787 ait
2316 2711 2583 2773 Palamas,
2615 2708 2669 2762 in
2703 2708 2893 2777 quinta
2940 2703 3190 2759 oratione
3222 2701 3290 2755 ad
3320 2699 3557 2770 Acindy—

1981 2804 2313 2875 num,cujus
2350 2801 2605 2857 initium:
2638 2797 2833 2853 Verum
2873 2797 3120 2867 quisnam
3143 2809 3162 2846 :
3187 2812 3205 2845 ι
3237 2793 3359 2864 Ipsa
3388 2792 3555 2863 igitur

1980 2913 2081 2969 per
2132 2910 2191 2952 se
2244 2893 2431 2950 divina
2474 2876 2901 2962 partieipata‘et
2953 2895 3168 2956 sumpta
3212 2893 3409 2940 natura
3468 2882 3556 2939 vel

1982 2986 2425 3044 eommistionem
2480 2983 2724 3053 patietur
2752 3022 2768 3046 ,
2823 2978 2910 3033 vel
2960 2977 3232 3049 passivam
3257 2985 3507 3033 naturam
3534 3013 3553 3035 .

310 3079 510 3146 φθάσει
530 3078 695 3147 φύσιν
717 3081 843 3151 πρὶν
867 3079 935 3133 ἂν
975 3080 1173 3153 ληφθῇ.
1200 3101 1218 3135 ι
1242 3082 1352 3136 Kal
1392 3082 1572 3148 πάλιν,
1598 3103 1616 3136 ι
1658 3084 1719 3138 El
1745 3084 1881 3149 ὅλως

1990 3088 2278 3146 antequam
2329 3083 2602 3138 sumatur,
2661 3074 2959 3127 absumens
3029 3067 3335 3125 exhauriet.
3400 3083 3420 3118 ι
3484 3064 3559 3125 Et

310 3169 464 3222 ἐστὶν
494 3169 523 3222 ό
558 3169 690 3234 Θεὸς
715 3171 774 3224 ὲν
804 3172 917 3234 τοῖς
964 3169 1162 3238 ἀξίοις,
1193 3171 1279 3224 ὅτι
1318 3173 1448 3226 ποτὲ
1486 3173 1600 3226 ἔστι
1640 3173 1761 3227 κατ’
1791 3172 1882 3227 οὐ-

311 3263 521 3333 σίαν,ἢ
555 3262 717 3332 φύσει
768 3262 925 3327 Θεοὺς
971 3258 1113 3317 εἶναι
1155 3264 1391 3336 ἀνάγκη,
1441 3266 1501 3319 οῦ
1541 3266 1724 3336 χάριτι
1754 3266 1883 3328 τοὺς

311 3353 473 3415 Decb;
512 3354 800 3435 μετόχους,
856 3355 889 3424 ἢ
939 3354 1283 3425 κατακαῆναι
1340 3356 1437 3409 καὶ
1484 3356 1875 3428 διαφθαρῆναι.

314 3442 429 3494 Καὶ
467 3444 523 3494 ὲν
547 3443 624 3514 τῷ
652 3444 803 3514 τόμῳ
835 3445 1021 3511 σαφῶς
1050 3444 1408 3516 ἐπεκύρωσαν
1436 3446 1618 3511 τοῦτο,
1653 3447 1749 3501 καὶ
1782 3448 1884 3518 τὴν

310 3534 503 3587 ο’·σίαν
544 3533 639 3587 τοῦ
672 3533 807 3587 Θεοῦ
848 3526 1120 3600 είτιόντες,
1162 3535 1250 3589 διὰ
1288 3539 1350 3590 τὸ
1390 3538 1544 3608 παρὰ
1570 3537 1680 3591 τῶν
1711 3538 1883 3607 ἁγίων

309 3624 569 3695 είρῆσλαι
621 3618 827 3694 ταύτην
879 3627 1330 3696 ἀπροσπέλαστον
1381 3628 1479 3683 καὶ
1534 3626 1881 3697 ἁμίθεκτον,

313 3713 628 3785 φθαρτικὴν
680 3716 827 3786 ἡμᾶς
878 3711 1015 3768 εἶναι
1072 3715 1340 3785 νομίζειν,
1389 3718 1515 3779 τοὺς
1554 3718 1697 3773 οὕτω
1752 3717 1885 3789 περὶ

312 3805 521 3875 ταύτης
551 3806 901 3877 φρονοῦντας,
922 3805 968 3860 ὣ
990 3807 1189 3876 τόλμης
1216 3807 1476 3873 ἀσεόοῦςί
1515 3810 1883 3880 ἅπεφήναντοο

315 3899 417 3951 καὶ
442 3898 614 3953 ταῦτα
641 3897 779 3969 πρὸς
807 3898 1050 3968 Μωῦσῆν
1074 3897 1170 3953 τοῦ
1208 3899 1344 3953 Θεου
1376 3901 1685 3972 εἰρηκότος,
1718 3920 1738 3956 ι
1776 3904 1886 3957 Οὐ-

312 3985 430 4048 61;
461 3985 652 4055 ὄψεται
675 3985 735 4038 τὸ
766 3985 1061 4056 πρόσωπόν
1093 4001 1199 4057 μου
1226 3987 1319 4042 καὶ
1343 3987 1590 4060 ζήσεται.
1624 4007 1645 4043 ι

398 4160 517 4213 Ἔτι
546 4156 854 4228 ἐτόλμησαν
878 4160 928 4213 οί
951 4161 1111 4214 πάντ’
1136 4161 1376 4226 ἀναιδεῖς
1411 4165 1612 4232 εἰπεῖν,
1645 4166 1727 4222 ὅτι
1756 4166 1887 4223 ἀνά·

314 4250 479 4316 λογόν
518 4251 664 4303 ἐστιν
706 4249 895 4319 ῶσπερ
930 4250 999 4303 τὰ
1046 4251 1104 4304 ἐν
1140 4253 1220 4322 τῷ
1251 4252 1400 4323 νόμῳ
1445 4257 1721 4327 μυστήρια
1750 4258 1887 4326 πρὸς

313 4341 421 4405 τὰς
443 4339 549 4394 τῶν
580 4341 948 4411 εὖαγγελικῶν
967 4345 1336 4413 κηρυγμάτων
1362 4345 1710 4415 παραδόσεις,
1738 4352 1888 4403 οὕτω

1984 3185 2222 3225 rursus:
2275 3186 2294 3221 ι
2335 3166 2393 3221 Si
2442 3166 2669 3220 omnino
2709 3165 2854 3219 Deus
2903 3166 2989 3217 est
3025 3162 3078 3217 in
3114 3160 3432 3215 hominibus
3475 3157 3560 3212 di-

1983 3262 2143 3333 gnis,
2180 3258 2448 3331 quidquid
2500 3257 2636 3312 illud
2694 3255 2913 3311 tandem
2956 3255 3029 3309 sit
3078 3253 3382 3309 secundum
3428 3250 3559 3306 sub-

1984 3352 2268 3413 stantiam,
2300 3347 2387 3402 vel
2442 3354 2503 3401 ut
2541 3346 2651 3401 sint
2680 3356 2877 3401 natura
2925 3345 3027 3411 dii,
3084 3359 3193 3398 non
3237 3343 3429 3413 gratia,
3460 3341 3557 3410 qui

1982 3441 2079 3497 Dei
2109 3439 2403 3511 participes
2431 3448 2581 3503 sunt,
2629 3436 2716 3492 vel
2761 3436 3158 3492 comburantur
3190 3441 3247 3488 et
3284 3433 3560 3486 intereant

1984 3546 2211 3588 necesse
2245 3540 2351 3586 est.
2392 3547 2411 3581 ι
2448 3530 2515 3584 Ει
2546 3529 2600 3583 in
2631 3536 2781 3583 tomo
2809 3529 2960 3584 clare
3006 3526 3062 3581 id
3094 3526 3319 3580 decreto
3351 3524 3557 3578 conlir--

1984 3631 2227 3686 marunt,
2275 3632 2439 3691 atque
2488 3620 2784 3674 dixerunt:
2823 3636 2843 3670 ι
2884 3617 2996 3674 Nos
3043 3615 3407 3672 substantiam
3458 3614 3562 3669 Dei

1985 3714 2296 3771 existimare
2310 3728 2432 3768 esse
2454 3710 2869 3781 corruptibilem
2889 3711 2944 3779 (ο
2967 3706 3250 3764 audaciam
3267 3707 3488 3777 impiam
3515 3706 3563 3772 ι)

1986 3804 2079 3875 qui
2103 3803 2171 3858 de
2193 3818 2255 3857 ea
2296 3800 2368 3855 ita
2391 3800 2691 3865 sentimus;
2722 3813 2791 3854 eo
2820 3799 2968 3868 quod
2991 3814 3019 3852 a
3041 3797 3247 3852 sanctis
3295 3795 3450 3851 dit-ta
3475 3794 3549 3849 sit

1986 3894 2379 3950 inaecessibilis
2424 3902 2481 3947 et
2522 3890 3076 3954 incommunicabilis,
3110 3887 3407 3959 praesertim
3431 3901 3563 3941 cum

1986 3986 2131 4041 Deus
2178 3983 2248 4039 ad
2294 3983 2514 4054 Moysen
2556 3981 2798 4039 dixerit:
2835 3999 2855 4036 ι
2896 3981 3070 4040 Nemo
3113 3978 3322 4036 videbit
3361 3977 3565 4034 faciem

1986 4090 2160 4130 meam
2192 4083 2248 4129 et
2277 4074 2442 4128 vivet.
2483 4091 2502 4124 ›

2058 4167 2325 4221 Praeterea
2358 4165 2413 4219 in
2443 4162 2700 4220 omnibus
2743 4162 3093 4233 impudentes
3137 4164 3258 4219 ausi
3294 4170 3426 4219 sunt
3463 4162 3557 4217 di-

1987 4271 2112 4316 cere
2138 4255 2549 4326 proportionem
2578 4269 2722 4309 esse.
2756 4254 2822 4309 Ut
2857 4270 2917 4311 se
2944 4255 3150 4310 habent
3188 4255 3449 4326 mysteria
3483 4254 3567 4311 le-

1988 4350 2070 4419 gis
2106 4347 2345 4416 antiqua:
2377 4346 2446 4400 ad
2498 4346 2825 4401 traditiones
2870 4348 3235 4414 evangelicas,
3282 4347 3356 4401 ita
3394 4346 3558 4401 etiam

322 4434 421 4487 καὶ
459 4426 617 4486 αὗται
666 4433 803 4503 πρὸς
844 4432 914 4485 τὰ
943 4433 1039 4486 νέα
1089 4435 1383 4502 Παλαμικὰ
1430 4436 1703 4506 δόγματα.
1750 4441 1882 4509 Φησὶ

1994 4436 2409 4509 praedicationes
2438 4438 2767 4507 evangelica:
2790 4437 2858 4491 ad
2877 4452 3014 4493 nova
3034 4439 3263 4493 Palama:
3287 4440 3569 4508 dogmata.

321 4526 436 4595 γὰρ
475 4528 502 4578 ό
555 4524 707 4595 παρὰ
763 4524 858 4577 τοῦ
912 4525 990 4588 είς
1042 4526 1387 4597 πατριάρχην
1442 4530 1890 4601 χρηματίσαντος

324 4616 593 4671 Κοκκίνου
627 4615 866 4678 ἐκτεθεὶς
912 4616 987 4677 ὡς
1036 4618 1146 4670 ἀπὸ
1185 4618 1295 4671 τῶν
1339 4619 1754 4691 Ἀγιορειτικῶν
1806 4623 1895 4676 τό-

325 4722 425 4776 μος
465 4702 784 4766 συστατικὸς
830 4701 906 4756 ὢν
969 4704 1064 4757 τοῦ
1116 4707 1355 4776 Παλαμᾶ
1394 4709 1555 4761 τάδε’
1594 4729 1612 4762 ι
1670 4710 1751 4763 Τὰ
1791 4712 1892 4780 μὲν

321 4793 529 4863 ἀρτίως
562 4792 1014 4862 καθωμιλημένα,
1048 4796 1142 4847 καὶ
1172 4799 1326 4866 κοινῇ
1360 4800 1526 4857 πᾶσιν
1546 4799 1889 4870 ἐγνωσμένα,

323 4885 422 4938 καὶ
458 4883 741 4955 παρρησία
788 4886 1171 4954 κηρυττόμενα
1204 4887 1473 4957 δόγματα,
1528 4890 1617 4943 διὰ
1645 4890 1893 4955 Μωσέως

323 4976 541 5045 ὑπῆρχε
582 4976 747 5045 νόμου
780 4976 1081 5047 μυστήρια,
1110 4978 1225 5041 τοϊς
1272 4980 1585 5050 προφήταις
1616 4983 1798 5051 μόνοις
1833 4986 1891 5038 ἑν

325 5066 609 5135 ῐινεύματι
674 5066 1069 5137 προορώμενασ
1130 5067 1199 5121 τὰ
1243 5068 1288 5120 δ’
1346 5072 1735 5142 ἐπηγγελμένα
1778 5077 1892 5137 τοῖς

324 5157 506 5225 ἁγίοις
536 5157 720 5225 ἀγαθὰ
740 5157 882 5211 κατὰ
904 5156 994 5209 τὸν
1029 5158 1203 5213 αίῶνα
1226 5158 1317 5223 τὸν
1340 5161 1608 5230 μέλλοντα
1629 5165 1727 5233 τῆς
1750 5166 1893 5219 κατὰ

323 5249 389 5301 τὸ
416 5249 747 5317 Εὑαγγέλιόν
778 5251 895 5317 ἐστι
924 5249 1204 5313 πολιτείας
1236 5253 1515 5323 μυστήρια
1536 5256 1649 5318 τοῖς
1681 5255 1769 5310 διὰ
1796 5255 1893 5310 τοῦ

325 5340 646 5408 Πνιύματος
673 5342 807 5412 όρᾷν
846 5341 1171 5412 ἠξιωμένοις
1198 5344 1294 5397 καὶ
1318 5344 1533 5407 τούτοις
1569 5347 1806 5419 μετρίως
1834 5349 1894 5402 ἐν

325 5432 649 5504 ἁρῤαὸῶνος
707 5433 865 5503 μέρει
924 5432 1179 5503 διδόμενά
1229 5450 1291 5487 τε
1352 5435 1445 5488 καὶ
1510 5437 1889 5509 προορώμενα.

339 5521 479 5575 Ἀλλ’
514 5522 703 5594 ὥσπερ
736 5522 902 5587 εἴτις
950 5524 1061 5576 τῶν
1103 5523 1374 5577 Ἰουδαίων
1432 5525 1506 5593 μὴ
1558 5525 1682 5591 μετ’
1734 5527 1894 5582 εὐλα-

328 5614 481 5675 ειίας
528 5614 744 5667 ἁκούων
795 5615 903 5667 τῶν
949 5613 1244 5685 προφητῶν
1294 5611 1565 5687 λεγόντων
1596 5613 1770 5682 Λόγον
1799 5617 1893 5669 καὶ

328 5702 559 5773 Πνεῦμα
586 5704 723 5759 Θεοῦ
751 5706 997 5760 συναῖδιά
1033 5720 1091 5758 τε
1145 5706 1243 5762 καὶ
1270 5701 1593 5772 προαιώνια.
1627 5707 1891 5779 συνέσχεν

1991 4529 2196 4586 Tomus
2223 4528 2371 4589 enim
2400 4529 2582 4585 editus
2623 4528 2691 4584 ab
2729 4530 2822 4585 illo
2845 4530 3106 4595 Coceiuo,
3140 4532 3234 4601 qui
3267 4531 3371 4587 fuit
3396 4532 3567 4602 patri-

1988 4620 2196 4686 archa,
2255 4620 2476 4675 nomine
2530 4622 2922 4677 monachorum
2974 4623 3159 4678 Sancti
3197 4623 3412 4685 Montis.
3468 4623 3567 4677 ubi

1988 4713 2238 4770 Palamas
2286 4713 2706 4770 commendatur
2744 4724 2799 4772 et
2828 4717 3185 4785 approbatur,
3217 4716 3333 4769 haec
3397 4714 3565 4767 habet

1989 4804 2059 4860 ad
2091 4805 2320 4859 verbum
2364 4822 2379 4858 :
2417 4822 2437 4857 ι
2480 4804 2578 4868 Ea,
2615 4805 2683 4859 de
2704 4806 2905 4874 quibus
2943 4807 3107 4861 modo
3130 4819 3312 4859 sermo
3341 4802 3569 4857 habitus

1989 4902 2095 4960 csl,
2119 4905 2175 4949 et
2203 4893 2274 4948 ab
2305 4895 2565 4949 omnibus
2601 4896 2973 4950 communiter
3003 4895 3212 4950 sancita
3242 4901 3393 4958 sunt,
3413 4909 3564 4963 quae-

1990 4998 2097 5051 que
2130 4982 2302 5036 libere
2330 4982 2702 5051 praedicantur
2728 4983 3004 5053 dogmata,
3034 5000 3131 5055 per
3163 4984 3382 5055 Moysen
3405 4993 3565 5039 erant

1988 5073 2127 5143 legis
2170 5071 2453 5142 mysteria,
2511 5088 2633 5143 quae
2683 5083 2893 5129 tantum
2935 5075 3215 5145 prepheta:
3254 5074 3307 5129 in
3353 5075 3569 5146 Spiritu

1990 5163 2387 5235 praevidebant,
2410 5180 2533 5234 qua:
2559 5178 2696 5223 vero
2723 5167 2993 5235 promissa
3022 5168 3393 5223 suntsanctis
3416 5166 3567 5223 bona

1992 5254 2048 5311 in
2086 5254 2278 5311 futuro
2310 5256 2536 5323 sarculo,
2571 5268 2702 5313 sunt
2735 5259 2993 5330 mysteria
3030 5260 3327 5330 evangelici
3362 5267 3563 5323 status,

1992 5344 2062 5401 iis
2092 5345 2187 5415 qui
2216 5362 2315 5416 per
2345 5346 2612 5417 Spiritum
2650 5358 2905 5404 sanctum
2936 5365 3001 5405 ea
3032 5349 3219 5405 videre
3256 5350 3403 5420 digni
3434 5349 3565 5408 facti

1991 5445 2156 5503 sunt;
2191 5438 2387 5507 bisque
2424 5439 2781 5494 mediocriter
2814 5440 2937 5494 loco
2972 5440 3297 5496 arrliabonis
3335 5442 3560 5507 dantur,

1995 5537 2051 5584 et
2080 5528 2148 5582 ab
2181 5529 2247 5583 iis
2294 5528 2689 5597 praevidentur.
2720 5532 2993 5587 Caeterum
3019 5533 3486 5603 quemadmodum
3516 5535 3568 5588 si

1992 5619 2116 5690 quis
2156 5635 2223 5673 ex
2251 5619 2457 5701 Iuda-is
2504 5637 2613 5675 non
2643 5634 2802 5677 caute
2834 5624 3067 5679 audiens
3095 5622 3394 5694 prophetas
3416 5664 3432 5689 ,
3464 5640 3561 5694 qut

1995 5710 2211 5776 dicunt,
2249 5709 2489 5775 Verbum
2535 5721 2585 5766 et
2616 5712 2881 5784 Spiritum
2910 5713 3003 5771 Dei
3032 5726 3154 5771 esse
3192 5723 3461 5773 cozeterna
3504 5724 3561 5766 rt
