3862 6218
268 383 375 448 869

1186 350 1285 444 ne
1327 378 1847 445 PROCESSIONE
1882 376 2246 441 smmrus
2284 376 2575 439 ssucrr.

3405 379 3520 445 8'70

272 500 419 570 αὐτὴν
447 498 525 568 τῷ
560 496 778 570 ἀριθμῷ
809 534 825 561 ,
862 495 987 551 οὒτε
1025 497 1322 569 ἀτέννητός
1362 499 1534 563 ἔστιν,
1568 494 1692 550 οὗτε
1728 512 1855 564 γεν-

1961 503 2013 549 οι
2044 492 2238 547 eadem
2267 506 2521 558 numero,
2547 504 2726 561 neque
2760 488 3006 561 ingenita
3035 496 3140 556 est,
3168 504 3348 561 neque
3377 495 3532 558 geni-

272 590 430 663 νητὴ,
460 588 574 641 οὔτ’
607 586 1044 657 ἐκπορευομένη,
1071 588 1249 652 ἄλλως
1273 588 1383 658 γὰρ
1415 589 1569 658 τρεῖς
1608 585 1676 641 ἂν
1707 583 1853 657 ἦσαν

272 682 455 737 οὐσίαι
511 681 963 751 διακεκριμέναι,
1004 680 1403 752 ἀπολελυμέναι
1458 679 1722 748 ἀλλήλων,
1754 681 1853 731 καὶ

274 772 659 844 ἀντικείμεναι
706 771 989 839 ἀλλήλαις·
1021 772 1270 826 λείπεται
1305 770 1472 842 μηδὲν
1500 770 1629 825 ἄλλο
1660 770 1851 839 προϊέ-

275 883 365 921 ναι
406 865 466 930 ἐξ
503 865 690 929 ἄλλου,
727 866 778 920 εἰ
825 865 901 936 μὴ
934 865 1174 935 ἰδιότητα
1204 864 1264 931 ἐξ
1278 863 1589 934 δδιότητος,
1627 861 1726 914 εἴτ’
1757 859 1854 914 οὖν

274 958 374 1029 τὴν
418 958 647 1028 υίότητα
681 959 745 1011 ἐκ
772 957 874 1029 τῆς
905 957 1275 1028 πατρότητος.

351 1048 477 1102 Ἔτι
504 1066 566 1102 τε
600 1050 726 1104 επεὶ
769 1052 794 1103 ό
834 1049 935 1119 μὲν
973 1049 1107 1113 Υἱὸς
1148 1048 1327 1103 καὶτὸ
1357 1048 1586 1117 Πνεῦμα
1615 1047 1675 1101 τὸ
1697 1045 1854 1114 ἅγιον

276 1145 348 1198 ἐκ
369 1143 464 1198 τοῦ
498 1142 712 1214 Πατρός
758 1142 1128 1211 ὁμολογεῖται,
1159 1143 1188 1195 δ
1234 1141 1292 1194 δὲ
1331 1141 1521 1211 Πατὴρ
1564 1140 1707 1193 κατὰ
1749 1140 1851 1203 τὰς

276 1234 463 1297 θέσεις
495 1231 676 1285 αὐτῶν
701 1232 765 1284 ὲκ
787 1232 887 1300 τῆς
922 1229 1205 1300 πατρικῆς
1252 1229 1541 1298 ἰδιότητος,
1576 1226 1701 1295 ἥτις
1740 1226 1853 1278 οὔτ’

275 1324 440 1378 οὐσία
490 1322 607 1376 οὗθ’
641 1321 945 1385 ὑπόστασίς
1010 1322 1155 1386 ἔστι,
1205 1319 1303 1373 καὶ
1358 1319 1521 1372 τοῦτο
1570 1318 1712 1371 κατὰ
1753 1316 1854 1379 τὰς

277 1415 462 1478 θέσεις
500 1412 701 1476 αὐτῶν,
740 1411 918 1466 πάντα
970 1411 1028 1465 δὲ
1090 1411 1154 1462 ὲκ
1212 1409 1311 1462 τοῦ
1366 1408 1582 1477 Πατρός
1615 1408 1705 1461 διὰ
1756 1405 1852 1493 τοῦ

276 1505 411 1560 Υῑοῦ
440 1507 495 1558 ὲν
522 1503 807 1574 Πνεύματι
829 1503 970 1572 ἁγίῳ
991 1502 1133 1556 κατὰ
1157 1503 1283 1565 τοὺς
1301 1501 1586 1569 θεολόγους
1608 1500 1853 1568 γέγονεν·

275 1596 797 1665 ἀναγκασθήσονται
850 1593 912 1647 τὺ
957 1592 1034 1663 μὴ
1063 1590 1313 1660 ὑφεστὼς
1344 1590 1451 1644 τῶν
1485 1590 1647 1644 θείων
1680 1606 1853 1661 προσ-

276 1684 448 1738 ὡπων
484 1685 580 1739 καὶ
618 1685 801 1753 πάσης
832 1682 941 1752 τῆς
983 1682 1218 1743 κτίσεως
1242 1680 1413 1734 αἴτιον
1447 1681 1678 1733 τιθέναι.

354 1844 480 1897 Ἔτι
537 1857 600 1895 τε
663 1804 1174 1908 ἀναγκασθήσονται
1223 1836 1506 1907 ὁμολογεῖν
1561 1834 1656 1890 ἐπὶ
1711 1834 1846 1890 Θεοῦ
1882 1832 1926 1889 Β

284 1934 567 1999 σύνθεσιν,
601 1932 653 1985 εί
706 1931 803 1985 καὶ⁸
833 1931 911 2001 μὴ
960 1931 1064 2001 τῆς
1108 1928 1296 1990 οὐσίας
1342 1928 1563 1999 καὶτῆς
1612 1930 1852 1985 ὑποστά-

282 2037 451 2085 σεως,
478 2020 580 2091 τῆς
610 2036 672 2073 τε
711 2019 1056 2089 πατρότητος
1086 2018 1184 2073 καὶ
1214 2019 1481 2089 υῑότητος,
1505 2019 1543 2073 ἃ.
1570 2019 1677 2073 τῶν
1716 2021 1853 2091 πρός

276 2111 335 2165 τί
378 2112 548 2168 ἐστιν.
595 2111 665 2164 Ἃ
702 2110 768 2182 δὴ
806 2111 945 2182 πρός
985 2127 1064 2175 τι,
1110 2111 1307 2179 ἐφόσον
1348 2112 1468 2165 ἐστὶ
1515 2112 1751 2183 πρᾶγμά
1776 2131 1850 2180 τι,

280 2203 538 2258 σύνθεσιν
571 2203 791 2273 ποιήσει
829 2197 874 2272 ᾧ
897 2202 963 2257 ἂν
995 2202 1388 2272 προσγένηται.
1425 2205 1545 2257 Ἔτι
1573 2221 1632 2257 τε
1666 2205 1851 2277 δεήσει

285 2294 640 2365 συμὸεδηκὸς
685 2293 847 2348 τοῦτο
897 2294 1155 2363 φάσκεινο
1192 2295 1304 2347 πᾶν
1334 2294 1443 2363 γὰρ
1471 2295 1660 2364 χρῆμα
1689 2298 1746 2347 ὲν
1773 2296 1851 2367 τῷ

282 2388 613 2457 ὶνυπάρχειν
650 2385 712 2440 τὺ
765 2381 904 2440 εἷναι
937 2385 1086 2456 ἔχον,
1140 2384 1490 2456 συμϐεϐηκός
1524 2386 1693 2440 ἐστιν.
1730 2384 1850 2437 Ἔτι

282 2497 340 2533 τε
374 2480 559 2550 δεήσει
616 2494 673 2532 τι
727 2479 961 2550 πρᾶγμα
997 2476 1151 2549 παρὰ
1202 2477 1302 2548 τὴν
1348 2475 1444 2529 τοῦ
1495 2477 1632 2529 θεοῦ
1661 2476 1849 2528 οὐσίαν

278 2567 424 2625 εἶναι
452 2569 697 2626 αἰώνιον.
739 2570 805 2624 ’Δ
854 2568 919 2640 δὴ
966 2569 1146 2625 πάντα
1187 2568 1443 2636 αἱρετικὰ
1499 2566 1593 2620 καὶ
1648 2568 1847 2622 ἄτοπαο

276 2665 479 2719 ἕπεται
512 2664 699 2734 μέντοι
733 2664 847 2727 τοῖς
877 2662 976 2734 τὴν
1007 2665 1329 2733 πατρότητα
1358 2661 1455 2715 καὶ
1480 2658 1580 2731 τὴν
1609 2661 1850 2714 ὑπόστα-

282 2773 371 2810 σιν
410 2756 599 2825 ῑτερον
637 2756 735 2826 τῆς
768 2754 956 2818 οὐσίας
997 2753 1329 2825 τιθεμένοις.

1954 593 2031 647 ta,
2060 597 2239 653 neque
2270 581 2573 652 procedens
2607 597 2623 635 :
2651 580 2814 636 aliter
2850 580 2999 635 enim
3037 588 3153 635 tres
3179 589 3363 635 essent
3401 582 3533 637 sub-

1955 673 2178 728 stantia
2210 672 2490 738 discretae,
2523 672 2791 726 absolutae
2820 671 2966 725 inter
3001 685 3081 735 se,
3114 680 3280 740 atque
3308 672 3531 741 Opposi-

1955 774 2024 821 ta:
2051 765 2117 819 ad
2144 764 2378 819 invicem
2405 782 2418 818 :
2447 763 2719 834 reliquum
2762 771 2866 829 est,
2901 773 2961 817 ut
2990 762 3127 817 nihil
3160 763 3307 817 aliud
3334 778 3531 834 prove-

1954 856 2073 911 niat
2111 872 2179 911 ex
2218 856 2346 919 alio,
2395 855 2505 910 nisi
2551 854 2861 926 pr0prietas
2910 870 2977 911 ex
3010 856 3371 927 proprietate,
3413 854 3535 911 sive

1955 948 2150 1002 liliatio
2178 963 2244 1003 ex
2281 947 2635 1017 paternitate.

2023 1038 2318 1104 Praeterea,
2346 1038 2605 1109 quoniam
2633 1038 2806 1093 Filius
2837 1046 2893 1093 et
2914 1037 3154 1110 Spiritus
3209 1047 3432 1094 sanctus
3458 1053 3527 1093 cx

1959 1133 2117 1187 Patre
2170 1146 2294 1187 esse
2345 1131 2626 1185 communi
2682 1144 2956 1185 consensu
3005 1129 3313 1200 recipitur,
3367 1131 3533 1185 Pater

1957 1229 2167 1285 autem,
2200 1222 2531 1276 ‘secundum
2583 1237 2776 1276 eorum
2828 1221 3159 1291 positiones,
3187 1237 3255 1276 ex
3304 1229 3530 1291 paterna

1959 1325 2043 1369 est
2075 1313 2436 1384 proprietate,
2468 1329 2591 1384 quae
2623 1322 2801 1383 neque
2847 1314 3175 1377 substantia,
3213 1327 3392 1381 neque
3431 1312 3532 1381 hy-

1956 1404 2194 1474 postasis
2223 1412 2331 1468 est,
2366 1403 2531 1473 idque
2571 1402 2875 1457 secundum
2924 1401 3171 1472 ipsorum
3205 1401 3531 1472 positiones,

1958 1494 2141 1549 omnia
2183 1504 2366 1548 autem
2414 1495 2555 1548 facta
2586 1504 2713 1546 sunt
2751 1493 2909 1562 juxta
2947 1492 3231 1562 theologos
3263 1507 3329 1546 ex
3374 1491 3539 1557 Patre

1957 1600 2058 1655 per
2110 1584 2309 1640 Filium
2373 1584 2427 1637 in
2469 1583 2684 1653 Spiritu
2750 1592 2963 1649 sancto,
2994 1593 3259 1653 cogentur
3315 1582 3535 1651 aliquod

1958 1678 2103 1748 quod
2124 1690 2249 1729 ‘non
2292 1674 2565 1736 subsistit,
2596 1682 2652 1729 et
2697 1674 3008 1729 divinarum
3056 1688 3437 1744 personarum,
3478 1683 3538 1731 et

1961 1768 2127 1823 totius
2149 1776 2414 1822 creaturae
2432 1782 2638 1837 ponere
2663 1781 2904 1822 causam.
3407 1832 3413 1837 ,

2026 1861 2293 1916 Praeterea
2324 1868 2591 1930 cogentur
2620 1859 2779 1914 fateri
2841 1859 3295 1931 compositionem
3329 1858 3449 1916 esse
3478 1860 3536 1915 in

1957 1952 2066 2006 Deo
2096 1992 2111 2017 ,
2156 1952 2259 2006 etsi
2311 1965 2422 2006 non
2486 1951 2807 2006 substantiae
2834 1988 2851 2015 ,
2900 1960 2957 2006 at
2994 1951 3316 2007 substantia:
3372 1961 3542 2021 atque

1955 2041 2339 2113 bypostaseos,
2370 2042 2720 2111 paternitatis
2777 2043 2910 2096 item
2963 2057 3030 2097 ac
3068 2042 3369 2105 tiliationis,
3407 2057 3534 2111 quae
3588 2032 3591 2039 ’

1953 2131 2023 2184 ad
2085 2130 2295 2200 aliquid
2353 2130 2582 2185 relativa
2635 2140 2786 2185 sunt.
2822 2131 2954 2196 Quae
3007 2145 3142 2185 sane
3187 2131 3254 2185 ad
3297 2131 3449 2199 aliqu
3472 2133 3531 2194 d,

1952 2230 2237 2292 quatenus
2255 2233 2384 2277 sunt
2424 2222 2608 2291 aliqua
2653 2238 2776 2287 res,
2807 2223 3268 2292 compositionem
3307 2222 3539 2277 facient

1950 2323 2075 2363 cum
2106 2323 2175 2364 eo
2220 2308 2288 2364 ad
2332 2307 2482 2379 quod
2524 2309 2892 2364 accesserint.
2921 2307 3195 2363 Praeterea
3245 2323 3387 2378 opus
3424 2308 3533 2363 erit

1949 2400 2205 2456 accidens
2250 2399 2397 2455 istud
2439 2416 2734 2458 asserere:
2772 2401 2975 2470 quippe
3014 2400 3193 2455 omnis
3234 2414 3344 2466 res,
3375 2402 3538 2472 cujus

1955 2506 2077 2548 esse
2107 2502 2193 2547 est
2225 2492 2279 2546 in
2305 2506 2449 2557 esse,
2480 2493 2741 2548 accidens
2791 2501 2896 2547 est.
2944 2492 3213 2545 Praeterea
3238 2505 3375 2560 Opus
3404 2494 3530 2557 erit,

1958 2591 2020 2637 ut
2052 2582 2235 2652 aliqua
2270 2598 2359 2637 res
2387 2596 2585 2653 praeter
2620 2584 2717 2639 Dei
2761 2583 3128 2639 substantiam
3191 2583 3265 2637 sit
3304 2593 3531 2638 aeterna.

1958 2672 2091 2737 Quae
2136 2682 2283 2729 certe
2310 2675 2497 2729 omnia
2531 2674 2790 2730 haeretica
2818 2682 2946 2728 sunt
2976 2682 3032 2728 et
3060 2671 3316 2737 absurda,
3342 2689 3538 2729 neces-

1960 2764 2115 2819 sario
2140 2774 2324 2821 tamen
2350 2774 2658 2836 sequuntur
2679 2783 2746 2822 ex
2770 2780 2962 2822 eorum
2993 2764 3290 2830 sententia,
3315 2764 3409 2834 qui
3434 2780 3535 2836 pa-

283 2849 597 2906 tet-nitatem
634 2856 718 2908 et.
753 2846 1092 2919 bypostasim
1132 2847 1281 2904 aliud
1323 2862 1444 2905 esse
1483 2862 1516 2904 a
1562 2849 1865 2907 substantia
1893 2862 2129 2923 ponunt.
2160 2890 2167 2895 -
3398 2876 3401 2877 ν

869 2943 1128 2998 ΚΕΦΑΛ.
1174 2942 1252 2999 Β’.

2573 2951 2798 3008 CAPUT
2837 2952 2903 3007 ll.
3012 2972 3017 2975 '

282 3035 614 3119 Kurd-dra
658 3033 775 3103 τήν
804 3033 1065 3119 ἕτονλοιαξι·⁸
1090 3035 1247 3090 ἄλλο
1290 3038 1514 3119 arma?
1548 3038 1854 3119 και-ἀλλο

1961 3037 2069 3105 Quo
2100 3055 2255 3096 sensu
2283 3042 2460 3096 dicunt
2490 3041 2717 3119 theologi
2760 3045 3046 3119 aliud_eue
3072 3049 3451 3119 substantiam,
3479 3061 3531 3107 et
3578 3114 3581 3115 ν

425 3108 774 3162 ὑπόστασιν
799 3108 855 3159 οι
886 3106 1159 3175 θεολόγοι
1188 3107 1380 3175 φασιν
1407 3108 1504 3161 ἐπὶ
1539 3110 1707 3165 Θεοῦ.

366 3201 613 3271 ’Δνάγκη
638 3199 825 3253 τοίνυν
849 3198 941 3252 διὰ
967 3197 1143 3253 ταῦτα
1169 3200 1270 3262 τὰς
1294 3198 1471 3269 ἀρχὰς
1496 3202 1593 3271 τῆς
1619 3201 1853 3266 πίστεως

284 3291 685 3362 φυλάττοντας,
719 3289 755 3360 ἢ
789 3305 924 3359 φησι
971 3287 1066 3343 τὸν
1104 3289 1270 3343 αὐτὸν
1300 3289 1435 3344 Θεὸν
1461 3291 1558 3346 ένα
1583 3290 1725 3347 εἶναι
1758 3294 1855 3348 καὶ

279 3386 437 3456 τρία,
473 3384 667 3438 οὐσίαν
694 3382 1126 3453 τὴνὺπόστασιν
1166 3383 1261 3434 καὶ
1295 3383 1394 3453 τὴν
1431 3382 1672 3452 ἰδιότητα
1710 3384 1854 3437 τιοέ-

279 3495 374 3533 ναι
413 3478 526 3540 τοῖς
574 3474 848 3544 θεολόγοις
884 3473 1195 3545 ἑπομένως.
1244 3475 1321 3528 Οὐ
1366 3475 1461 3528 καὶ
1506 3474 1630 3527 καθ’
1660 3473 1856 3543 ἑτέραν

279 3566 448 3631 αὖθις
479 3568 691 3622 ἔννοιαν
717 3566 848 3620 ἄλλο
876 3566 1037 3621 οὐσία
1066 3566 1161 3621 καὶ
1198 3565 1341 3625 ,ἄλλο
1386 3565 1686 3627 ὑπόστασις
1722 3562 1855 3632 παρ’

282 3660 467 3715 αὐτῶν
487 3658 595 3712 τῶν
626 3658 969 3713 διδασκάλων
1001 3659 1245 3730 εἴρηται·
1291 3657 1387 3712 καὶ
1418 3658 1567 3720 ὅπως
1592 3656 1855 3725 ἑκάτερον

279 3750 583 3823 ἀληθεύειν
607 3750 834 3805 δυνατὸν
872 3753 932 3804 ὲν
969 3752 1082 3815 τοῖς
1106 3750 1395 3820 ἑπομένοις
1434 3748 1758 3821 ῥηθήσεται.
1791 3747 1859 3800 Et

280 3864 338 3900 τι
364 3846 463 3917 μὲν
484 3843 579 3909 οὖν
613 3844 709 3897 καὶ
735 3841 1037 3913 βαθύτερον
1075 3840 1314 3895 ἐνταῦθα
1341 3840 1570 3910 θεωρεῖν
1608 3835 1701 3911 ἦν,
1728 3841 1859 3911 περὶ

281 3938 485 3992 τούτου
537 3935 599 3990 τό
642 3950 710 4005 γε
760 3932 858 3988 νῦν
904 3929 1047 3986 εἶναι
1101 3932 1503 4003 παραιτητέον,
1549 3931 1646 3986 τοῦ
1693 3931 1855 3999 λόγου

283 4028 431 4098 πρὸς
458 4027 658 4097 ἄνδρας
692 4024 887 4090 δντος,
943 4022 993 4076 οἱ
1052 4021 1130 4093 μὴ
1173 4022 1463 4093 δυνάμενοι
1513 4021 1584 4075 τὰ
1633 4023 1699 4076 ὲκ
1748 4022 1858 4075 τῶν

282 4119 572 4188 λογισμῶν
631 4115 875 4170 συνιέναι
907 4155 924 4181 ,
987 4112 1176 4181 ὥσπερ
1232 4114 1284 4165 ot
1337 4112 1622 4167 κακόσιτοι
1676 4114 1858 4167 πᾶσαν

282 4210 521 4283 τροφὴν,
547 4207 689 4262 οὕτω
719 4198 985 4271 καὶοῦτοι
1018 4203 1200 4258 πάντα
1223 4203 1657 4275 ἀποστρέφονται
1674 4203 1854 4271 λόγον·

284 4308 360 4359 ιχ
412 4303 471 4357 δὲ
521 4301 631 4356 τῶν
696 4296 1030 4352 διδασκάλων
1097 4295 1480 4365 ἐπιχειρητέον
1537 4294 1615 4364 τῷ
1665 4293 1851 4364 λόγῳ,

2474 3114 2624 3166 aliud
2654 3116 3003 3184 [typostasim.

2023 3201 2261 3257 Necesse
2286 3213 2371 3258 est
2400 3203 2569 3273 igitur
2626 3217 2920 3275 propterea
2952 3210 3225 3281 principia
3263 3212 3389 3269 ﬁdei
3417 3230 3534 3270 ser-

1955 3301 2155 3348 vantes
2193 3294 2336 3363 (quas
2372 3295 2536 3350 docet
2566 3297 2827 3352 eumdem
2874 3300 3049 3356 Deum
3095 3320 3263 3359 unum
3320 3322 3441 3362 esse
3480 3318 3538 3363 et

1956 3388 2107 3463 trial,
2130 3386 2488 3441 substantiam
2526 3404 2733 3457 ponere
2767 3405 2890 3446 esse
2937 3392 3278 3463 hypostasim
3304 3409 3361 3452 et
3404 3415 3533 3468 pro-

1956 3477 2276 3547 prietatem,
2305 3480 2459 3549 juxta
2492 3481 2800 3536 doctrinam
2846 3483 3248 3555 theologorum.
3274 3487 3547 3554 Quamvis

1956 3568 2255 3623 secundum
2287 3570 2447 3623 aliam
2477 3571 2896 3641 intelligentiam
2935 3591 3129 3632 rursus
3159 3578 3365 3632 dictum
3396 3582 3465 3634 sit
3501 3597 3530 3635 a

1956 3658 2269 3714 doctoribus
2324 3660 2470 3715 aliud
2505 3676 2627 3717 esse
2664 3664 3064 3731 substantiam,
3088 3678 3145 3724 et
3178 3669 3329 3727 aliud
3361 3670 3536 3742 hypo-

1956 3752 2168 3816 stasim,
2197 3766 2375 3819 quave
2404 3752 2614 3807 ratione
2643 3762 2939 3825 utrumque
2967 3756 3085 3811 lieri
3117 3766 3315 3828 potest,
3345 3770 3407 3815 ut
3442 3778 3543 3816 vc-

1958 3854 2082 3893 ruin
2112 3840 2206 3906 sit,
2234 3839 2287 3894 in
2321 3844 2795 3912 consequentibus
2827 3846 3065 3904 dicetur.
3101 3848 3156 3905 Si
3189 3851 3323 3920 quid
3362 3850 3531 3921 igitur

1957 3939 2019 3987 et
2048 3932 2212 3987 altius
2237 3932 2330 3988 hic
2373 3943 2492 3989 erat
2535 3936 3017 4005 considerandum,
3050 3939 3119 3995 de
3155 3940 3259 3997 hoc
3287 3942 3342 3997 in
3389 3958 3537 4013 pra:-

1958 4024 2139 4079 sentia
2163 4022 2465 4091 disserere,
2495 4028 3026 4095 praetermittendum
3052 4039 3163 4099 est,
3188 4047 3312 4087 cum
3345 4047 3536 4088 sermo

1956 4112 2030 4168 sit
2078 4114 2146 4168 ad
2199 4114 2477 4182 homines,
2517 4117 2611 4186 qui
2677 4118 2903 4173 minime
2960 4121 3245 4190 percipere
3288 4123 3528 4188 valeant,

1959 4216 2082 4271 quae
2127 4211 2258 4258 sunt
2308 4205 2828 4275 ratiocinationum,
2877 4211 3341 4278 quemadmodum
3393 4215 3536 4268 male

1960 4294 2156 4349 nutriti
2212 4294 2501 4351 fastidiunt
2552 4312 2775 4353 omnem
2830 4299 3048 4366 cibum;
3093 4302 3175 4357 sic
3224 4305 3388 4357 etiam
3441 4305 3536 4360 isti

287 4392 566 4465 σαφηνείᾳ
596 4389 899 4463 χρωμένοις
932 4388 1056 4441 ὅσον
1083 4380 1196 4440 οἷόν
1219 4403 1302 4440 τε.
1336 4386 1447 4439 Καὶ
1474 4385 1691 4456 πρῶτον
1716 4383 1855 4440 κατὰ

1961 4400 2178 4441 omnem
2218 4396 2548 4442 aversantur
2582 4390 2874 4445 rationem.
2922 4392 2971 4445 A
2997 4391 3317 4449 doctoribus
3346 4406 3537 4451 autem

282 4487 413 4541 τίνα
445 4488 547 4555 τὴν
598 4483 807 4537 ἔννοιαν
856 4481 986 4535 ἄλλο
1018 4479 1213 4560 οὐσίαν
1249 4479 1346 4531 καὶ
1392 4476 1522 4531 ἄλλο
1560 4476 1858 4532 ὑπόστασιν

283 4580 339 4632 οἱ
372 4576 618 4646 θεολόγοι
658 4574 811 4643 φασί·
844 4572 1123 4642 δεύτερον,
1171 4571 1320 4632 ὅπως
1373 4567 1555 4636 οὐσία,
1581 4568 1676 4622 καὶ
1721 4567 1858 4622 ὑπό-

284 4688 505 4737 στασις,
544 4671 639 4723 καὶ
672 4668 875 4738 ἰδιότης
903 4666 997 4719 ἐπὶ
1035 4664 1171 4718 Θεοῦ
1221 4662 1421 4717 ταύτόν
1450 4663 1587 4717 ἐστι.
1632 4660 1858 4730 Ῥητέον

281 4764 759 4838 προϐαλλομένοις
796 4762 824 4814 ὃ
859 4776 1025 4830 φησιν
1056 4759 1084 4811 ὁ
1114 4758 1285 4828 μέγας
1330 4754 1610 4817 Βασίλειος
1639 4754 1697 4805 ὲν
1739 4754 1860 4806 ἔπι-

280 4858 458 4927 στολῇ
502 4857 571 4927 τῇ
620 4854 749 4922 περὶ
779 4851 1044 4920 διαφορᾶς
1087 4848 1275 4910 οὐσίας
1327 4847 1425 4900 καὶ
1478 4845 1856 4907 ὑποστάσεως*

273 4948 367 5011 ὡς
399 4946 460 4999 δν
495 4944 655 5011 λόγον
700 4942 817 5011 ἔχει
867 4941 930 4993 τὸ
960 4937 1141 4993 κοινὸν
1179 4936 1316 5007 πρὸς
1368 4936 1431 4987 τὺ
1483 4934 1637 4998 ἴδιον,
1667 4932 1859 4986 τοῦτον

270 5041 409 5110 εχει
446 5039 482 5108 η
525 5035 685 5088 οὐσία
724 5032 869 5105 πρὸς.
902 5031 1000 5101 τὴν
1036 5029 1362 5083 ὑπόστασιν.
1392 5024 1504 5095 Τὴν
1530 5023 1588 5076 δὲ
1618 5023 1857 5077 ὑπόστα-

273 5148 382 5186 σιν
414 5127 446 5178 6
490 5124 853 5196 Δαμασκηνὸς
902 5120 1225 5191 ὁριζόμενος
1272 5117 1397 5188 ἔφη,
1441 5134 1461 5169 ι
1525 5114 1859 5178 ’Υπόστασίς

261 5224 408 5276 ἐστι
451 5219 513 5273 τὸ
548 5217 726 5272 κοινὸν
765 5215 902 5287 μετά
941 5211 1038 5267 τοῦ
1098 5210 1413 5275 ίδιάζοντος.
1453 5227 1475 5261 ι
1514 5209 1579 5261 Τί
1611 5209 1669 5261 δε
1717 5207 1853 5260 αὐτὸ

256 5312 351 5365 τὸ
385 5309 569 5363 κοινὸν
625 5308 810 5369 αὐτοῖς
866 5303 1141 5375 βούλεται,
1175 5299 1435 5372 ἐμφανῶς
1466 5293 1623 5361 αὖθις
1650 5299 1677 5351 ό
1718 5297 1859 5360 θεῖος

254 5401 569 5464 Βασίλειος
607 5400 667 5452 έν
699 5400 765 5469 τῇ
816 5397 955 5467 πρὸς
986 5395 1080 5449 τὸν
1126 5392 1355 5461 ἀδελφὸν
1393 5390 1696 5463 Γρηγόριον
1724 5392 1851 5442 επι-

254 5491 458 5562 στολῇ
492 5490 877 5561 παραδέδωκεν
926 5484 1130 5540 εἰπών’
1172 5503 1191 5537 ι
1242 5484 1309 5536 Ἦ
1343 5482 1445 5552 μὲν
1481 5481 1729 5551 κοινότης
1777 5481 1858 5543 είς

244 5584 399 5655 τὴν
424 5582 614 5637 οὐσίαν
647 5582 911 5651 ἀνάγεται
937 5595 953 5611 ο
1001 5580 1038 5650 ἡ
1082 5578 1139 5631 δὲ
1188 5575 1487 5638 ὑπόστασις
1541 5576 1603 5628 τὸ
1654 5573 1859 5637 ἰδιάζον

240 5674 527 5734 ἑκάστου
561 5674 790 5744 σημεῖόν
831 5673 971 5727 ἔστι.
1016 5687 1037 5723 ι
1074 5667 1247 5737 Δῆλον
1291 5665 1386 5722 οὖν
1432 5666 1502 5720 ἐκ
1527 5664 1755 5731 τούτων,
1781 5663 1859 5728 ὡς

243 5768 357 5843 τὺ
390 5766 492 5838 μὲν
537 5767 718 5823 κοινὸν
753 5764 832 5838 τῷ
860 5762 1047 5828 ἁπλῶς
1095 5759 1370 5829 ἀναλογεῖ,
1426 5758 1488 5814 τὸ
1524 5758 1582 5814 δὲ
1621 5756 1755 5815 ἴδιον
1775 5754 1853 5827 τῷ

722 6012 780 6054 Ὤ

1958 4493 2269 4535 sermonem
2321 4479 2650 4550 aggrediar,
2710 4481 2960 4538 claritate
3015 4494 3215 4551 utens,
3269 4497 3533 4556 quantum

1958 4568 2080 4624 ﬁeri
2106 4560 2306 4639 potest.
2334 4571 2401 4624 Et
2433 4572 2868 4642 primum,juxta
2904 4591 3070 4649 quam
3114 4577 3537 4647 intelligentiam

1958 4660 2109 4716 aliud
2137 4675 2261 4716 esse
2308 4663 2695 4729 substantiam,
2723 4666 2875 4721 aliud
2918 4667 3250 4739 hypostasim
3293 4669 3536 4739 theologi

1958 4752 2135 4809 aiunt.
2174 4752 2492 4809 Secundum
2522 4793 2538 4820 ,
2565 4770 2807 4825 quonam
2840 4758 3002 4813 modo
3032 4758 3344 4814 substantia
3370 4799 3384 4824 ,
3426 4760 3528 4826 hy-

1957 4842 2194 4911 postasis
2254 4852 2311 4898 et
2340 4845 2649 4913 proprietas
2693 4845 2747 4899 in
2778 4846 2890 4902 Deo
2922 4848 3063 4902 idem
3101 4850 3192 4902 sit.
3224 4846 3535 4900 Dicendum

1961 4934 2130 5003 igitur
2187 4936 2346 4990 nobis
2389 4942 2474 4990 est
2536 4936 2667 4990 illud
2721 4939 3199 5007 proponentibus,
3254 4938 3397 5007 quod
3456 4944 3539 4993 at

1960 5038 2190 5093 magnus
2216 5023 2456 5078 Basilius
2503 5025 2558 5078 in
2587 5025 2819 5093 epistola
2845 5026 2936 5080 ubi
2968 5027 3080 5098 agit
3108 5029 3176 5082 de
3215 5028 3537 5083 ditlerentia

1960 5116 2280 5172 substantia:
2312 5124 2369 5169 et
2419 5116 2820 5187 hypostaseos:
2859 5118 3003 5186 quod
3043 5134 3206 5188 quam
3256 5121 3533 5176 rationem
3598 5150 3599 5153 η

1961 5206 2127 5262 habet
2157 5197 2450 5261 commune
2479 5208 2545 5261 ad
2580 5209 2887 5278 proprium,
2915 5210 3058 5265 hanc
3085 5210 3249 5265 habet
3278 5213 3543 5267 substan—

1962 5298 2035 5352 tia
2075 5297 2143 5352 ad
2173 5297 2532 5369 byposmsim.
2568 5299 2910 5369 llypostasim
2952 5311 3133 5355 autem
3161 5303 3544 5357 Damascenus»

1960 5388 2245 5454 definiens,
2304 5388 2425 5444 ait:
2485 5407 2503 5440 ι
2568 5390 2890 5461 Hypostasis
2936 5402 3021 5447 est
3065 5407 3358 5447 commune
3406 5408 3540 5447 cum

1959 5481 2208 5551 proprio.
2246 5499 2265 5534 ι
2310 5480 2452 5548 Quid
2502 5493 2685 5537 autem
2724 5483 2869 5553 apud
2919 5485 3065 5554 ipsos
3095 5485 3197 5539 hoc
3235 5500 3540 5541 commune

1960 5573 2065 5629 sibi
2105 5572 2277 5639 velit,
2309 5586 2502 5629 rursus
2535 5575 2681 5629 clare
2725 5574 2884 5629 divus
2912 5574 3151 5630 Basilius
3191 5576 3437 5641 tradidit,
3472 5576 3537 5633 iu

1960 5664 2190 5736 epistola
2248 5664 2317 5720 ad
2357 5664 2678 5736 Gregorium
2730 5666 2998 5733 fratrem,
3049 5686 3067 5720 ι
3129 5666 3536 5738 Communitas,

1962 5755 2239 5828 inquiens,
2263 5754 2331 5812 ad
2368 5758 2737 5815 substantiam
2762 5758 3019 5828 κίοι-ων,
3053 5758 3363 5831 hypostasis
3392 5773 3536 5819 vero
