3862 6218
413 319 509 388 qui
545 318 788 390 scipsum
825 337 923 392 per
948 338 1009 380 se
1034 325 1367 390 speculetur,
1394 325 1487 381 sed
1511 328 1675 383 etiam
1704 330 1930 385 bonum.
1966 351 1984 383 ι

416 406 485 462 Et
547 425 738 465 rursus
790 427 807 471 ;
866 431 883 463 ι
934 412 1268 485 Simpliciter
1324 427 1541 484 oportet
1594 436 1693 474 uos
1748 435 1995 490 qumrcre

416 496 627 564 Deum,
684 500 759 554 ita
812 501 1218 569 quodammodo
1272 505 1750 575 participabilem,
1838 509 1996 578 cujus

415 591 713 660 participes
768 592 968 661 singuli
1030 593 1186 660 facti,
1237 595 1410 669 ipsius
1449 599 1750 654 familiares
1800 590 1993 664 simus,

416 682 687 749 vivamus,
737 693 793 759 ct
843 685 1145 739 secundum
1201 688 1507 758 analogiam
1561 690 1996 759 participationis

417 772 588 827 divini
618 774 935 831 evadamus.
968 776 1062 831 Est
1104 792 1234 847 ergo
1271 778 1415 832 inter
1444 781 1648 851 genita,
1684 789 1739 835 et
1788 781 1997 849 impar-

418 862 752 931 ticipabilem
781 864 929 919 illum
961 869 1665 936 supersubstantialilatem,
1689 886 1798 924 non
1828 886 1994 924 unum

392 960 656 1019 tantum,
692 956 787 1009 sed
816 967 871 1010 et
910 958 1164 1025 plurima,
1202 969 1366 1026 atque
1397 966 1475 1013 tot
1518 969 1653 1028 quot
1696 975 1827 1013 sane
1868 968 1999 1014 sunt

417 1057 481 1098 ea
512 1059 633 1113 quae
661 1047 1011 1117 participant.
1072 1050 1199 1103 llaec
1242 1066 1350 1105 non
1399 1065 1496 1120 per
1530 1066 1609 1115 se,
1668 1051 1757 1104 illa
1788 1050 2001 1105 scilicet

418 1135 645 1201 media;
685 1139 915 1193 virtutes
968 1140 1117 1194 enim
1172 1151 1299 1194 sunt
1350 1141 2000 1209 supersubstantialitatis

415 1230 585 1293 illius,
640 1245 761 1298 qua:
823 1230 982 1285 unice
1035 1246 1098 1286 ac
1151 1232 1504 1301 singulariter
1584 1232 1880 1299 praehabct,
1938 1239 1995 1285 et

416 1320 667 1377 continet
698 1329 865 1376 totam
897 1322 1367 1391 participabilium
1405 1321 1834 1376 multitudinem.
1869 1340 1887 1372 ι
1926 1322 1996 1376 Εῑ

415 1411 473 1479 in
503 1414 770 1477 oratione,
800 1413 957 1482 cujus
981 1414 1197 1468 initium
1229 1433 1241 1469 :
1279 1413 1421 1467 Heus
1470 1424 1546 1478 tu,
1573 1431 1676 1468 non
1700 1423 1772 1467 est
1800 1415 1943 1468 nobis
1975 1430 1995 1467 :

422 1519 449 1554 ι
482 1503 545 1556 Et
582 1502 728 1557 hunc
756 1503 924 1572 igitur
946 1502 1196 1557 divinum
1250 1502 1625 1572 splendorem,
1656 1511 1711 1556 et
1740 1503 1991 1571 gratiam,

414 1601 473 1647 et
533 1594 951 1662 Operationem,
1020 1603 1183 1664 atque
1250 1594 1602 1648 donationem
1662 1593 1991 1649 sanctissimi

416 1682 677 1753 Spiritus,
712 1685 976 1754 Spiritum
1006 1694 1255 1740 sanctum
1306 1700 1473 1740 sacra:
1502 1684 1802 1756 Scriptura:
1851 1702 1995 1739 nun—

415 1784 643 1845 cupant,
692 1784 854 1845 atque
885 1777 1049 1831 etiam
1075 1776 1357 1843 deitatem,
1400 1785 1457 1831 et
1509 1777 1706 1842 Deum,
1738 1786 1794 1831 et
1842 1776 1997 1831 deiti-

417 1881 543 1921 cum
578 1868 805 1923 donum.
856 1888 872 1918 ›
904 1868 969 1920 Et
1000 1883 1190 1922 rursus
1222 1883 1237 1921 :
1283 1887 1301 1918 ι
1324 1867 1477 1934 Quod
1519 1876 1682 1922 auten
1713 1869 1993 1931 deitatem,

420 1967 475 2012 et
508 1956 676 2010 Deum
699 1997 714 2020 ,
745 1968 798 2011 et
840 1960 1210 2023 ticilicantcm,
1254 1967 1309 2013 et
1362 1959 1545 2028 ipsam
1585 1959 1907 2026 bonitatem,
1942 1967 1999 2014 et

419 2052 627 2109 bonum
680 2052 1005 2117 ofacicntem,
1056 2063 1111 2108 et
1162 2053 1500 2107 conditorem
1555 2051 1795 2105 universi
1831 2066 1999 2106 sacrae

332 2179 352 2190 -
420 2141 721 2211 Scriptura:
780 2144 1067 2199 nominent
1136 2144 1277 2197 hanc
1334 2143 1575 2196 divinam
1628 2143 1892 2212 gratiam,
1944 2151 2001 2199 et
2038 2176 2055 2189 ι

418 2232 818 2301 operationem,
855 2240 908 2287 et
931 2233 1306 2298 donationem,
1342 2248 1462 2301 qua:
1502 2248 1533 2287 α
1572 2234 2000 2300 supersubstan-

420 2323 532 2390 tiali
554 2323 825 2378 Trinitate
853 2325 1130 2393 provenit,
1156 2323 1313 2379 testis
1329 2332 1414 2377 est
1445 2322 1738 2394 Dionysius
1760 2325 2003 2392 Areopa-

418 2416 553 2487 gita.
584 2434 603 2468 ι
637 2416 705 2471 Ει
737 2415 979 2470 Isidorus
1037 2415 1149 2481 ille,
1180 2414 1273 2484 qui
1325 2413 1429 2468 fuit
1465 2412 1774 2482 patriarcha
1806 2412 1860 2466 in
1900 2427 2001 2467 suo

421 2507 658 2577 quodam
689 2506 957 2563 Cantico:
996 2524 1015 2557 ι
1057 2507 1193 2561 Esse
1234 2520 1362 2561 vero
1392 2507 1495 2559 boc
1529 2504 1753 2573 quidem
1789 2514 1861 2569 te,
1890 2520 2001 2559 non

386 2610 606 2655 sautem
656 2601 787 2670 quid
842 2601 921 2655 sis
992 2601 1303 2670 exprimere
1384 2599 1761 2669 intelligimus.
1829 2597 2000 2651 Deum

421 2703 607 2764 autem
636 2693 1009 2761 operationem
1043 2708 1163 2746 esse
1221 2691 1613 2768 dogmatizant,
1661 2706 1770 2744 non
1828 2690 2003 2759 hypo-

422 2786 611 2843 stasim
637 2785 811 2840 sancti
846 2784 1082 2854 Spiritus
1113 2785 1302 2839 adesse
1330 2795 1384 2839 ct
1412 2786 1755 2838 sanctiﬁcare
1785 2793 2003 2838 creatu-

372 2908 375 2909 ν
420 2890 561 2940 mm,
593 2875 686 2929 sed
715 2875 1012 2944 quamdam
1044 2877 1272 2944 gratiam
1311 2875 1631 2939 inereatam,
1663 2889 1842 2944 neque
1873 2873 2004 2929 sub-

418 2968 702 3022 sistentem
729 2960 748 3030 ς’
775 2977 830 3020 ct
864 2967 1007 3036 quod
1044 2968 1208 3020 etiam
1240 2966 1329 3019 alii
1396 2964 1624 3035 spiritus
1677 2967 1850 3020 sancti
1893 2967 2002 3020 sint

422 3058 678 3121 increati,
720 3057 813 3112 alii
843 3050 1042 3128 preter
1086 3057 1355 3126 Spiritum
1403 3067 1677 3122 sanctum,
1720 3074 1886 3112 unum
1935 3074 2001 3114 ex

423 3149 601 3219 tribus
630 3148 881 3219 personis
942 3147 1191 3203 Deitatis.
1235 3167 1253 3199 ι
1300 3149 1477 3217 Atque
1519 3149 1595 3201 ait
1650 3149 1896 3203 Palamas
1948 3151 2000 3202 in

423 3244 616 3312 quinta
637 3245 885 3302 oratione
910 3243 978 3297 ad
1024 3242 1365 3312 Acindynunt
1399 3261 1413 3296 :
1454 3260 1472 3294 ι
1502 3242 1644 3297 Satis
1679 3244 1843 3312 igitur
1892 3244 2004 3296 haec

424 3342 552 3386 sunt
583 3333 649 3388 ad
694 3332 1171 3403 persuadendum,
1224 3348 1403 3401 neque
1436 3343 1672 3385 creatam
1721 3348 1839 3385 esse
1877 3350 2002 3403 ἕως

425 3427 579 3490 tiam,
617 3436 672 3481 et
700 3425 1073 3495 operationem
1127 3412 1381 3494 Spiritus,
1413 3440 1533 3493 quae
1572 3423 1734 3477 datur
1765 3433 1818 3475 ct
1863 3425 2005 3478 acci-

426 3518 576 3588 pitur
608 3519 676 3573 ab
707 3520 774 3573 iis
800 3532 940 3587 quos
969 3518 1141 3587 gratia
1171 3531 1269 3571 sua
1297 3502 1554 3582 dignatur
1606 3515 1770 3579 Deus,
1824 3530 2003 3583 neque

425 3611 789 3666 substantiam
825 3626 947 3666 esse
970 3610 1211 3681 Spiritus
1238 3610 1435 3674 sancti,
1465 3608 1669 3679 quippe
1723 3608 1840 3675 ipsa
1881 3607 2003 3675 Spi-

424 3704 565 3757 ritus
600 3710 822 3765 sanctus
871 3711 975 3756 est.
1023 3701 1237 3755 Etenim
1289 3700 1495 3754 nemini
1538 3699 1682 3753 Deus
1726 3699 1818 3752 dat
1872 3697 2005 3751 subv

425 3794 685 3849 stantiam
740 3808 919 3855 suam,
979 3808 1160 3861 neque
1210 3807 1332 3846 cum
1396 3789 1852 3859 impcrceptibilis
1908 3788 2000 3851 sit.

426 3890 542 3944 ﬁeri
580 3896 781 3959 potest,
822 3899 882 3943 ut
915 3903 945 3942 a
989 3901 1264 3959 quoquam
1304 3871 1660 3955 percipiatur.
1697 3901 1715 3933 ι
1757 3883 1825 3935 Ει
1867 3882 2005 3935 Coc-

424 3981 586 4053 clnus
619 3981 731 4042 ille,
774 3980 867 4048 qui
898 3979 1002 4032 fuit
1051 3972 1381 4047 patriarcha,
1420 3976 1474 4029 in
1520 3976 1790 4039 oratione,
1844 3975 2001 4045 cujus

426 4074 760 4143 inscriptio:
812 4070 975 4125 Nulla
1025 4072 1325 4123 divinarum
1379 4070 1747 4138 operationum
1797 4079 1999 4134 creata,

425 4167 506 4238 sic
548 4167 661 4220 ait:
708 4183 726 4214 ι
768 4163 901 4229 Quis
956 4161 1176 4216 invidus
1229 4175 1292 4216 ac
1343 4159 1613 4228 malignus
1664 4159 1875 4213 daemon
1945 4160 2000 4211 in

426 4257 730 4313 Ecclesium
755 4254 846 4310 Dei
868 4253 1130 4308 audacter
1149 4253 1351 4317 intulit,
1378 4250 1523 4321 quod
1546 4252 1657 4319 ipsa
1693 4251 1998 4305 substantia

428 4350 523 4403 Dei
568 4347 821 4402 habitans
879 4348 932 4399 in
1000 4345 1337 4404 hominibus,
1388 4358 1485 4397 eos
1544 4342 1638 4411 qui
1694 4350 1999 4412 purgantur

424 4449 643 4511 purgat,
677 4449 732 4509 et
760 4439 854 4507 qui
904 4436 1304 4498 illuminantur,
1352 4433 1646 4497 illuminat,
1675 4444 1838 4502 atque
1875 4433 2002 4486 illu-

425 4524 600 4599 strat;
641 4538 695 4584 et
721 4543 817 4599 eos
836 4529 928 4598 qui
959 4543 988 4580 a
1027 4535 1176 4581 recto
1215 4525 1430 4579 tramite
1459 4524 1690 4593 quadam
1741 4523 2001 4593 nequitia:

428 4623 666 4693 procella
696 4622 907 4689 abrepti
945 4628 1095 4683 sunt,
1134 4619 1365 4681 reducit,
1401 4628 1453 4672 et
1489 4617 1759 4671 creaturis
1789 4614 2003 4670 inbabi-

424 4725 548 4788 tans
576 4716 691 4768 haec
722 4711 1043 4785 Operaturh
1083 4711 1159 4764 Ac
1192 4724 1382 4763 rursus
1418 4709 1663 4763 Palamas
1684 4708 1736 4761 in
1763 4706 1997 4777 quodam

422 4809 640 4878 dialogo
676 4825 689 4862 :
730 4824 749 4873 ι
786 4807 988 4861 Verum
1020 4805 1065 4858 si
1097 4819 1205 4857 non
1256 4812 1404 4857 esset
1442 4803 1613 4856 altera
1657 4802 1829 4856 deitas
1857 4816 1997 4871 prte-

425 4912 510 4973 ter
548 4899 791 4965 divinam
813 4908 1091 4961 naturam,
1144 4895 1407 4965 ingenita,
1461 4894 1675 4963 ipsique
1704 4900 1995 4959 comterna,

424 5001 683 5061 tanquam
718 4991 838 5060 ejus
866 4989 1133 5057 operatio,
1173 4996 1227 5040 et
1253 4987 1492 5057 Spiritus
1534 4996 1755 5054 sanctus
1785 4986 1926 5039 alius
1967 5000 1997 5039 a

424 5085 607 5157 divina
666 5092 860 5136 natura
930 5070 1136 5150 Spiritu
1193 5087 1383 5133 sancto
1442 5076 1671 5133 inferior
1737 5085 1995 5146 tauquam

423 5178 545 5253 ejus
566 5177 842 5246 operatio,
880 5176 1160 5245 quomodo,
1184 5174 1403 5243 impleta
1431 5184 1515 5228 est
1555 5173 1759 5258 Spiritu
1809 5182 1999 5227 sancto

422 5267 743 5329 Elisabeth?
789 5267 859 5320 Et
897 5281 1133 5336 quonatn
1173 5264 1312 5339 isto?
1344 5263 1461 5318 Non
1492 5263 1640 5331 enim
1666 5264 1887 5332 impleta
1913 5270 1998 5317 est

421 5360 730 5414 subStantia
786 5358 1053 5429 Spiritu<.
1119 5357 1243 5412 Ha-c
1309 5357 1455 5433 cnim
1526 5343 1825 5410 immobilis
1887 5363 1999 5433 est,

423 5450 588 5518 atque
646 5451 1015 5513 intransitiva,
1074 5460 1130 5504 et
1188 5448 1415 5525 intacta,
1470 5458 1634 5521 atque
1704 5448 1992 5519 immensa,

425 5540 916 5609 inalterabilisque.
947 5559 965 5592 ι
1016 5541 1081 5595 Et
1136 5541 1191 5596 in
1239 5540 1471 5609 epistola
1500 5525 1594 5593 'ad
1645 5537 1994 5608 Cyzicensem

426 5631 764 5707 episcopum,
794 5646 952 5699 cujus
999 5632 1211 5687 initium
1254 5652 1265 5687 :
1302 5633 1447 5688 Scire
1483 5642 1528 5685 tc
1552 5633 1665 5687 volo
1696 5648 1713 5687 :
1748 5652 1763 5683 ‹
1797 5631 1995 5702 Quem-

1666 210 2067 278 ’DEMETRII
2104 204 2420 279 amouit
3541 227 3621 292 35,5

2026 337 2067 405 ᾼ
2100 350 2186 395 τες
2218 335 2462 399 ἕκαστοι,
2488 335 2705 400 οἰκείως
2739 336 2935 391 ἐαυτοῦ
2967 336 3108 391 κατᾶ
3142 336 3237 406 τὴν
3269 335 3364 406 τῆς
3399 336 3623 408 μεθέξεως

2100 422 2394 491 ἀναλογίαν
2452 425 2603 489 ὄντες
2653 428 2747 480 καὶ
2801 426 3005 491 ζῶντες
3049 428 3143 480 καὶ
3191 427 3361 484 ἔνθεοι
3406 428 3627 498 ἐσόμεθα,

2101 515 2290 567 Ἔστιν
2337 515 2447 586 ἄρα
2484 534 2537 569 τι
2571 517 2772 586 μεταξὺ
2803 519 2912 571 τῶν
2941 519 3217 589 γεννητῶν
3248 519 3339 571 καὶ
3376 518 3468 587 τῆς
3493 520 3623 587 ἀμεθ-

2097 606 2256 658 έκτου
2292 609 2753 681 ὑπερουσιότητος
2801 611 3037 680 ἐκείνης,
3084 612 3180 681 οὐχ
3225 611 3284 664 ἓν
3325 611 3495 681 μόνον,
3521 612 3623 664 ἀ)ὶά

2096 682 2192 749 καὶ
2220 699 2413 761 πολλὰ,
2447 698 2541 751 καὶ
2565 699 2820 766 τοσαῦτα,
2847 700 3019 754 ὁπόσα
3045 701 3107 770 δὴ
3141 702 3231 754 καὶ
3255 700 3323 754 τὰ
3354 702 3620 770 μετέχοντα.

2100 788 2283 868 Ταῦτα
2313 790 2373 841 οῦ
2405 789 2527 841 καθ’
2569 791 2739 843 ἑαυτὰ
2767 792 2832 844 τὰ
2868 792 3012 864 μέσα
3044 783 3242 868 δηλαδὴ
3278 795 3473 857 ἐκεῖνα,
3498 793 3623 845 δυνά·

2102 897 2221 949 μεις
2252 866 2361 951 λίάρ
2396 884 2502 935 εἰσι
2532 882 2630 951 τῆς
2660 866 3387 957 ὑπερουσιὸτητοςνέκείνης,
3424 884 3624 953 μοναχῶς

2104 972 2197 1025 καὶ
2230 973 2444 1035 ἐνιαίως
2469 974 2881 1045 προειληφυῑαι,
2914 976 3005 1029 καὶ
3040 977 3415 1045 συνειληφυῖαι
3438 978 3523 1046 τὴν
3545 976 3625 1027 τῶν

2100 1065 2379 1128 μεθεκτῶν
2414 1065 2635 1119 ἃπασαν
2672 1068 2900 1136 πληθύν.
2943 1089 2962 1122 ι
3014 1070 3122 1122 Kal
3156 1072 3213 1123 ἐν
3253 1070 3330 1139 τῷ
3362 1071 3492 1140 λόγῳ
3518 1066 3567 1123 οὗ
3600 1071 3625 1138 ἡ

2096 1155 2262 1223 ἀρχὴ,
2310 1158 2433 1209 Οὐκ
2464 1157 2654 1219 ἔστιν,
2685 1153 2731 1211 ὦ
2777 1154 2975 1224 οὗτος,
3026 1159 3209 1228 ἡμῖν’
3251 1178 3269 1210 ι
3315 1160 3422 1213 Kal
3464 1159 3626 1228 ταύτην

2096 1246 2277 1298 τοίνυν
2319 1247 2416 1317 τὴν
2457 1249 2606 1301 θείαν
2646 1251 2866 1320 αἴγλην,
2898 1252 2992 1303 καὶ
3039 1251 3222 1322 χάριν,
3256 1253 3349 1304 καὶ
3392 1252 3627 1320 ἐνέργειάν

2098 1352 2158 1389 τε
2212 1339 2304 1390 καὶ
2351 1338 2559 1407 δωρεὰν
2597 1338 2690 1391 τοῦ
2742 1342 3009 1408 παναγίου
3068 1341 3407 1411 Πνεῦματος,
3444 1341 3627 1409 Πνεῦμα

2096 1429 2251 1497 ἆγιον
2306 1431 2362 1482 al
2405 1429 2547 1483 Θεῖαι
2604 1431 2821 1500 Γραφαὶ
2860 1433 3367 1502 κατανομάζουσινο
3416 1432 3539 1490 ἀλλὰ
3581 1432 3627 1501 δὴ

2096 1521 2190 1574 καὶ
2224 1522 2473 1592 Θεότητα,
2516 1523 2611 1576 καὶ
2650 1523 2803 1589 Θεὸν,
2829 1524 2923 1577 καὶ
2970 1524 3222 1584 οεοποιὸν
3254 1524 3442 1593 δῶρον.
3496 1543 3511 1577 ι
3546 1524 3628 1578 Καὶ

2098 1611 2280 1677 πάλιν,
2334 1629 2353 1663 ι
2403 1613 2527 1665 ’Ὁτι
2575 1611 2635 1665 δέ
2676 1613 2928 1682 θεότητα,
2986 1613 3079 1666 καὶ
3112 1612 3271 1675 Θεὸν,
3303 1613 3394 1671 καὶ
3427 1610 3628 1662 θεοποιὶν

2099 1703 2191 1756 καὶ
2218 1704 2671 1773 αὐτοαγαθότητα
2710 1705 2805 1758 καὶ
2835 1704 3187 1772 ἀγαθοποιὸν,
3215 1705 3314 1761 καὶ
3342 1702 3628 1773 δημιουργίαν

2097 1797 2191 1848 τοῦ
2223 1796 2425 1860 παντός
2465 1813 2632 1866 φασιν
2668 1798 2725 1848 αἱ
2765 1797 2906 1849 θεῖαι
2932 1796 3147 1866 Γραφαὶ
3174 1796 3275 1866 τὴν
3298 1796 3443 1847 Θείαν
3464 1793 3629 1861 ταύτην

2099 1887 2278 1958 χάριν,
2312 1888 2597 1957 ἐνέργειαν
2626 1904 2683 1941 τε
2731 1887 2826 1941 καὶ
2863 1887 3073 1957 δωρεὰν
3111 1888 3213 1957 τὴν
3260 1887 3325 1940 ἐκ
3370 1886 3462 1955 τῆς
3491 1886 3628 1961 ὑπερ·

2098 1979 2282 2049 ουσίου
2320 1980 2552 2057 Τριάῥος
2585 1979 3038 2051 προερχομένην,
3084 1982 3301 2051 μάρτυς
3336 1980 3364 2031 ὁ
3412 1978 3629 2046 ’Δρεοπτ-

2100 2069 2258 2139 γίτης
2315 2070 2615 2134 Διονύσιος.
2676 2090 2697 2123 ι
2760 2072 2870 2124 Καὶ
2899 2074 2926 2123 ὁ
2964 2069 3317 2139 χρηματίσας
3357 2068 3411 2121 δὲ
3447 2067 3517 2128 είς
3545 2082 3627 2117 παι

2099 2161 2369 2231 τριάρχην
2414 2160 2684 2233 Ἰσίδωρος
2740 2161 2797 2214 ἐν
2851 2177 2957 2214 τινι
3014 2160 3124 2213 τῶν
3174 2154 3628 2231 ᾀσμάτωνιαὺτοῦο

2107 2270 2125 2302 ι
2156 2246 2310 2326 Εἶναι
2338 2252 2394 2304 δὲ
2427 2251 2487 2303 τὸ
2518 2251 2733 2321 μένσέ,
2765 2251 2826 2304 οὐ
2849 2251 2979 2304 τίδὲ
3019 2246 3158 2303 εἶναι
3186 2248 3383 2319 δηλοῦν
3420 2245 3627 2315 νοοῦμεν.

2101 2342 2232 2395 Θεδν
2270 2342 2321 2394 δ’
2350 2341 2635 2414 ἐνέργειαν
2675 2342 3098 2415 δογματίζουσιν
3126 2343 3191 2394 οὐ
3240 2343 3336 2410 τὴν
3376 2338 3631 2393 ὑπόστασιν

2100 2432 2198 2488 τοῦ
2256 2434 2415 2501 ἁγίου
2476 2432 2797 2503 Πνεῦματος
2835 2435 3093 2505 παρεῖναι
3152 2434 3253 2487 καὶ
3305 2431 3532 2501 unum
3555 2428 3629 2497 τὴν

2102 2527 2306 2591 κτίσιν,
2346 2525 2484 2579 ἀλλά
2518 2543 2640 2579 τινα
2677 2527 2837 2597 χάριν
2865 2526 3126 2580 ἄκτιστον
3152 2525 3253 2579 καὶ
3283 2524 3629 2582 ἀνυπόστατον,

2103 2617 2198 2670 καὶ
2237 2618 2318 2669 ὅτι
2359 2615 2455 2669 καὶ
2505 2614 2644 2669 ἄλλα
2700 2617 2990 2685 πνεύματα
3048 2614 3182 2682 ayss
3235 2615 3372 2666 εἰσιν
3421 2610 3627 2667 ἄκτιστα,

2100 2707 2237 2762 ἄλλα
2278 2706 2428 2777 παρὰ
2467 2705 2525 2758 τὸ
2554 2706 2613 2758 ἐν
2643 2706 2741 2775 τῆς
2781 2704 3222 2774 τρισυποστὰτου
3258 2703 3495 2770 Θεὸτητος
3510 2698 3630 2765 ἅγιον

2105 2797 2346 2867 Πνεῦμα.
2382 2815 2400 2848 ι
2449 2796 2557 2848 Καί
2619 2813 2787 2865 φησιν
2820 2797 2849 2848 ὁ
2905 2796 3172 2865 Παλαμᾶς
3221 2796 3281 2848 ἐν
3318 2794 3390 2863 τῷ
3438 2793 3628 2861 πέμπτῳ

2101 2889 2247 2959 λόγῳ
2277 2888 2356 2957 τῷ
2389 2888 2525 2957 πρὸς
2567 2887 2621 2940 Ἀ
2634 2888 2876 2941 κίνδυνον
2896 2905 2909 2920 ·
2949 2906 2966 2939 t
3005 2888 3189 2941 Ἱκανὰ
3229 2888 3327 2956 μὲν
3354 2880 3441 2939 οὖν
3466 2883 3524 2935 τὰ
3544 2898 3629 2934 τοι-

2027 2995 2073 3057 ο
2105 2977 2246 3030 αῦτα
2277 2979 2466 3031 πεῖσαι
2505 2979 2643 3052 μήτε
2688 2977 2913 3048 κτιστὴν
2950 2977 3221 3052 ὑπάρχειν
3267 2976 3364 3044 τὴν
3393 2971 3626 3041 διδομένην

2105 3069 2203 3122 καὶ
2236 3067 2659 3140 λαμϐανομένην
2711 3070 2823 3132 τοῖς
2866 3069 3335 3139 κεχαριτωμένοις
3371 3065 3457 3119 τοῦ
3495 3061 3627 3117 Ilvati-

2109 3178 2276 3230 ματος
2309 3161 2469 3231 χάριν
2503 3177 2563 3213 τε
2619 3160 2715 3214 καὶ
2768 3160 3071 3231 ἐνέργειαν.
3117 3162 3265 3213 Αὐτὸ
3305 3161 3404 3229 γάρ
3444 3160 3545 3210 ἐστι
3581 3153 3624 3205 τὸ

2108 3253 2421 3321 Πνεῦματὸ
2462 3251 2639 3322 ἅγιον,
2694 3255 2831 3323 μήτε
2862 3252 2960 3325 τὴν
2990 3253 3176 3306 οὐσίαν
3206 3250 3346 3305 εἶναι
3380 3250 3462 3303 τοῦ
3494 3243 3625 3300 Πνεῦ-

2110 3359 2302 3411 ματος.
2337 3344 2531 3396 Οῦδενλ⁵
2564 3344 2673 3416 γὰρ
2712 3346 2739 3397 ὁ
2780 3344 2912 3409 Θεὸς
2944 3345 3041 3415 τὴν
3084 3344 3278 3397 οὐσίαν
3305 3343 3519 3401 δίδωσιν,
3542 3333 3625 3389 οὐδ’

2106 3435 2186 3487 ἔνι
2230 3437 2304 3505 μὴ
2336 3436 2549 3508 ληπτὴν
2603 3437 2772 3506 αὐτὴν
2829 3437 3084 3504 γενέσθαι
3129 3436 3365 3507 ληπτήν.
3422 3451 3437 3483 ι
3498 3424 3624 3482 Kell

2107 3527 2451 3598 χρηματίσας
2482 3530 2561 3591 εἰς
2590 3529 2936 3599 πατριάρχην
2970 3528 3240 3591 Κόκκινος
3269 3528 3325 3581 ἐν
3354 3526 3500 3593 λόγῳ,
3526 3514 3575 3572 οῦ
3599 3519 3620 3581 ἠ

2108 3604 2410 3689 ἐπιγραφὴ,
2454 3618 2713 3688 Οὐδεμία
2746 3620 2862 3672 τῶν
2892 3620 3066 3673 θείων
3095 3616 3406 3689 ἐνεργειῶν
3432 3608 3620 3677 atrati).

2105 3706 2247 3761 οὕτω
2276 3709 2408 3778 φησί
2429 3725 2442 3738 ·
2479 3728 2496 3760 ι
2540 3710 2695 3771 Ποῖος
2728 3711 2997 3780 βάσκανος
3024 3711 3237 3778 δαίμων
3272 3713 3336 3780 τῇ
3379 3700 3622 3773 Ἐκκλησία

2106 3797 2200 3850 τοῦ
2227 3798 2365 3851 Θεοῦ
2399 3800 2685 3870 τολμηρῶς
2714 3801 3018 3871 ἐπήγαγεν,
3050 3802 3132 3855 ὅτι
3159 3803 3299 3871 αὐτὴ
3330 3802 3361 3870 ἡ
3385 3797 3522 3853 οὐσία
3550 3789 3620 3844 τοῦ

2106 3881 2242 3936 Θεοῦ
2277 3884 2609 3938 κατοικοῦσαι
2631 3887 2687 3937 ἐν
2716 3890 2825 3949 τοῖς
2855 3887 3181 3959 ἀνθρώποις,
3218 3891 3343 3951 τοὺς
3378 3887 3620 3951 καθαιρον·

2110 3976 2305 4043 μένους
2361 3975 2639 4047 καθαίρει,
2693 3980 2946 4043 καὶτοὺς
3001 3980 3403 4050 φωτιζομένους
3444 3971 3619 4043 φωτίζει

2106 4069 2200 4120 καὶ
2249 4068 2579 4137 λαμπρύνει,
2622 4072 2716 4124 καὶ
2752 4072 2880 4133 τοὺς
2920 4074 3058 4125 κατά
3094 4090 3219 4125 τινα
3265 4070 3415 4124 σάλον
3449 4066 3619 4132 ἀνίερον

2106 4158 2196 4212 τοῦ
2239 4158 2404 4210 καλοῦ
2442 4163 2905 4229 παρατραπέντας
2948 4164 3214 4231 ἐπανάγει
3266 4165 3354 4216 καὶ
3394 4163 3492 4221 τοῖς
3534 4153 3619 4206 κτί-

2107 4266 2307 4319 σμασιν
2340 4252 2619 4303 ἐνοικοῦσα
2660 4253 2830 4304 ταῦτα
2877 4254 3207 4324 ἐργάζεται;
3252 4273 3270 4305 ι
3306 4254 3407 4308 Καὶ
3443 4246 3617 4308 adiit;<5

2032 4339 2078 4396 D
2107 4341 2368 4409 Παλαμᾶς
2406 4343 2460 4394 ἒν
2484 4361 2589 4397 τινι
2621 4343 2853 4415 διαλόγῳ
2875 4363 2887 4375 ·
2928 4364 2946 4397 ι
2970 4346 3109 4398 Ἀλλ’
3143 4348 3190 4398 εί
3219 4348 3294 4417 μὴ
3322 4346 3443 4412 ἄλλη
3468 4340 3616 4405 ῦεότης

2103 4434 2190 4503 εἴη
2230 4435 2381 4501 παρὶι
2419 4434 2515 4504 τὴν
2556 4434 2707 4488 θείαν
2740 4440 2902 4505 φύσιν
2931 4438 3214 4506 ἀγένητος,
3256 4439 3344 4491 καὶ
3376 4437 3496 4502 αὐτῇ
3525 4447 3618 4482 συν·

2103 4523 2292 4586 αἲδιος,
2333 4524 2405 4586 ὡς
2435 4527 2683 4593 ἐνέργεια
2708 4527 2899 4596 αὐτῆς,
2929 4530 3026 4580 καὶ
3058 4528 3279 4596 Πνεῦμα
3306 4528 3450 4593 ἆγιον
3472 4524 3615 4588 ἕτερον

2102 4606 2254 4685 παρὰ
2282 4617 2379 4685 τὴν
2412 4617 2559 4669 Θείαν
2587 4617 2750 4685 φύσιν
2781 4619 2876 4671 τοῦ
2924 4621 3082 4687 ἁγίου
3140 4620 3443 4689 Πνεῦματος
3483 4608 3616 4666 κατώ-

2100 4722 2260 4775 τερον
2299 4706 2373 4767 ὡς
2410 4706 2573 4759 αὐτοῦ
2606 4707 2877 4777 ἐνέργεια,
2915 4709 3028 4771 πῶς
3067 4708 3310 4781 ἐπλήσθη
3350 4706 3613 4772 Πνεῦματος

2104 4797 2257 4865 ἁγίου
2288 4801 2321 4867 ἡ
2359 4796 2675 4864 Ἐλισὰὗετς
2702 4802 2795 4852 καὶ
2824 4801 2966 4864 τίνος
2998 4803 3220 4869 τούτους
3259 4802 3319 4856 οὐ
3346 4799 3445 4867 γὰρ
3469 4796 3524 4864 δὴ
3543 4792 3615 4858 τῆς

2101 4893 2289 4955 οὐσίας
2312 4892 2556 4963 ἐπλήσοη
2585 4893 2681 4945 τοῦ
2708 4893 3039 4964 Πνεῦματος.
3078 4895 3352 4965 Ἀκίνητος
3380 4892 3475 4958 γὰρ
3506 4883 3613 4949 αὕτη

2102 4986 2198 5040 καὶ
2226 4985 2574 5055 ἁμετάϐατος
2598 4986 2691 5039 καὶ
2718 4985 2928 5057 ἀναφὴς
2957 4989 3050 5039 καὶ
3078 4986 3350 5056 ἁχώρητος
3377 4982 3463 5036 καὶ
3489 4975 3614 5031 ἀναλ-

2100 5076 2342 5140 λοίωτος.
2371 5098 2390 5134 ι
2427 5079 2533 5134 Καὶ
2552 5080 2609 5132 ἐν
2632 5080 2695 5150 τῇ
2715 5078 2850 5148 πρὸς
2864 5080 2954 5131 τὸν
2977 5079 3209 5142 Κυζίκου
3235 5074 3491 5141 ἐπιστολῇ,
3516 5063 3613 5139 ἦςῆ

2100 5172 2263 5243 ἀρχὴ,
2307 5171 2563 5247 Είδέναιὶ
2601 5188 2676 5226 σε
2722 5172 3025 5241 ,βούλομαι
3064 5188 3076 5200 ’
3115 5190 3133 5223 t
3173 5169 3426 5237 Καθάπερ
3453 5163 3533 5217 οῦν
3563 5157 3614 5210 τὰ

2101 5248 2273 5317 πολλὰ
2302 5263 2587 5334 πνεύματα
2609 5265 2669 5317 τὸ
2702 5263 2989 5334 μοναδικὸν
3028 5265 3118 5315 καὶ
3149 5260 3347 5316 ἁπλοῦν
3374 5258 3457 5311 καὶ
3482 5248 3612 5306 actis.

2103 5353 2256 5408 θετον
2279 5354 2372 5407 τοῦ
2407 5356 2721 5425 Πνεῦματος
2748 5356 2848 5408 οὐκ
2878 5356 3114 5425 ἀναιρεῖ·
3146 5355 3235 5405 καὶ
3262 5353 3361 5419 γὰρ
3384 5336 3610 5415 ἐνέργειαί

2098 5447 2235 5514 είσιν
2265 5445 2460 5499 αὐτοῦ’
2493 5447 2585 5502 τὸν
2618 5448 2781 5501 αὐτὸν
2818 5450 3038 5516 τρόπον,
3072 5447 3175 5500 κᾶν
3196 5444 3381 5504 πολλὰς
3405 5438 3516 5502 εἴπῃ
3543 5442 3607 5488 τις

2099 5539 2383 5608 θεότητας.
2434 5540 2532 5603 τὰς
2563 5541 2847 5609 ἐνεργείας
2889 5540 3060 5608 λέγων
3097 5540 3193 5609 τῆς
3225 5537 3347 5609 μιᾶς
3375 5530 3600 5616 θεότητος,

2099 5633 2157 5684 τὸ
2188 5624 2470 5700 μόναδικὶν
2513 5634 2602 5686 καὶ
2647 5631 2849 5685 ἁπλοῦν
2894 5632 3058 5701 αὐτῆς
3098 5631 3191 5683 οὐκ
3224 5625 3430 5694 ἀναιρεῖ.
3465 5638 3480 5669 ι
3516 5613 3598 5667 Καὶ
