3862 6218
334 368 440 432 85Ὶ

1547 373 1947 433 ADVERSUS
1988 368 2369 432 PALAMAM.

3463 333 3578 426 858

331 480 391 530 ὲν
418 481 484 549 τῇ
513 486 649 549 πρὸς
675 481 764 536 τδν
799 483 1107 538 ’Δκίνδυνον
1147 482 1586 552 ἐπιστολῇ,ιΚαὶ
1617 482 1715 539 τὰς
1745 483 1896 548 ἐνερὲ

2020 481 2292 537 tdmodum
2324 481 2477 535 tuulti
2505 481 2733 550 spiritus
2773 477 3228 546 singularitatem,
3283 492 3347 533 ac
3371 477 3584 549 simpli-

331 568 486 635 γείας
529 570 624 625 τοῦ
676 574 991 644 ῐινεύματος
1044 573 1329 644 πνεύματα
1385 574 1539 642 φίλον
1580 572 1660 642 τῷ
1701 573 1900 643 Ἡσαΐᾳ

334 659 551 712 καλεῖν’
583 662 785 732 δηλαδὴ
825 665 893 717 τὰ
933 665 1082 736 δῶρα
1118 666 1214 718 τοῦ
1255 665 1592 736 Πνεύματος.
1622 665 1683 716 Δί
1723 662 1780 715 δὲ
1805 663 1900 716 τοῦ

329 749 466 803 Θεοῦ
501 753 771 822 ἐνέργειαι
800 758 1046 811 ἄκτιστοί
1085 759 1242 811 εἰσιν.
1288 777 1308 810 ι

331 845 494 901 unius
529 848 774 915 Deitatis,
799 854 1062 907 unitatem
1122 870 1184 909 ae
1213 853 1618 922 simplicitatem
1682 854 1803 924 ejus
1865 867 1974 906 non
2015 854 2175 908 tollit.
2208 871 2225 903 ι
2277 852 2345 906 Ει
2401 853 2451 904 in
2489 853 2716 921 epistola
2763 853 2828 905 ad
2884 851 3226 920 Aeindynum
3282 871 3294 905 :

2007 573 2251 636 citatem,
2273 572 2895 640 incompositionemque
2957 570 3196 640 Spiritus
3223 580 3334 624 non
3364 571 3576 633 tollunt,

2009 666 2211 735 quippe
2239 673 2366 720 sunt
2393 663 2742 730 operationes
2789 664 2995 732 ipsius;
3032 663 3103 716 ita
3149 665 3312 716 etiam
3373 663 3416 716 si
3459 664 3582 732 quis

2007 758 2217 811 dixerit
2286 759 2486 811 multas
2551 757 2805 820 deitates,
2868 757 3220 825 operationes
3289 756 3582 825 designans
3679 777 3681 780 ·

3354 872 3372 902 ι
3408 853 3582 908 Etiam

327 941 680 1006 operationes
737 943 976 1013 Spiritus
1017 947 1190 1000 sancti
1254 947 1431 1014 placet
1483 946 1636 1000 lsaia:
1681 946 1906 1016 Spiritus
1945 946 2244 1016 appellare,
2293 946 2506 1000 scilicet
2555 937 2696 999 dona
2737 945 2976 1014 Spiritus
3030 946 3229 1000 sancti.
3295 947 3386 1000 Dei
3450 961 3582 1000 vero

329 1033 678 1100 operationes
715 1035 969 1093 increatae
1009 1049 1159 1092 sunt.
1202 1057 1221 1090 ι

406 1126 527 1178 Ἔτι
554 1126 773 1192 λέγουσι
809 1131 881 1196 μὴ
927 1129 1173 1196 γίνεσθαι
1225 1132 1495 1190 σύνθεσιν.
1529 1133 1592 1186 ἐκ
1626 1149 1683 1186 τε
1726 1133 1912 1196 οὐσίας

326 1218 465 1272 Θεοῦ
491 1219 588 1270 καὶ
615 1212 690 1272 ὧν
712 1221 1003 1289 φρονοῦσιν
1027 1223 1183 1274 αὐτοὶ
1205 1226 1606 1293 πραγματικῶς
1635 1227 1916 1296 συνυπάρ-

328 1330 446 1382 χειν
477 1311 636 1381 αὑτῇ.
678 1313 788 1365 Καί
846 1329 1010 1382 φησιν
1065 1317 1092 1367 ὁ
1154 1315 1418 1385 Παλαμᾶς
1459 1320 1518 1370 ἐν
1569 1319 1714 1386 λόγῳ
1765 1312 1826 1371 οὗ
1878 1320 1912 1388 ἡ

327 1403 512 1474 ἀρχὴ,
586 1403 716 1468 Τοῖς
783 1410 1358 1476 πνευματοκινήτοις
1423 1409 1543 1462 τῶν
1610 1411 1907 1479 Πατέρων,

334 1513 354 1546 ι
401 1496 520 1548 Ὀτι
555 1495 616 1548 τὸ
639 1495 893 1551 ἁκτιστον
925 1503 1345 1570 προσκείμενον,
1376 1503 1501 1573 μίαν
1525 1504 1910 1559 ἀποδείκνυσιν

327 1587 426 1638 καὶ
477 1587 599 1655 ἴσην
657 1589 754 1640 καὶ
795 1589 976 1658 ἁπλῆν
1024 1593 1124 1660 τὴν
1186 1594 1242 1645 ὲν
1287 1597 1352 1662 τῇ
1412 1594 1685 1664 διακρίσει
1731 1598 1905 1670 ταύτῃ

326 1676 620 1746 ὁρωμένην
647 1676 900 1747 θεότητα.
936 1681 1047 1734 Καὶ
1075 1683 1183 1753 γὰρ
1224 1684 1332 1736 πᾶν
1359 1683 1615 1740 ἄκτιστον
1650 1688 1741 1738 καὶ
1773 1689 1904 1757 ὀμό-

327 1769 488 1836 τιμὸν
517 1770 634 1820 ἐστι
657 1772 752 1823 καὶ
787 1773 1085 1840 ἡνωμένον,
1110 1775 1204 1826 καὶ
1228 1773 1477 1838 σύνθεσις
1509 1777 1565 1827 ὲν
1603 1780 1713 1840 τοῖς
1749 1779 1907 1831 aut-

333 1878 477 1923 στοις
523 1863 929 1931 συναγομένοις·
965 1867 1044 1928 είς
1072 1865 1131 1918 ἐν
1169 1868 1231 1920 οὐ
1284 1868 1486 1936 μήποτ’
1529 1869 1594 1922 ἂν
1626 1870 1900 1937 γένοιτο.»

2088 1132 2357 1186 Prmterea
2407 1130 2631 1194 dicunt,
2683 1147 2789 1184 non
2845 1130 2962 1185 fieri
3006 1130 3461 1198 compositionem
3517 1145 3580 1185 ex

2018 1224 2344 1287 substantia,
2389 1233 2444 1277 et
2496 1224 2564 1279 iis
2621 1239 2742 1292 quae
2780 1219 2857 1278 illi
2909 1223 3154 1278 sentiunt
3212 1223 3431 1277 realiter
3468 1222 3582 1276 dis-

2016 1315 2185 1370 tincta
2234 1330 2356 1370 esse
2397 1330 2522 1369 cum
2573 1315 2900 1369 substantia.
2945 1316 3123 1383 Atque
3184 1315 3380 1368 asserit
3431 1315 3587 1370 Pala-

2014 1423 2152 1474 mas,
2197 1409 2252 1462 in
2289 1409 2562 1472 oratione,
2610 1410 2769 1478 cujus
2803 1408 3020 1462 initium
3059 1426 3074 1467 :
3117 1410 3156 1462 Α
3207 1408 3408 1471 Spiritu
3445 1413 3584 1464 exci-

2014 1506 2138 1557 tatis
2171 1502 2443 1561 Patribus.
2482 1520 2499 1552 ι
2533 1503 2688 1568 Quod
2723 1517 2829 1555 vox
2894 1502 3227 1564 increatum,
3263 1499 3391 1554 dum
3433 1503 3586 1570 adja-

2013 1604 2122 1657 cet,
2181 1609 2345 1647 unam
2389 1593 2653 1657 ostendit,
2711 1603 2768 1648 et
2818 1594 3105 1662 a‘qualem,
3159 1607 3222 1646 ac
3282 1593 3586 1661 simplicem

2005 1683 2298 1746 'Deitatem,
2344 1698 2465 1753 qua:
2519 1685 2573 1737 in
2621 1682 2724 1737 hac
2781 1682 3135 1737 distinctione
3175 1682 3412 1737 videtur.
3462 1683 3586 1737 Etc-

2013 1776 2124 1830 nim
2159 1791 2320 1830 omne
2361 1775 2666 1829 increatum
2693 1775 2940 1844 ejusdem
2984 1775 3214 1829 honoris
3252 1783 3338 1830 est
3373 1784 3428 1830 et
3453 1789 3588 1828 con-

2005 1868 2334 1936 iunctionis,
2379 1881 2560 1936 neque
2599 1866 2652 1920 in
2715 1866 2975 1920 increatis
3008 1866 3062 1920 in
3119 1883 3289 1921 unum
3341 1867 3588 1922 collectis

333 1954 442 2004 Καὶ
479 1954 539 2006 ἐν
570 1946 746 2022 ἑτέρῳ
773 1949 834 2008 οὗ
864 1958 901 2023 ἡ
925 1956 1090 2026 ἀρχὴ,
1131 1933 1616 2027 ’Υποψίθυρίσας
1638 1933 1870 2015 τοίνυν
1890 1979 1904 1995 ο

2020 1959 2104 2014 liet
2133 1974 2372 2027 unquam
2405 1958 2755 2027 compositio.
2794 1977 2812 2009 ι
2845 1955 2913 2014 Ει
2938 1957 2992 2010 ἰιι
3026 1956 3131 2010 alia
3161 1957 3409 2012 oratione
3441 1999 3456 2022 ,
3493 1974 3588 2012 cu‘

352 2059 369 2090 ι
399 2041 506 2094 Καὶ
531 2042 652 2094 οὐδὲ
683 2043 843 2097 τοῦτο
864 2046 1094 2098 συνιδεῖν
1141 2048 1361 2116 ἴσχυσεν
1398 2051 1427 2103 ὁ
1472 2053 1529 2103 ἐν
1563 2050 1774 2114 τούτοις
1810 2053 1908 2115 τὰς

330 2134 616 2197 συνθέσεις
647 2135 899 2206 ἀφρόνως
931 2137 1366 2208 φανταζόμενος,
1395 2141 1486 2204 -ῶς
1534 2144 1565 2210 ἡ
1613 2144 1723 2195 τῶν
1753 2143 1910 2196 ἀκτίο

329 2239 478 2276 στων
522 2224 616 2277 καὶ
660 2226 831 2288 ὅντως.
861 2227 1050 2281 ἁπλῶν
1080 2230 1396 2293 συνέλευσις
1425 2233 1505 2295 εἰς
1549 2231 1608 2284 ἓν
1656 2232 1908 2286 σύνθεσιν

327 2315 592 2382 οὐδεμίαν
623 2319 861 2386 ἐμποιεῖ.
909 2337 928 2370 ι
961 2319 1071 2372 Kal.
1095 2322 1124 2373 ό
1155 2322 1501 2391 χρηματίσας
1526 2325 1607 2386 είς
1637 2326 1907 2394 πατριάρ-

331 2421 442 2478 χην
483 2407 749 2470 Κόκκινος
772 2409 829 2461 ἐν
855 2407 898 2460 θ’
927 2410 1040 2462 τῶν
1075 2410 1142 2462 ιδ’
1183 2412 1496 2479 κεφαλαίων
1521 2413 1688 2480 αὑτοῦ
1720 2432 1909 2483 φησιν,

339 2515 358 2546 ι
411 2496 602 2567 Ἡμεῖς
629 2499 892 2567 μαθόντες
917 2501 1024 2554 ἀπ’)
1062 2503 1173 2553 τῶν
1209 2502 1404 2567 ἁγίων,
1436 2505 1518 2556 ὅτι
1553 2505 1671 2558 οὐδὲ
1703 2505 1794 2558 τὸν
1816 2506 1911 2560 ἄν·

335 2587 558 2656 θρωπον
582 2591 798 2644 ποιοῦσί
833 2609 965 2646 ποτε
994 2592 1252 2648 σύνθετον
1278 2596 1346 2647 τὰ
1379 2597 1589 2663 φυσικὰ
1621 2596 1909 2664 ἰδιώματα,

335 2681 457 2734 ἀλλ’
487 2683 610 2736 οὐδὲ
666 2685 716 2736 οἱ
761 2686 999 2753 τεχνικοί
1035 2687 1183 2753 λόγοι
1227 2691 1324 2740 καὶ
1359 2689 1697 2760 ἐπιστῆμαιο
1737 2693 1914 2755 οὐδεὶς

336 2773 451 2842 γὰρ
501 2776 567 2828 ἂν
616 2774 760 2827 εἴποι
800 2776 931 2828 ποτὲ
975 2777 1068 2830 τὸν
1113 2777 1407 2847 ἄνθρωπον
1446 2779 1725 2846 σύνθετον,
1777 2783 1913 2835 διότι

337 2865 455 2934 ἔχει
480 2865 643 2933 φύσιν
677 2871 770 2920 καὶ
799 2868 1082 2940 ἐνέργειαν
1133 2869 1392 2941 φυσικὴν,
1428 2872 1460 2942 ἢ
1497 2871 1631 2925 διότι
1663 2874 1777 2943 ἔχει
1810 2874 1915 2938 φύ-

339 2973 430 3009 σιν
463 2958 557 3010 καὶ
581 2958 774 3030 τέχνην
808 2961 1280 3032 γραμματικὴν,ἢ
1317 2965 1654 3034 τεκτονικὴν,
1681 2965 1712 3033 ἢ
1741 2981 1914 3033 γεωρ-

341 3051 509 3122 γικὴν
533 3052 715 3120 τυχόν.
763 3052 824 3106 El
862 3053 917 3105 δὲ
967 3056 1060 3108 ἐπὶ
1109 3054 1217 3106 τῶν
1257 3055 1566 3125 ἀνθρώπων
1598 3057 1791 3122 οὕτως,
1823 3059 1913 3110 ἐπὶ

337 3141 439 3194 τοῦ
477 3141 612 3195 Θεοῦ
642 3144 694 3194 τί
721 3145 826 3213 χρὴ
867 3144 1068 3212 λέγειν,
1102 3145 1195 3198 τοῦ
1231 3148 1411 3201 πάντα
1442 3149 1738 3218 ὑπερφυῶς
1764 3150 1915 3219 έχον-

2007 2051 2096 2119 jus
2141 2051 2403 2104 initium:
2456 2049 2591 2104 Cum
2639 2049 3022 2103 insusurrasset
3076 2051 3276 2119 igitur:
3323 2068 3342 2100 ι
3398 2049 3588 2117 Neque

2013 2143 2116 2196 hoc
2153 2143 2464 2210 perspicere
2512 2141 2706 2205 valuit,
2740 2142 2835 2210 qui
2889 2140 2944 2193 in
2983 2139 3101 2195 istis
3159 2139 3590 2209 compositiones

2013 2237 2181 2291 stulte
2212 2235 2565 2302 imaginatur,
2596 2234 2742 2302 quod
2777 2235 2829 2286 in
2866 2248 3036 2286 unum
3071 2246 3374 2286 concursus
3404 2246 3588 2284 rerum

2015 2328 2405 2390 increatarum,
2456 2334 2512 2378 et
2573 2339 2762 2378 revera
2812 2321 3168 2390 simplicium,
3227 2319 3586 2390 compositio-

2013 2431 2136 2470 nem
2200 2415 2403 2468 nttllam
2473 2413 2618 2467 facit.
2676 2432 2693 2464 ι
2742 2412 2809 2466 Et
2861 2409 3132 2466 Cuccinus
3169 2408 3280 2472 ille,
3324 2410 3417 2478 qui
3483 2408 3588 2462 fuit

2013 2507 2350 2576 patriarcha,
2382 2505 2436 2557 in
2468 2520 2615 2558 nono
2655 2503 2836 2572 capite
2876 2517 2942 2556 ex
2972 2501 3038 2556 iis
3065 2499 3358 2555 duodecim
3391 2499 3598 2568 capitic,

2016 2599 2139 2655 bus.
2173 2613 2294 2666 quae
2327 2595 2502 2650 edidit
2531 2635 2545 2659 ,
2600 2614 2618 2646 ι
2643 2588 2650 2596 ’
2675 2594 2806 2656 Nos,
2839 2593 2937 2658 ait,
2997 2608 3122 2646 cum
3172 2591 3532 2646 didicerimus
3558 2606 3590 2645 a

2015 2690 2238 2750 sanctis,
2265 2687 2410 2758 quod
2447 2701 2629 2756 neque
2665 2686 2946 2739 hominem
2988 2684 3199 2740 faciunt
3229 2683 3594 2754 proprietates

2019 2781 2297 2834 naturales
2345 2795 2587 2849 unquam
2634 2777 3148 2848 cnmpositum,sed
3199 2792 3382 2846 neque
3421 2775 3596 2829 artifi-

2015 2869 2150 2925 ciosi
2225 2885 2508 2941 sermones
2544 2879 2600 2923 et
2627 2868 2957 2939 disciplinae.
2996 2866 3168 2922 Nemo
3213 2867 3362 2921 enim
3391 2864 3595 2919 dixerit

2020 2973 2264 3028 unquam
2315 2959 2598 3012 hominem
2653 2957 3047 3027 compositum,
3101 2954 3360 3026 quoniam
3428 2953 3594 3007 habet

2021 3061 2269 3104 naturam
2301 3058 2354 3104 et
2388 3049 2767 3118 operationem
2838 3047 3167 3110 naturalem,
3201 3045 3288 3100 vel
3319 3045 3466 3115 quod
3497 3045 3594 3098 ha-

2023 3145 2154 3199 beat
2185 3151 2464 3205 naturam,
2513 3151 2570 3196 et
2615 3149 2788 3196 artem
2825 3140 3261 3211 grammaticam,
3286 3137 3371 3192 vel
3423 3136 3594 3191 fabri-

338 3250 469 3300 τοςς
510 3235 668 3288 Ἀλλὰ
701 3236 950 3299 σύνθεσις
977 3235 1188 3305 γίνεται
1221 3239 1318 3291 καὶ
1357 3239 1578 3306 λέγεται
1611 3241 1755 3304 τότε,
1784 3242 1912 3294 ὅταν

2020 3236 2146 3292 lem.
2181 3235 2264 3288 vel
2295 3235 2474 3289 forsan
2503 3242 2676 3286 artem
2714 3233 3084 3302 agricultura).
3117 3229 3273 3296 Quod
3306 3229 3352 3284 si
3408 3229 3462 3282 in
3494 3229 3595 3282 hn-

338 3325 438 3377 δύο
467 3328 768 3395 πράγματα
818 3327 1008 3394 ἔχοντα
1050 3327 1108 3380 ἓν
1146 3328 1376 3383 ἕκαστον
1418 3331 1551 3383 ίδίαν
1595 3331 1912 3399 ὑπόστασιν,

341 3416 444 3473 καὶ
468 3418 765 3486 δυνάμενον
793 3418 1024 3472 ἕκαστον
1046 3415 1188 3472 εἶναι
1221 3419 1544 3491 θεωρεῖσθαι
1575 3423 1696 3474 καθ’
1731 3424 1912 3486 ἑαυτὸ,

337 3504 468 3574 δίχα
519 3504 613 3557 τοῦ
651 3506 878 3575 ἑτέρου·
913 3506 1043 3560 ὅταν
1088 3507 1157 3558 τὰ
1195 3507 1418 3560 τοιαῦτα
1455 3509 1784 3562 συντεθῶσιν
1822 3511 1916 3561 καὶ

337 3590 621 3645 ἑνωθῶσιν
662 3591 916 3661 ἀλλήλοις
951 3594 1030 3655 εἰς
1060 3593 1188 3661 μίαν
1217 3593 1540 3657 ὑπόστασιν,
1585 3590 1696 3648 οἷον
1725 3596 1917 3668 ὥσπερ

338 3685 401 3738 ὲν
442 3683 518 3754 τῷ
556 3683 831 3753 ἀνθρώπῳ
862 3682 1011 3754 ψυχὴ
1068 3687 1163 3738 καὶ
1208 3686 1389 3755 σῶμα,
1439 3685 1471 3754 ἦ
1523 3688 1594 3738 ’ὲν
1649 3691 1716 3758 τῇ
1767 3691 1916 3760 οἰκίᾳ

337 3777 484 3830 λίθοι
512 3779 609 3830 καὶ
649 3775 784 3842 ξύλα
821 3778 915 3829 καὶ
943 3777 1182 3846 σίδηρος.
1214 3777 1400 3829 Ταῦτα
1443 3778 1551 3848 γὰρ
1592 3779 1717 3832 καθ’
1745 3781 1915 3836 ἑαυτὰ

335 3871 548 3923 ἕκαστα
596 3869 896 3933 ὑπόστασις
928 3869 1250 3930 binm-61m;
1307 3871 1606 3923 συντεθῶσι
1658 3873 1752 3925 καὶ
1786 3874 1916 3925 ἐνω-

341 3962 509 4016 θῶσιν
543 3961 791 4029 ἀλλήλοις
841 3963 920 4023 είς
971 3962 1100 4030 μίαν
1153 3961 1472 4024 ὑπόστασιν,
1522 3964 1645 4014 τότε
1695 3963 1917 4031 λέγεται

343 4052 618 4114 σύνθεσις,
655 4051 776 4120 ἦτοι
800 4049 994 4113 ἓνωσις
1025 4053 1404 4105 ἐνυποστάτων
1425 4052 1518 4105 δὺο
1548 4055 1914 4123 πραγμάτων,

338 4144 376 4214 ἢ
406 4145 500 4198 καὶ
529 4142 813 4196 πλειόνων.
851 4161 871 4193 ι
903 4144 1012 4194 Καὶ
1062 4145 1119 4195 ὲν
1165 4143 1244 4212 τῷ
1295 4143 1446 4212 τόμῳ
1503 4147 1657 4214 κοινῇ
1714 4147 1918 4210 πάντες

336 4234 713 4304 ἀπεφήναντο,
755 4252 775 4285 ι
808 4233 964 4286 Μετὰ
1011 4233 1166 4286 τοῦτο
1219 4234 1567 4303 ἐζητήσαμεν
1621 4241 1771 4306 παρὰ
1806 4237 1917 4290 τῶν

337 4325 519 4391 ἁγίων
562 4327 611 4377 εί
667 4325 934 4394 μηδεμίαν
971 4325 1085 4394 ἔχοι
1125 4341 1206 4385 τις
1258 4323 1323 4378 ἂν
1374 4325 1614 4377 ἐπινοεῖν
1666 4326 1917 4380 σύνθεσιν

338 4422 438 4472 ἐπὶ
465 4419 600 4472 Θεοῦ
629 4420 717 4472 διὰ
767 4419 866 4489 τὴν
915 4417 1013 4487 τῆς
1055 4415 1207 4479 θείας
1253 4416 1440 4479 οὐσίας
1491 4417 1587 4469 καὶ
1639 4419 1918 4487 ἐνεργείας

331 4513 629 4581 διαφοράν.
676 4509 998 4580 ’Λπεδείχθη
1028 4505 1122 4563 οὖν
1162 4510 1308 4579 παρὰ
1342 4510 1448 4563 τῶν
1469 4510 1650 4576 ¹ςίιγίων
1699 4511 1917 4564 πάντων

2019 3325 2262 3380 minibus
2301 3325 2375 3380 ita
2416 3340 2474 3380 se
2507 3339 2596 3378 res
2639 3323 2827 3386 habet,
2870 3322 3004 3392 quid
3049 3323 3103 3376 in
3133 3323 3247 3376 Deo
3293 3319 3590 3374 dicendum

2017 3431 2123 3482 est.
2162 3421 2256 3490 qui
2287 3419 2470 3474 omnia
2516 3416 3012 3488 supernaturaliter
3045 3415 3248 3468 habet?
3293 3413 3398 3468 Sed
3439 3428 3592 3467 com-

2016 3512 2219 3583 positio
2252 3520 2382 3564 tune
2413 3512 2472 3564 tit
2517 3519 2574 3564 et
2613 3508 2836 3571 dicitur,
2867 3505 3088 3575 Quando
3129 3505 3249 3559 duae
3279 3519 3369 3558 res
3399 3504 3590 3574 singu-

2016 3604 2083 3659 la:
2126 3602 2335 3656 habent
2368 3599 2649 3670 propriam
2706 3597 3146 3659 subsistentiam,
3180 3610 3412 3666 quarum
3457 3596 3593 3649 uda-

2018 3708 2246 3765 quaeque
2272 3681 2450 3762 possit
2495 3705 2617 3745 esse
2655 3705 2753 3760 per
2781 3705 2861 3754 se,
2887 3698 2944 3743 et
2979 3687 3325 3743 considerari
3362 3686 3480 3742 sine
3509 3685 3591 3740 al-

2020 3795 2156 3849 tera,
2229 3781 2451 3853 quando
2505 3780 2771 3853 ejusmodi
2829 3779 3130 3850 composita
3187 3787 3244 3833 et
3300 3777 3593 3846 conjuncta

2020 3873 2227 3931 fuerint
2276 3872 2344 3927 ad
2391 3872 2625 3926 invicem
2673 3872 2726 3926 in
2762 3885 2927 3926 unam
2972 3869 3406 3934 subsistentiam,
3437 3867 3594 3922 verbi

2018 3965 2217 4035 gratia,
2253 3972 2311 4017 ut
2341 3963 2396 4017 in
2427 3963 2650 4018 homine
2680 3963 2861 4017 anima
2903 3971 2958 4019 et
2990 3977 3214 4033 corpus,
3252 3961 3332 4015 vel
3369 3962 3423 4016 in
3457 3975 3594 4014 con-

2020 4055 2284 4120 smtenda
2343 4054 2507 4108 domo
2564 4053 2778 4124 lapides
2810 4096 2823 4118 ,
2867 4053 3012 4124 ligna
3065 4061 3122 4107 et
3179 4051 3423 4115 ferrum;
3479 4051 3595 4106 hare

2019 4147 2168 4202 enim
2198 4146 2419 4217 singula
2458 4161 2559 4216 per
2587 4161 2645 4201 se
2674 4143 3086 4201 subsistentiam
3128 4143 3353 4207 habent,
3383 4151 3440 4198 et
3469 4157 3593 4196 cum

2020 4241 2314 4310 conjuncta
2375 4247 2432 4292 et
2452 4237 2768 4307 composita
2809 4236 2954 4290 inter
3016 4250 3075 4290 se
3109 4235 3164 4289 in
3209 4250 3374 4288 unam
3410 4233 3595 4288 subsi-

2019 4329 2277 4384 stentiam
2332 4329 2557 4393 fuerint,
2588 4325 2938 4381 tuncdicitur
2967 4325 3315 4395 compositio,
3345 4325 3430 4378 vel
3463 4339 3598 4379 con-

2015 4421 2230 4492 junctio
2251 4421 2482 4474 duarum
2510 4433 2716 4478 rerum,
2737 4416 2820 4470 vel
2846 4415 3091 4486 plurium
3115 4415 3590 4470 subsistendum.»

2022 4512 2090 4568 Et
2167 4513 2224 4566 in
2281 4521 2431 4564 tomo
2486 4507 2857 4563 communiter
2939 4520 3131 4562 omnes
3178 4505 3595 4561 decreverunt:

337 4605 768 4673 κηρυττόμενον,
818 4603 894 4664 ὼς
945 4603 1046 4654 οὐκ
1099 4601 1214 4654 ἐστι
1277 4600 1528 4654 σύνθεσίν
1588 4617 1711 4671 τινα
1764 4602 1912 4671 παρὰ

2025 4621 2043 4654 ι
2091 4602 2220 4657 Post
2270 4601 2386 4655 haec
2429 4599 2781 4670 quaesivimus
2836 4612 2867 4652 a
2913 4596 3144 4662 sanctis,
3207 4605 3393 4651 utrum
3426 4593 3597 4665 possit

331 4695 501 4749 τοῦτο
531 4692 771 4762 νομίζειν
804 4695 894 4745 ἐπὶ
926 4693 1018 4746 τοῦ
1052 4693 1211 4746 Θεοῦ.
1287 4712 1322 4745 ι.
1345 4694 1451 4744 Καὶ
1492 4693 1550 4743 ἐν
1587 4695 1699 4755 τοῖς
1722 4693 1917 4745 ἀναθε-

337 4789 639 4857 ματισμοῖς
668 4785 713 4838 δ’
734 4783 1038 4854 ἐπιφωνοῦσι
1059 4801 1072 4815 ο
1103 4803 1120 4835 ι
1151 4785 1273 4846 Τοῖς
1297 4783 1550 4853 φρονοῦσι
1581 4785 1674 4836 καὶ
1700 4785 1921 4851 λέγουσι

335 4879 600 4933 σύνθεσίν
633 4895 756 4931 τινα
785 4878 921 4939 ὅλως
949 4876 1036 4929 διὰ
1063 4876 1232 4928 ταῦτα
1265 4876 1517 4943 γίνεσθαι
1538 4876 1632 4928 ἐπὶ
1657 4877 1814 4940 Θεοῦ,
1843 4877 1918 4945 μὴ

338 4968 690 5038 πειθομένοις
739 4967 796 5020 δὲ
834 4971 898 5037 τῇ
931 4967 1039 5019 τῶν
1067 4967 1241 5035 ἁγίων
1272 4966 1610 5038 διδασκαλίᾳ,
1651 4967 1918 5037 μηδεμίαν

2027 4694 2300 4764 quispiam
2331 4692 2494 4746 ullam
2537 4689 2993 4760 compositionem
3035 4689 3090 4742 in
3119 4688 3230 4742 Deo
3253 4685 3599 4741 animadver-

2022 4797 2140 4843 tere
2189 4793 2416 4855 propter
2451 4783 2843 4844 diil‘erentiam,
2892 4795 3014 4851 qum
3055 4788 3140 4834 est
3183 4779 3324 4832 inter
3355 4777 3596 4830 divinam

2018 4878 2378 4936 substantiam
2440 4885 2496 4932 et
2561 4874 2958 4945 operationem.
3019 4877 3313 4926 Usteusum
3359 4877 3442 4922 est
3493 4867 3598 4936 igi-

2020 4983 2110 5029 tur
2162 4987 2193 5026 a
2256 4969 2463 5028 sanctis
2523 4969 2778 5022 omnibus
2827 4965 3183 5034 pra-dicatum
3218 4961 3408 5025 fuisse,
3451 4957 3598 5026 quod

335 5062 600 5117 σύνθεσιν
633 5060 742 5114 ἀπὸ
774 5059 882 5112 τῶν
914 5057 1160 5128 φυσικῶν
1189 5061 1246 5112 ἐν
1271 5061 1338 5129 τῇ
1370 5058 1532 5126 φύσει
1566 5060 1812 5126 γίνεσθαι
1835 5060 1912 5113 δι-

2020 5064 2227 5120 nullam
2277 5058 2736 5130 compositionem
2783 5063 3009 5125 propter
3043 5054 3094 5107 id
3153 5053 3206 5107 in
3244 5051 3356 5105 Deo
3408 5047 3602 5104 existi-

334 5154 681 5217 δασκόντων,
736 5152 810 5216 ὼς
868 5154 988 5204 κατ’
1043 5151 1198 5204 οὐδὲν
1248 5152 1466 5213 πάντως
1522 5151 1621 5222 τὴν
1652 5155 1917 5221 διαφορὰν

333 5243 554 5314 ταύτην
584 5243 989 5314 λυμαινομένην
1013 5246 1078 5312 τῇ
1121 5245 1240 5311 θείᾳ
1272 5244 1554 5310 ἁπλότητι.
1587 5243 1854 5312 ἀνάθεμα.
1892 5263 1911 5296 ι

2006 5169 2170 5210 mare
2221 5153 2370 5209 licet.
2406 5171 2425 5203 ι
2457 5151 2525 5205 Ει
2557 5149 2609 5203 in
2647 5144 3121 5203 anathematismis
3185 5142 3545 5212 pronuntiant
3580 5158 3595 5195 :

2031 5261 2050 5294 ι
2092 5243 2165 5298 lis
2209 5241 2302 5312 qui
2338 5239 2606 5304 sentiunt,
2652 5252 2715 5292 ac
2749 5236 2962 5302 dicunt,
2998 5232 3456 5305 compositionem
3504 5230 3602 5285 ali-

341 5355 516 5412 quam
547 5339 775 5394 omttiuo
799 5346 1027 5408 propter
1061 5338 1176 5392 hzec
1208 5339 1260 5391 in
1291 5337 1400 5391 Deo
1442 5337 1582 5397 fieri.
1613 5353 1792 5407 neque
1855 5338 2122 5394 doctrinae
2161 5344 2478 5393 sanctorum
2549 5333 2934 5402 acquiescunt,
2973 5331 3067 5401 qui
3131 5331 3328 5384 docent
3392 5327 3598 5383 nullam

329 5432 801 5501 compositionem
855 5431 974 5486 lieri
1027 5445 1091 5485 ex
1147 5430 1492 5508 naturalibus
1566 5432 1621 5484 in
1687 5440 1904 5496 natura,

337 5526 715 5594 simplicitati,
758 5527 1073 5581 anathema.
1113 5545 1130 5577 ι

399 5621 544 5692 ,Ἔτι
586 5619 1007 5688 δογματίζουσιν
1037 5620 1119 5670 ὅτι
1148 5605 1300 5672 κατά
1328 5636 1451 5673 τινα
1479 5621 1681 5688 τρόπον
1712 5619 1772 5672 οὐ
1799 5620 1913 5672 δια·

328 5711 628 5778 κρίνονται
655 5711 902 5779 ἀλλήλων
927 5712 996 5762 τὰ
1023 5711 1149 5778 τρία
1189 5711 1288 5778 τῆς
1337 5710 1591 5780 θεότητος
1626 5711 1915 5780 πρόσωπα,

329 5795 385 5880 ᾗ
404 5802 691 5874 πρόσωπα,
714 5801 847 5856 ἀλλὰ
867 5805 959 5856 καὶ
986 5802 1118 5873 πρὸς
1139 5802 1234 5865 τὰς
1251 5803 1507 5873 δυνάμεις
1531 5802 1619 5854 καὶ
1640 5803 1917 5872 ἐνεργείας

1985 5444 2110 5484 cum
2181 5428 2490 5483 dill'erentia
2542 5427 2658 5480 haec
2706 5425 2843 5479 nihil
2891 5433 3087 5478 noceat
3125 5421 3354 5477 omnino
3401 5419 3601 5474 divinae

2103 5619 2376 5671 Praeterea
2409 5615 2800 5686 dogtnatizant,
2841 5615 2984 5685 quod
3021 5629 3129 5667 non
3174 5610 3596 5680 distinguuntur

2031 5710 2268 5779 qttodam
2318 5707 2481 5762 modo
2539 5708 2682 5762 inter
2739 5722 2796 5762 se
2855 5716 2967 5761 tres
3017 5704 3248 5761 Deitatis
3302 5715 3548 5772 personae
3580 5739 3598 5765 ,

2028 5813 2299 5873 quatenus
2355 5815 2602 5871 pcrsoum
2654 5811 2802 5858 sunt.
2851 5803 2955 5858 Sed
3007 5815 3059 5860 et
3107 5803 3168 5856 ait
3227 5797 3493 5868 potentias
3542 5800 3598 5848 et
