3862 6218
303 319 405 382 861

1500 317 1903 379 ADVERSUS
1936 315 2325 378 PALAMAM-

3436 313 3546 377 862

300 440 501 499 πάντες
533 435 739 507 χάριτι,
782 434 971 506 ὥσπερ
997 434 1063 504 δὴ
1093 434 1186 487 καὶ
1220 431 1363 487 θεοί·
1400 432 1538 500 αὑτὴ
1578 434 1623 487 δ’
1656 436 1871 503 ήχάρις

1992 432 2147 488 :reati
2180 430 2403 501 quidem
2430 427 2517 483 isti
2556 442 2749 483 omnes
2791 435 2918 481 sunt
2956 412 3157 495 'gratia,
3190 425 3547 493 quemadmo-

295 531 573 592 ἇκτιστος,
613 526 691 591 ὡς
740 523 935 599 μικρὸν
972 525 1229 597 ἀνωτέρω
1265 524 1773 596 προαποδέδεικται.
1804 542 1822 576 ι

372 722 483 774 Kal
507 719 691 781 πάλιν,
725 737 745 769 ι
774 719 841 773 Δί
862 718 957 772 τοῦ
985 718 1118 772 Θεοῦ
1138 719 1411 789 ἐνέργειαι
1435 719 1679 773 ἀκτιστοί
1707 719 1868 783 εἰσιν,

301 809 351 861 tl
380 808 559 861 καὶτὰ
577 807 746 860 πλείω
766 807 877 859 τῶν
898 806 1353 876 ἀποτελεσμάτων
1368 806 1571 859 τούτων
1599 804 1875 875 κτίσματᾶ

301 900 433 949 είσι.
474 915 494 948 ι
532 897 643 950 Kal
676 897 735 948 ὲν
784 896 860 963 τῷ
898 896 1061 967 λόγῳ,
1093 890 1154 948 οἶ)
1182 898 1214 966 ή
1245 896 1407 966 ἀρχὴ,
1460 894 1882 948 Φιλοκεινοῦσι

300 988 437 1055 μὲν,
488 1007 506 1039 ι
557 987 679 1049 Πῶς
701 984 795 1039 οὖν
827 987 926 1040 οὐκ
956 988 1212 1050 ἄκτιστος
1244 988 1276 1057 ή
1317 987 1473 1057 χάρις
1505 986 1571 1039 δι’
1614 986 1681 1057 ἢν
1716 985 1806 1038 καὶ
1832 985 1882 1038 οἱ

304 1076 705 1145 μετεσχηκότες
753 1074 924 1145 αὐτῆς
962 1076 1189 1146 ἄναρχοι
1219 1076 1317 1151 καὶ
1346 1079 1592 1131 ἀκτιστοι
1624 1076 1719 1131 καὶ
1758 1076 1886 1129 ἀτε-

300 1166 573 1236 λεύτητοι,
612 1168 709 1219 καὶ
738 1168 929 1231 ἀΐδιοι,
966 1170 1061 1220 καὶ
1091 1168 1332 1238 οὐράνιοι
1366 1169 1484 1221 κατ’
1525 1166 1694 1239 αὐτὴν
1725 1167 1875 1238 παρὰ

299 1255 413 1310 τῶν
439 1255 701 1325 Πατέρων
740 1255 1293 1327 προσηγορεύθησαν;
1332 1274 1351 1307 ι

378 1437 502 1490 Ἐτι
549 1436 933 1509 δογματίζουσι
978 1439 1180 1502 πολλὰς
1227 1441 1524 1505 ὑπόστασις
1574 1438 1715 1496 εἶναι
1778 1441 1875 1496 τοῦ

303 1526 463 1582 Θεοῦ.
498 1530 606 1582 Καί
637 1547 802 1601 φησιν
840 1533 868 1585 ὀ
916 1532 1206 1602 Παλαμᾶς,
1262 1552 1280 1586 ι
1338 1532 1481 1587 ‘AD.’
1522 1534 1643 1586 ἐπεὶ
1676 1533 1877 1597 πολλάς

302 1620 401 1673 καὶ
444 1619 737 1690 διαφόρους
791 1621 1121 1684 ὑποστάσεις
1154 1624 1250 1677 καὶ
1297 1623 1555 1692 δυνάμεις
1591 1624 1683 1677 καὶ
1726 1625 1878 1693 ἐνερ-

305 1712 466 1780 γείας
496 1712 526 1763 ὁ
551 1710 685 1774 Θεὸς
722 1711 856 1782 ἔχει,
890 1713 939 1766 εί
977 1715 1054 1785 μὴ
1092 1714 1151 1768 ἓν
1178 1733 1231 1769 τι
1270 1715 1332 1769 τὸ
1376 1717 1548 1771 αίτιον
1571 1718 1629 1769 ὲν
1663 1715 1874 1780 αὐταῖς,

1975 523 2106 576 dum
2137 536 2267 575 sane
2291 527 2349 574 et
2376 518 2448 572 dii
2479 535 2495 582 ;
2526 518 2643 588 ipsa
2687 531 2818 571 vero
2859 516 3033 587 gratia
3072 516 3313 570 increata
3351 522 3454 580 est,
3489 524 3547 569 ut

1974 616 2140 687 paulo
2184 613 2439 684 superius
2475 613 2905 668 demonstratum
2957 619 3062 665 est.
3103 629 3124 664 ι

2049 708 2119 762 Ει
2171 720 2413 761 rursus:
2462 722 2481 756 ι
2516 704 2611 759 Dei
2674 702 3024 772 operationes
3083 701 3341 755 increatte
3374 710 3525 759 sunt.

1979 807 2233 879 quamvis
2258 806 2513 875 pleraque
2540 803 2737 858 borum
2762 801 3054 858 eﬂectuum
3074 812 3337 855 creatum
3380 802 3505 855 sint.
3526 817 3542 850 ι

1976 902 2046 957 Ει
2102 900 2158 955 in
2203 898 2489 962 oratione,
2520 897 2678 966 cujus
2725 895 2939 949 initium
2994 913 3009 951 :
3047 893 3383 948 Contendant
3435 894 3552 962 qui-

1976 994 2093 1047 dem
2122 1006 2140 1044 :
2176 1009 2197 1042 ι
2227 991 2398 1061 Igitur
2425 988 2518 1058 qui
2550 988 2664 1042 fieri
2705 995 2908 1056 potest.
2958 995 3018 1039 ut
3052 1000 3158 1038 non
3196 984 3267 1038 sit
3296 984 3544 1037 increata

1977 1086 2170 1155 gratia,
2199 1099 2300 1153 per
2326 1096 2491 1152 quam
2518 1089 2575 1134 et
2618 1078 2712 1147 qui
2741 1076 3039 1147 participes
3068 1077 3190 1146 ejus
3239 1075 3367 1129 facti
3397 1083 3546 1135 sinit,

1980 1176 2097 1230 sine
2155 1173 2427 1244 principio
2484 1180 2541 1227 et
2586 1166 2856 1239 increati,
2906 1165 3122 1235 ﬁneque
3170 1174 3445 1222 carentes.
3493 1171 3550 1216 et

1980 1264 2300 1336 sempiterni
2349 1269 2514 1332 atque
2544 1260 2799 1315 cmlestes
2828 1256 3134 1311 secundum
3174 1255 3349 1325 ipsam
3382 1270 3413 1309 a
3450 1254 3552 1309 Pa-

1984 1357 2161 1415 tribus
2194 1352 2451 1425 appellati
2486 1350 2656 1406 sunt?
2690 1366 2709 1400 ι

2046 1447 2319 1503 Praeterea
2348 1442 2754 1513 ,dogmatizant,
2798 1440 3001 1495 multas
3048 1438 3373 1508 hypostases
3426 1447 3550 1488 esse

1978 1536 2109 1603 Dei;
2156 1545 2321 1606 atque
2363 1533 2443 1588 ait
2474 1532 2765 1589 Palamas:
2808 1548 2826 1582 ι
2867 1528 2973 1585 Sed
3037 1526 3299 1598 quoniam
3347 1524 3552 1578 multas

1976 1634 2033 1679 et
2074 1623 2322 1678 diversas
2357 1621 2715 1692 hypostases.
2758 1628 2814 1673 et
2844 1608 3120 1688 potentias
3145 1655 3161 1681 ,
3190 1624 3246 1672 et
3277 1612 3553 1684 operatio-

1978 1731 2076 1771 nes
2108 1715 2251 1769 Deus
2303 1711 2493 1774 habet,
2542 1710 2650 1765 nisi
2704 1723 2877 1764 unum
2936 1707 3144 1777 aliquid
3204 1706 3259 1761 in
3293 1704 3429 1775 ipsis
3481 1704 3555 1759 sit

309 1801 505 1856 πολλαὶ
544 1803 638 1855 καὶ
677 1802 927 1873 διάφοροι
958 1805 1172 1860 ἔσονται
1203 1807 1370 1877 ἀρχαὶ
1398 1807 1499 1878 τῆς
1539 1806 1814 1876 θεότητος.
1853 1824 1872 1858 ι

1992 1820 2166 1872 causa,
2200 1804 2372 1861 multa
2398 1811 2455 1859 et
2490 1800 2703 1857 diversa
2738 1809 2905 1856 erunt
2944 1798 3212 1869 principia
3246 1796 3487 1852 deitatis.
3524 1812 3545 1846 ι

382 1894 504 1947 Ἔτι
542 1893 929 1964 δογματίζουσι
973 1897 1068 1949 καὶ
1098 1897 1200 1959 τὰς
1248 1898 1446 1962 πολλὰς
1498 1899 1699 1962 ταύτας
1731 1900 1881 1970 ἐνερ-

305 1982 465 2051 γείας
518 1984 706 2047 οὐσίας
755 1981 918 2040 εἶναι.
954 1987 1069 2041 Καί
1119 2004 1286 2059 φησιν
1314 1990 1342 2042 ὁ
1378 1988 1645 2059 Παλαμᾶς
1697 1995 1756 2043 ὲν
1803 1989 1880 2059 τῷ

304 2075 443 2145 πρὸς
470 2076 563 2128 τὸν
594 2077 754 2131 Λίνου
784 2077 952 2148 λόγῳ,
979 2072 1039 2132 οὗ
1074 2081 1108 2150 ἡ
1139 2082 1304 2151 ἁρχὴ,
1335 2082 1548 2149 Διδοῦς
1578 2082 1763 2146 ὄντως
1793 2082 1881 2135 ol-

305 2166 591 2235 χομένης,
632 2184 651 2219 ι
707 2168 816 2220 Kal
866 2172 977 2240 μὴν
1031 2171 1173 2225 κατά
1225 2170 1316 2225 τδν
1361 2171 1527 2226 πολὺν
1576 2172 1740 2235 ὅντως
1786 2170 1880 2224 καὶ

308 2258 814 2329 πνευματοκίνητον
869 2260 994 2314 νοῦν
1053 2261 1163 2314 τῶν
1221 2261 1381 2333 ἱερῶν
1434 2262 1695 2333 Πατέρων
1745 2262 1878 2331 φαίη

304 2352 376 2406 ἄν
424 2368 506 2415 τις
536 2352 631 2406 καὶ
665 2351 855 2408 οὐσίαν
887 2353 1130 2421 εὐσεϐῶς
1170 2354 1419 2425 ,ἑκάστην
1458 2354 1568 2409 τῶν
1611 2354 1705 2409 τοῦ
1740 2354 1878 2408 Θεοῦ

303 2443 623 2511 ἐνεργειῶν.
660 2462 680 2495 ι

386 2534 507 2587 Ἔτι
557 2536 814 2605 φρονοῦσι
850 2535 951 2607 τὴν
1002 2536 1192 2592 οὐσίαν
1237 2538 1331 2593 τοῦ
1386 2537 1521 2593 Θεοῦ
1572 2538 1881 2611 φθαρτικὴν

307 2621 573 2679 εἶναικαὶ
607 2627 974 2698 ἀναλωτικην,
1028 2628 1187 2699 είπερ
1243 2628 1396 2684 ἔσται
1445 2629 1705 2702 μεθεκτή,
1770 2632 1880 2685 Καί

311 2732 483 2784 φησιν
517 2716 546 2766 ό
595 2718 865 2787 Παλαμᾶς
908 2719 969 2773 ἑν
1000 2718 1079 2790 τῷ
1115 2719 1253 2790 πρὸς
1303 2720 1611 2776 Ἀκίνδυνον
1642 2721 1881 2791 πέμπτῳ

309 2809 477 2879 λόγῳ.
498 2824 558 2862 ου
584 2811 618 2880 ή
645 2809 809 2879 ἀρχὴ,
852 2809 1041 2865 Ἀλλὰ
1072 2810 1163 2877 τίς
1192 2810 1271 2866 ἄν
1288 2826 1305 2844 ο
1338 2830 1358 2864 ι
1385 2811 1532 2883 Αὐτὴ
1553 2812 1734 2867 τοίνυν
1759 2813 1881 2866 καθ’

311 2901 485 2967 αὐτὴν
514 2900 547 2969 ή
574 2898 694 2952 θεία
733 2902 1072 2972 μετεχομένη
1106 2902 1201 2956 καὶ
1233 2901 1622 2974 λαμϐανομένη
1662 2903 1879 2974 φύσιςῆ

311 2991 531 3061 φυρμὸν
567 2992 836 3058 πείσεται,
890 2992 924 3063 ἢ
979 2993 1076 3064 τὴν
1129 2994 1444 3067 παθητικήν
1497 2995 1882 3060 ὲξαναλὼσασα

2052 1897 2326 1952 Praeterea
2358 1892 2761 1964 dogmatizant,
2790 1891 2957 1947 etiam
2986 1890 3086 1945 bas
3123 1889 3325 1944 multas
3358 1901 3555 1956 opera-

1983 1986 2161 2042 tiones
2220 2000 2342 2041 esse
2401 1980 2773 2047 substantias;
2817 1988 2983 2051 atque
3040 1980 3118 2034 ait
3173 1979 3444 2041 Palamas,
3496 1975 3553 2030 in

1981 2079 2233 2135 oratione
2279 2075 2347 2132 ad
2387 2077 2707 2145 episcopum
2750 2072 3046 2136 Anensem,
3091 2070 3249 2140 cujus
3310 2068 3552 2129 initium,

1983 2170 2308 2225 Verecundia
2358 2182 2541 2220 revera
2576 2166 2818 2219 amissa:
2858 2181 2877 2215 ι
2923 2162 2992 2217 Ει
3032 2157 3552 2215 ιιιιιιθηοεεουηᾶυιη

1983 2261 2213 2316 multam
2260 2268 2452 2325 revera
2512 2264 2571 2311 et
2625 2269 2656 2308 a
2714 2252 2909 2322 spiritu
2971 2251 3267 2306 excitatam
3312 2257 3554 2303 mentem

1982 2360 2300 2408 sanctorum
2330 2349 2580 2411 Patrum,
2609 2342 2814 2398 dixerit
2843 2342 3067 2411 aliquis,
3095 2340 3260 2395 etiam
3291 2338 3552 2394 substan-

1983 2444 2111 2499 tiam
2140 2440 2252 2512 pie.
2290 2450 2736 2507 unamquamque
2757 2432 2854 2488 Dei
2883 2430 3284 2501 operationem.
3326 2448 3346 2483 ι

2054 2536 2325 2590 Praeterea
2378 2529 2630 2585 sentiunt
2681 2524 3051 2582 substantiam
3112 2522 3208 2576 Dei
3270 2520 3386 2575 fore
3436 2532 3557 2574 cor-

1983 2626 2278 2697 ruptivam,
2303 2631 2357 2679 et
2375 2619 2830 2690 consumptivam,
2858 2616 2904 2673 si
2935 2615 3042 2673 erit
3061 2610 3556 2670 communicabilis.

1984 2720 2162 2788 Atque
2203 2714 2278 2789 ait
2317 2714 2584 2775 Palamas,
2617 2710 2671 2764 in
2705 2710 2894 2779 quinta
2942 2705 3191 2761 oratione
3223 2703 3291 2758 ad
3322 2700 3558 2771 Acindy-

1982 2807 2315 2878 num,cujus
2352 2803 2607 2859 initium:
2640 2799 2835 2855 Verum
2874 2799 3122 2869 quisnam
3145 2811 3163 2849 :
3188 2814 3207 2846 ι
3239 2795 3360 2865 Ipsa
3390 2793 3557 2865 igitur

1982 2915 2083 2971 per
2134 2913 2193 2955 se
2245 2896 2433 2952 divina
2475 2878 2903 2965 participata‘et
2954 2897 3170 2957 sumpta
3213 2894 3410 2942 natura
3469 2883 3558 2940 vel

1984 2989 2426 3047 commistionem
2483 2985 2726 3056 patietur
2754 3024 2770 3049 ,
2825 2980 2912 3035 vel
2961 2979 3233 3051 passivam
3258 2986 3508 3035 naturam
3536 3014 3555 3036 .

311 3083 512 3150 φθάσει
532 3082 696 3151 φύσιν
718 3084 845 3155 πρὶν
869 3083 936 3137 ἂν
977 3084 1175 3157 ληφθῇ.
1202 3104 1221 3138 ι
1245 3085 1354 3139 Kal
1394 3065 1573 3151 πάλιν,
1599 3105 1617 3138 ι
1658 3087 1721 3141 El
1746 3087 1882 3151 ὅλως

1992 3090 2279 3149 antequam
2331 3086 2604 3141 sumatur,
2663 3076 2961 3129 absumens
3030 3068 3337 3127 exhauriet.
3401 3085 3422 3119 ι
3487 3065 3561 3129 Et

311 3174 466 3226 ἔστιν
496 3173 525 3226 ό
560 3173 692 3237 Θεὸς
717 3175 776 3227 ὲν
806 3175 919 3238 τοῖς
966 3173 1164 3241 ἀξίοις,
1196 3174 1281 3228 δτι
1320 3176 1450 3229 ποτέ
1488 3176 1602 3229 ἐστι
1642 3175 1763 3230 κατ’
1793 3175 1883 3230 ού·-

312 3267 524 3337 σὶαν,ἢ
558 3265 720 3336 φύσει
770 3265 927 3330 θεοὺς
974 3261 1115 3320 εῖναι
1157 3267 1393 3338 ἀνάγκη,
1443 3268 1503 3321 οὗ
1543 3269 1726 3339 χάριτι
1756 3268 1884 3330 τοὺς

311 3357 475 3419 θεοὺς
515 3358 802 3439 μετόχους,
858 3358 891 3427 ἢ
941 3357 1286 3427 κατακαῆναι
1342 3360 1439 3411 καὶ
1486 3359 1878 3431 διαφθαρῆναι.

314 3446 432 3498 Kal
470 3447 525 3498 ἐν
549 3447 626 3517 τῷ
654 3447 806 3518 τόμῳ
837 3449 1023 3514 σαφῶς
1052 3446 1410 3519 ἐπεκύρωσαν
1439 3449 1620 3513 τοῦτο,
1656 3450 1751 3504 καὶ
1785 3450 1886 3521 τὴν

309 3537 506 3591 ο’›σίαν
548 3537 641 3590 τοῦ
674 3537 810 3590 Θεοῦ
851 3538 1122 3603 είπόντες,
1164 3539 1252 3593 διὰ
1290 3542 1352 3593 τὸ
1392 3541 1546 3611 παρά
1573 3540 1683 3593 τῶν
1712 3540 1886 3609 ἁγίων

308 3627 571 3700 είρῆσλαι
623 3629 830 3697 ταύτην
881 3630 1332 3700 ἀπροσπέλαστον
1384 3630 1482 3685 καὶ
1536 3629 1884 3699 ἀμέθεκτσν,

312 3717 631 3789 φθαρτικὴν
683 3720 830 3789 ἡμᾶς
881 3714 1017 3772 εἴναι
1074 3719 1343 3788 νομίζειν,
1392 3721 1518 3782 τοὺς
1556 3720 1700 3775 οὕτω
1754 3720 1888 3791 περὶ

311 3809 523 3879 ταύτης
554 3809 903 3880 φρονοῦντας,
924 3808 970 3863 ὣ
992 3810 1192 3879 τόλμης
1219 3810 1478 3875 ἀσεόοὖςί
1518 3812 1886 3882 ἀπεφήναντο·

315 3902 419 3955 καὶ
445 3901 617 3956 ταῦτα
644 3900 782 3972 πρὸς
810 3901 1053 3971 Μωῦσῆν
1077 3900 1172 3956 τοῦ
1211 3902 1347 3956 Θεου
1378 3903 1687 3975 είρηκότος,
1720 3922 1741 3958 ι
1778 3906 1889 3960 Οὑ-

313 3988 432 4052 δ-ὶς
464 3989 654 4059 ὄψεται
678 3988 738 4042 τὸ
769 3988 1063 4059 πρόσωπόν
1096 4004 1201 4061 μου
1229 3990 1322 4045 καὶ
1346 3990 1593 4063 ζήσεται.
1627 4010 1648 4045 ι

400 4164 520 4217 Ἔτι
549 4160 857 4232 ἐτόλμησαν
880 4162 931 4216 οί
954 4164 1114 4218 πάντ’
1138 4164 1379 4229 ἀναιδεῖς
1413 4167 1615 4235 εἰπεῖν,
1648 4168 1730 4224 ὅτι
1759 4169 1889 4226 ἀνά-

316 4253 482 4320 λογόν
521 4254 667 4306 ἐστιν
709 4252 899 4323 ὥσπερ
933 4253 1002 4306 τὰ
1049 4254 1107 4308 ἑν
1144 4256 1223 4325 τῷ
1254 4256 1402 4326 νόμῳ
1448 4259 1724 4329 μυστήρια
1753 4261 1890 4328 πρὸς

315 4345 424 4409 τὰς
446 4342 553 4397 τῶν
583 4344 951 4414 εύαγγελικῶν
970 4348 1339 4416 κηρυγμάτων
1365 4348 1713 4418 παραδόσεις,
1741 4355 1803 4404 οῦ
1814 4368 1890 4406 τω

1987 3188 2224 3228 rursus:
2277 3189 2296 3222 ι
2336 3168 2395 3224 Si
2444 3168 2671 3223 omnino
2711 3167 2856 3221 Deus
2906 3169 2991 3219 est
3026 3163 3080 3218 in
3116 3162 3433 3217 hominibus
3477 3158 3562 3213 di-

1986 3264 2145 3336 gnis,
2182 3261 2450 3333 quidquid
2503 3259 2638 3314 illud
2696 3257 2915 3313 tandem
2959 3256 3031 3311 sit
3080 3255 3383 3311 secundum
3430 3252 3561 3307 sub-

1987 3354 2270 3416 stantiam,
2302 3350 2389 3405 vel
2443 3356 2505 3404 ut
2543 3348 2653 3403 sint
2682 3358 2879 3402 natura
2927 3347 3029 3413 dii,
3087 3360 3195 3400 non
3239 3345 3431 3415 gratia,
3462 3342 3559 3411 qui

1984 3443 2081 3499 Dei
2110 3441 2405 3513 participes
2434 3450 2584 3505 sunt,
2632 3438 2718 3493 vel
2763 3438 3160 3499 comburantur
3192 3444 3249 3489 et
3286 3434 3563 3488 intereant

1986 3548 2214 3590 necesse
2247 3542 2354 3588 est.
2394 3549 2413 3583 ι
2449 3532 2517 3586 Ει
2549 3532 2602 3585 in
2632 3539 2783 3584 tomo
2811 3531 2962 3586 clare
3009 3528 3065 3583 id
3096 3527 3322 3582 decreto
3353 3525 3558 3580 conlir--

1986 3633 2229 3689 marunt,
2277 3633 2441 3693 atque
2490 3622 2786 3676 dixerunt:
2826 3638 2845 3671 ι
2886 3619 2998 3676 Nos
3046 3617 3409 3674 substantiam
3460 3615 3563 3670 Dei

1987 3716 2299 3774 existimare
2313 3729 2434 3770 esse
2457 3711 2871 3783 corruptibilem
2891 3712 2947 3781 (o
2970 3708 3252 3765 audaciam
3269 3708 3491 3778 impiam
3517 3707 3565 3773 ί)

1988 3806 2081 3878 qui
2106 3805 2173 3860 de
2195 3820 2258 3859 ea
2298 3802 2371 3857 ita
2394 3802 2693 3866 sentimus;
2725 3815 2794 3856 eo
2823 3800 2971 3870 quod
2994 3815 3021 3853 a
3043 3799 3249 3853 sanctis
3297 3796 3453 3852 dicta
3478 3795 3552 3850 sit

1990 3895 2381 3952 inaccessibilis
2427 3903 2483 3949 et
2525 3891 3079 3956 incommunicabilis,
3113 3888 3410 3960 praesertim
3433 3903 3563 3942 cum

1989 3988 2134 4044 Deus
2181 3985 2250 4041 ad
2296 3985 2516 4056 Moysen
2558 3983 2801 4040 dixerit:
2838 4001 2857 4037 ι
2900 3982 3073 4041 Nemo
3116 3980 3325 4037 videbit
3364 3978 3567 4035 faciem

1989 4093 2163 4132 meam
2195 4086 2251 4131 et
2280 4076 2444 4130 vivet.
2486 4093 2505 4127 ι

2061 4170 2327 4224 Praeterea
2360 4167 2415 4221 in
2446 4164 2703 4221 omnibus
2746 4164 3095 4235 impudentes
3140 4165 3261 4221 ausi
3297 4172 3428 4220 sunt
3466 4164 3559 4219 di-

1990 4274 2115 4318 cere
2141 4257 2552 4328 proportionem
2581 4271 2725 4311 esse.
2759 4256 2825 4311 Ut
2860 4272 2920 4313 se
2947 4256 3153 4312 habent
3191 4256 3452 4328 mysteria
3486 4256 3569 4312 le-

1991 4351 2073 4421 gis
2109 4349 2348 4418 antiqua:
2380 4348 2449 4402 ad
2501 4348 2827 4402 traditiones
2873 4349 3239 4417 evangelicas,
3285 4348 3359 4403 ita
3397 4347 3561 4403 etiam

324 4438 423 4491 καὶ
462 4429 621 4490 αὗται
669 4437 807 4507 πρὸς
848 4435 917 4489 τά
946 4436 1042 4489 νέα
1092 4438 1387 4506 Παλαμικὰ
1433 4439 1705 4509 δόγματα.
1753 4443 1884 4512 Φησὶ

1998 4438 2412 4511 praedicationes
2440 4439 2770 4509 evangelica:
2793 4438 2861 4493 ad
2880 4454 3017 4494 nova
3037 4440 3266 4495 Palama:
3290 4441 3571 4509 dogmata.

323 4529 439 4599 γὰρ
478 4531 506 4581 ό
559 4527 710 4598 παρά
766 4527 861 4581 τοῦ
915 4528 993 4591 είς
1045 4529 1391 4600 πατριάρχην
1445 4532 1893 4603 χρηματίσαντος

326 4619 597 4674 Κοκκίνου
630 4618 869 4681 ἐκτεθεὶς
915 4620 990 4679 ὼς
1040 4622 1149 4673 ἀπὸ
1189 4621 1298 4673 τῶν
1342 4622 1758 4694 Ἀγιορειτικῶν
1809 4625 1899 4679 τό·

326 4725 428 4780 μος
468 4706 788 4768 συστατικὸς
834 4704 910 4759 ὢν
972 4707 1067 4760 τοῦ
1120 4709 1359 4779 Παλαμᾶ
1397 4712 1558 4764 τάδε·
1597 4731 1616 4765 ι
1673 4713 1754 4765 Τὰ
1795 4714 1896 4782 μὲν

322 4796 532 4867 ἀρτίως
565 4795 1017 4865 καθωμιλημένα,
1052 4799 1146 4849 καὶ
1176 4801 1329 4869 κοινῇ
1363 4802 1529 4857 πᾶσιν
1550 4802 1893 4872 ἐγνωσμένα,

323 4889 425 4941 καὶ
461 4887 745 4958 παρρησίᾳ
792 4889 1175 4957 κηρυττόμενα
1207 4889 1476 4960 δόγματα,
1531 4892 1620 4945 διὰ
1648 4893 1897 4957 Μωσέως

324 4979 545 5049 ὑπῆρχε
586 4978 750 5048 νόμου
784 4979 1086 5049 μυστήρια,
1114 4980 1229 5043 τοϊς
1276 4982 1589 5052 προφήταις
1620 4984 1802 5053 μόνοις
1837 4989 1895 5040 ὲν

327 5069 613 5138 Πνεύματι
678 5068 1073 5140 προορώμεναο
1134 5070 1203 5124 τὰ
1247 5070 1292 5123 δ’
1350 5074 1739 5144 ἐπηγγελμένα
1782 5079 1896 5139 τοῖς

326 5161 510 5229 ἁγίοις
540 5160 724 5229 ἀγαθά
744 5160 886 5213 κατά
908 5159 998 5212 τδν
1033 5160 1207 5216 αίῶνα
1230 5161 1321 5225 τὸν
1344 5164 1611 5232 μέλλοντα
1633 5167 1731 5236 τῆς
1754 5168 1897 5221 κατά

326 5253 393 5305 τὸ
421 5252 751 5321 Εὐαγγέλιόν
782 5254 899 5321 ἐστι
928 5252 1208 5316 πολιτείας
1240 5254 1518 5325 μυστήρια
1540 5257 1653 5320 τοῖς
1684 5256 1773 5312 διά
1800 5257 1897 5312 τοῦ

328 5344 651 5411 Πνεύματος
677 5345 811 5416 ὁρᾷν
850 5344 1175 5414 ἠξιωμένοις
1203 5347 1298 5399 καὶ
1322 5347 1538 5409 τούτοις
1573 5349 1811 5421 μετρίως
1838 5351 1898 5404 ἐν

329 5436 655 5507 ἁρῤαὸὦνος
711 5436 870 5507 μέρει
928 5434 1183 5506 διδόμενὰ
1234 5452 1295 5489 τε
1356 5437 1449 5490 καὶ
1513 5439 1893 5511 προορώμενα.

345 5524 483 5578 Ἀλλ’
518 5525 707 5597 ὥσπερ
739 5525 906 5590 εἴτις
955 5527 1065 5579 τῶν
1107 5525 1378 5580 Ἰουδαίων
1436 5527 1510 5596 μὴ
1562 5528 1686 5593 μετ’
1738 5529 1899 5584 εὐλα-

335 5617 486 5679 Elia;
533 5617 748 5670 ἀκούων
800 5617 907 5670 τῶν
953 5616 1248 5688 προφητῶν
1298 5614 1569 5683 λεγόντων
1600 5616 1775 5684 Λόγον
1803 5619 1898 5672 καὶ

335 5705 565 5777 Πνεῦμα
591 5707 727 5762 Θεοῦ
755 5708 1001 5763 συναῖὂιά
1038 5723 1096 5760 τε
1150 5708 1248 5765 καὶ
1274 5704 1597 5774 προαιὼνια›
1631 5709 1895 5781 συνέσχεν

1995 4531 2200 4588 Tomus
2227 4530 2375 4587 enim
2403 4530 2585 4586 editus
2626 4530 2695 4585 ab
2732 4532 2825 4586 illo
2848 4530 3110 4595 Coccino,
3144 4533 3237 4602 qui
3270 4533 3374 4589 fuit
3400 4532 3569 4604 patri-

1991 4622 2200 4688 archa,
2258 4621 2479 4676 nomine
2533 4624 2925 4679 monachorum
2977 4624 3161 4679 Sancti
3200 4624 3415 4686 Montis,
3471 4624 3569 4678 ubi

1992 4715 2242 4771 Palamas
2289 4715 2709 4772 commendatur
2747 4726 2803 4773 et
2831 4718 3188 4787 approbatur,
3220 4717 3337 4770 hac
3400 4715 3568 4769 habet

1993 4806 2062 4861 ad
2094 4806 2323 4861 verbum
2367 4823 2382 4860 :
2420 4824 2441 4861 ι
2482 4806 2581 4870 Ea,
2619 4806 2686 4861 de
2708 4808 2908 4875 quibus
2946 4808 3110 4861 modo
3134 4820 3316 4861 sermo
3345 4803 3572 4858 habitus

1992 4904 2099 4962 est,
2123 4907 2178 4951 et
2207 4896 2277 4950 ab
2308 4897 2568 4950 omnibus
2604 4897 2976 4951 communiter
3006 4897 3216 4951 sancita
3245 4903 3397 4959 sunt,
3417 4910 3567 4964 qua:-

1993 5000 2101 5053 que
2134 4984 2305 5038 libere
2335 4983 2705 5052 prmdicantur
2732 4985 3007 5055 dogmata,
3037 5002 3135 5056 per
3166 4986 3386 5056 Moysen
3409 4995 3569 5040 erant

1992 5075 2131 5145 legis
2174 5073 2457 5144 mysteria,
2515 5090 2637 5144 qua:
2687 5084 2897 5130 tantum
2939 5076 3219 5146 prOpbette
3258 5076 3312 5129 in
3357 5075 3571 5146 Spiritu

1994 5165 2391 5236 praevidebant,
2415 5182 2537 5236 qua:
2563 5179 2699 5225 vero
2727 5168 2998 5237 promissa
3026 5168 3397 5223 suntsanctis
3420 5166 3570 5223 bona

1996 5256 2052 5313 in
2090 5257 2282 5313 futuro
2314 5257 2540 5324 saeculo,
2575 5270 2706 5314 sunt
2739 5260 2996 5331 mysteria
3034 5260 3331 5331 evangelici
3366 5268 3568 5323 status,

1996 5346 2067 5403 iis
2096 5347 2192 5417 qui
2220 5364 2319 5418 per
2349 5347 2616 5419 Spiritum
2655 5360 2909 5407 sanctum
2940 5366 3005 5405 ca
3036 5350 3224 5405 videre
3261 5351 3407 5420 digni
3439 5349 3569 5407 facti

1995 5447 2160 5505 sunt;
2194 5439 2392 5508 hisque
2429 5440 2785 5495 mediocriter
2819 5441 2940 5495 loco
2976 5441 3301 5497 arrhabonis
3339 5443 3564 5507 dantur,

1999 5539 2055 5586 et
2084 5530 2152 5584 ab
2186 5530 2251 5584 iis
2298 5530 2693 5599 pra-videntur.
2724 5533 2997 5588 Caeterum
3023 5533 3490 5603 quemadmodum
3520 5535 3572 5589 si

1996 5621 2121 5692 quis
2161 5637 2227 5676 ex
2256 5620 2461 5701 Iuda-is
2507 5638 2617 5676 non
2648 5635 2805 5678 caute
2839 5624 3071 5680 audiens
3099 5624 3399 5695 prophetas
3420 5664 3436 5689 ,
3468 5640 3565 5694 qua

2000 5712 2215 5778 dicunt,
2253 5710 2492 5768 Verbum
2540 5722 2589 5767 et
2621 5713 2885 5785 Spiritum
2914 5714 3008 5771 Dei
3037 5726 3159 5772 esse
3196 5724 3465 5774 eomterna
3509 5724 3566 5767 τι
