  <div class='ocr_page' id='page_1' title='image "/cluster/home/n/w/nwhite01/storage/ocr_20150623/154/hvd.32044073505299/464.png"; bbox 0 0 3862 6218; ppageno 0'>
   <div class='ocr_carea' id='block_1_1' title="bbox 258 324 365 387">
    <p class='ocr_par' dir='ltr' id='par_1_1' title="bbox 258 324 365 387">
     <span class='ocr_line' id='line_1_1' title="bbox 258 324 365 387; baseline -0.009 0"><span class='ocrx_word' id='word_1_1' title='bbox 258 324 365 387; x_wconf 85' lang='lat'><strong>865</strong></span> 
     </span>
    </p>
   </div>
   <div class='ocr_carea' id='block_1_2' title="bbox 1181 319 2570 393">
    <p class='ocr_par' dir='ltr' id='par_1_2' title="bbox 1181 319 2570 393">
     <span class='ocr_line' id='line_1_2' title="bbox 1181 319 2570 393; baseline 0.004 -7"><span class='ocrx_word' id='word_1_2' title='bbox 1181 326 1277 386; x_wconf 83' lang='lat' dir='ltr'><strong>DE</strong></span> <span class='ocrx_word' id='word_1_3' title='bbox 1314 319 1832 385; x_wconf 72' lang='lat' dir='ltr'><strong>PROCESSIONE</strong></span> <span class='ocrx_word' id='word_1_4' title='bbox 1876 322 2240 390; x_wconf 78' lang='lat' dir='ltr'><strong>SPIRlTUS</strong></span> <span class='ocrx_word' id='word_1_5' title='bbox 2281 330 2570 393; x_wconf 55' lang='lat' dir='ltr'><strong>SJNCTI.</strong></span> 
     </span>
    </p>
   </div>
   <div class='ocr_carea' id='block_1_3' title="bbox 3386 338 3496 401">
    <p class='ocr_par' dir='ltr' id='par_1_3' title="bbox 3386 338 3496 401">
     <span class='ocr_line' id='line_1_3' title="bbox 3386 338 3496 401; baseline 0.018 -2"><span class='ocrx_word' id='word_1_6' title='bbox 3386 338 3496 401; x_wconf 80' lang='lat'><strong>866</strong></span> 
     </span>
    </p>
   </div>
   <div class='ocr_carea' id='block_1_4' title="bbox 258 439 1818 513">
    <p class='ocr_par' dir='ltr' id='par_1_4' title="bbox 258 439 1812 513">
     <span class='ocr_line' id='line_1_4' title="bbox 258 439 1812 513; baseline -0.003 -19"><span class='ocrx_word' id='word_1_7' title='bbox 258 442 348 494; x_wconf 78' lang='grc' dir='ltr'><strong>καὶ</strong></span> <span class='ocrx_word' id='word_1_8' title='bbox 377 440 669 508; x_wconf 83' lang='grc' dir='ltr'>γεννᾶσθαι</span> <span class='ocrx_word' id='word_1_9' title='bbox 720 442 995 506; x_wconf 78' lang='grc' dir='ltr'><strong>παντελῶς</strong></span> <span class='ocrx_word' id='word_1_10' title='bbox 1052 440 1412 513; x_wconf 73' lang='grc' dir='ltr'>ἀπαρνεῖσθαι</span> <span class='ocrx_word' id='word_1_11' title='bbox 1439 483 1452 505; x_wconf 88' lang='grc'><strong>,</strong></span> <span class='ocrx_word' id='word_1_12' title='bbox 1484 440 1667 507; x_wconf 80' lang='grc' dir='ltr'>δῆλον,</span> <span class='ocrx_word' id='word_1_13' title='bbox 1712 439 1812 507; x_wconf 84' lang='grc' dir='ltr'>τῆς</span> 
     </span>
    </p>
   </div>
   <div class='ocr_carea' id='block_1_5' title="bbox 1923 439 3500 513">
    <p class='ocr_par' dir='ltr' id='par_1_5' title="bbox 1925 443 3500 511">
     <span class='ocr_line' id='line_1_5' title="bbox 1925 443 3500 511; baseline 0.011 -19"><span class='ocrx_word' id='word_1_14' title='bbox 1925 443 2153 499; x_wconf 86' lang='lat' dir='ltr'><strong>omnino</strong></span> <span class='ocrx_word' id='word_1_15' title='bbox 2204 445 2463 511; x_wconf 78' lang='lat' dir='ltr'><strong>inliciari,</strong></span> <span class='ocrx_word' id='word_1_16' title='bbox 2496 448 2844 503; x_wconf 81' lang='lat' dir='ltr'><strong>manifestum</strong></span> <span class='ocrx_word' id='word_1_17' title='bbox 2884 458 2969 505; x_wconf 89' lang='lat' dir='ltr'><strong>est</strong></span> <span class='ocrx_word' id='word_1_18' title='bbox 3012 469 3028 504; x_wconf 83' lang='lat'><strong>:</strong></span> <span class='ocrx_word' id='word_1_19' title='bbox 3078 466 3201 507; x_wconf 88' lang='lat' dir='ltr'><strong>cum</strong></span> <span class='ocrx_word' id='word_1_20' title='bbox 3254 452 3500 509; x_wconf 84' lang='lat' dir='ltr'><strong>Ecclesia</strong></span> 
     </span>
    </p>
   </div>
   <div class='ocr_carea' id='block_1_6' title="bbox 273 530 1812 605">
    <p class='ocr_par' dir='ltr' id='par_1_6' title="bbox 273 530 1812 605">
     <span class='ocr_line' id='line_1_6' title="bbox 273 530 1812 605; baseline 0 -22"><span class='ocrx_word' id='word_1_21' title='bbox 273 532 602 601; x_wconf 81' lang='grc' dir='ltr'>Ἐκκλησίας</span> <span class='ocrx_word' id='word_1_22' title='bbox 649 533 943 605; x_wconf 74' lang='grc' dir='ltr'>διαρρήδην</span> <span class='ocrx_word' id='word_1_23' title='bbox 996 536 1213 603; x_wconf 84' lang='grc' dir='ltr'>’Λρειον</span> <span class='ocrx_word' id='word_1_24' title='bbox 1264 534 1356 586; x_wconf 69' lang='grc' dir='ltr'>καὶ</span> <span class='ocrx_word' id='word_1_25' title='bbox 1402 533 1524 594; x_wconf 70' lang='grc' dir='ltr'>τοὺς</span> <span class='ocrx_word' id='word_1_26' title='bbox 1587 530 1812 584; x_wconf 83' lang='grc' dir='ltr'>τοιαῦτα</span> 
     </span>
    </p>
   </div>
   <div class='ocr_carea' id='block_1_7' title="bbox 150 620 1814 696">
    <p class='ocr_par' dir='ltr' id='par_1_7' title="bbox 150 620 1814 696">
     <span class='ocr_line' id='line_1_7' title="bbox 150 620 1814 696; baseline 0.002 -25"><span class='ocrx_word' id='word_1_27' title='bbox 150 673 159 678; x_wconf 85' lang='lat'><strong><em>_</em></strong></span> <span class='ocrx_word' id='word_1_28' title='bbox 254 621 635 689; x_wconf 79' lang='grc' dir='ltr'><strong>τολμήσαντας</strong></span> <span class='ocrx_word' id='word_1_29' title='bbox 666 624 1144 696; x_wconf 81' lang='grc' dir='ltr'><strong>παραπεμπούσης</strong></span> <span class='ocrx_word' id='word_1_30' title='bbox 1165 623 1327 689; x_wconf 81' lang='grc' dir='ltr'>ἀξίως</span> <span class='ocrx_word' id='word_1_31' title='bbox 1370 622 1448 690; x_wconf 80' lang='grc' dir='ltr'><strong>τῷ</strong></span> <span class='ocrx_word' id='word_1_32' title='bbox 1480 620 1814 689; x_wconf 81' lang='grc' dir='ltr'>ἁναθέματι.</span> 
     </span>
    </p>
   </div>
   <div class='ocr_carea' id='block_1_8' title="bbox 274 710 1826 782">
    <p class='ocr_par' dir='ltr' id='par_1_8' title="bbox 274 710 1826 782">
     <span class='ocr_line' id='line_1_8' title="bbox 274 710 1826 782; baseline 0 -20"><span class='ocrx_word' id='word_1_33' title='bbox 274 711 430 763; x_wconf 75' lang='grc' dir='ltr'><strong>Ἐπεὶ</strong></span> <span class='ocrx_word' id='word_1_34' title='bbox 460 710 516 764; x_wconf 83' lang='grc' dir='ltr'>δὲ</span> <span class='ocrx_word' id='word_1_35' title='bbox 541 711 710 764; x_wconf 78' lang='grc' dir='ltr'>ταῦτα</span> <span class='ocrx_word' id='word_1_36' title='bbox 742 713 833 765; x_wconf 83' lang='grc' dir='ltr'>καί</span> <span class='ocrx_word' id='word_1_37' title='bbox 863 730 1009 775; x_wconf 86' lang='grc' dir='ltr'>τινες</span> <span class='ocrx_word' id='word_1_38' title='bbox 1054 714 1297 782; x_wconf 77' lang='grc' dir='ltr'><strong>ἀνοήτως</strong></span> <span class='ocrx_word' id='word_1_39' title='bbox 1324 712 1684 781; x_wconf 74' lang='grc' dir='ltr'><strong>παρεισάγειν</strong></span> <span class='ocrx_word' id='word_1_40' title='bbox 1709 713 1826 762; x_wconf 89' lang='grc' dir='ltr'>τολ-</span> 
     </span>
    </p>
   </div>
   <div class='ocr_carea' id='block_1_9' title="bbox 257 801 1815 873">
    <p class='ocr_par' dir='ltr' id='par_1_9' title="bbox 257 801 1815 873">
     <span class='ocr_line' id='line_1_9' title="bbox 257 801 1815 873; baseline 0.002 -21"><span class='ocrx_word' id='word_1_41' title='bbox 257 805 458 871; x_wconf 81' lang='grc' dir='ltr'>μῶσιν,</span> <span class='ocrx_word' id='word_1_42' title='bbox 491 801 543 854; x_wconf 79' lang='grc' dir='ltr'><strong>οἳ</strong></span> <span class='ocrx_word' id='word_1_43' title='bbox 573 804 662 855; x_wconf 79' lang='grc' dir='ltr'>τὸν</span> <span class='ocrx_word' id='word_1_44' title='bbox 706 805 804 872; x_wconf 81' lang='grc' dir='ltr'>μὲν</span> <span class='ocrx_word' id='word_1_45' title='bbox 836 804 963 858; x_wconf 81' lang='grc' dir='ltr'>Υίδν</span> <span class='ocrx_word' id='word_1_46' title='bbox 991 807 1054 858; x_wconf 83' lang='grc' dir='ltr'>ἐκ</span> <span class='ocrx_word' id='word_1_47' title='bbox 1084 805 1176 857; x_wconf 82' lang='grc' dir='ltr'>τοῦ</span> <span class='ocrx_word' id='word_1_48' title='bbox 1210 805 1442 873; x_wconf 76' lang='grc' dir='ltr'>Πατρὸς.</span> <span class='ocrx_word' id='word_1_49' title='bbox 1480 804 1512 873; x_wconf 81' lang='grc' dir='ltr'>ἢ</span> <span class='ocrx_word' id='word_1_50' title='bbox 1552 805 1647 871; x_wconf 84' lang='grc' dir='ltr'><strong>τῆς</strong></span> <span class='ocrx_word' id='word_1_51' title='bbox 1682 804 1815 856; x_wconf 85' lang='grc' dir='ltr'>ὐπο-</span> 
     </span>
    </p>
   </div>
   <div class='ocr_carea' id='block_1_10' title="bbox 255 885 1825 964">
    <p class='ocr_par' dir='ltr' id='par_1_10' title="bbox 255 885 1825 964">
     <span class='ocr_line' id='line_1_10' title="bbox 255 885 1825 964; baseline 0 -18"><span class='ocrx_word' id='word_1_52' title='bbox 255 894 608 963; x_wconf 81' lang='grc' dir='ltr'>στάσεως,ἢ</span> <span class='ocrx_word' id='word_1_53' title='bbox 657 896 755 962; x_wconf 81' lang='grc' dir='ltr'>τῆς</span> <span class='ocrx_word' id='word_1_54' title='bbox 810 885 1081 964; x_wconf 77' lang='grc' dir='ltr'><strong>πατρικῆς</strong></span> <span class='ocrx_word' id='word_1_55' title='bbox 1138 894 1401 962; x_wconf 78' lang='grc' dir='ltr'><strong>ἰδιότητος</strong></span> <span class='ocrx_word' id='word_1_56' title='bbox 1446 890 1586 945; x_wconf 81' lang='grc' dir='ltr'>εἶναι</span> <span class='ocrx_word' id='word_1_57' title='bbox 1635 895 1825 962; x_wconf 81' lang='grc' dir='ltr'>ὁμολο-</span> 
     </span>
    </p>
   </div>
   <div class='ocr_carea' id='block_1_11' title="bbox 251 968 1828 1055">
    <p class='ocr_par' dir='ltr' id='par_1_11' title="bbox 251 985 1828 1055">
     <span class='ocr_line' id='line_1_11' title="bbox 251 985 1828 1055; baseline -0.001 -16"><span class='ocrx_word' id='word_1_58' title='bbox 251 987 463 1053; x_wconf 74' lang='grc' dir='ltr'>γοῦσιν,</span> <span class='ocrx_word' id='word_1_59' title='bbox 507 988 569 1039; x_wconf 84' lang='grc' dir='ltr'>ἐκ</span> <span class='ocrx_word' id='word_1_60' title='bbox 602 986 658 1039; x_wconf 77' lang='grc' dir='ltr'>δὲ</span> <span class='ocrx_word' id='word_1_61' title='bbox 688 988 787 1055; x_wconf 79' lang='grc' dir='ltr'>τῆς</span> <span class='ocrx_word' id='word_1_62' title='bbox 816 988 1004 1049; x_wconf 84' lang='grc' dir='ltr'>οὐσίας</span> <span class='ocrx_word' id='word_1_63' title='bbox 1041 986 1135 1040; x_wconf 77' lang='grc' dir='ltr'><strong>τοῦ</strong></span> <span class='ocrx_word' id='word_1_64' title='bbox 1181 986 1393 1055; x_wconf 74' lang='grc' dir='ltr'>[ἰατρὸς</span> <span class='ocrx_word' id='word_1_65' title='bbox 1438 985 1599 1037; x_wconf 83' lang='grc' dir='ltr'>αὐτὸν</span> <span class='ocrx_word' id='word_1_66' title='bbox 1633 988 1828 1051; x_wconf 76' lang='grc' dir='ltr'>γεννᾶ-</span> 
     </span>
    </p>
   </div>
   <div class='ocr_carea' id='block_1_12' title="bbox 252 1077 1824 1147">
    <p class='ocr_par' dir='ltr' id='par_1_12' title="bbox 252 1077 1824 1147">
     <span class='ocr_line' id='line_1_12' title="bbox 252 1077 1824 1147; baseline 0 -18"><span class='ocrx_word' id='word_1_67' title='bbox 252 1077 380 1130; x_wconf 79' lang='grc' dir='ltr'>σθαι</span> <span class='ocrx_word' id='word_1_68' title='bbox 402 1079 461 1130; x_wconf 86' lang='grc' dir='ltr'>οὐ</span> <span class='ocrx_word' id='word_1_69' title='bbox 489 1078 884 1147; x_wconf 80' lang='grc' dir='ltr'>παραδέχονται</span> <span class='ocrx_word' id='word_1_70' title='bbox 908 1094 924 1111; x_wconf 77' lang='grc' dir='ltr'><strong><em>ο</em></strong></span> <span class='ocrx_word' id='word_1_71' title='bbox 957 1078 1062 1131; x_wconf 82' lang='grc' dir='ltr'>ἔδει</span> <span class='ocrx_word' id='word_1_72' title='bbox 1091 1077 1213 1147; x_wconf 78' lang='grc' dir='ltr'>μηδ’</span> <span class='ocrx_word' id='word_1_73' title='bbox 1246 1078 1557 1145; x_wconf 70' lang='grc' dir='ltr'><strong>ἡστινοσοῦν</strong></span> <span class='ocrx_word' id='word_1_74' title='bbox 1587 1078 1824 1146; x_wconf 85' lang='grc' dir='ltr'>ἀποκρί-</span> 
     </span>
    </p>
   </div>
   <div class='ocr_carea' id='block_1_13' title="bbox 252 1169 1829 1238">
    <p class='ocr_par' dir='ltr' id='par_1_13' title="bbox 252 1169 1829 1238">
     <span class='ocr_line' id='line_1_13' title="bbox 252 1169 1829 1238; baseline 0 -17"><span class='ocrx_word' id='word_1_75' title='bbox 252 1187 392 1232; x_wconf 78' lang='grc' dir='ltr'>σεως</span> <span class='ocrx_word' id='word_1_76' title='bbox 416 1170 603 1234; x_wconf 65' lang='grc' dir='ltr'>ἀξιοῦν</span> <span class='ocrx_word' id='word_1_77' title='bbox 635 1173 760 1233; x_wconf 79' lang='grc' dir='ltr'>τοὺς</span> <span class='ocrx_word' id='word_1_78' title='bbox 787 1171 847 1222; x_wconf 88' lang='grc' dir='ltr'><strong>οὐ</strong></span> <span class='ocrx_word' id='word_1_79' title='bbox 875 1170 1128 1223; x_wconf 78' lang='grc' dir='ltr'>τοσοῦτον</span> <span class='ocrx_word' id='word_1_80' title='bbox 1179 1169 1405 1238; x_wconf 81' lang='grc' dir='ltr'><strong>ἀμαθῶς</strong></span> <span class='ocrx_word' id='word_1_81' title='bbox 1437 1186 1495 1220; x_wconf 88' lang='grc' dir='ltr'><strong>τε</strong></span> <span class='ocrx_word' id='word_1_82' title='bbox 1532 1171 1624 1221; x_wconf 74' lang='grc' dir='ltr'>καὶ</span> <span class='ocrx_word' id='word_1_83' title='bbox 1666 1170 1829 1221; x_wconf 84' lang='grc' dir='ltr'>ἅπαι-</span> 
     </span>
    </p>
   </div>
   <div class='ocr_carea' id='block_1_14' title="bbox 251 1260 1825 1327">
    <p class='ocr_par' dir='ltr' id='par_1_14' title="bbox 251 1260 1825 1327">
     <span class='ocr_line' id='line_1_14' title="bbox 251 1260 1825 1327; baseline -0.001 -13"><span class='ocrx_word' id='word_1_84' title='bbox 251 1262 457 1325; x_wconf 85' lang='grc' dir='ltr'>δεύτως</span> <span class='ocrx_word' id='word_1_85' title='bbox 479 1303 492 1321; x_wconf 81' lang='grc'><strong>,</strong></span> <span class='ocrx_word' id='word_1_86' title='bbox 533 1263 656 1315; x_wconf 78' lang='grc' dir='ltr'>ὅσον</span> <span class='ocrx_word' id='word_1_87' title='bbox 691 1261 967 1323; x_wconf 82' lang='grc' dir='ltr'>δυσσεϐῶς</span> <span class='ocrx_word' id='word_1_88' title='bbox 997 1260 1139 1313; x_wconf 80' lang='grc' dir='ltr'>οὓτω</span> <span class='ocrx_word' id='word_1_89' title='bbox 1165 1260 1572 1326; x_wconf 79' lang='grc' dir='ltr'>θεολογοῦντας,</span> <span class='ocrx_word' id='word_1_90' title='bbox 1605 1262 1695 1313; x_wconf 69' lang='grc' dir='ltr'><strong>καὶ</strong></span> <span class='ocrx_word' id='word_1_91' title='bbox 1720 1278 1825 1327; x_wconf 80' lang='grc' dir='ltr'><strong>φα-</strong></span> 
     </span>
    </p>
   </div>
   <div class='ocr_carea' id='block_1_15' title="bbox 250 1352 1826 1425">
    <p class='ocr_par' dir='ltr' id='par_1_15' title="bbox 250 1352 1826 1425">
     <span class='ocr_line' id='line_1_15' title="bbox 250 1352 1826 1425; baseline 0 -22"><span class='ocrx_word' id='word_1_92' title='bbox 250 1355 429 1425; x_wconf 86' lang='grc' dir='ltr'>νερῶς</span> <span class='ocrx_word' id='word_1_93' title='bbox 457 1356 554 1417; x_wconf 79' lang='grc' dir='ltr'>τὰς</span> <span class='ocrx_word' id='word_1_94' title='bbox 584 1355 758 1423; x_wconf 83' lang='grc' dir='ltr'>ἀρχὰς</span> <span class='ocrx_word' id='word_1_95' title='bbox 802 1353 903 1420; x_wconf 81' lang='grc' dir='ltr'>τῆς</span> <span class='ocrx_word' id='word_1_96' title='bbox 952 1355 1185 1414; x_wconf 85' lang='grc' dir='ltr'>πίστεως</span> <span class='ocrx_word' id='word_1_97' title='bbox 1222 1353 1648 1423; x_wconf 80' lang='grc' dir='ltr'><strong>ἀνατρέποντας.</strong></span> <span class='ocrx_word' id='word_1_98' title='bbox 1680 1352 1826 1422; x_wconf 84' lang='grc' dir='ltr'><strong>Πλὴν</strong></span> 
     </span>
    </p>
   </div>
   <div class='ocr_carea' id='block_1_16' title="bbox 251 1442 1827 1514">
    <p class='ocr_par' dir='ltr' id='par_1_16' title="bbox 251 1442 1827 1514">
     <span class='ocr_line' id='line_1_16' title="bbox 251 1442 1827 1514; baseline -0.004 -16"><span class='ocrx_word' id='word_1_99' title='bbox 251 1446 439 1513; x_wconf 84' lang='grc' dir='ltr'>ἐπειδὴ</span> <span class='ocrx_word' id='word_1_100' title='bbox 478 1447 585 1499; x_wconf 72' lang='grc' dir='ltr'><strong>πᾶν</strong></span> <span class='ocrx_word' id='word_1_101' title='bbox 643 1445 845 1514; x_wconf 71' lang='grc' dir='ltr'>ὕψωμα</span> <span class='ocrx_word' id='word_1_102' title='bbox 883 1444 1024 1496; x_wconf 81' lang='grc' dir='ltr'><strong>κατᾶ</strong></span> <span class='ocrx_word' id='word_1_103' title='bbox 1072 1446 1171 1510; x_wconf 82' lang='grc' dir='ltr'><strong>τῆς</strong></span> <span class='ocrx_word' id='word_1_104' title='bbox 1224 1444 1318 1498; x_wconf 80' lang='grc' dir='ltr'>τοῦ</span> <span class='ocrx_word' id='word_1_105' title='bbox 1380 1442 1516 1496; x_wconf 80' lang='grc' dir='ltr'>Θεοῦ</span> <span class='ocrx_word' id='word_1_106' title='bbox 1576 1442 1827 1509; x_wconf 81' lang='grc' dir='ltr'>γνώσεως</span> 
     </span>
    </p>
   </div>
   <div class='ocr_carea' id='block_1_17' title="bbox 135 1531 1824 1603">
    <p class='ocr_par' dir='ltr' id='par_1_17' title="bbox 135 1531 1824 1603">
     <span class='ocr_line' id='line_1_17' title="bbox 135 1531 1824 1603; baseline -0.002 -17"><span class='ocrx_word' id='word_1_107' title='bbox 135 1532 157 1547; x_wconf 72' lang='lat'><strong>‘</strong></span> <span class='ocrx_word' id='word_1_108' title='bbox 248 1536 634 1603; x_wconf 80' lang='grc' dir='ltr'>ἐπαιρόμενον,</span> <span class='ocrx_word' id='word_1_109' title='bbox 671 1534 794 1588; x_wconf 83' lang='grc' dir='ltr'>ὅσον</span> <span class='ocrx_word' id='word_1_110' title='bbox 826 1534 857 1602; x_wconf 80' lang='grc' dir='ltr'>ἡ</span> <span class='ocrx_word' id='word_1_111' title='bbox 908 1532 1137 1601; x_wconf 82' lang='grc' dir='ltr'>δύναμις</span> <span class='ocrx_word' id='word_1_112' title='bbox 1170 1534 1499 1602; x_wconf 74' lang='grc' dir='ltr'>ἐπιτρέπει,</span> <span class='ocrx_word' id='word_1_113' title='bbox 1537 1531 1824 1599; x_wconf 82' lang='grc' dir='ltr'>καοαιρεῖν</span> 
     </span>
    </p>
   </div>
   <div class='ocr_carea' id='block_1_18' title="bbox 249 1621 1827 1694">
    <p class='ocr_par' dir='ltr' id='par_1_18' title="bbox 249 1621 1827 1694">
     <span class='ocr_line' id='line_1_18' title="bbox 249 1621 1827 1694; baseline -0.001 -17"><span class='ocrx_word' id='word_1_114' title='bbox 249 1628 347 1679; x_wconf 70' lang='grc' dir='ltr'><strong>καὶ</strong></span> <span class='ocrx_word' id='word_1_115' title='bbox 374 1624 678 1694; x_wconf 79' lang='grc' dir='ltr'><strong>ἐξελέγχειν</strong></span> <span class='ocrx_word' id='word_1_116' title='bbox 716 1625 1009 1691; x_wconf 79' lang='grc' dir='ltr'>ἀναγκαῖον</span> <span class='ocrx_word' id='word_1_117' title='bbox 1062 1624 1389 1692; x_wconf 84' lang='grc' dir='ltr'>πειρᾶσθαι,</span> <span class='ocrx_word' id='word_1_118' title='bbox 1419 1627 1513 1675; x_wconf 74' lang='grc' dir='ltr'>καὶ</span> <span class='ocrx_word' id='word_1_119' title='bbox 1571 1623 1711 1676; x_wconf 75' lang='grc' dir='ltr'>κατὰ</span> <span class='ocrx_word' id='word_1_120' title='bbox 1736 1621 1827 1675; x_wconf 72' lang='grc' dir='ltr'>τὸν</span> 
     </span>
    </p>
   </div>
   <div class='ocr_carea' id='block_1_19' title="bbox 249 1713 1823 1784">
    <p class='ocr_par' dir='ltr' id='par_1_19' title="bbox 249 1713 1823 1784">
     <span class='ocr_line' id='line_1_19' title="bbox 249 1713 1823 1784; baseline -0.001 -16"><span class='ocrx_word' id='word_1_121' title='bbox 249 1719 550 1784; x_wconf 79' lang='grc' dir='ltr'>κορυφαῖον</span> <span class='ocrx_word' id='word_1_122' title='bbox 572 1716 681 1767; x_wconf 85' lang='grc' dir='ltr'>τῶν</span> <span class='ocrx_word' id='word_1_123' title='bbox 711 1716 1021 1769; x_wconf 76' lang='grc' dir='ltr'><strong>ἀποστόλων</strong></span> <span class='ocrx_word' id='word_1_124' title='bbox 1046 1717 1251 1783; x_wconf 80' lang='grc' dir='ltr'><strong>Πέτρον</strong></span> <span class='ocrx_word' id='word_1_125' title='bbox 1294 1716 1545 1782; x_wconf 74' lang='grc' dir='ltr'>ἑτοίμους</span> <span class='ocrx_word' id='word_1_126' title='bbox 1576 1713 1823 1782; x_wconf 78' lang='grc' dir='ltr'>γίνεσθαι</span> 
     </span>
    </p>
   </div>
   <div class='ocr_carea' id='block_1_20' title="bbox 246 1805 1824 1876">
    <p class='ocr_par' dir='ltr' id='par_1_20' title="bbox 246 1805 1824 1876">
     <span class='ocr_line' id='line_1_20' title="bbox 246 1805 1824 1876; baseline -0.001 -19"><span class='ocrx_word' id='word_1_127' title='bbox 246 1806 358 1875; x_wconf 75' lang='grc' dir='ltr'><strong>χρὴ</strong></span> <span class='ocrx_word' id='word_1_128' title='bbox 383 1808 542 1871; x_wconf 59' lang='grc' dir='ltr'>παντὶ</span> <span class='ocrx_word' id='word_1_129' title='bbox 570 1808 646 1875; x_wconf 83' lang='grc' dir='ltr'>τῷ</span> <span class='ocrx_word' id='word_1_130' title='bbox 675 1806 925 1876; x_wconf 73' lang='grc' dir='ltr'><strong>ζητοῦντι</strong></span> <span class='ocrx_word' id='word_1_131' title='bbox 949 1805 1147 1859; x_wconf 80' lang='grc' dir='ltr'>διδόναι</span> <span class='ocrx_word' id='word_1_132' title='bbox 1164 1806 1323 1872; x_wconf 90' lang='grc' dir='ltr'>λόγον</span> <span class='ocrx_word' id='word_1_133' title='bbox 1345 1823 1410 1857; x_wconf 84' lang='grc' dir='ltr'><strong>πε</strong></span> <span class='ocrx_word' id='word_1_134' title='bbox 1419 1808 1473 1875; x_wconf 74' lang='lat' dir='ltr'><strong>pl</strong></span> <span class='ocrx_word' id='word_1_135' title='bbox 1501 1806 1597 1875; x_wconf 79' lang='grc' dir='ltr'>τῆς</span> <span class='ocrx_word' id='word_1_136' title='bbox 1616 1807 1673 1858; x_wconf 84' lang='grc' dir='ltr'>ἐν</span> <span class='ocrx_word' id='word_1_137' title='bbox 1692 1807 1824 1874; x_wconf 79' lang='grc' dir='ltr'>ἡμῖν</span> 
     </span>
    </p>
   </div>
   <div class='ocr_carea' id='block_1_21' title="bbox 244 1897 1825 1968">
    <p class='ocr_par' dir='ltr' id='par_1_21' title="bbox 244 1897 1825 1968">
     <span class='ocr_line' id='line_1_21' title="bbox 244 1897 1825 1968; baseline 0.001 -19"><span class='ocrx_word' id='word_1_138' title='bbox 244 1899 502 1961; x_wconf 79' lang='grc' dir='ltr'>πίστεως,</span> <span class='ocrx_word' id='word_1_139' title='bbox 537 1898 774 1951; x_wconf 79' lang='grc' dir='ltr'>δεικτέον</span> <span class='ocrx_word' id='word_1_140' title='bbox 800 1897 864 1950; x_wconf 81' lang='grc' dir='ltr'>ἂν</span> <span class='ocrx_word' id='word_1_141' title='bbox 907 1897 990 1967; x_wconf 79' lang='grc' dir='ltr'><strong>εἴη</strong></span> <span class='ocrx_word' id='word_1_142' title='bbox 1018 1898 1189 1951; x_wconf 79' lang='grc' dir='ltr'>πολλὰ</span> <span class='ocrx_word' id='word_1_143' title='bbox 1216 1898 1324 1950; x_wconf 83' lang='grc' dir='ltr'><strong>τῶν</strong></span> <span class='ocrx_word' id='word_1_144' title='bbox 1370 1899 1825 1968; x_wconf 79' lang='grc' dir='ltr'><strong>ὁμολογουμένων</strong></span> 
     </span>
    </p>
   </div>
   <div class='ocr_carea' id='block_1_22' title="bbox 245 1988 1827 2060">
    <p class='ocr_par' dir='ltr' id='par_1_22' title="bbox 245 1988 1827 2060">
     <span class='ocr_line' id='line_1_22' title="bbox 245 1988 1827 2060; baseline 0 -18"><span class='ocrx_word' id='word_1_145' title='bbox 245 1993 313 2059; x_wconf 77' lang='grc' dir='ltr'>τῇ</span> <span class='ocrx_word' id='word_1_146' title='bbox 354 1989 615 2058; x_wconf 83' lang='grc' dir='ltr'>καθολικῇ</span> <span class='ocrx_word' id='word_1_147' title='bbox 646 1990 826 2042; x_wconf 83' lang='grc' dir='ltr'>πίστει</span> <span class='ocrx_word' id='word_1_148' title='bbox 879 1991 1006 2051; x_wconf 86' lang='grc' dir='ltr'><strong>τούς</strong></span> <span class='ocrx_word' id='word_1_149' title='bbox 1057 1988 1227 2042; x_wconf 77' lang='grc' dir='ltr'>ταῦτα</span> <span class='ocrx_word' id='word_1_150' title='bbox 1279 1989 1533 2057; x_wconf 84' lang='grc' dir='ltr'>λέγοντας</span> <span class='ocrx_word' id='word_1_151' title='bbox 1580 1988 1827 2060; x_wconf 83' lang='grc' dir='ltr'>ἀναιρεῖν</span> 
     </span>
    </p>
   </div>
   <div class='ocr_carea' id='block_1_23' title="bbox 246 2082 1824 2152">
    <p class='ocr_par' dir='ltr' id='par_1_23' title="bbox 246 2082 1824 2152">
     <span class='ocr_line' id='line_1_23' title="bbox 246 2082 1824 2152; baseline 0 -15"><span class='ocrx_word' id='word_1_152' title='bbox 246 2082 675 2150; x_wconf 76' lang='grc' dir='ltr'><strong>ἀναγκάζεσθαι,</strong></span> <span class='ocrx_word' id='word_1_153' title='bbox 702 2082 913 2145; x_wconf 77' lang='grc' dir='ltr'>πολλοῖς</span> <span class='ocrx_word' id='word_1_154' title='bbox 940 2100 1000 2135; x_wconf 90' lang='grc' dir='ltr'><strong>τε</strong></span> <span class='ocrx_word' id='word_1_155' title='bbox 1027 2085 1143 2145; x_wconf 83' lang='grc' dir='ltr'>τοῖς</span> <span class='ocrx_word' id='word_1_156' title='bbox 1172 2085 1395 2146; x_wconf 77' lang='grc' dir='ltr'>ἀτόποις</span> <span class='ocrx_word' id='word_1_157' title='bbox 1416 2083 1824 2152; x_wconf 71' lang='grc' dir='ltr'>ἐνέχεσθαι,καὶ</span> 
     </span>
    </p>
   </div>
   <div class='ocr_carea' id='block_1_24' title="bbox 242 2173 1821 2244">
    <p class='ocr_par' dir='ltr' id='par_1_24' title="bbox 242 2173 1821 2244">
     <span class='ocr_line' id='line_1_24' title="bbox 242 2173 1821 2244; baseline 0.003 -17"><span class='ocrx_word' id='word_1_158' title='bbox 242 2174 384 2232; x_wconf 83' lang='grc' dir='ltr'>ὅλως</span> <span class='ocrx_word' id='word_1_159' title='bbox 400 2174 624 2226; x_wconf 77' lang='grc' dir='ltr'>ἐκείνων</span> <span class='ocrx_word' id='word_1_160' title='bbox 644 2173 807 2243; x_wconf 83' lang='grc' dir='ltr'>μηδὲν</span> <span class='ocrx_word' id='word_1_161' title='bbox 824 2174 931 2228; x_wconf 82' lang='grc' dir='ltr'>τῶν</span> <span class='ocrx_word' id='word_1_162' title='bbox 948 2174 1194 2227; x_wconf 85' lang='grc' dir='ltr'>παλαιῶν</span> <span class='ocrx_word' id='word_1_163' title='bbox 1212 2174 1507 2242; x_wconf 83' lang='grc' dir='ltr'>αίρετικῶν</span> <span class='ocrx_word' id='word_1_164' title='bbox 1524 2174 1821 2244; x_wconf 77' lang='grc' dir='ltr'>διαφέρειν.</span> 
     </span>
    </p>
   </div>
   <div class='ocr_carea' id='block_1_25' title="bbox 320 2264 1822 2335">
    <p class='ocr_par' dir='ltr' id='par_1_25' title="bbox 320 2264 1822 2335">
     <span class='ocr_line' id='line_1_25' title="bbox 320 2264 1822 2335; baseline 0.001 -19"><span class='ocrx_word' id='word_1_165' title='bbox 320 2264 543 2333; x_wconf 82' lang='grc' dir='ltr'>Πρῶτον</span> <span class='ocrx_word' id='word_1_166' title='bbox 594 2265 771 2317; x_wconf 78' lang='grc' dir='ltr'>τοίνυν</span> <span class='ocrx_word' id='word_1_167' title='bbox 832 2265 1138 2334; x_wconf 85' lang='grc' dir='ltr'>ἐρωτητὲον</span> <span class='ocrx_word' id='word_1_168' title='bbox 1187 2265 1383 2327; x_wconf 78' lang='grc' dir='ltr'>αὐτοὺς</span> <span class='ocrx_word' id='word_1_169' title='bbox 1414 2303 1429 2327; x_wconf 89' lang='grc'><strong>,</strong></span> <span class='ocrx_word' id='word_1_170' title='bbox 1477 2264 1660 2317; x_wconf 87' lang='grc' dir='ltr'>τίποτε</span> <span class='ocrx_word' id='word_1_171' title='bbox 1724 2265 1822 2335; x_wconf 85' lang='grc' dir='ltr'>τὴν</span> 
     </span>
    </p>
   </div>
   <div class='ocr_carea' id='block_1_26' title="bbox 250 2349 1823 2424">
    <p class='ocr_par' dir='ltr' id='par_1_26' title="bbox 250 2349 1823 2424">
     <span class='ocr_line' id='line_1_26' title="bbox 250 2349 1823 2424; baseline 0 -16"><span class='ocrx_word' id='word_1_172' title='bbox 250 2356 544 2409; x_wconf 77' lang='grc' dir='ltr'>ὑπόστασιν</span> <span class='ocrx_word' id='word_1_173' title='bbox 575 2349 715 2408; x_wconf 84' lang='grc' dir='ltr'>εἶναι</span> <span class='ocrx_word' id='word_1_174' title='bbox 745 2355 1059 2424; x_wconf 79' lang='grc' dir='ltr'>νομίζουσιν</span> <span class='ocrx_word' id='word_1_175' title='bbox 1085 2394 1101 2420; x_wconf 89' lang='grc'><strong>,</strong></span> <span class='ocrx_word' id='word_1_176' title='bbox 1138 2355 1168 2423; x_wconf 76' lang='grc' dir='ltr'>ἢ</span> <span class='ocrx_word' id='word_1_177' title='bbox 1205 2354 1304 2423; x_wconf 75' lang='grc' dir='ltr'><strong>τὴν</strong></span> <span class='ocrx_word' id='word_1_178' title='bbox 1354 2354 1631 2423; x_wconf 79' lang='grc' dir='ltr'>πατρικὴν</span> <span class='ocrx_word' id='word_1_179' title='bbox 1692 2354 1823 2408; x_wconf 75' lang='grc' dir='ltr'>ἰδιό-</span> 
     </span>
    </p>
   </div>
   <div class='ocr_carea' id='block_1_27' title="bbox 248 2443 1821 2515">
    <p class='ocr_par' dir='ltr' id='par_1_27' title="bbox 248 2443 1821 2515">
     <span class='ocr_line' id='line_1_27' title="bbox 248 2443 1821 2515; baseline 0 -18"><span class='ocrx_word' id='word_1_180' title='bbox 248 2462 406 2513; x_wconf 82' lang='grc' dir='ltr'>τητα,</span> <span class='ocrx_word' id='word_1_181' title='bbox 432 2446 534 2515; x_wconf 81' lang='grc' dir='ltr'><strong>τὴν</strong></span> <span class='ocrx_word' id='word_1_182' title='bbox 565 2445 877 2515; x_wconf 79' lang='grc' dir='ltr'>πατρότητα</span> <span class='ocrx_word' id='word_1_183' title='bbox 917 2444 1161 2515; x_wconf 84' lang='grc' dir='ltr'>δηλονότι</span> <span class='ocrx_word' id='word_1_184' title='bbox 1182 2461 1197 2475; x_wconf 73' lang='grc'><strong><em>⁸</em></strong></span> <span class='ocrx_word' id='word_1_185' title='bbox 1242 2444 1332 2498; x_wconf 88' lang='grc' dir='ltr'>ἴνα</span> <span class='ocrx_word' id='word_1_186' title='bbox 1371 2445 1505 2514; x_wconf 89' lang='grc' dir='ltr'>πρός</span> <span class='ocrx_word' id='word_1_187' title='bbox 1532 2460 1587 2495; x_wconf 90' lang='grc' dir='ltr'>τι</span> <span class='ocrx_word' id='word_1_188' title='bbox 1626 2443 1821 2513; x_wconf 82' lang='grc' dir='ltr'>ὁμολο-</span> 
     </span>
    </p>
   </div>
   <div class='ocr_carea' id='block_1_28' title="bbox 244 2535 1820 2605">
    <p class='ocr_par' dir='ltr' id='par_1_28' title="bbox 244 2535 1820 2605">
     <span class='ocr_line' id='line_1_28' title="bbox 244 2535 1820 2605; baseline -0.001 -16"><span class='ocrx_word' id='word_1_189' title='bbox 244 2535 516 2605; x_wconf 81' lang='grc' dir='ltr'>γούμενον</span> <span class='ocrx_word' id='word_1_190' title='bbox 575 2536 699 2600; x_wconf 82' lang='grc' dir='ltr'><strong>τούς</strong></span> <span class='ocrx_word' id='word_1_191' title='bbox 762 2536 956 2603; x_wconf 82' lang='grc' dir='ltr'>λόγους</span> <span class='ocrx_word' id='word_1_192' title='bbox 1025 2535 1293 2604; x_wconf 82' lang='grc' dir='ltr'>ποιῶμεν,</span> <span class='ocrx_word' id='word_1_193' title='bbox 1348 2537 1443 2588; x_wconf 71' lang='grc' dir='ltr'>καὶ</span> <span class='ocrx_word' id='word_1_194' title='bbox 1486 2536 1673 2604; x_wconf 81' lang='grc' dir='ltr'>ἐπειδὴ</span> <span class='ocrx_word' id='word_1_195' title='bbox 1724 2535 1820 2604; x_wconf 85' lang='grc' dir='ltr'><strong>τὴν</strong></span> 
     </span>
    </p>
   </div>
   <div class='ocr_carea' id='block_1_29' title="bbox 242 2625 1821 2696">
    <p class='ocr_par' dir='ltr' id='par_1_29' title="bbox 242 2625 1821 2696">
     <span class='ocr_line' id='line_1_29' title="bbox 242 2625 1821 2696; baseline 0 -19"><span class='ocrx_word' id='word_1_196' title='bbox 242 2625 436 2678; x_wconf 79' lang='grc' dir='ltr'>οὐσίαν</span> <span class='ocrx_word' id='word_1_197' title='bbox 469 2628 605 2696; x_wconf 81' lang='grc' dir='ltr'>πρὸς</span> <span class='ocrx_word' id='word_1_198' title='bbox 650 2626 749 2692; x_wconf 81' lang='grc' dir='ltr'>τὴν</span> <span class='ocrx_word' id='word_1_199' title='bbox 798 2627 1096 2681; x_wconf 82' lang='grc' dir='ltr'>ὑπόστασιν</span> <span class='ocrx_word' id='word_1_200' title='bbox 1142 2625 1562 2694; x_wconf 81' lang='grc' dir='ltr'>ἀντιδιαιροῦσι,</span> <span class='ocrx_word' id='word_1_201' title='bbox 1599 2627 1694 2680; x_wconf 71' lang='grc' dir='ltr'><strong>καὶ</strong></span> <span class='ocrx_word' id='word_1_202' title='bbox 1727 2625 1821 2678; x_wconf 82' lang='grc' dir='ltr'><strong>Θά-</strong></span> 
     </span>
    </p>
   </div>
   <div class='ocr_carea' id='block_1_30' title="bbox 247 2713 1845 2788">
    <p class='ocr_par' dir='ltr' id='par_1_30' title="bbox 247 2713 1845 2788">
     <span class='ocr_line' id='line_1_30' title="bbox 247 2713 1845 2788; baseline 0 -18"><span class='ocrx_word' id='word_1_203' title='bbox 247 2734 409 2785; x_wconf 89' lang='grc' dir='ltr'>τερον</span> <span class='ocrx_word' id='word_1_204' title='bbox 434 2719 529 2787; x_wconf 85' lang='grc' dir='ltr'>οὐχ</span> <span class='ocrx_word' id='word_1_205' title='bbox 556 2713 667 2770; x_wconf 73' lang='grc' dir='ltr'>οἷον</span> <span class='ocrx_word' id='word_1_206' title='bbox 691 2718 750 2770; x_wconf 84' lang='grc' dir='ltr'><strong>τὸ</strong></span> <span class='ocrx_word' id='word_1_207' title='bbox 780 2717 968 2787; x_wconf 78' lang='grc' dir='ltr'>ἕτερόν</span> <span class='ocrx_word' id='word_1_208' title='bbox 1002 2734 1158 2787; x_wconf 84' lang='grc' dir='ltr'>φασι,</span> <span class='ocrx_word' id='word_1_209' title='bbox 1196 2720 1360 2771; x_wconf 72' lang='grc' dir='ltr'>παντὶ</span> <span class='ocrx_word' id='word_1_210' title='bbox 1386 2717 1568 2788; x_wconf 81' lang='grc' dir='ltr'>δῆλον,</span> <span class='ocrx_word' id='word_1_211' title='bbox 1606 2720 1689 2772; x_wconf 83' lang='grc' dir='ltr'>ὅτι</span> <span class='ocrx_word' id='word_1_212' title='bbox 1722 2718 1845 2788; x_wconf 85' lang='grc' dir='ltr'>τὴν</span> 
     </span>
    </p>
   </div>
   <div class='ocr_carea' id='block_1_31' title="bbox 250 2803 1818 2881">
    <p class='ocr_par' dir='ltr' id='par_1_31' title="bbox 250 2803 1818 2881">
     <span class='ocr_line' id='line_1_31' title="bbox 250 2803 1818 2881; baseline 0.004 -23"><span class='ocrx_word' id='word_1_213' title='bbox 250 2808 541 2861; x_wconf 80' lang='grc' dir='ltr'>ὑπόστασιν</span> <span class='ocrx_word' id='word_1_214' title='bbox 568 2809 993 2878; x_wconf 82' lang='grc' dir='ltr'>ὁμολογήσουσιν</span> <span class='ocrx_word' id='word_1_215' title='bbox 1034 2803 1176 2861; x_wconf 75' lang='grc' dir='ltr'>εἶναι</span> <span class='ocrx_word' id='word_1_216' title='bbox 1221 2809 1324 2861; x_wconf 86' lang='grc' dir='ltr'>οὐκ</span> <span class='ocrx_word' id='word_1_217' title='bbox 1358 2810 1570 2863; x_wconf 87' lang='grc' dir='ltr'>οὐσίαν.</span> <span class='ocrx_word' id='word_1_218' title='bbox 1608 2811 1680 2863; x_wconf 82' lang='grc' dir='ltr'>Τὸ</span> <span class='ocrx_word' id='word_1_219' title='bbox 1710 2812 1818 2881; x_wconf 78' lang='grc' dir='ltr'>γὰρ</span> 
     </span>
    </p>
   </div>
   <div class='ocr_carea' id='block_1_32' title="bbox 249 2898 1819 2971">
    <p class='ocr_par' dir='ltr' id='par_1_32' title="bbox 249 2898 1819 2971">
     <span class='ocr_line' id='line_1_32' title="bbox 249 2898 1819 2971; baseline 0.002 -19"><span class='ocrx_word' id='word_1_220' title='bbox 249 2898 626 2967; x_wconf 73' lang='grc' dir='ltr'>ἀντικείμενον</span> <span class='ocrx_word' id='word_1_221' title='bbox 662 2902 728 2969; x_wconf 82' lang='grc' dir='ltr'>τῇ</span> <span class='ocrx_word' id='word_1_222' title='bbox 764 2899 921 2971; x_wconf 76' lang='grc' dir='ltr'>οὐσίᾳ</span> <span class='ocrx_word' id='word_1_223' title='bbox 944 2899 1043 2952; x_wconf 78' lang='grc' dir='ltr'>οὐκ</span> <span class='ocrx_word' id='word_1_224' title='bbox 1066 2898 1214 2953; x_wconf 81' lang='grc' dir='ltr'>ἔστιν</span> <span class='ocrx_word' id='word_1_225' title='bbox 1244 2900 1427 2959; x_wconf 87' lang='grc' dir='ltr'>οὐσία.</span> <span class='ocrx_word' id='word_1_226' title='bbox 1470 2901 1566 2954; x_wconf 80' lang='grc' dir='ltr'>καὶ</span> <span class='ocrx_word' id='word_1_227' title='bbox 1595 2903 1627 2971; x_wconf 81' lang='grc' dir='ltr'>ἠ</span> <span class='ocrx_word' id='word_1_228' title='bbox 1659 2902 1819 2955; x_wconf 82' lang='grc' dir='ltr'>οὐσία</span> 
     </span>
    </p>
   </div>
   <div class='ocr_carea' id='block_1_33' title="bbox 249 2988 1817 3073">
    <p class='ocr_par' dir='ltr' id='par_1_33' title="bbox 249 2988 1817 3073">
     <span class='ocr_line' id='line_1_33' title="bbox 249 2988 1817 3073; baseline 0.001 -32"><span class='ocrx_word' id='word_1_229' title='bbox 249 2989 467 3073; x_wconf 79' lang='grc' dir='ltr'>πρδςτὸ</span> <span class='ocrx_word' id='word_1_230' title='bbox 504 2989 578 3059; x_wconf 81' lang='grc' dir='ltr'><strong>μὴ</strong></span> <span class='ocrx_word' id='word_1_231' title='bbox 627 2988 686 3042; x_wconf 75' lang='grc' dir='ltr'>ὃν</span> <span class='ocrx_word' id='word_1_232' title='bbox 740 2990 899 3042; x_wconf 88' lang='grc' dir='ltr'>οὐσία</span> <span class='ocrx_word' id='word_1_233' title='bbox 950 2990 1279 3043; x_wconf 83' lang='grc' dir='ltr'>ἀντίκειται.</span> <span class='ocrx_word' id='word_1_234' title='bbox 1337 2990 1500 3043; x_wconf 79' lang='grc' dir='ltr'>Ἀλλὰ</span> <span class='ocrx_word' id='word_1_235' title='bbox 1544 2991 1605 3043; x_wconf 85' lang='grc' dir='ltr'><strong>τὸ</strong></span> <span class='ocrx_word' id='word_1_236' title='bbox 1638 2993 1713 3061; x_wconf 75' lang='grc' dir='ltr'>μὴ</span> <span class='ocrx_word' id='word_1_237' title='bbox 1758 2991 1817 3044; x_wconf 80' lang='grc' dir='ltr'>ὃν</span> 
     </span>
    </p>
   </div>
   <div class='ocr_carea' id='block_1_34' title="bbox 246 3081 1888 3169">
    <p class='ocr_par' dir='ltr' id='par_1_34' title="bbox 246 3081 1888 3169">
     <span class='ocr_line' id='line_1_34' title="bbox 246 3081 1888 3169; baseline 0.001 -35"><span class='ocrx_word' id='word_1_238' title='bbox 246 3084 406 3136; x_wconf 82' lang='grc' dir='ltr'>οὐσία</span> <span class='ocrx_word' id='word_1_239' title='bbox 448 3083 549 3137; x_wconf 82' lang='grc' dir='ltr'>οὐκ</span> <span class='ocrx_word' id='word_1_240' title='bbox 585 3082 731 3135; x_wconf 78' lang='grc' dir='ltr'>ἐστιν</span> <span class='ocrx_word' id='word_1_241' title='bbox 761 3082 938 3135; x_wconf 87' lang='grc' dir='ltr'>οὐσία·</span> <span class='ocrx_word' id='word_1_242' title='bbox 974 3082 1003 3133; x_wconf 83' lang='grc' dir='ltr'><strong>ὃ</strong></span> <span class='ocrx_word' id='word_1_243' title='bbox 1026 3081 1082 3134; x_wconf 80' lang='grc' dir='ltr'>δὲ</span> <span class='ocrx_word' id='word_1_244' title='bbox 1111 3083 1210 3134; x_wconf 87' lang='grc' dir='ltr'>οὐκ</span> <span class='ocrx_word' id='word_1_245' title='bbox 1244 3082 1395 3135; x_wconf 79' lang='grc' dir='ltr'>ἔστιν</span> <span class='ocrx_word' id='word_1_246' title='bbox 1437 3083 1617 3149; x_wconf 88' lang='grc' dir='ltr'>οὐσία,</span> <span class='ocrx_word' id='word_1_247' title='bbox 1655 3083 1816 3137; x_wconf 74' lang='grc' dir='ltr'>ὀινού·</span> <span class='ocrx_word' id='word_1_248' title='bbox 1840 3107 1888 3169; x_wconf 78' lang='lat' dir='ltr'>c</span> 
     </span>
    </p>
   </div>
   <div class='ocr_carea' id='block_1_35' title="bbox 247 3173 1815 3242">
    <p class='ocr_par' dir='ltr' id='par_1_35' title="bbox 247 3173 1815 3242">
     <span class='ocr_line' id='line_1_35' title="bbox 247 3173 1815 3242; baseline -0.001 -13"><span class='ocrx_word' id='word_1_249' title='bbox 247 3193 365 3229; x_wconf 89' lang='grc' dir='ltr'>σιον</span> <span class='ocrx_word' id='word_1_250' title='bbox 391 3190 406 3206; x_wconf 76' lang='grc' dir='ltr'><strong>ο</strong></span> <span class='ocrx_word' id='word_1_251' title='bbox 437 3175 499 3227; x_wconf 81' lang='grc' dir='ltr'><strong>τὸ</strong></span> <span class='ocrx_word' id='word_1_252' title='bbox 537 3173 594 3226; x_wconf 78' lang='grc' dir='ltr'>δὲ</span> <span class='ocrx_word' id='word_1_253' title='bbox 640 3173 890 3228; x_wconf 83' lang='grc' dir='ltr'>ἀνούσιον</span> <span class='ocrx_word' id='word_1_254' title='bbox 938 3174 1307 3227; x_wconf 85' lang='grc' dir='ltr'>ἀνυπόστατον</span> <span class='ocrx_word' id='word_1_255' title='bbox 1344 3190 1357 3203; x_wconf 90' lang='grc'><strong>·</strong></span> <span class='ocrx_word' id='word_1_256' title='bbox 1400 3174 1542 3227; x_wconf 78' lang='grc' dir='ltr'>ὥστε</span> <span class='ocrx_word' id='word_1_257' title='bbox 1576 3177 1675 3242; x_wconf 76' lang='grc' dir='ltr'><strong>τὴν</strong></span> <span class='ocrx_word' id='word_1_258' title='bbox 1720 3175 1815 3228; x_wconf 81' lang='grc' dir='ltr'>τοῦ</span> 
     </span>
    </p>
   </div>
   <div class='ocr_carea' id='block_1_36' title="bbox 246 3265 1816 3337">
    <p class='ocr_par' dir='ltr' id='par_1_36' title="bbox 246 3265 1816 3337">
     <span class='ocr_line' id='line_1_36' title="bbox 246 3265 1816 3337; baseline -0.003 -13"><span class='ocrx_word' id='word_1_259' title='bbox 246 3272 462 3337; x_wconf 65' lang='grc' dir='ltr'>Πατρός</span> <span class='ocrx_word' id='word_1_260' title='bbox 486 3271 780 3323; x_wconf 77' lang='grc' dir='ltr'>ὑπόστασιν</span> <span class='ocrx_word' id='word_1_261' title='bbox 810 3270 1186 3323; x_wconf 78' lang='grc' dir='ltr'>ἀνυπόστατον</span> <span class='ocrx_word' id='word_1_262' title='bbox 1211 3265 1473 3323; x_wconf 84' lang='grc' dir='ltr'>τίθενται.</span> <span class='ocrx_word' id='word_1_263' title='bbox 1507 3268 1579 3321; x_wconf 87' lang='grc' dir='ltr'>Τὸ</span> <span class='ocrx_word' id='word_1_264' title='bbox 1618 3269 1663 3322; x_wconf 91' lang='grc' dir='ltr'>δ’</span> <span class='ocrx_word' id='word_1_265' title='bbox 1687 3268 1816 3320; x_wconf 85' lang='grc' dir='ltr'>αὐτὸ</span> 
     </span>
    </p>
   </div>
   <div class='ocr_carea' id='block_1_37' title="bbox 246 3352 1820 3427">
    <p class='ocr_par' dir='ltr' id='par_1_37' title="bbox 246 3352 1820 3427">
     <span class='ocr_line' id='line_1_37' title="bbox 246 3352 1820 3427; baseline -0.002 -14"><span class='ocrx_word' id='word_1_266' title='bbox 246 3361 345 3413; x_wconf 74' lang='grc' dir='ltr'><strong>καὶ</strong></span> <span class='ocrx_word' id='word_1_267' title='bbox 383 3360 444 3424; x_wconf 80' lang='grc' dir='ltr'><strong>ἐξ</strong></span> <span class='ocrx_word' id='word_1_268' title='bbox 483 3352 557 3414; x_wconf 81' lang='grc' dir='ltr'><strong>ὧν</strong></span> <span class='ocrx_word' id='word_1_269' title='bbox 610 3359 767 3412; x_wconf 78' lang='grc' dir='ltr'>αὐτοὶ</span> <span class='ocrx_word' id='word_1_270' title='bbox 815 3360 943 3427; x_wconf 74' lang='grc' dir='ltr'>περὶ</span> <span class='ocrx_word' id='word_1_271' title='bbox 969 3357 1161 3421; x_wconf 79' lang='grc' dir='ltr'>οὐσίας</span> <span class='ocrx_word' id='word_1_272' title='bbox 1206 3360 1301 3412; x_wconf 75' lang='grc' dir='ltr'>καὶ</span> <span class='ocrx_word' id='word_1_273' title='bbox 1329 3357 1820 3427; x_wconf 74' lang='grc' dir='ltr'>ἐνεργείας-διαλέ-</span> 
     </span>
    </p>
   </div>
   <div class='ocr_carea' id='block_1_38' title="bbox 244 3447 1813 3519">
    <p class='ocr_par' dir='ltr' id='par_1_38' title="bbox 244 3447 1813 3519">
     <span class='ocr_line' id='line_1_38' title="bbox 244 3447 1813 3519; baseline -0.003 -17"><span class='ocrx_word' id='word_1_274' title='bbox 244 3468 435 3518; x_wconf 86' lang='grc' dir='ltr'>γονται</span> <span class='ocrx_word' id='word_1_275' title='bbox 465 3448 826 3517; x_wconf 84' lang='grc' dir='ltr'>παριστῶσιν.</span> <span class='ocrx_word' id='word_1_276' title='bbox 880 3449 1028 3501; x_wconf 82' lang='grc' dir='ltr'>Ἐκεῖ</span> <span class='ocrx_word' id='word_1_277' title='bbox 1075 3450 1183 3519; x_wconf 72' lang='grc' dir='ltr'><strong>γὰρ</strong></span> <span class='ocrx_word' id='word_1_278' title='bbox 1216 3449 1307 3501; x_wconf 76' lang='grc' dir='ltr'>τὸν</span> <span class='ocrx_word' id='word_1_279' title='bbox 1347 3447 1478 3500; x_wconf 78' lang='grc' dir='ltr'>Θεὸν</span> <span class='ocrx_word' id='word_1_280' title='bbox 1510 3447 1591 3511; x_wconf 85' lang='grc' dir='ltr'><strong>είς</strong></span> <span class='ocrx_word' id='word_1_281' title='bbox 1624 3448 1813 3501; x_wconf 84' lang='grc' dir='ltr'>οὐσίαν</span> 
     </span>
    </p>
   </div>
   <div class='ocr_carea' id='block_1_39' title="bbox 244 3537 1813 3608">
    <p class='ocr_par' dir='ltr' id='par_1_39' title="bbox 244 3537 1813 3608">
     <span class='ocr_line' id='line_1_39' title="bbox 244 3537 1813 3608; baseline -0.001 -15"><span class='ocrx_word' id='word_1_282' title='bbox 244 3540 343 3593; x_wconf 79' lang='grc' dir='ltr'>καὶ</span> <span class='ocrx_word' id='word_1_283' title='bbox 372 3539 652 3608; x_wconf 75' lang='grc' dir='ltr'>ἐνέργειαν</span> <span class='ocrx_word' id='word_1_284' title='bbox 698 3538 986 3602; x_wconf 85' lang='grc' dir='ltr'>διελόντες,</span> <span class='ocrx_word' id='word_1_285' title='bbox 1029 3539 1123 3591; x_wconf 76' lang='grc' dir='ltr'><strong>καὶ</strong></span> <span class='ocrx_word' id='word_1_286' title='bbox 1170 3538 1301 3593; x_wconf 78' lang='grc' dir='ltr'>ἄλλο</span> <span class='ocrx_word' id='word_1_287' title='bbox 1333 3538 1431 3606; x_wconf 78' lang='grc' dir='ltr'>μὲν</span> <span class='ocrx_word' id='word_1_288' title='bbox 1478 3538 1578 3608; x_wconf 86' lang='grc' dir='ltr'>τὴν</span> <span class='ocrx_word' id='word_1_289' title='bbox 1617 3537 1813 3592; x_wconf 89' lang='grc' dir='ltr'>οὐσίαν</span> 
     </span>
    </p>
   </div>
   <div class='ocr_carea' id='block_1_40' title="bbox 248 3628 1816 3701">
    <p class='ocr_par' dir='ltr' id='par_1_40' title="bbox 248 3628 1816 3701">
     <span class='ocr_line' id='line_1_40' title="bbox 248 3628 1816 3701; baseline 0 -18"><span class='ocrx_word' id='word_1_290' title='bbox 248 3633 494 3701; x_wconf 76' lang='grc' dir='ltr'>Θέμενοι,</span> <span class='ocrx_word' id='word_1_291' title='bbox 522 3631 710 3700; x_wconf 70' lang='grc' dir='ltr'>ἕτερον</span> <span class='ocrx_word' id='word_1_292' title='bbox 743 3629 799 3683; x_wconf 80' lang='grc' dir='ltr'>δὲ</span> <span class='ocrx_word' id='word_1_293' title='bbox 829 3630 928 3699; x_wconf 86' lang='grc' dir='ltr'>τὴν</span> <span class='ocrx_word' id='word_1_294' title='bbox 948 3630 1263 3701; x_wconf 77' lang='grc' dir='ltr'>ἐνέργειαν,</span> <span class='ocrx_word' id='word_1_295' title='bbox 1302 3630 1396 3685; x_wconf 69' lang='grc' dir='ltr'>καὶ</span> <span class='ocrx_word' id='word_1_296' title='bbox 1426 3628 1634 3699; x_wconf 83' lang='grc' dir='ltr'>ταύτην</span> <span class='ocrx_word' id='word_1_297' title='bbox 1668 3630 1816 3683; x_wconf 83' lang='grc' dir='ltr'>ἀντι-</span> 
     </span>
    </p>
   </div>
   <div class='ocr_carea' id='block_1_41' title="bbox 248 3721 1814 3791">
    <p class='ocr_par' dir='ltr' id='par_1_41' title="bbox 248 3721 1814 3791">
     <span class='ocr_line' id='line_1_41' title="bbox 248 3721 1814 3791; baseline -0.001 -16"><span class='ocrx_word' id='word_1_298' title='bbox 248 3723 520 3786; x_wconf 80' lang='grc' dir='ltr'>διελόντες</span> <span class='ocrx_word' id='word_1_299' title='bbox 556 3723 691 3791; x_wconf 75' lang='grc' dir='ltr'>πρὸς</span> <span class='ocrx_word' id='word_1_300' title='bbox 750 3721 847 3791; x_wconf 81' lang='grc' dir='ltr'>τὴν</span> <span class='ocrx_word' id='word_1_301' title='bbox 887 3721 1103 3785; x_wconf 85' lang='grc' dir='ltr'>οὐσίαν,</span> <span class='ocrx_word' id='word_1_302' title='bbox 1158 3721 1253 3775; x_wconf 77' lang='grc' dir='ltr'><strong>καὶ</strong></span> <span class='ocrx_word' id='word_1_303' title='bbox 1299 3721 1550 3774; x_wconf 83' lang='grc' dir='ltr'>ἀνούσιον</span> <span class='ocrx_word' id='word_1_304' title='bbox 1599 3722 1691 3774; x_wconf 76' lang='grc' dir='ltr'>καὶ</span> <span class='ocrx_word' id='word_1_305' title='bbox 1718 3723 1814 3774; x_wconf 86' lang='grc' dir='ltr'><strong>ἁν-</strong></span> 
     </span>
    </p>
   </div>
   <div class='ocr_carea' id='block_1_42' title="bbox 248 3811 1815 3884">
    <p class='ocr_par' dir='ltr' id='par_1_42' title="bbox 248 3811 1815 3884">
     <span class='ocr_line' id='line_1_42' title="bbox 248 3811 1815 3884; baseline -0.001 -17"><span class='ocrx_word' id='word_1_306' title='bbox 248 3816 549 3884; x_wconf 86' lang='grc' dir='ltr'>υπόστατον</span> <span class='ocrx_word' id='word_1_307' title='bbox 581 3814 923 3884; x_wconf 77' lang='grc' dir='ltr'><strong>ὁρισάμενοι,</strong></span> <span class='ocrx_word' id='word_1_308' title='bbox 966 3812 1197 3883; x_wconf 71' lang='grc' dir='ltr'>φανερὸν</span> <span class='ocrx_word' id='word_1_309' title='bbox 1244 3813 1325 3865; x_wconf 84' lang='grc' dir='ltr'>ὅτι</span> <span class='ocrx_word' id='word_1_310' title='bbox 1377 3812 1658 3866; x_wconf 81' lang='grc' dir='ltr'>κάνταύοα</span> <span class='ocrx_word' id='word_1_311' title='bbox 1717 3811 1815 3883; x_wconf 79' lang='grc' dir='ltr'><strong>τὴν</strong></span> 
     </span>
    </p>
   </div>
   <div class='ocr_carea' id='block_1_43' title="bbox 249 3902 1815 3975">
    <p class='ocr_par' dir='ltr' id='par_1_43' title="bbox 249 3902 1815 3975">
     <span class='ocr_line' id='line_1_43' title="bbox 249 3902 1815 3975; baseline 0 -20"><span class='ocrx_word' id='word_1_312' title='bbox 249 3904 549 3957; x_wconf 71' lang='grc' dir='ltr'>ὑπόστασιν</span> <span class='ocrx_word' id='word_1_313' title='bbox 577 3904 763 3973; x_wconf 73' lang='grc' dir='ltr'>ἕτερον</span> <span class='ocrx_word' id='word_1_314' title='bbox 796 3904 897 3975; x_wconf 81' lang='grc' dir='ltr'>τῆς</span> <span class='ocrx_word' id='word_1_315' title='bbox 941 3903 1134 3966; x_wconf 84' lang='grc' dir='ltr'>οὐσίας</span> <span class='ocrx_word' id='word_1_316' title='bbox 1171 3902 1422 3970; x_wconf 82' lang='grc' dir='ltr'>λέγοντες</span> <span class='ocrx_word' id='word_1_317' title='bbox 1459 3904 1516 3956; x_wconf 86' lang='grc' dir='ltr'>ἐν</span> <span class='ocrx_word' id='word_1_318' title='bbox 1561 3906 1626 3975; x_wconf 78' lang='grc' dir='ltr'>τῇ</span> <span class='ocrx_word' id='word_1_319' title='bbox 1661 3903 1815 3968; x_wconf 79' lang='grc' dir='ltr'>τάξει</span> 
     </span>
    </p>
   </div>
   <div class='ocr_carea' id='block_1_44' title="bbox 248 3994 1817 4066">
    <p class='ocr_par' dir='ltr' id='par_1_44' title="bbox 248 3994 1817 4066">
     <span class='ocr_line' id='line_1_44' title="bbox 248 3994 1817 4066; baseline -0.001 -19"><span class='ocrx_word' id='word_1_320' title='bbox 248 3998 348 4065; x_wconf 74' lang='grc' dir='ltr'>τῆς</span> <span class='ocrx_word' id='word_1_321' title='bbox 402 3997 683 4066; x_wconf 75' lang='grc' dir='ltr'>ἐνεργείας</span> <span class='ocrx_word' id='word_1_322' title='bbox 760 3994 971 4066; x_wconf 81' lang='grc' dir='ltr'>ταύτην</span> <span class='ocrx_word' id='word_1_323' title='bbox 1041 3994 1324 4065; x_wconf 84' lang='grc' dir='ltr'>Θήσουσιν.</span> <span class='ocrx_word' id='word_1_324' title='bbox 1399 3994 1662 4065; x_wconf 76' lang='grc' dir='ltr'>Ἐπείπερ</span> <span class='ocrx_word' id='word_1_325' title='bbox 1717 3994 1817 4064; x_wconf 83' lang='grc' dir='ltr'><strong>οὐχ</strong></span> 
     </span>
    </p>
   </div>
   <div class='ocr_carea' id='block_1_45' title="bbox 248 4084 1816 4157">
    <p class='ocr_par' dir='ltr' id='par_1_45' title="bbox 248 4084 1816 4157">
     <span class='ocr_line' id='line_1_45' title="bbox 248 4084 1816 4157; baseline -0.001 -18"><span class='ocrx_word' id='word_1_326' title='bbox 248 4087 469 4153; x_wconf 78' lang='grc' dir='ltr'>ἕξουσιν</span> <span class='ocrx_word' id='word_1_327' title='bbox 518 4088 647 4141; x_wconf 78' lang='grc' dir='ltr'>ἄλλο</span> <span class='ocrx_word' id='word_1_328' title='bbox 699 4088 905 4155; x_wconf 84' lang='grc' dir='ltr'>τρίτον,</span> <span class='ocrx_word' id='word_1_329' title='bbox 932 4088 960 4139; x_wconf 87' lang='grc' dir='ltr'><strong>ὃ</strong></span> <span class='ocrx_word' id='word_1_330' title='bbox 1014 4085 1143 4157; x_wconf 77' lang='grc' dir='ltr'>μήτ’</span> <span class='ocrx_word' id='word_1_331' title='bbox 1174 4086 1352 4152; x_wconf 87' lang='grc' dir='ltr'>οὐσία,</span> <span class='ocrx_word' id='word_1_332' title='bbox 1392 4085 1517 4156; x_wconf 87' lang='grc' dir='ltr'>μήτ’</span> <span class='ocrx_word' id='word_1_333' title='bbox 1559 4084 1816 4156; x_wconf 76' lang='grc' dir='ltr'>ἐνέργειά</span> 
     </span>
    </p>
   </div>
   <div class='ocr_carea' id='block_1_46' title="bbox 248 4177 1814 4249">
    <p class='ocr_par' dir='ltr' id='par_1_46' title="bbox 248 4177 1814 4249">
     <span class='ocr_line' id='line_1_46' title="bbox 248 4177 1814 4249; baseline -0.001 -18"><span class='ocrx_word' id='word_1_334' title='bbox 248 4184 397 4232; x_wconf 81' lang='grc' dir='ltr'>ἐστιν</span> <span class='ocrx_word' id='word_1_335' title='bbox 430 4181 525 4233; x_wconf 81' lang='grc' dir='ltr'>ἐπὶ</span> <span class='ocrx_word' id='word_1_336' title='bbox 551 4179 642 4233; x_wconf 85' lang='grc' dir='ltr'><strong>τοῦ</strong></span> <span class='ocrx_word' id='word_1_337' title='bbox 687 4179 842 4233; x_wconf 81' lang='grc' dir='ltr'>Θεοῦ.</span> <span class='ocrx_word' id='word_1_338' title='bbox 880 4181 992 4233; x_wconf 81' lang='grc' dir='ltr'><strong>Πᾶν</strong></span> <span class='ocrx_word' id='word_1_339' title='bbox 1022 4180 1152 4249; x_wconf 78' lang='grc' dir='ltr'>γὰρ,</span> <span class='ocrx_word' id='word_1_340' title='bbox 1193 4178 1381 4248; x_wconf 68' lang='grc' dir='ltr'>φασιν,</span> <span class='ocrx_word' id='word_1_341' title='bbox 1408 4179 1502 4231; x_wconf 81' lang='grc' dir='ltr'><strong>ἐπὶ</strong></span> <span class='ocrx_word' id='word_1_342' title='bbox 1546 4177 1707 4243; x_wconf 82' lang='grc' dir='ltr'>Θεοῦ,</span> <span class='ocrx_word' id='word_1_343' title='bbox 1738 4177 1814 4242; x_wconf 81' lang='grc' dir='ltr'><strong>ὡς</strong></span> 
     </span>
    </p>
   </div>
   <div class='ocr_carea' id='block_1_47' title="bbox 245 4266 1814 4339">
    <p class='ocr_par' dir='ltr' id='par_1_47' title="bbox 245 4266 1814 4339">
     <span class='ocr_line' id='line_1_47' title="bbox 245 4266 1814 4339; baseline -0.001 -17"><span class='ocrx_word' id='word_1_344' title='bbox 245 4270 405 4322; x_wconf 80' lang='grc' dir='ltr'>αὐτοὶ</span> <span class='ocrx_word' id='word_1_345' title='bbox 443 4270 657 4334; x_wconf 82' lang='grc' dir='ltr'>διεῖλον,</span> <span class='ocrx_word' id='word_1_346' title='bbox 719 4269 750 4338; x_wconf 86' lang='grc' dir='ltr'>ἢ</span> <span class='ocrx_word' id='word_1_347' title='bbox 811 4269 1005 4333; x_wconf 90' lang='grc' dir='ltr'>οὐσία,</span> <span class='ocrx_word' id='word_1_348' title='bbox 1053 4268 1086 4339; x_wconf 85' lang='grc' dir='ltr'>ἦ</span> <span class='ocrx_word' id='word_1_349' title='bbox 1125 4266 1377 4337; x_wconf 78' lang='grc' dir='ltr'>ἐνέργειά</span> <span class='ocrx_word' id='word_1_350' title='bbox 1426 4267 1563 4319; x_wconf 84' lang='grc' dir='ltr'><strong>ἐστι⁹</strong></span> <span class='ocrx_word' id='word_1_351' title='bbox 1600 4267 1659 4320; x_wconf 76' lang='grc' dir='ltr'>τὸ</span> <span class='ocrx_word' id='word_1_352' title='bbox 1707 4269 1814 4337; x_wconf 74' lang='grc' dir='ltr'><strong>γὰρ</strong></span> 
     </span>
    </p>
   </div>
   <div class='ocr_carea' id='block_1_48' title="bbox 248 4358 1814 4431">
    <p class='ocr_par' dir='ltr' id='par_1_48' title="bbox 248 4358 1814 4431">
     <span class='ocr_line' id='line_1_48' title="bbox 248 4358 1814 4431; baseline -0.001 -17"><span class='ocrx_word' id='word_1_353' title='bbox 248 4361 598 4431; x_wconf 79' lang='grc' dir='ltr'>ευμὸεὸηκδς</span> <span class='ocrx_word' id='word_1_354' title='bbox 654 4360 765 4413; x_wconf 80' lang='grc' dir='ltr'>οὐδ’</span> <span class='ocrx_word' id='word_1_355' title='bbox 817 4361 970 4413; x_wconf 78' lang='grc' dir='ltr'>αὐτοὶ</span> <span class='ocrx_word' id='word_1_356' title='bbox 1036 4359 1451 4429; x_wconf 79' lang='grc' dir='ltr'>παραδέχονται,</span> <span class='ocrx_word' id='word_1_357' title='bbox 1512 4358 1648 4412; x_wconf 72' lang='grc' dir='ltr'>ἀλλὰ</span> <span class='ocrx_word' id='word_1_358' title='bbox 1714 4359 1814 4425; x_wconf 82' lang='grc' dir='ltr'><strong>τὴν</strong></span> 
     </span>
    </p>
   </div>
   <div class='ocr_carea' id='block_1_49' title="bbox 1929 529 3498 607">
    <p class='ocr_par' dir='ltr' id='par_1_49' title="bbox 1929 529 3498 607">
     <span class='ocr_line' id='line_1_49' title="bbox 1929 529 3498 607; baseline 0.011 -26"><span class='ocrx_word' id='word_1_359' title='bbox 1929 529 2105 596; x_wconf 80' lang='lat' dir='ltr'><strong>palam</strong></span> <span class='ocrx_word' id='word_1_360' title='bbox 2158 534 2370 600; x_wconf 86' lang='lat' dir='ltr'><strong>Arium,</strong></span> <span class='ocrx_word' id='word_1_361' title='bbox 2408 545 2464 590; x_wconf 93' lang='lat' dir='ltr'><strong>et</strong></span> <span class='ocrx_word' id='word_1_362' title='bbox 2493 552 2589 591; x_wconf 84' lang='lat' dir='ltr'><strong>eos</strong></span> <span class='ocrx_word' id='word_1_363' title='bbox 2616 538 2710 605; x_wconf 91' lang='lat' dir='ltr'><strong>qui</strong></span> <span class='ocrx_word' id='word_1_364' title='bbox 2744 538 3015 607; x_wconf 83' lang='lat' dir='ltr'><strong>ejusmodi</strong></span> <span class='ocrx_word' id='word_1_365' title='bbox 3072 555 3158 595; x_wconf 90' lang='lat' dir='ltr'><strong>res</strong></span> <span class='ocrx_word' id='word_1_366' title='bbox 3202 544 3321 597; x_wconf 82' lang='lat' dir='ltr'><strong>ausi</strong></span> <span class='ocrx_word' id='word_1_367' title='bbox 3364 544 3498 607; x_wconf 83' lang='lat' dir='ltr'><strong>sint.</strong></span> 
     </span>
    </p>
   </div>
   <div class='ocr_carea' id='block_1_50' title="bbox 1927 622 3504 697">
    <p class='ocr_par' dir='ltr' id='par_1_50' title="bbox 1927 622 3504 697">
     <span class='ocr_line' id='line_1_50' title="bbox 1927 622 3504 697; baseline 0.013 -26"><span class='ocrx_word' id='word_1_368' title='bbox 1927 622 2123 676; x_wconf 88' lang='lat' dir='ltr'><strong>merito</strong></span> <span class='ocrx_word' id='word_1_369' title='bbox 2184 627 2525 681; x_wconf 87' lang='lat' dir='ltr'><strong>anathemate</strong></span> <span class='ocrx_word' id='word_1_370' title='bbox 2593 630 2948 697; x_wconf 74' lang='lat' dir='ltr'><strong>percusserit.</strong></span> <span class='ocrx_word' id='word_1_371' title='bbox 3018 632 3285 697; x_wconf 83' lang='lat' dir='ltr'><strong>Quoniam</strong></span> <span class='ocrx_word' id='word_1_372' title='bbox 3365 651 3504 692; x_wconf 78' lang='lat' dir='ltr'><strong>vero</strong></span> 
     </span>
    </p>
   </div>
   <div class='ocr_carea' id='block_1_51' title="bbox 1929 712 3496 791">
    <p class='ocr_par' dir='ltr' id='par_1_51' title="bbox 1929 712 3496 791">
     <span class='ocr_line' id='line_1_51' title="bbox 1929 712 3496 791; baseline 0.01 -27"><span class='ocrx_word' id='word_1_373' title='bbox 1929 712 2045 765; x_wconf 69' lang='lat' dir='ltr'><strong>haec</strong></span> <span class='ocrx_word' id='word_1_374' title='bbox 2065 713 2229 766; x_wconf 87' lang='lat' dir='ltr'><strong>etiam</strong></span> <span class='ocrx_word' id='word_1_375' title='bbox 2254 730 2402 771; x_wconf 90' lang='lat' dir='ltr'><strong>nunc</strong></span> <span class='ocrx_word' id='word_1_376' title='bbox 2443 719 2692 772; x_wconf 87' lang='lat' dir='ltr'><strong>nonnulli</strong></span> <span class='ocrx_word' id='word_1_377' title='bbox 2726 729 2931 774; x_wconf 89' lang='lat' dir='ltr'><strong>temere</strong></span> <span class='ocrx_word' id='word_1_378' title='bbox 2966 720 3229 778; x_wconf 82' lang='lat' dir='ltr'><strong>inducere</strong></span> <span class='ocrx_word' id='word_1_379' title='bbox 3269 722 3496 791; x_wconf 83' lang='lat' dir='ltr'><strong>audent,</strong></span> 
     </span>
    </p>
   </div>
   <div class='ocr_carea' id='block_1_52' title="bbox 1928 804 3501 885">
    <p class='ocr_par' dir='ltr' id='par_1_52' title="bbox 1928 804 3501 885">
     <span class='ocr_line' id='line_1_52' title="bbox 1928 804 3501 885; baseline 0.013 -31"><span class='ocrx_word' id='word_1_380' title='bbox 1928 804 2019 873; x_wconf 83' lang='lat' dir='ltr'><strong>qui</strong></span> <span class='ocrx_word' id='word_1_381' title='bbox 2064 805 2261 859; x_wconf 86' lang='lat' dir='ltr'><strong>Filium</strong></span> <span class='ocrx_word' id='word_1_382' title='bbox 2317 823 2383 860; x_wconf 82' lang='lat' dir='ltr'><strong>ex</strong></span> <span class='ocrx_word' id='word_1_383' title='bbox 2425 809 2586 863; x_wconf 88' lang='lat' dir='ltr'><strong>Patre</strong></span> <span class='ocrx_word' id='word_1_384' title='bbox 2615 810 2834 878; x_wconf 78' lang='lat' dir='ltr'><strong>quidem</strong></span> <span class='ocrx_word' id='word_1_385' title='bbox 2863 854 2876 873; x_wconf 87' lang='lat'><strong>.</strong></span> <span class='ocrx_word' id='word_1_386' title='bbox 2912 823 2964 867; x_wconf 82' lang='lat' dir='ltr'><strong>et</strong></span> <span class='ocrx_word' id='word_1_387' title='bbox 2995 831 3062 867; x_wconf 85' lang='lat' dir='ltr'><strong>ex</strong></span> <span class='ocrx_word' id='word_1_388' title='bbox 3098 816 3378 885; x_wconf 76' lang='lat' dir='ltr'><strong>ltypostasi</strong></span> <span class='ocrx_word' id='word_1_389' title='bbox 3405 860 3418 878; x_wconf 90' lang='lat'><strong>.</strong></span> <span class='ocrx_word' id='word_1_390' title='bbox 3444 830 3501 874; x_wconf 91' lang='lat' dir='ltr'><strong>et</strong></span> 
     </span>
    </p>
   </div>
   <div class='ocr_carea' id='block_1_53' title="bbox 1928 900 3500 970">
    <p class='ocr_par' dir='ltr' id='par_1_53' title="bbox 1928 900 3500 970">
     <span class='ocr_line' id='line_1_53' title="bbox 1928 900 3500 970; baseline 0.011 -21"><span class='ocrx_word' id='word_1_391' title='bbox 1928 907 2153 965; x_wconf 89' lang='lat' dir='ltr'><strong>paterna</strong></span> <span class='ocrx_word' id='word_1_392' title='bbox 2209 900 2546 968; x_wconf 85' lang='lat' dir='ltr'><strong>proprietate</strong></span> <span class='ocrx_word' id='word_1_393' title='bbox 2599 918 2721 958; x_wconf 91' lang='lat' dir='ltr'><strong>esse</strong></span> <span class='ocrx_word' id='word_1_394' title='bbox 2777 906 3038 970; x_wconf 77' lang='lat' dir='ltr'><strong>fatentur,</strong></span> <span class='ocrx_word' id='word_1_395' title='bbox 3071 923 3178 961; x_wconf 87' lang='lat' dir='ltr'><strong>non</strong></span> <span class='ocrx_word' id='word_1_396' title='bbox 3217 921 3401 965; x_wconf 71' lang='lat' dir='ltr'><strong>autem</strong></span> <span class='ocrx_word' id='word_1_397' title='bbox 3430 927 3500 965; x_wconf 78' lang='lat' dir='ltr'><strong>ex</strong></span> 
     </span>
    </p>
   </div>
   <div class='ocr_carea' id='block_1_54' title="bbox 1928 989 3499 1070">
    <p class='ocr_par' dir='ltr' id='par_1_54' title="bbox 1928 989 3499 1070">
     <span class='ocr_line' id='line_1_54' title="bbox 1928 989 3499 1070; baseline 0.009 -30"><span class='ocrx_word' id='word_1_398' title='bbox 1928 990 2235 1044; x_wconf 86' lang='lat' dir='ltr'><strong>substantia</strong></span> <span class='ocrx_word' id='word_1_399' title='bbox 2273 989 2451 1045; x_wconf 81' lang='lat' dir='ltr'><strong>Patris</strong></span> <span class='ocrx_word' id='word_1_400' title='bbox 2492 1009 2614 1045; x_wconf 81' lang='lat' dir='ltr'><strong>eum</strong></span> <span class='ocrx_word' id='word_1_401' title='bbox 2642 997 2889 1062; x_wconf 79' lang='lat' dir='ltr'><strong>generari</strong></span> <span class='ocrx_word' id='word_1_402' title='bbox 2927 998 3241 1061; x_wconf 77' lang='lat' dir='ltr'><strong>admittunt,</strong></span> <span class='ocrx_word' id='word_1_403' title='bbox 3277 1013 3499 1070; x_wconf 81' lang='lat' dir='ltr'><strong>oporte-</strong></span> 
     </span>
    </p>
   </div>
   <div class='ocr_carea' id='block_1_55' title="bbox 1928 1075 3500 1156">
    <p class='ocr_par' dir='ltr' id='par_1_55' title="bbox 1928 1075 3500 1156">
     <span class='ocr_line' id='line_1_55' title="bbox 1928 1075 3500 1156; baseline 0.011 -28"><span class='ocrx_word' id='word_1_404' title='bbox 1928 1075 2021 1129; x_wconf 89' lang='lat' dir='ltr'><strong>bat</strong></span> <span class='ocrx_word' id='word_1_405' title='bbox 2050 1092 2146 1131; x_wconf 89' lang='lat' dir='ltr'><strong>eos</strong></span> <span class='ocrx_word' id='word_1_406' title='bbox 2177 1093 2279 1133; x_wconf 85' lang='lat' dir='ltr'><strong>nec</strong></span> <span class='ocrx_word' id='word_1_407' title='bbox 2328 1080 2700 1150; x_wconf 78' lang='lat' dir='ltr'><strong>qualicunque</strong></span> <span class='ocrx_word' id='word_1_408' title='bbox 2738 1086 3095 1153; x_wconf 79' lang='lat' dir='ltr'><strong>responsione</strong></span> <span class='ocrx_word' id='word_1_409' title='bbox 3142 1089 3334 1156; x_wconf 71' lang='lat' dir='ltr'><strong>dignos</strong></span> <span class='ocrx_word' id='word_1_410' title='bbox 3365 1107 3500 1144; x_wconf 76' lang='lat' dir='ltr'><strong>cen-</strong></span> 
     </span>
    </p>
   </div>
   <div class='ocr_carea' id='block_1_56' title="bbox 1928 1168 3501 1248">
    <p class='ocr_par' dir='ltr' id='par_1_56' title="bbox 1928 1168 3501 1248">
     <span class='ocr_line' id='line_1_56' title="bbox 1928 1168 3501 1248; baseline 0.01 -28"><span class='ocrx_word' id='word_1_411' title='bbox 1928 1180 2070 1228; x_wconf 86' lang='lat' dir='ltr'><strong>sere,</strong></span> <span class='ocrx_word' id='word_1_412' title='bbox 2098 1168 2189 1234; x_wconf 91' lang='lat' dir='ltr'><strong>qui</strong></span> <span class='ocrx_word' id='word_1_413' title='bbox 2210 1184 2317 1221; x_wconf 91' lang='lat' dir='ltr'><strong>non</strong></span> <span class='ocrx_word' id='word_1_414' title='bbox 2345 1178 2450 1223; x_wconf 88' lang='lat' dir='ltr'><strong>tam</strong></span> <span class='ocrx_word' id='word_1_415' title='bbox 2482 1172 2647 1225; x_wconf 88' lang='lat' dir='ltr'><strong>stulte</strong></span> <span class='ocrx_word' id='word_1_416' title='bbox 2705 1183 2872 1242; x_wconf 89' lang='lat' dir='ltr'><strong>atque</strong></span> <span class='ocrx_word' id='word_1_417' title='bbox 2901 1176 3179 1245; x_wconf 84' lang='lat' dir='ltr'><strong>imperite,</strong></span> <span class='ocrx_word' id='word_1_418' title='bbox 3209 1196 3369 1248; x_wconf 86' lang='lat' dir='ltr'><strong>quam</strong></span> <span class='ocrx_word' id='word_1_419' title='bbox 3400 1183 3501 1236; x_wconf 90' lang='lat' dir='ltr'><strong>im-</strong></span> 
     </span>
    </p>
   </div>
   <div class='ocr_carea' id='block_1_57' title="bbox 1927 1256 3499 1342">
    <p class='ocr_par' dir='ltr' id='par_1_57' title="bbox 1927 1256 3499 1342">
     <span class='ocr_line' id='line_1_57' title="bbox 1927 1256 3499 1342; baseline 0.012 -33"><span class='ocrx_word' id='word_1_420' title='bbox 1927 1256 2015 1327; x_wconf 90' lang='lat' dir='ltr'><strong>pie</strong></span> <span class='ocrx_word' id='word_1_421' title='bbox 2046 1258 2125 1312; x_wconf 92' lang='lat' dir='ltr'><strong>sic</strong></span> <span class='ocrx_word' id='word_1_422' title='bbox 2164 1259 2231 1313; x_wconf 92' lang='lat' dir='ltr'><strong>de</strong></span> <span class='ocrx_word' id='word_1_423' title='bbox 2277 1260 2388 1314; x_wconf 89' lang='lat' dir='ltr'><strong>Deo</strong></span> <span class='ocrx_word' id='word_1_424' title='bbox 2419 1261 2699 1316; x_wconf 83' lang='lat' dir='ltr'><strong>disserunt</strong></span> <span class='ocrx_word' id='word_1_425' title='bbox 2732 1305 2745 1327; x_wconf 89' lang='lat'><strong>,</strong></span> <span class='ocrx_word' id='word_1_426' title='bbox 2783 1280 2846 1319; x_wconf 90' lang='lat' dir='ltr'><strong>ac</strong></span> <span class='ocrx_word' id='word_1_427' title='bbox 2900 1268 3186 1324; x_wconf 77' lang='lat' dir='ltr'><strong>manit‘eSte</strong></span> <span class='ocrx_word' id='word_1_428' title='bbox 3232 1273 3499 1342; x_wconf 82' lang='lat' dir='ltr'><strong>principia</strong></span> 
     </span>
    </p>
   </div>
   <div class='ocr_carea' id='block_1_58' title="bbox 1933 1350 3499 1433">
    <p class='ocr_par' dir='ltr' id='par_1_58' title="bbox 1933 1350 3499 1433">
     <span class='ocr_line' id='line_1_58' title="bbox 1933 1350 3499 1433; baseline 0.013 -31"><span class='ocrx_word' id='word_1_429' title='bbox 1933 1350 2054 1404; x_wconf 83' lang='lat' dir='ltr'><strong>iidei</strong></span> <span class='ocrx_word' id='word_1_430' title='bbox 2092 1352 2342 1407; x_wconf 81' lang='lat' dir='ltr'><strong>funditus</strong></span> <span class='ocrx_word' id='word_1_431' title='bbox 2372 1366 2648 1410; x_wconf 85' lang='lat' dir='ltr'><strong>evertunt.</strong></span> <span class='ocrx_word' id='word_1_432' title='bbox 2687 1356 2822 1422; x_wconf 86' lang='lat' dir='ltr'><strong>Quia</strong></span> <span class='ocrx_word' id='word_1_433' title='bbox 2854 1369 3032 1414; x_wconf 88' lang='lat' dir='ltr'><strong>tamen</strong></span> <span class='ocrx_word' id='word_1_434' title='bbox 3059 1378 3241 1424; x_wconf 85' lang='lat' dir='ltr'><strong>omne.</strong></span> <span class='ocrx_word' id='word_1_435' title='bbox 3266 1367 3409 1433; x_wconf 84' lang='lat' dir='ltr'><strong>quod</strong></span> <span class='ocrx_word' id='word_1_436' title='bbox 3441 1384 3499 1423; x_wconf 91' lang='lat' dir='ltr'><strong>se</strong></span> 
     </span>
    </p>
   </div>
   <div class='ocr_carea' id='block_1_59' title="bbox 1928 1442 3500 1519">
    <p class='ocr_par' dir='ltr' id='par_1_59' title="bbox 1928 1442 3500 1519">
     <span class='ocr_line' id='line_1_59' title="bbox 1928 1442 3500 1519; baseline 0.009 -22"><span class='ocrx_word' id='word_1_437' title='bbox 1928 1442 2143 1497; x_wconf 78' lang='lat' dir='ltr'><strong>extollit</strong></span> <span class='ocrx_word' id='word_1_438' title='bbox 2173 1456 2363 1499; x_wconf 88' lang='lat' dir='ltr'><strong>contra</strong></span> <span class='ocrx_word' id='word_1_439' title='bbox 2413 1447 2507 1499; x_wconf 84' lang='lat' dir='ltr'><strong>Dei</strong></span> <span class='ocrx_word' id='word_1_440' title='bbox 2567 1450 2939 1516; x_wconf 81' lang='lat' dir='ltr'><strong>cognitionem</strong></span> <span class='ocrx_word' id='word_1_441' title='bbox 2972 1468 3071 1519; x_wconf 89' lang='lat' dir='ltr'><strong>pro</strong></span> <span class='ocrx_word' id='word_1_442' title='bbox 3103 1454 3246 1507; x_wconf 84' lang='lat' dir='ltr'><strong>virili</strong></span> <span class='ocrx_word' id='word_1_443' title='bbox 3279 1456 3500 1511; x_wconf 87' lang='lat' dir='ltr'><strong>destru-</strong></span> 
     </span>
    </p>
   </div>
   <div class='ocr_carea' id='block_1_60' title="bbox 1928 1535 3501 1610">
    <p class='ocr_par' dir='ltr' id='par_1_60' title="bbox 1928 1535 3501 1610">
     <span class='ocr_line' id='line_1_60' title="bbox 1928 1535 3501 1610; baseline 0.012 -24"><span class='ocrx_word' id='word_1_444' title='bbox 1928 1549 2018 1587; x_wconf 88' lang='lat' dir='ltr'><strong>ere</strong></span> <span class='ocrx_word' id='word_1_445' title='bbox 2068 1550 2129 1588; x_wconf 88' lang='lat' dir='ltr'><strong>ac</strong></span> <span class='ocrx_word' id='word_1_446' title='bbox 2182 1535 2509 1607; x_wconf 80' lang='lat' dir='ltr'><strong>redarguere</strong></span> <span class='ocrx_word' id='word_1_447' title='bbox 2584 1542 2897 1595; x_wconf 83' lang='lat' dir='ltr'><strong>necessario</strong></span> <span class='ocrx_word' id='word_1_448' title='bbox 2944 1544 3229 1598; x_wconf 89' lang='lat' dir='ltr'><strong>nitendum</strong></span> <span class='ocrx_word' id='word_1_449' title='bbox 3276 1559 3395 1610; x_wconf 90' lang='lat' dir='ltr'><strong>est,</strong></span> <span class='ocrx_word' id='word_1_450' title='bbox 3445 1562 3501 1605; x_wconf 90' lang='lat' dir='ltr'><strong>et</strong></span> 
     </span>
    </p>
   </div>
   <div class='ocr_carea' id='block_1_61' title="bbox 1924 1625 3499 1705">
    <p class='ocr_par' dir='ltr' id='par_1_61' title="bbox 1924 1625 3499 1705">
     <span class='ocr_line' id='line_1_61' title="bbox 1924 1625 3499 1705; baseline 0.011 -28"><span class='ocrx_word' id='word_1_451' title='bbox 1924 1625 2075 1693; x_wconf 75' lang='lat' dir='ltr'><strong>juxta</strong></span> <span class='ocrx_word' id='word_1_452' title='bbox 2110 1626 2411 1695; x_wconf 86' lang='lat' dir='ltr'><strong>principem</strong></span> <span class='ocrx_word' id='word_1_453' title='bbox 2470 1632 2841 1698; x_wconf 76' lang='lat' dir='ltr'><strong>apostolorum</strong></span> <span class='ocrx_word' id='word_1_454' title='bbox 2875 1634 3098 1688; x_wconf 89' lang='lat' dir='ltr'><strong>Petrum</strong></span> <span class='ocrx_word' id='word_1_455' title='bbox 3132 1646 3351 1705; x_wconf 86' lang='lat' dir='ltr'><strong>paratos</strong></span> <span class='ocrx_word' id='word_1_456' title='bbox 3376 1656 3499 1695; x_wconf 87' lang='lat' dir='ltr'><strong>esse</strong></span> 
     </span>
    </p>
   </div>
   <div class='ocr_carea' id='block_1_62' title="bbox 1931 1719 3499 1797">
    <p class='ocr_par' dir='ltr' id='par_1_62' title="bbox 1931 1719 3499 1797">
     <span class='ocr_line' id='line_1_62' title="bbox 1931 1719 3499 1797; baseline 0.015 -32"><span class='ocrx_word' id='word_1_457' title='bbox 1931 1722 2145 1781; x_wconf 83' lang='lat' dir='ltr'><strong>Oportet</strong></span> <span class='ocrx_word' id='word_1_458' title='bbox 2184 1719 2248 1769; x_wconf 87' lang='lat' dir='ltr'><strong>ad</strong></span> <span class='ocrx_word' id='word_1_459' title='bbox 2283 1719 2615 1775; x_wconf 79' lang='lat' dir='ltr'><strong>reddendam</strong></span> <span class='ocrx_word' id='word_1_460' title='bbox 2652 1724 2919 1778; x_wconf 89' lang='lat' dir='ltr'><strong>rationem</strong></span> <span class='ocrx_word' id='word_1_461' title='bbox 2958 1729 3103 1780; x_wconf 90' lang='lat' dir='ltr'><strong>omni</strong></span> <span class='ocrx_word' id='word_1_462' title='bbox 3135 1733 3400 1797; x_wconf 72' lang='lat' dir='ltr'><strong>quaerenti</strong></span> <span class='ocrx_word' id='word_1_463' title='bbox 3431 1733 3499 1788; x_wconf 87' lang='lat' dir='ltr'><strong>de</strong></span> 
     </span>
    </p>
   </div>
   <div class='ocr_carea' id='block_1_63' title="bbox 1927 1806 3495 1883">
    <p class='ocr_par' dir='ltr' id='par_1_63' title="bbox 1927 1806 3495 1883">
     <span class='ocr_line' id='line_1_63' title="bbox 1927 1806 3495 1883; baseline 0.009 -28"><span class='ocrx_word' id='word_1_464' title='bbox 1927 1818 1989 1856; x_wconf 91' lang='lat' dir='ltr'><strong>ea</strong></span> <span class='ocrx_word' id='word_1_465' title='bbox 2022 1820 2142 1873; x_wconf 73' lang='lat' dir='ltr'><strong>qua:</strong></span> <span class='ocrx_word' id='word_1_466' title='bbox 2188 1806 2241 1860; x_wconf 90' lang='lat' dir='ltr'><strong>in</strong></span> <span class='ocrx_word' id='word_1_467' title='bbox 2287 1808 2448 1862; x_wconf 84' lang='lat' dir='ltr'><strong>nobis</strong></span> <span class='ocrx_word' id='word_1_468' title='bbox 2493 1819 2576 1863; x_wconf 89' lang='lat' dir='ltr'><strong>est</strong></span> <span class='ocrx_word' id='word_1_469' title='bbox 2660 1809 2799 1875; x_wconf 83' lang='lat' dir='ltr'><strong>ﬁde;</strong></span> <span class='ocrx_word' id='word_1_470' title='bbox 2849 1812 3336 1869; x_wconf 87' lang='lat' dir='ltr'><strong>demonstrandum</strong></span> <span class='ocrx_word' id='word_1_471' title='bbox 3369 1827 3495 1883; x_wconf 85' lang='lat' dir='ltr'><strong>est,</strong></span> 
     </span>
    </p>
   </div>
   <div class='ocr_carea' id='block_1_64' title="bbox 1927 1894 3494 1973">
    <p class='ocr_par' dir='ltr' id='par_1_64' title="bbox 1927 1894 3494 1973">
     <span class='ocr_line' id='line_1_64' title="bbox 1927 1894 3494 1973; baseline 0.01 -28"><span class='ocrx_word' id='word_1_472' title='bbox 1927 1905 2022 1946; x_wconf 83' lang='lat' dir='ltr'><strong>eos</strong></span> <span class='ocrx_word' id='word_1_473' title='bbox 2052 1894 2145 1961; x_wconf 88' lang='lat' dir='ltr'><strong>qui</strong></span> <span class='ocrx_word' id='word_1_474' title='bbox 2196 1895 2306 1949; x_wconf 71' lang='lat' dir='ltr'><strong>lure</strong></span> <span class='ocrx_word' id='word_1_475' title='bbox 2341 1896 2515 1959; x_wconf 88' lang='lat' dir='ltr'><strong>aiunt,</strong></span> <span class='ocrx_word' id='word_1_476' title='bbox 2554 1898 2723 1953; x_wconf 85' lang='lat' dir='ltr'><strong>multa</strong></span> <span class='ocrx_word' id='word_1_477' title='bbox 2766 1900 2971 1955; x_wconf 89' lang='lat' dir='ltr'><strong>invitos</strong></span> <span class='ocrx_word' id='word_1_478' title='bbox 3001 1904 3119 1973; x_wconf 81' lang='lat' dir='ltr'><strong>cogi</strong></span> <span class='ocrx_word' id='word_1_479' title='bbox 3163 1904 3447 1960; x_wconf 88' lang='lat' dir='ltr'><strong>destruere</strong></span> <span class='ocrx_word' id='word_1_480' title='bbox 3478 1946 3494 1971; x_wconf 87' lang='lat'><strong>,</strong></span> 
     </span>
    </p>
   </div>
   <div class='ocr_carea' id='block_1_65' title="bbox 1926 1986 3495 2065">
    <p class='ocr_par' dir='ltr' id='par_1_65' title="bbox 1926 1986 3495 2065">
     <span class='ocr_line' id='line_1_65' title="bbox 1926 1986 3495 2065; baseline 0.009 -27"><span class='ocrx_word' id='word_1_481' title='bbox 1926 2001 2047 2057; x_wconf 60' lang='lat' dir='ltr'><strong>quae</strong></span> <span class='ocrx_word' id='word_1_482' title='bbox 2082 1986 2185 2041; x_wconf 78' lang='lat' dir='ltr'><strong>(ide</strong></span> <span class='ocrx_word' id='word_1_483' title='bbox 2220 1989 2486 2042; x_wconf 86' lang='lat' dir='ltr'><strong>catholica</strong></span> <span class='ocrx_word' id='word_1_484' title='bbox 2527 1991 2961 2059; x_wconf 83' lang='lat' dir='ltr'><strong>exploratissima</strong></span> <span class='ocrx_word' id='word_1_485' title='bbox 2995 2004 3145 2059; x_wconf 88' lang='lat' dir='ltr'><strong>sunt,</strong></span> <span class='ocrx_word' id='word_1_486' title='bbox 3197 1997 3495 2065; x_wconf 76' lang='lat' dir='ltr'><strong>multisque</strong></span> 
     </span>
    </p>
   </div>
   <div class='ocr_carea' id='block_1_66' title="bbox 1926 2076 3496 2153">
    <p class='ocr_par' dir='ltr' id='par_1_66' title="bbox 1926 2076 3496 2153">
     <span class='ocr_line' id='line_1_66' title="bbox 1926 2076 3496 2153; baseline 0.009 -24"><span class='ocrx_word' id='word_1_487' title='bbox 1926 2076 2182 2131; x_wconf 89' lang='lat' dir='ltr'><strong>absurdis</strong></span> <span class='ocrx_word' id='word_1_488' title='bbox 2218 2079 2429 2146; x_wconf 90' lang='lat' dir='ltr'><strong>premi;</strong></span> <span class='ocrx_word' id='word_1_489' title='bbox 2482 2087 2647 2149; x_wconf 90' lang='lat' dir='ltr'><strong>atque</strong></span> <span class='ocrx_word' id='word_1_490' title='bbox 2680 2081 2746 2134; x_wconf 90' lang='lat' dir='ltr'><strong>ab</strong></span> <span class='ocrx_word' id='word_1_491' title='bbox 2797 2082 2905 2135; x_wconf 64' lang='lat' dir='ltr'><strong>illis</strong></span> <span class='ocrx_word' id='word_1_492' title='bbox 2939 2084 3185 2153; x_wconf 86' lang='lat' dir='ltr'><strong>antiquis</strong></span> <span class='ocrx_word' id='word_1_493' title='bbox 3222 2086 3496 2143; x_wconf 65' lang='lat' dir='ltr'><strong>haereticis</strong></span> 
     </span>
    </p>
   </div>
   <div class='ocr_carea' id='block_1_67' title="bbox 1925 2167 2527 2236">
    <p class='ocr_par' dir='ltr' id='par_1_67' title="bbox 1925 2167 2527 2236">
     <span class='ocr_line' id='line_1_67' title="bbox 1925 2167 2527 2236; baseline 0.003 -13"><span class='ocrx_word' id='word_1_494' title='bbox 1925 2167 2064 2223; x_wconf 85' lang='lat' dir='ltr'><strong>nihil</strong></span> <span class='ocrx_word' id='word_1_495' title='bbox 2103 2168 2260 2236; x_wconf 85' lang='lat' dir='ltr'><strong>plane</strong></span> <span class='ocrx_word' id='word_1_496' title='bbox 2289 2169 2527 2225; x_wconf 76' lang='lat' dir='ltr'><strong>diﬂerre.</strong></span> 
     </span>
    </p>
   </div>
   <div class='ocr_carea' id='block_1_68' title="bbox 1996 2261 3494 2340">
    <p class='ocr_par' dir='ltr' id='par_1_68' title="bbox 1996 2261 3494 2340">
     <span class='ocr_line' id='line_1_68' title="bbox 1996 2261 3494 2340; baseline 0.005 -24"><span class='ocrx_word' id='word_1_497' title='bbox 1996 2261 2239 2316; x_wconf 88' lang='lat' dir='ltr'><strong>Primum</strong></span> <span class='ocrx_word' id='word_1_498' title='bbox 2273 2262 2437 2333; x_wconf 72' lang='lat' dir='ltr'><strong>igitur</strong></span> <span class='ocrx_word' id='word_1_499' title='bbox 2461 2264 2816 2332; x_wconf 67' lang='lat' dir='ltr'><strong>qumrendum</strong></span> <span class='ocrx_word' id='word_1_500' title='bbox 2841 2264 2908 2319; x_wconf 90' lang='lat' dir='ltr'><strong>ab</strong></span> <span class='ocrx_word' id='word_1_501' title='bbox 2941 2266 3069 2330; x_wconf 89' lang='lat' dir='ltr'><strong>illis,</strong></span> <span class='ocrx_word' id='word_1_502' title='bbox 3101 2269 3360 2336; x_wconf 86' lang='lat' dir='ltr'><strong>quidnam</strong></span> <span class='ocrx_word' id='word_1_503' title='bbox 3395 2271 3494 2340; x_wconf 82' lang='lat' dir='ltr'><strong>by—</strong></span> 
     </span>
    </p>
   </div>
   <div class='ocr_carea' id='block_1_69' title="bbox 1923 2355 3489 2427">
    <p class='ocr_par' dir='ltr' id='par_1_69' title="bbox 1923 2355 3489 2427">
     <span class='ocr_line' id='line_1_69' title="bbox 1923 2355 3489 2427; baseline 0.005 -22"><span class='ocrx_word' id='word_1_504' title='bbox 1923 2356 2185 2421; x_wconf 90' lang='lat' dir='ltr'><strong>postasim</strong></span> <span class='ocrx_word' id='word_1_505' title='bbox 2222 2368 2342 2408; x_wconf 89' lang='lat' dir='ltr'><strong>esse</strong></span> <span class='ocrx_word' id='word_1_506' title='bbox 2366 2355 2703 2419; x_wconf 72' lang='lat' dir='ltr'><strong>existiment,</strong></span> <span class='ocrx_word' id='word_1_507' title='bbox 2728 2356 2843 2410; x_wconf 67' lang='lat' dir='ltr'><strong>sive</strong></span> <span class='ocrx_word' id='word_1_508' title='bbox 2876 2357 3053 2411; x_wconf 84' lang='lat' dir='ltr'><strong>Patris</strong></span> <span class='ocrx_word' id='word_1_509' title='bbox 3077 2360 3489 2427; x_wconf 84' lang='lat' dir='ltr'><strong>proprietatem,</strong></span> 
     </span>
    </p>
   </div>
   <div class='ocr_carea' id='block_1_70' title="bbox 1921 2442 3495 2522">
    <p class='ocr_par' dir='ltr' id='par_1_70' title="bbox 1921 2442 3495 2522">
     <span class='ocr_line' id='line_1_70' title="bbox 1921 2442 3495 2522; baseline 0.007 -28"><span class='ocrx_word' id='word_1_510' title='bbox 1921 2442 2311 2512; x_wconf 88' lang='lat' dir='ltr'><strong>paternitatem</strong></span> <span class='ocrx_word' id='word_1_511' title='bbox 2360 2442 2659 2508; x_wconf 83' lang='lat' dir='ltr'><strong>videlicet;</strong></span> <span class='ocrx_word' id='word_1_512' title='bbox 2711 2456 2767 2498; x_wconf 91' lang='lat' dir='ltr'><strong>ut</strong></span> <span class='ocrx_word' id='word_1_513' title='bbox 2812 2447 2991 2515; x_wconf 87' lang='lat' dir='ltr'><strong>posito</strong></span> <span class='ocrx_word' id='word_1_514' title='bbox 3041 2449 3226 2517; x_wconf 87' lang='lat' dir='ltr'><strong>aliquo</strong></span> <span class='ocrx_word' id='word_1_515' title='bbox 3273 2451 3326 2503; x_wconf 92' lang='lat' dir='ltr'><strong>in</strong></span> <span class='ocrx_word' id='word_1_516' title='bbox 3381 2468 3495 2522; x_wconf 89' lang='lat' dir='ltr'><strong>quo</strong></span> 
     </span>
    </p>
   </div>
   <div class='ocr_carea' id='block_1_71' title="bbox 1922 2533 3496 2607">
    <p class='ocr_par' dir='ltr' id='par_1_71' title="bbox 1922 2533 3496 2607">
     <span class='ocr_line' id='line_1_71' title="bbox 1922 2533 3496 2607; baseline 0.004 -19"><span class='ocrx_word' id='word_1_517' title='bbox 1922 2533 2305 2599; x_wconf 86' lang='lat' dir='ltr'><strong>convenimus,</strong></span> <span class='ocrx_word' id='word_1_518' title='bbox 2339 2537 2505 2589; x_wconf 80' lang='lat' dir='ltr'><strong>verba</strong></span> <span class='ocrx_word' id='word_1_519' title='bbox 2527 2536 2809 2590; x_wconf 79' lang='lat' dir='ltr'><strong>faciamus.</strong></span> <span class='ocrx_word' id='word_1_520' title='bbox 2856 2537 2923 2590; x_wconf 87' lang='lat' dir='ltr'><strong>Et</strong></span> <span class='ocrx_word' id='word_1_521' title='bbox 2946 2540 3204 2607; x_wconf 86' lang='lat' dir='ltr'><strong>quoniam</strong></span> <span class='ocrx_word' id='word_1_522' title='bbox 3238 2542 3496 2594; x_wconf 85' lang='lat' dir='ltr'><strong>substan-</strong></span> 
     </span>
    </p>
   </div>
   <div class='ocr_carea' id='block_1_72' title="bbox 1922 2624 3549 2699">
    <p class='ocr_par' dir='ltr' id='par_1_72' title="bbox 1922 2624 3549 2699">
     <span class='ocr_line' id='line_1_72' title="bbox 1922 2624 3549 2699; baseline 0.007 -22"><span class='ocrx_word' id='word_1_523' title='bbox 1922 2624 2051 2678; x_wconf 89' lang='lat' dir='ltr'><strong>tiam</strong></span> <span class='ocrx_word' id='word_1_524' title='bbox 2113 2640 2165 2680; x_wconf 89' lang='lat' dir='ltr'><strong>et</strong></span> <span class='ocrx_word' id='word_1_525' title='bbox 2202 2627 2530 2697; x_wconf 74' lang='lat' dir='ltr'><strong>bypostasim</strong></span> <span class='ocrx_word' id='word_1_526' title='bbox 2571 2645 2634 2683; x_wconf 81' lang='lat' dir='ltr'><strong>ex</strong></span> <span class='ocrx_word' id='word_1_527' title='bbox 2673 2630 2905 2683; x_wconf 73' lang='lat' dir='ltr'><strong>adverso</strong></span> <span class='ocrx_word' id='word_1_528' title='bbox 2932 2642 3238 2699; x_wconf 86' lang='lat' dir='ltr'><strong>opponunt,</strong></span> <span class='ocrx_word' id='word_1_529' title='bbox 3280 2642 3334 2687; x_wconf 89' lang='lat' dir='ltr'><strong>et</strong></span> <span class='ocrx_word' id='word_1_530' title='bbox 3361 2635 3497 2689; x_wconf 87' lang='lat' dir='ltr'><strong>alte-</strong></span> <span class='ocrx_word' id='word_1_531' title='bbox 3532 2652 3549 2667; x_wconf 88' lang='grc'><strong>·</strong></span> 
     </span>
    </p>
   </div>
   <div class='ocr_carea' id='block_1_73' title="bbox 1921 2715 3493 2786">
    <p class='ocr_par' dir='ltr' id='par_1_73' title="bbox 1921 2715 3493 2786">
     <span class='ocr_line' id='line_1_73' title="bbox 1921 2715 3493 2786; baseline 0.009 -20"><span class='ocrx_word' id='word_1_532' title='bbox 1921 2729 2043 2766; x_wconf 90' lang='lat' dir='ltr'><strong>rum</strong></span> <span class='ocrx_word' id='word_1_533' title='bbox 2087 2715 2241 2768; x_wconf 87' lang='lat' dir='ltr'><strong>aiunt</strong></span> <span class='ocrx_word' id='word_1_534' title='bbox 2275 2731 2395 2770; x_wconf 90' lang='lat' dir='ltr'><strong>esse</strong></span> <span class='ocrx_word' id='word_1_535' title='bbox 2420 2756 2435 2779; x_wconf 95' lang='lat'><strong>,</strong></span> <span class='ocrx_word' id='word_1_536' title='bbox 2474 2733 2582 2770; x_wconf 90' lang='lat' dir='ltr'><strong>non</strong></span> <span class='ocrx_word' id='word_1_537' title='bbox 2614 2718 2774 2786; x_wconf 84' lang='lat' dir='ltr'><strong>quale</strong></span> <span class='ocrx_word' id='word_1_538' title='bbox 2820 2730 2903 2773; x_wconf 88' lang='lat' dir='ltr'><strong>est</strong></span> <span class='ocrx_word' id='word_1_539' title='bbox 2945 2720 3223 2785; x_wconf 87' lang='lat' dir='ltr'><strong>alterum,</strong></span> <span class='ocrx_word' id='word_1_540' title='bbox 3263 2723 3493 2779; x_wconf 78' lang='lat' dir='ltr'><strong>cuilibet</strong></span> 
     </span>
    </p>
   </div>
   <div class='ocr_carea' id='block_1_74' title="bbox 1921 2806 3495 2879">
    <p class='ocr_par' dir='ltr' id='par_1_74' title="bbox 1921 2806 3495 2879">
     <span class='ocr_line' id='line_1_74' title="bbox 1921 2806 3495 2879; baseline 0.006 -20"><span class='ocrx_word' id='word_1_541' title='bbox 1921 2806 2274 2860; x_wconf 81' lang='lat' dir='ltr'><strong>manifestum</strong></span> <span class='ocrx_word' id='word_1_542' title='bbox 2310 2816 2429 2873; x_wconf 87' lang='lat' dir='ltr'><strong>est,</strong></span> <span class='ocrx_word' id='word_1_543' title='bbox 2468 2810 2612 2878; x_wconf 89' lang='lat' dir='ltr'><strong>quod</strong></span> <span class='ocrx_word' id='word_1_544' title='bbox 2664 2812 3001 2879; x_wconf 76' lang='lat' dir='ltr'><strong>liypostaSIm</strong></span> <span class='ocrx_word' id='word_1_545' title='bbox 3057 2827 3164 2865; x_wconf 89' lang='lat' dir='ltr'><strong>non</strong></span> <span class='ocrx_word' id='word_1_546' title='bbox 3204 2821 3325 2869; x_wconf 80' lang='lat' dir='ltr'><strong>eSse</strong></span> <span class='ocrx_word' id='word_1_547' title='bbox 3369 2816 3495 2869; x_wconf 78' lang='lat' dir='ltr'><strong>sub-</strong></span> 
     </span>
    </p>
   </div>
   <div class='ocr_carea' id='block_1_75' title="bbox 1920 2899 3492 2976">
    <p class='ocr_par' dir='ltr' id='par_1_75' title="bbox 1920 2899 3492 2976">
     <span class='ocr_line' id='line_1_75' title="bbox 1920 2899 3492 2976; baseline 0.005 -24"><span class='ocrx_word' id='word_1_548' title='bbox 1920 2900 2173 2952; x_wconf 89' lang='lat' dir='ltr'><strong>stantiam</strong></span> <span class='ocrx_word' id='word_1_549' title='bbox 2205 2899 2349 2952; x_wconf 84' lang='lat' dir='ltr'><strong>haud</strong></span> <span class='ocrx_word' id='word_1_550' title='bbox 2382 2899 2547 2953; x_wconf 83' lang='lat' dir='ltr'><strong>dubie</strong></span> <span class='ocrx_word' id='word_1_551' title='bbox 2577 2901 2902 2956; x_wconf 85' lang='lat' dir='ltr'><strong>concedent.</strong></span> <span class='ocrx_word' id='word_1_552' title='bbox 2948 2901 3102 2967; x_wconf 85' lang='lat' dir='ltr'><strong>Quod</strong></span> <span class='ocrx_word' id='word_1_553' title='bbox 3134 2905 3278 2958; x_wconf 90' lang='lat' dir='ltr'><strong>enim</strong></span> <span class='ocrx_word' id='word_1_554' title='bbox 3323 2921 3492 2976; x_wconf 80' lang='lat' dir='ltr'><strong>oppo-</strong></span> 
     </span>
    </p>
   </div>
   <div class='ocr_carea' id='block_1_76' title="bbox 1919 2987 3491 3055">
    <p class='ocr_par' dir='ltr' id='par_1_76' title="bbox 1919 2987 3491 3055">
     <span class='ocr_line' id='line_1_76' title="bbox 1919 2987 3491 3055; baseline 0.008 -17"><span class='ocrx_word' id='word_1_555' title='bbox 1919 2987 2071 3040; x_wconf 90' lang='lat' dir='ltr'><strong>nitur</strong></span> <span class='ocrx_word' id='word_1_556' title='bbox 2103 2987 2445 3053; x_wconf 63' lang='lat' dir='ltr'><strong>substantiae,</strong></span> <span class='ocrx_word' id='word_1_557' title='bbox 2485 3004 2592 3042; x_wconf 92' lang='lat' dir='ltr'><strong>non</strong></span> <span class='ocrx_word' id='word_1_558' title='bbox 2623 2996 2705 3041; x_wconf 90' lang='lat' dir='ltr'><strong>est</strong></span> <span class='ocrx_word' id='word_1_559' title='bbox 2741 2990 3071 3055; x_wconf 83' lang='lat' dir='ltr'><strong>substantia,</strong></span> <span class='ocrx_word' id='word_1_560' title='bbox 3102 3001 3158 3045; x_wconf 90' lang='lat' dir='ltr'><strong>et</strong></span> <span class='ocrx_word' id='word_1_561' title='bbox 3184 2993 3491 3051; x_wconf 81' lang='lat' dir='ltr'><strong>substantia</strong></span> 
     </span>
    </p>
   </div>
   <div class='ocr_carea' id='block_1_77' title="bbox 1921 3078 3489 3153">
    <p class='ocr_par' dir='ltr' id='par_1_77' title="bbox 1921 3078 3489 3153">
     <span class='ocr_line' id='line_1_77' title="bbox 1921 3078 3489 3153; baseline 0.005 -20"><span class='ocrx_word' id='word_1_562' title='bbox 1921 3079 2024 3145; x_wconf 89' lang='lat' dir='ltr'><strong>illi,</strong></span> <span class='ocrx_word' id='word_1_563' title='bbox 2050 3078 2197 3148; x_wconf 91' lang='lat' dir='ltr'><strong>quod</strong></span> <span class='ocrx_word' id='word_1_564' title='bbox 2231 3095 2339 3132; x_wconf 92' lang='lat' dir='ltr'><strong>non</strong></span> <span class='ocrx_word' id='word_1_565' title='bbox 2379 3089 2462 3134; x_wconf 87' lang='lat' dir='ltr'><strong>est</strong></span> <span class='ocrx_word' id='word_1_566' title='bbox 2492 3080 2825 3144; x_wconf 84' lang='lat' dir='ltr'><strong>substantia,</strong></span> <span class='ocrx_word' id='word_1_567' title='bbox 2851 3084 3182 3150; x_wconf 87' lang='lat' dir='ltr'><strong>opponitur;</strong></span> <span class='ocrx_word' id='word_1_568' title='bbox 3219 3086 3313 3139; x_wconf 89' lang='lat' dir='ltr'><strong>sed</strong></span> <span class='ocrx_word' id='word_1_569' title='bbox 3342 3087 3489 3153; x_wconf 91' lang='lat' dir='ltr'><strong>quod</strong></span> 
     </span>
    </p>
   </div>
   <div class='ocr_carea' id='block_1_78' title="bbox 1920 3169 3489 3240">
    <p class='ocr_par' dir='ltr' id='par_1_78' title="bbox 1920 3169 3489 3240">
     <span class='ocr_line' id='line_1_78' title="bbox 1920 3169 3489 3240; baseline 0 -17"><span class='ocrx_word' id='word_1_570' title='bbox 1920 3186 2027 3223; x_wconf 89' lang='lat' dir='ltr'><strong>non</strong></span> <span class='ocrx_word' id='word_1_571' title='bbox 2062 3177 2147 3223; x_wconf 90' lang='lat' dir='ltr'><strong>est</strong></span> <span class='ocrx_word' id='word_1_572' title='bbox 2191 3169 2498 3224; x_wconf 89' lang='lat' dir='ltr'><strong>substantia</strong></span> <span class='ocrx_word' id='word_1_573' title='bbox 2528 3209 2541 3233; x_wconf 94' lang='lat'><strong>,</strong></span> <span class='ocrx_word' id='word_1_574' title='bbox 2609 3169 2916 3224; x_wconf 87' lang='lat' dir='ltr'><strong>substantia</strong></span> <span class='ocrx_word' id='word_1_575' title='bbox 2974 3171 3165 3240; x_wconf 89' lang='lat' dir='ltr'><strong>utique</strong></span> <span class='ocrx_word' id='word_1_576' title='bbox 3216 3186 3325 3225; x_wconf 89' lang='lat' dir='ltr'><strong>non</strong></span> <span class='ocrx_word' id='word_1_577' title='bbox 3361 3184 3489 3239; x_wconf 76' lang='lat' dir='ltr'><strong>cst;</strong></span> 
     </span>
    </p>
   </div>
   <div class='ocr_carea' id='block_1_79' title="bbox 1918 3258 3490 3330">
    <p class='ocr_par' dir='ltr' id='par_1_79' title="bbox 1918 3258 3490 3330">
     <span class='ocr_line' id='line_1_79' title="bbox 1918 3258 3490 3330; baseline 0.002 -16"><span class='ocrx_word' id='word_1_578' title='bbox 1918 3259 2067 3329; x_wconf 90' lang='lat' dir='ltr'><strong>quod</strong></span> <span class='ocrx_word' id='word_1_579' title='bbox 2093 3271 2276 3330; x_wconf 65' lang='lat' dir='ltr'><strong>autem</strong></span> <span class='ocrx_word' id='word_1_580' title='bbox 2315 3275 2424 3313; x_wconf 91' lang='lat' dir='ltr'><strong>non</strong></span> <span class='ocrx_word' id='word_1_581' title='bbox 2457 3266 2539 3313; x_wconf 90' lang='lat' dir='ltr'><strong>est</strong></span> <span class='ocrx_word' id='word_1_582' title='bbox 2572 3258 2881 3314; x_wconf 88' lang='lat' dir='ltr'><strong>substantia</strong></span> <span class='ocrx_word' id='word_1_583' title='bbox 2911 3299 2923 3323; x_wconf 89' lang='lat'><strong>,</strong></span> <span class='ocrx_word' id='word_1_584' title='bbox 2977 3276 3085 3313; x_wconf 90' lang='lat' dir='ltr'><strong>non</strong></span> <span class='ocrx_word' id='word_1_585' title='bbox 3127 3261 3490 3318; x_wconf 81' lang='lat' dir='ltr'><strong>substantiale</strong></span> 
     </span>
    </p>
   </div>
   <div class='ocr_carea' id='block_1_80' title="bbox 1917 3350 3492 3420">
    <p class='ocr_par' dir='ltr' id='par_1_80' title="bbox 1917 3350 3492 3420">
     <span class='ocr_line' id='line_1_80' title="bbox 1917 3350 3492 3420; baseline 0 -15"><span class='ocrx_word' id='word_1_586' title='bbox 1917 3360 2001 3405; x_wconf 89' lang='lat' dir='ltr'><strong>est</strong></span> <span class='ocrx_word' id='word_1_587' title='bbox 2034 3370 2049 3419; x_wconf 89' lang='lat'><strong>;</strong></span> <span class='ocrx_word' id='word_1_588' title='bbox 2089 3351 2234 3420; x_wconf 88' lang='lat' dir='ltr'><strong>quod</strong></span> <span class='ocrx_word' id='word_1_589' title='bbox 2266 3360 2447 3405; x_wconf 89' lang='lat' dir='ltr'><strong>autem</strong></span> <span class='ocrx_word' id='word_1_590' title='bbox 2480 3365 2589 3403; x_wconf 91' lang='lat' dir='ltr'><strong>non</strong></span> <span class='ocrx_word' id='word_1_591' title='bbox 2638 3350 2994 3404; x_wconf 86' lang='lat' dir='ltr'><strong>substantiale</strong></span> <span class='ocrx_word' id='word_1_592' title='bbox 3022 3360 3136 3413; x_wconf 88' lang='lat' dir='ltr'><strong>est,</strong></span> <span class='ocrx_word' id='word_1_593' title='bbox 3169 3368 3277 3405; x_wconf 89' lang='lat' dir='ltr'><strong>non</strong></span> <span class='ocrx_word' id='word_1_594' title='bbox 3313 3354 3492 3407; x_wconf 84' lang='lat' dir='ltr'><strong>subsi-</strong></span> 
     </span>
    </p>
   </div>
   <div class='ocr_carea' id='block_1_81' title="bbox 1919 3436 3487 3506">
    <p class='ocr_par' dir='ltr' id='par_1_81' title="bbox 1919 3436 3487 3506">
     <span class='ocr_line' id='line_1_81' title="bbox 1919 3436 3487 3506; baseline 0.001 -13"><span class='ocrx_word' id='word_1_595' title='bbox 1919 3440 2055 3503; x_wconf 90' lang='lat' dir='ltr'><strong>stit;</strong></span> <span class='ocrx_word' id='word_1_596' title='bbox 2093 3438 2280 3505; x_wconf 89' lang='lat' dir='ltr'><strong>itaque</strong></span> <span class='ocrx_word' id='word_1_597' title='bbox 2335 3436 2515 3491; x_wconf 90' lang='lat' dir='ltr'><strong>Patris</strong></span> <span class='ocrx_word' id='word_1_598' title='bbox 2555 3437 2892 3506; x_wconf 77' lang='lat' dir='ltr'><strong>liypostasim</strong></span> <span class='ocrx_word' id='word_1_599' title='bbox 2940 3454 3049 3492; x_wconf 93' lang='lat' dir='ltr'><strong>non</strong></span> <span class='ocrx_word' id='word_1_600' title='bbox 3098 3439 3487 3494; x_wconf 87' lang='lat' dir='ltr'><strong>subsistentem</strong></span> 
     </span>
    </p>
   </div>
   <div class='ocr_carea' id='block_1_82' title="bbox 1918 3527 3489 3602">
    <p class='ocr_par' dir='ltr' id='par_1_82' title="bbox 1918 3527 3489 3602">
     <span class='ocr_line' id='line_1_82' title="bbox 1918 3527 3489 3602; baseline 0 -17"><span class='ocrx_word' id='word_1_601' title='bbox 1918 3537 2151 3602; x_wconf 83' lang='lat' dir='ltr'><strong>ponunt.</strong></span> <span class='ocrx_word' id='word_1_602' title='bbox 2186 3529 2297 3582; x_wconf 89' lang='lat' dir='ltr'><strong>Hoc</strong></span> <span class='ocrx_word' id='word_1_603' title='bbox 2334 3527 2479 3581; x_wconf 90' lang='lat' dir='ltr'><strong>idem</strong></span> <span class='ocrx_word' id='word_1_604' title='bbox 2507 3528 2805 3583; x_wconf 85' lang='lat' dir='ltr'><strong>ostendunt</strong></span> <span class='ocrx_word' id='word_1_605' title='bbox 2844 3543 2903 3582; x_wconf 91' lang='lat' dir='ltr'><strong>se</strong></span> <span class='ocrx_word' id='word_1_606' title='bbox 2934 3529 3140 3583; x_wconf 89' lang='lat' dir='ltr'><strong>sentire</strong></span> <span class='ocrx_word' id='word_1_607' title='bbox 3169 3545 3235 3583; x_wconf 79' lang='lat' dir='ltr'><strong>ex</strong></span> <span class='ocrx_word' id='word_1_608' title='bbox 3266 3531 3333 3585; x_wconf 89' lang='lat' dir='ltr'><strong>iis</strong></span> <span class='ocrx_word' id='word_1_609' title='bbox 3367 3542 3489 3600; x_wconf 71' lang='lat' dir='ltr'><strong>quae</strong></span> 
     </span>
    </p>
   </div>
   <div class='ocr_carea' id='block_1_83' title="bbox 1916 3619 3488 3693">
    <p class='ocr_par' dir='ltr' id='par_1_83' title="bbox 1916 3619 3488 3693">
     <span class='ocr_line' id='line_1_83' title="bbox 1916 3619 3488 3693; baseline -0.001 -14"><span class='ocrx_word' id='word_1_610' title='bbox 1916 3624 2021 3693; x_wconf 87' lang='lat' dir='ltr'><strong>ipsi</strong></span> <span class='ocrx_word' id='word_1_611' title='bbox 2078 3622 2146 3675; x_wconf 90' lang='lat' dir='ltr'><strong>de</strong></span> <span class='ocrx_word' id='word_1_612' title='bbox 2189 3619 2495 3674; x_wconf 86' lang='lat' dir='ltr'><strong>substantia</strong></span> <span class='ocrx_word' id='word_1_613' title='bbox 2563 3629 2618 3673; x_wconf 92' lang='lat' dir='ltr'><strong>et</strong></span> <span class='ocrx_word' id='word_1_614' title='bbox 2684 3619 3005 3686; x_wconf 84' lang='lat' dir='ltr'><strong>Operatione</strong></span> <span class='ocrx_word' id='word_1_615' title='bbox 3060 3621 3360 3689; x_wconf 89' lang='lat' dir='ltr'><strong>disputant.</strong></span> <span class='ocrx_word' id='word_1_616' title='bbox 3408 3623 3488 3678; x_wconf 87' lang='lat' dir='ltr'><strong>lbi</strong></span> 
     </span>
    </p>
   </div>
   <div class='ocr_carea' id='block_1_84' title="bbox 1915 3710 3489 3781">
    <p class='ocr_par' dir='ltr' id='par_1_84' title="bbox 1915 3710 3489 3781">
     <span class='ocr_line' id='line_1_84' title="bbox 1915 3710 3489 3781; baseline -0.003 -10"><span class='ocrx_word' id='word_1_617' title='bbox 1915 3717 2062 3772; x_wconf 88' lang='lat' dir='ltr'><strong>enim</strong></span> <span class='ocrx_word' id='word_1_618' title='bbox 2086 3714 2255 3768; x_wconf 89' lang='lat' dir='ltr'><strong>Deum</strong></span> <span class='ocrx_word' id='word_1_619' title='bbox 2282 3712 2337 3767; x_wconf 92' lang='lat' dir='ltr'><strong>in</strong></span> <span class='ocrx_word' id='word_1_620' title='bbox 2371 3710 2731 3767; x_wconf 73' lang='lat' dir='ltr'><strong>substantiam</strong></span> <span class='ocrx_word' id='word_1_621' title='bbox 2756 3719 2812 3765; x_wconf 91' lang='lat' dir='ltr'><strong>et</strong></span> <span class='ocrx_word' id='word_1_622' title='bbox 2834 3713 3206 3781; x_wconf 88' lang='lat' dir='ltr'><strong>operationem</strong></span> <span class='ocrx_word' id='word_1_623' title='bbox 3231 3712 3489 3767; x_wconf 87' lang='lat' dir='ltr'><strong>dividen-</strong></span> 
     </span>
    </p>
   </div>
   <div class='ocr_carea' id='block_1_85' title="bbox 1917 3802 3487 3875">
    <p class='ocr_par' dir='ltr' id='par_1_85' title="bbox 1917 3802 3487 3875">
     <span class='ocr_line' id='line_1_85' title="bbox 1917 3802 3487 3875; baseline -0.001 -16"><span class='ocrx_word' id='word_1_624' title='bbox 1917 3815 2022 3871; x_wconf 89' lang='lat' dir='ltr'><strong>tes,</strong></span> <span class='ocrx_word' id='word_1_625' title='bbox 2043 3815 2206 3875; x_wconf 91' lang='lat' dir='ltr'><strong>atque</strong></span> <span class='ocrx_word' id='word_1_626' title='bbox 2232 3802 2380 3857; x_wconf 90' lang='lat' dir='ltr'><strong>aliud</strong></span> <span class='ocrx_word' id='word_1_627' title='bbox 2410 3803 2632 3872; x_wconf 89' lang='lat' dir='ltr'><strong>quidem</strong></span> <span class='ocrx_word' id='word_1_628' title='bbox 2662 3812 2931 3872; x_wconf 89' lang='lat' dir='ltr'><strong>ponentes</strong></span> <span class='ocrx_word' id='word_1_629' title='bbox 2952 3817 3070 3857; x_wconf 85' lang='lat' dir='ltr'><strong>esse</strong></span> <span class='ocrx_word' id='word_1_630' title='bbox 3098 3804 3487 3869; x_wconf 83' lang='lat' dir='ltr'><strong>substantiam,</strong></span> 
     </span>
    </p>
   </div>
   <div class='ocr_carea' id='block_1_86' title="bbox 1917 3892 3490 3964">
    <p class='ocr_par' dir='ltr' id='par_1_86' title="bbox 1917 3892 3490 3964">
     <span class='ocr_line' id='line_1_86' title="bbox 1917 3892 3490 3964; baseline -0.001 -13"><span class='ocrx_word' id='word_1_631' title='bbox 1917 3897 2067 3951; x_wconf 91' lang='lat' dir='ltr'><strong>aliud</strong></span> <span class='ocrx_word' id='word_1_632' title='bbox 2104 3909 2235 3949; x_wconf 87' lang='lat' dir='ltr'><strong>vero</strong></span> <span class='ocrx_word' id='word_1_633' title='bbox 2280 3894 2658 3964; x_wconf 86' lang='lat' dir='ltr'><strong>operationem</strong></span> <span class='ocrx_word' id='word_1_634' title='bbox 2687 3932 2701 3952; x_wconf 81' lang='grc'><strong>,</strong></span> <span class='ocrx_word' id='word_1_635' title='bbox 2760 3893 2890 3946; x_wconf 84' lang='lat' dir='ltr'><strong>dum</strong></span> <span class='ocrx_word' id='word_1_636' title='bbox 2941 3892 3083 3946; x_wconf 89' lang='lat' dir='ltr'><strong>hanc</strong></span> <span class='ocrx_word' id='word_1_637' title='bbox 3115 3909 3145 3947; x_wconf 90' lang='lat' dir='ltr'><strong>a</strong></span> <span class='ocrx_word' id='word_1_638' title='bbox 3184 3894 3490 3949; x_wconf 87' lang='lat' dir='ltr'><strong>substantia</strong></span> 
     </span>
    </p>
   </div>
   <div class='ocr_carea' id='block_1_87' title="bbox 1918 3984 3487 4060">
    <p class='ocr_par' dir='ltr' id='par_1_87' title="bbox 1918 3984 3487 4060">
     <span class='ocr_line' id='line_1_87' title="bbox 1918 3984 3487 4060; baseline -0.002 -19"><span class='ocrx_word' id='word_1_639' title='bbox 1918 3986 2297 4060; x_wconf 80' lang='lat' dir='ltr'><strong>distinguunt,</strong></span> <span class='ocrx_word' id='word_1_640' title='bbox 2331 3992 2385 4038; x_wconf 87' lang='lat' dir='ltr'><strong>et</strong></span> <span class='ocrx_word' id='word_1_641' title='bbox 2420 4000 2540 4039; x_wconf 88' lang='lat' dir='ltr'><strong>eam</strong></span> <span class='ocrx_word' id='word_1_642' title='bbox 2589 4000 2768 4052; x_wconf 78' lang='lat' dir='ltr'><strong>neque</strong></span> <span class='ocrx_word' id='word_1_643' title='bbox 2821 3984 3236 4038; x_wconf 86' lang='lat' dir='ltr'><strong>substantialem</strong></span> <span class='ocrx_word' id='word_1_644' title='bbox 3259 4026 3272 4050; x_wconf 94' lang='lat'><strong>,</strong></span> <span class='ocrx_word' id='word_1_645' title='bbox 3307 4001 3487 4054; x_wconf 86' lang='lat' dir='ltr'><strong>neque</strong></span> 
     </span>
    </p>
   </div>
   <div class='ocr_carea' id='block_1_88' title="bbox 1918 4073 3483 4148">
    <p class='ocr_par' dir='ltr' id='par_1_88' title="bbox 1918 4073 3483 4148">
     <span class='ocr_line' id='line_1_88' title="bbox 1918 4073 3483 4148; baseline -0.003 -16"><span class='ocrx_word' id='word_1_646' title='bbox 1918 4076 2308 4132; x_wconf 87' lang='lat' dir='ltr'><strong>subsistentem</strong></span> <span class='ocrx_word' id='word_1_647' title='bbox 2342 4082 2616 4148; x_wconf 76' lang='lat' dir='ltr'><strong>statuunt;</strong></span> <span class='ocrx_word' id='word_1_648' title='bbox 2639 4073 2983 4128; x_wconf 77' lang='lat' dir='ltr'><strong>manifestum</strong></span> <span class='ocrx_word' id='word_1_649' title='bbox 3014 4084 3118 4138; x_wconf 88' lang='lat' dir='ltr'><strong>est,</strong></span> <span class='ocrx_word' id='word_1_650' title='bbox 3153 4075 3297 4143; x_wconf 88' lang='lat' dir='ltr'><strong>quod</strong></span> <span class='ocrx_word' id='word_1_651' title='bbox 3322 4077 3483 4128; x_wconf 85' lang='lat' dir='ltr'><strong>etiam</strong></span> 
     </span>
    </p>
   </div>
   <div class='ocr_carea' id='block_1_89' title="bbox 1916 4164 3488 4236">
    <p class='ocr_par' dir='ltr' id='par_1_89' title="bbox 1916 4164 3488 4236">
     <span class='ocr_line' id='line_1_89' title="bbox 1916 4164 3488 4236; baseline -0.002 -15"><span class='ocrx_word' id='word_1_652' title='bbox 1916 4167 2024 4222; x_wconf 87' lang='lat' dir='ltr'><strong>hoc</strong></span> <span class='ocrx_word' id='word_1_653' title='bbox 2058 4166 2176 4221; x_wconf 90' lang='lat' dir='ltr'><strong>loco</strong></span> <span class='ocrx_word' id='word_1_654' title='bbox 2214 4165 2552 4236; x_wconf 86' lang='lat' dir='ltr'><strong>hypostasim</strong></span> <span class='ocrx_word' id='word_1_655' title='bbox 2599 4180 2629 4218; x_wconf 91' lang='lat' dir='ltr'><strong>a</strong></span> <span class='ocrx_word' id='word_1_656' title='bbox 2672 4165 2978 4217; x_wconf 88' lang='lat' dir='ltr'><strong>substantia</strong></span> <span class='ocrx_word' id='word_1_657' title='bbox 3038 4164 3435 4233; x_wconf 76' lang='lat' dir='ltr'><strong>diStinguentes</strong></span> <span class='ocrx_word' id='word_1_658' title='bbox 3470 4204 3488 4229; x_wconf 84' lang='lat'><strong>,</strong></span> 
     </span>
    </p>
   </div>
   <div class='ocr_carea' id='block_1_90' title="bbox 1917 4255 3488 4329">
    <p class='ocr_par' dir='ltr' id='par_1_90' title="bbox 1917 4255 3488 4329">
     <span class='ocr_line' id='line_1_90' title="bbox 1917 4255 3488 4329; baseline -0.003 -16"><span class='ocrx_word' id='word_1_659' title='bbox 1917 4257 2165 4329; x_wconf 86' lang='lat' dir='ltr'><strong>ejusdem</strong></span> <span class='ocrx_word' id='word_1_660' title='bbox 2206 4256 2415 4310; x_wconf 90' lang='lat' dir='ltr'><strong>ordinis</strong></span> <span class='ocrx_word' id='word_1_661' title='bbox 2449 4255 2785 4325; x_wconf 76' lang='lat' dir='ltr'><strong>liypostasim</strong></span> <span class='ocrx_word' id='word_1_662' title='bbox 2846 4264 2898 4308; x_wconf 92' lang='lat' dir='ltr'><strong>et</strong></span> <span class='ocrx_word' id='word_1_663' title='bbox 2949 4255 3322 4323; x_wconf 87' lang='lat' dir='ltr'><strong>operationem</strong></span> <span class='ocrx_word' id='word_1_664' title='bbox 3355 4271 3488 4308; x_wconf 89' lang='lat' dir='ltr'><strong>con-</strong></span> 
     </span>
    </p>
   </div>
   <div class='ocr_carea' id='block_1_91' title="bbox 1917 4345 3490 4415">
    <p class='ocr_par' dir='ltr' id='par_1_91' title="bbox 1917 4345 3490 4415">
     <span class='ocr_line' id='line_1_91' title="bbox 1917 4345 3490 4415; baseline -0.003 -8"><span class='ocrx_word' id='word_1_665' title='bbox 1917 4350 2166 4407; x_wconf 90' lang='lat' dir='ltr'><strong>stituent.</strong></span> <span class='ocrx_word' id='word_1_666' title='bbox 2200 4349 2318 4404; x_wconf 86' lang='lat' dir='ltr'><strong>Non</strong></span> <span class='ocrx_word' id='word_1_667' title='bbox 2354 4349 2500 4403; x_wconf 91' lang='lat' dir='ltr'><strong>enim</strong></span> <span class='ocrx_word' id='word_1_668' title='bbox 2537 4347 2816 4400; x_wconf 85' lang='lat' dir='ltr'><strong>habebunt</strong></span> <span class='ocrx_word' id='word_1_669' title='bbox 2846 4345 2995 4399; x_wconf 88' lang='lat' dir='ltr'><strong>aliud</strong></span> <span class='ocrx_word' id='word_1_670' title='bbox 3047 4347 3265 4399; x_wconf 85' lang='lat' dir='ltr'><strong>tertium</strong></span> <span class='ocrx_word' id='word_1_671' title='bbox 3293 4388 3306 4407; x_wconf 87' lang='lat'><strong>,</strong></span> <span class='ocrx_word' id='word_1_672' title='bbox 3341 4347 3490 4415; x_wconf 88' lang='lat' dir='ltr'><strong>quod</strong></span> 
     </span>
    </p>
   </div>
   <div class='ocr_carea' id='block_1_92' title="bbox 248 4436 1818 4524">
    <p class='ocr_par' dir='ltr' id='par_1_92' title="bbox 248 4449 1809 4524">
     <span class='ocr_line' id='line_1_92' title="bbox 248 4449 1809 4524; baseline -0.001 -17"><span class='ocrx_word' id='word_1_673' title='bbox 248 4455 535 4523; x_wconf 82' lang='grc' dir='ltr'>ἐνέργειαν</span> <span class='ocrx_word' id='word_1_674' title='bbox 580 4452 947 4507; x_wconf 83' lang='grc' dir='ltr'>ἀνυπόστατον</span> <span class='ocrx_word' id='word_1_675' title='bbox 1013 4450 1297 4520; x_wconf 78' lang='grc' dir='ltr'>ἡγοῦνται,</span> <span class='ocrx_word' id='word_1_676' title='bbox 1354 4449 1494 4504; x_wconf 84' lang='grc' dir='ltr'>ὥστε</span> <span class='ocrx_word' id='word_1_677' title='bbox 1566 4452 1661 4505; x_wconf 78' lang='grc' dir='ltr'>καὶ</span> <span class='ocrx_word' id='word_1_678' title='bbox 1710 4452 1809 4524; x_wconf 83' lang='grc' dir='ltr'><strong>τὴν</strong></span> 
     </span>
    </p>
   </div>
   <div class='ocr_carea' id='block_1_93' title="bbox 1923 4436 3490 4524">
    <p class='ocr_par' dir='ltr' id='par_1_93' title="bbox 1923 4436 3490 4510">
     <span class='ocr_line' id='line_1_93' title="bbox 1923 4436 3490 4510; baseline -0.002 -14"><span class='ocrx_word' id='word_1_679' title='bbox 1923 4443 1974 4497; x_wconf 93' lang='lat' dir='ltr'><strong>in</strong></span> <span class='ocrx_word' id='word_1_680' title='bbox 2001 4443 2109 4496; x_wconf 87' lang='lat' dir='ltr'><strong>Deo</strong></span> <span class='ocrx_word' id='word_1_681' title='bbox 2136 4456 2319 4510; x_wconf 90' lang='lat' dir='ltr'><strong>neque</strong></span> <span class='ocrx_word' id='word_1_682' title='bbox 2351 4438 2685 4502; x_wconf 86' lang='lat' dir='ltr'><strong>substantia,</strong></span> <span class='ocrx_word' id='word_1_683' title='bbox 2726 4452 2902 4506; x_wconf 90' lang='lat' dir='ltr'><strong>neque</strong></span> <span class='ocrx_word' id='word_1_684' title='bbox 2929 4436 3175 4506; x_wconf 87' lang='lat' dir='ltr'><strong>operatio</strong></span> <span class='ocrx_word' id='word_1_685' title='bbox 3200 4437 3290 4491; x_wconf 90' lang='lat' dir='ltr'><strong>sit.</strong></span> <span class='ocrx_word' id='word_1_686' title='bbox 3316 4436 3490 4493; x_wconf 88' lang='lat' dir='ltr'><strong>Omne</strong></span> 
     </span>
    </p>
   </div>
   <div class='ocr_carea' id='block_1_94' title="bbox 251 4541 1807 4613">
    <p class='ocr_par' dir='ltr' id='par_1_94' title="bbox 251 4541 1807 4613">
     <span class='ocr_line' id='line_1_94' title="bbox 251 4541 1807 4613; baseline 0.001 -18"><span class='ocrx_word' id='word_1_687' title='bbox 251 4546 596 4607; x_wconf 84' lang='grc' dir='ltr'>ὑπόστασιν,</span> <span class='ocrx_word' id='word_1_688' title='bbox 650 4543 717 4613; x_wconf 79' lang='grc' dir='ltr'>ἦν</span> <span class='ocrx_word' id='word_1_689' title='bbox 768 4544 953 4612; x_wconf 75' lang='grc' dir='ltr'>ἕτερον</span> <span class='ocrx_word' id='word_1_690' title='bbox 984 4541 1105 4611; x_wconf 33' lang='grc' dir='ltr'><strong>ιτῆς</strong></span> <span class='ocrx_word' id='word_1_691' title='bbox 1155 4542 1344 4604; x_wconf 85' lang='grc' dir='ltr'>οὐσίας</span> <span class='ocrx_word' id='word_1_692' title='bbox 1405 4542 1807 4611; x_wconf 73' lang='grc' dir='ltr'>ἰσχυρίζονται,</span> 
     </span>
    </p>
   </div>
   <div class='ocr_carea' id='block_1_95' title="bbox 248 4635 1811 4704">
    <p class='ocr_par' dir='ltr' id='par_1_95' title="bbox 248 4635 1811 4704">
     <span class='ocr_line' id='line_1_95' title="bbox 248 4635 1811 4704; baseline -0.001 -14"><span class='ocrx_word' id='word_1_693' title='bbox 248 4637 501 4690; x_wconf 78' lang='grc' dir='ltr'>ἀνούσιον</span> <span class='ocrx_word' id='word_1_694' title='bbox 571 4638 663 4689; x_wconf 73' lang='grc' dir='ltr'><strong>καὶ</strong></span> <span class='ocrx_word' id='word_1_695' title='bbox 717 4637 1091 4689; x_wconf 75' lang='grc' dir='ltr'>ἀνυπόστατον</span> <span class='ocrx_word' id='word_1_696' title='bbox 1170 4635 1457 4704; x_wconf 85' lang='grc' dir='ltr'>ὁμολογεῖν</span> <span class='ocrx_word' id='word_1_697' title='bbox 1515 4635 1658 4689; x_wconf 78' lang='grc' dir='ltr'>κατὰ</span> <span class='ocrx_word' id='word_1_698' title='bbox 1712 4636 1811 4699; x_wconf 83' lang='grc' dir='ltr'><strong>τὰς</strong></span> 
     </span>
    </p>
   </div>
   <div class='ocr_carea' id='block_1_96' title="bbox 246 4726 1810 4797">
    <p class='ocr_par' dir='ltr' id='par_1_96' title="bbox 246 4726 1810 4797">
     <span class='ocr_line' id='line_1_96' title="bbox 246 4726 1810 4797; baseline -0.004 -13"><span class='ocrx_word' id='word_1_699' title='bbox 246 4730 427 4784; x_wconf 79' lang='grc' dir='ltr'>αὐτῶν</span> <span class='ocrx_word' id='word_1_700' title='bbox 462 4728 862 4795; x_wconf 80' lang='grc' dir='ltr'><strong>ἀναγκάζονται</strong></span> <span class='ocrx_word' id='word_1_701' title='bbox 908 4727 1108 4789; x_wconf 77' lang='grc' dir='ltr'>θέσεις.</span> <span class='ocrx_word' id='word_1_702' title='bbox 1144 4727 1205 4778; x_wconf 75' lang='lat' dir='ltr'><strong>Et</strong></span> <span class='ocrx_word' id='word_1_703' title='bbox 1239 4726 1293 4778; x_wconf 80' lang='grc' dir='ltr'>δὲ</span> <span class='ocrx_word' id='word_1_704' title='bbox 1346 4729 1440 4779; x_wconf 73' lang='grc' dir='ltr'>καὶ</span> <span class='ocrx_word' id='word_1_705' title='bbox 1472 4726 1657 4797; x_wconf 80' lang='grc' dir='ltr'>τρίτον</span> <span class='ocrx_word' id='word_1_706' title='bbox 1684 4726 1810 4796; x_wconf 76' lang='grc' dir='ltr'><strong>βού-</strong></span> 
     </span>
    </p>
   </div>
   <div class='ocr_carea' id='block_1_97' title="bbox 243 4812 1811 4885">
    <p class='ocr_par' dir='ltr' id='par_1_97' title="bbox 243 4812 1811 4885">
     <span class='ocr_line' id='line_1_97' title="bbox 243 4812 1811 4885; baseline -0.004 -13"><span class='ocrx_word' id='word_1_707' title='bbox 243 4820 432 4873; x_wconf 81' lang='grc' dir='ltr'>λονται</span> <span class='ocrx_word' id='word_1_708' title='bbox 487 4819 586 4885; x_wconf 75' lang='grc' dir='ltr'>τὴν</span> <span class='ocrx_word' id='word_1_709' title='bbox 622 4818 922 4869; x_wconf 76' lang='grc' dir='ltr'>ὑπόστασιν</span> <span class='ocrx_word' id='word_1_710' title='bbox 976 4814 1205 4876; x_wconf 81' lang='grc' dir='ltr'>τιθέναι,</span> <span class='ocrx_word' id='word_1_711' title='bbox 1266 4813 1481 4883; x_wconf 83' lang='grc' dir='ltr'>πρῶτον</span> <span class='ocrx_word' id='word_1_712' title='bbox 1529 4812 1628 4880; x_wconf 78' lang='grc' dir='ltr'>μὲν</span> <span class='ocrx_word' id='word_1_713' title='bbox 1659 4812 1811 4883; x_wconf 84' lang='grc' dir='ltr'>παρὰ</span> 
     </span>
    </p>
   </div>
   <div class='ocr_carea' id='block_1_98' title="bbox 242 4904 1812 4974">
    <p class='ocr_par' dir='ltr' id='par_1_98' title="bbox 242 4904 1812 4974">
     <span class='ocr_line' id='line_1_98' title="bbox 242 4904 1812 4974; baseline -0.006 -9"><span class='ocrx_word' id='word_1_714' title='bbox 242 4915 339 4974; x_wconf 78' lang='grc' dir='ltr'>τὰς</span> <span class='ocrx_word' id='word_1_715' title='bbox 375 4911 556 4965; x_wconf 83' lang='grc' dir='ltr'>αὐτῶν</span> <span class='ocrx_word' id='word_1_716' title='bbox 604 4911 721 4961; x_wconf 82' lang='grc' dir='ltr'>ἐστι</span> <span class='ocrx_word' id='word_1_717' title='bbox 777 4907 975 4971; x_wconf 80' lang='grc' dir='ltr'>Θέσεις,</span> <span class='ocrx_word' id='word_1_718' title='bbox 1016 4906 1136 4958; x_wconf 78' lang='grc' dir='ltr'>καθ’</span> <span class='ocrx_word' id='word_1_719' title='bbox 1188 4904 1252 4966; x_wconf 73' lang='grc' dir='ltr'>ἃς</span> <span class='ocrx_word' id='word_1_720' title='bbox 1310 4905 1493 4967; x_wconf 74' lang='grc' dir='ltr'>ἁπλῶς</span> <span class='ocrx_word' id='word_1_721' title='bbox 1548 4904 1638 4957; x_wconf 77' lang='grc' dir='ltr'><strong>τὸν</strong></span> <span class='ocrx_word' id='word_1_722' title='bbox 1679 4904 1812 4956; x_wconf 81' lang='grc' dir='ltr'>Θεὸν</span> 
     </span>
    </p>
   </div>
   <div class='ocr_carea' id='block_1_99' title="bbox 242 4995 1811 5069">
    <p class='ocr_par' dir='ltr' id='par_1_99' title="bbox 242 4995 1811 5069">
     <span class='ocr_line' id='line_1_99' title="bbox 242 4995 1811 5069; baseline -0.005 -14"><span class='ocrx_word' id='word_1_723' title='bbox 242 5004 325 5065; x_wconf 73' lang='grc' dir='ltr'>εἰς</span> <span class='ocrx_word' id='word_1_724' title='bbox 346 5002 539 5055; x_wconf 83' lang='grc' dir='ltr'>οὐσίαν</span> <span class='ocrx_word' id='word_1_725' title='bbox 570 5000 831 5069; x_wconf 75' lang='grc' dir='ltr'>διαιροῦσι</span> <span class='ocrx_word' id='word_1_726' title='bbox 868 5000 959 5050; x_wconf 75' lang='grc' dir='ltr'>καὶ</span> <span class='ocrx_word' id='word_1_727' title='bbox 994 5000 1291 5066; x_wconf 82' lang='grc' dir='ltr'>ἐνέργειαν·</span> <span class='ocrx_word' id='word_1_728' title='bbox 1325 4996 1538 5059; x_wconf 70' lang='grc' dir='ltr'>ἔπειτα,</span> <span class='ocrx_word' id='word_1_729' title='bbox 1574 4996 1601 5048; x_wconf 77' lang='grc' dir='ltr'><strong>ὅ</strong></span> <span class='ocrx_word' id='word_1_730' title='bbox 1627 5012 1678 5048; x_wconf 86' lang='grc' dir='ltr'><strong>τι</strong></span> <span class='ocrx_word' id='word_1_731' title='bbox 1712 4995 1811 5064; x_wconf 82' lang='grc' dir='ltr'>μὲν</span> 
     </span>
    </p>
   </div>
   <div class='ocr_carea' id='block_1_100' title="bbox 241 5087 1812 5162">
    <p class='ocr_par' dir='ltr' id='par_1_100' title="bbox 241 5087 1812 5162">
     <span class='ocr_line' id='line_1_100' title="bbox 241 5087 1812 5162; baseline -0.005 -15"><span class='ocrx_word' id='word_1_732' title='bbox 241 5095 328 5147; x_wconf 77' lang='grc' dir='ltr'><strong>δεῖ</strong></span> <span class='ocrx_word' id='word_1_733' title='bbox 372 5096 500 5162; x_wconf 80' lang='grc' dir='ltr'>περὶ</span> <span class='ocrx_word' id='word_1_734' title='bbox 558 5093 657 5161; x_wconf 82' lang='grc' dir='ltr'>τῆς</span> <span class='ocrx_word' id='word_1_735' title='bbox 688 5092 1040 5151; x_wconf 69' lang='grc' dir='ltr'>ὑποστάσεως</span> <span class='ocrx_word' id='word_1_736' title='bbox 1079 5092 1298 5160; x_wconf 83' lang='grc' dir='ltr'>φρονεῖν</span> <span class='ocrx_word' id='word_1_737' title='bbox 1341 5087 1460 5156; x_wconf 85' lang='grc' dir='ltr'>μετ’</span> <span class='ocrx_word' id='word_1_738' title='bbox 1496 5087 1673 5154; x_wconf 84' lang='grc' dir='ltr'>ὀλίγον</span> <span class='ocrx_word' id='word_1_739' title='bbox 1713 5089 1812 5155; x_wconf 77' lang='grc' dir='ltr'><strong>ρη-</strong></span> 
     </span>
    </p>
   </div>
   <div class='ocr_carea' id='block_1_101' title="bbox 242 5176 1813 5258">
    <p class='ocr_par' dir='ltr' id='par_1_101' title="bbox 242 5176 1813 5258">
     <span class='ocr_line' id='line_1_101' title="bbox 242 5176 1813 5258; baseline -0.006 -22"><span class='ocrx_word' id='word_1_740' title='bbox 242 5185 496 5253; x_wconf 81' lang='grc' dir='ltr'>οήσεται’</span> <span class='ocrx_word' id='word_1_741' title='bbox 527 5183 662 5252; x_wconf 83' lang='grc' dir='ltr'>πρὸς</span> <span class='ocrx_word' id='word_1_742' title='bbox 700 5182 756 5234; x_wconf 83' lang='grc' dir='ltr'><strong>δέ</strong></span> <span class='ocrx_word' id='word_1_743' title='bbox 807 5180 869 5232; x_wconf 65' lang='grc' dir='ltr'>τὸ</span> <span class='ocrx_word' id='word_1_744' title='bbox 925 5180 1122 5249; x_wconf 74' lang='grc' dir='ltr'>παρὸν,</span> <span class='ocrx_word' id='word_1_745' title='bbox 1174 5180 1256 5231; x_wconf 79' lang='grc' dir='ltr'><strong>ὅτι</strong></span> <span class='ocrx_word' id='word_1_746' title='bbox 1303 5176 1363 5230; x_wconf 78' lang='grc' dir='ltr'><strong>οὔ</strong></span> <span class='ocrx_word' id='word_1_747' title='bbox 1420 5194 1588 5245; x_wconf 79' lang='grc' dir='ltr'>φασιν</span> <span class='ocrx_word' id='word_1_748' title='bbox 1639 5177 1813 5258; x_wconf 64' lang='grc' dir='ltr'>αὐτὴν</span> 
     </span>
    </p>
   </div>
   <div class='ocr_carea' id='block_1_102' title="bbox 242 5266 1811 5337">
    <p class='ocr_par' dir='ltr' id='par_1_102' title="bbox 242 5266 1811 5337">
     <span class='ocr_line' id='line_1_102' title="bbox 242 5266 1811 5337; baseline -0.004 -12"><span class='ocrx_word' id='word_1_749' title='bbox 242 5273 440 5326; x_wconf 82' lang='grc' dir='ltr'>οὐσίαν</span> <span class='ocrx_word' id='word_1_750' title='bbox 492 5266 652 5331; x_wconf 69' lang='grc' dir='ltr'>εἶναι,</span> <span class='ocrx_word' id='word_1_751' title='bbox 688 5269 848 5322; x_wconf 72' lang='grc' dir='ltr'>τοῦτο</span> <span class='ocrx_word' id='word_1_752' title='bbox 910 5270 1068 5333; x_wconf 85' lang='grc' dir='ltr'>μόνον</span> <span class='ocrx_word' id='word_1_753' title='bbox 1100 5270 1280 5337; x_wconf 82' lang='grc' dir='ltr'><strong>ἀρκεῖ.</strong></span> <span class='ocrx_word' id='word_1_754' title='bbox 1315 5268 1435 5319; x_wconf 84' lang='grc' dir='ltr'>Ὅτι</span> <span class='ocrx_word' id='word_1_755' title='bbox 1462 5266 1518 5318; x_wconf 80' lang='grc' dir='ltr'>δὲ</span> <span class='ocrx_word' id='word_1_756' title='bbox 1562 5266 1651 5318; x_wconf 70' lang='grc' dir='ltr'>τὸν</span> <span class='ocrx_word' id='word_1_757' title='bbox 1680 5266 1811 5318; x_wconf 78' lang='grc' dir='ltr'>Θεὸν</span> 
     </span>
    </p>
   </div>
   <div class='ocr_carea' id='block_1_103' title="bbox 239 5356 1810 5430">
    <p class='ocr_par' dir='ltr' id='par_1_103' title="bbox 239 5356 1810 5430">
     <span class='ocr_line' id='line_1_103' title="bbox 239 5356 1810 5430; baseline -0.006 -11"><span class='ocrx_word' id='word_1_758' title='bbox 239 5368 326 5428; x_wconf 84' lang='grc' dir='ltr'>εἰς</span> <span class='ocrx_word' id='word_1_759' title='bbox 382 5366 569 5417; x_wconf 82' lang='grc' dir='ltr'>οὐσίαν</span> <span class='ocrx_word' id='word_1_760' title='bbox 615 5363 879 5423; x_wconf 82' lang='grc' dir='ltr'>διελόντες</span> <span class='ocrx_word' id='word_1_761' title='bbox 924 5361 1016 5414; x_wconf 68' lang='grc' dir='ltr'>καὶ</span> <span class='ocrx_word' id='word_1_762' title='bbox 1065 5363 1385 5430; x_wconf 71' lang='grc' dir='ltr'>ἐνέργειαν,</span> <span class='ocrx_word' id='word_1_763' title='bbox 1435 5358 1682 5411; x_wconf 80' lang='grc' dir='ltr'>ἅνούσιον</span> <span class='ocrx_word' id='word_1_764' title='bbox 1712 5356 1810 5428; x_wconf 80' lang='grc' dir='ltr'>τὴν</span> 
     </span>
    </p>
   </div>
   <div class='ocr_carea' id='block_1_104' title="bbox 240 5438 1811 5527">
    <p class='ocr_par' dir='ltr' id='par_1_104' title="bbox 240 5449 1811 5527">
     <span class='ocr_line' id='line_1_104' title="bbox 240 5449 1811 5527; baseline -0.008 -16"><span class='ocrx_word' id='word_1_765' title='bbox 240 5458 533 5527; x_wconf 71' lang='grc' dir='ltr'>ἐνέργειαν</span> <span class='ocrx_word' id='word_1_766' title='bbox 594 5461 711 5508; x_wconf 54' lang='grc' dir='ltr'>καὶ*</span> <span class='ocrx_word' id='word_1_767' title='bbox 745 5453 1121 5507; x_wconf 76' lang='grc' dir='ltr'>ἀνυπόστατον</span> <span class='ocrx_word' id='word_1_768' title='bbox 1178 5450 1515 5513; x_wconf 72' lang='grc' dir='ltr'>πιστεύουσι,</span> <span class='ocrx_word' id='word_1_769' title='bbox 1550 5450 1711 5517; x_wconf 82' lang='grc' dir='ltr'>δῆλον</span> <span class='ocrx_word' id='word_1_770' title='bbox 1746 5449 1811 5499; x_wconf 86' lang='grc' dir='ltr'>ἐκ</span> 
     </span>
    </p>
   </div>
   <div class='ocr_carea' id='block_1_105' title="bbox 240 5538 1811 5615">
    <p class='ocr_par' dir='ltr' id='par_1_105' title="bbox 240 5538 1811 5615">
     <span class='ocr_line' id='line_1_105' title="bbox 240 5538 1811 5615; baseline -0.008 -15"><span class='ocrx_word' id='word_1_771' title='bbox 240 5548 355 5600; x_wconf 83' lang='grc' dir='ltr'>τῶν</span> <span class='ocrx_word' id='word_1_772' title='bbox 395 5543 880 5615; x_wconf 84' lang='grc' dir='ltr'>περιειλημμένων</span> <span class='ocrx_word' id='word_1_773' title='bbox 912 5541 987 5611; x_wconf 80' lang='grc' dir='ltr'><strong>τῷ</strong></span> <span class='ocrx_word' id='word_1_774' title='bbox 1015 5541 1144 5606; x_wconf 74' lang='grc' dir='ltr'>περὶ</span> <span class='ocrx_word' id='word_1_775' title='bbox 1174 5539 1357 5602; x_wconf 75' lang='grc' dir='ltr'>οὐσίας</span> <span class='ocrx_word' id='word_1_776' title='bbox 1412 5538 1507 5591; x_wconf 73' lang='grc' dir='ltr'>καὶ</span> <span class='ocrx_word' id='word_1_777' title='bbox 1535 5538 1811 5606; x_wconf 82' lang='grc' dir='ltr'>ἐνεργείας</span> 
     </span>
    </p>
   </div>
   <div class='ocr_carea' id='block_1_106' title="bbox 240 5626 1811 5709">
    <p class='ocr_par' dir='ltr' id='par_1_106' title="bbox 240 5626 1811 5709">
     <span class='ocr_line' id='line_1_106' title="bbox 240 5626 1811 5709; baseline -0.01 -16"><span class='ocrx_word' id='word_1_778' title='bbox 240 5640 420 5709; x_wconf 75' lang='grc' dir='ltr'>τόμῳ,</span> <span class='ocrx_word' id='word_1_779' title='bbox 456 5637 515 5691; x_wconf 80' lang='grc' dir='ltr'><strong>ὃν</strong></span> <span class='ocrx_word' id='word_1_780' title='bbox 562 5639 639 5701; x_wconf 85' lang='grc' dir='ltr'>εἰς</span> <span class='ocrx_word' id='word_1_781' title='bbox 688 5633 973 5705; x_wconf 83' lang='grc' dir='ltr'>ὁμολογίαν</span> <span class='ocrx_word' id='word_1_782' title='bbox 1020 5631 1363 5701; x_wconf 30' lang='grc' dir='ltr'>τῆςλέαυτῶν</span> <span class='ocrx_word' id='word_1_783' title='bbox 1416 5627 1650 5687; x_wconf 86' lang='grc' dir='ltr'>πίστεως</span> <span class='ocrx_word' id='word_1_784' title='bbox 1689 5626 1811 5679; x_wconf 79' lang='grc' dir='ltr'><strong>ἀνέ·</strong></span> 
     </span>
    </p>
   </div>
   <div class='ocr_carea' id='block_1_107' title="bbox 241 5718 1810 5801">
    <p class='ocr_par' dir='ltr' id='par_1_107' title="bbox 241 5718 1810 5801">
     <span class='ocr_line' id='line_1_107' title="bbox 241 5718 1810 5801; baseline -0.01 -14"><span class='ocrx_word' id='word_1_785' title='bbox 241 5730 486 5801; x_wconf 80' lang='grc' dir='ltr'>γραψαν.</span> <span class='ocrx_word' id='word_1_786' title='bbox 515 5728 673 5787; x_wconf 74' lang='grc' dir='ltr'>Οὕτω</span> <span class='ocrx_word' id='word_1_787' title='bbox 702 5727 808 5799; x_wconf 79' lang='grc' dir='ltr'>γὰρ</span> <span class='ocrx_word' id='word_1_788' title='bbox 838 5728 953 5781; x_wconf 76' lang='grc' dir='ltr'>ἐκεῖ</span> <span class='ocrx_word' id='word_1_789' title='bbox 980 5726 1113 5793; x_wconf 78' lang='grc' dir='ltr'>πρὸς</span> <span class='ocrx_word' id='word_1_790' title='bbox 1138 5724 1213 5795; x_wconf 75' lang='grc' dir='ltr'>τῷ</span> <span class='ocrx_word' id='word_1_791' title='bbox 1242 5723 1384 5776; x_wconf 79' lang='grc' dir='ltr'>τέλει</span> <span class='ocrx_word' id='word_1_792' title='bbox 1415 5721 1610 5773; x_wconf 83' lang='grc' dir='ltr'>κεῖται.</span> <span class='ocrx_word' id='word_1_793' title='bbox 1647 5718 1810 5791; x_wconf 83' lang='grc' dir='ltr'><strong>Ἡμῖν</strong></span> 
     </span>
    </p>
   </div>
   <div class='ocr_carea' id='block_1_108' title="bbox 1917 4530 3493 4599">
    <p class='ocr_par' dir='ltr' id='par_1_108' title="bbox 1917 4530 3493 4599">
     <span class='ocr_line' id='line_1_108' title="bbox 1917 4530 3493 4599; baseline -0.003 -9"><span class='ocrx_word' id='word_1_794' title='bbox 1917 4538 2091 4599; x_wconf 88' lang='lat' dir='ltr'><strong>enim,</strong></span> <span class='ocrx_word' id='word_1_795' title='bbox 2143 4536 2322 4598; x_wconf 89' lang='lat' dir='ltr'><strong>aiunt,</strong></span> <span class='ocrx_word' id='word_1_796' title='bbox 2375 4533 2430 4586; x_wconf 91' lang='lat' dir='ltr'><strong>in</strong></span> <span class='ocrx_word' id='word_1_797' title='bbox 2462 4533 2595 4593; x_wconf 88' lang='lat' dir='ltr'><strong>Deo,</strong></span> <span class='ocrx_word' id='word_1_798' title='bbox 2629 4540 2681 4583; x_wconf 85' lang='lat' dir='ltr'><strong>nt</strong></span> <span class='ocrx_word' id='word_1_799' title='bbox 2734 4530 2834 4599; x_wconf 85' lang='lat' dir='ltr'><strong>ipsi</strong></span> <span class='ocrx_word' id='word_1_800' title='bbox 2871 4530 3197 4595; x_wconf 82' lang='lat' dir='ltr'><strong>diviserunt,</strong></span> <span class='ocrx_word' id='word_1_801' title='bbox 3233 4539 3327 4583; x_wconf 90' lang='lat' dir='ltr'><strong>aut</strong></span> <span class='ocrx_word' id='word_1_802' title='bbox 3362 4532 3493 4585; x_wconf 88' lang='lat' dir='ltr'><strong>sub-</strong></span> 
     </span>
    </p>
   </div>
   <div class='ocr_carea' id='block_1_109' title="bbox 1919 4620 3487 4692">
    <p class='ocr_par' dir='ltr' id='par_1_109' title="bbox 1919 4620 3487 4692">
     <span class='ocr_line' id='line_1_109' title="bbox 1919 4620 3487 4692; baseline -0.004 -12"><span class='ocrx_word' id='word_1_803' title='bbox 1919 4625 2137 4689; x_wconf 87' lang='lat' dir='ltr'><strong>stantia,</strong></span> <span class='ocrx_word' id='word_1_804' title='bbox 2167 4634 2261 4677; x_wconf 92' lang='lat' dir='ltr'><strong>aut</strong></span> <span class='ocrx_word' id='word_1_805' title='bbox 2292 4623 2534 4692; x_wconf 88' lang='lat' dir='ltr'><strong>operatio</strong></span> <span class='ocrx_word' id='word_1_806' title='bbox 2568 4628 2685 4682; x_wconf 86' lang='lat' dir='ltr'><strong>est;</strong></span> <span class='ocrx_word' id='word_1_807' title='bbox 2716 4620 2971 4674; x_wconf 79' lang='lat' dir='ltr'><strong>accidens</strong></span> <span class='ocrx_word' id='word_1_808' title='bbox 3002 4621 3145 4673; x_wconf 87' lang='lat' dir='ltr'><strong>enim</strong></span> <span class='ocrx_word' id='word_1_809' title='bbox 3178 4637 3354 4689; x_wconf 87' lang='lat' dir='ltr'><strong>neque</strong></span> <span class='ocrx_word' id='word_1_810' title='bbox 3387 4621 3487 4689; x_wconf 88' lang='lat' dir='ltr'><strong>ipsi</strong></span> 
     </span>
    </p>
   </div>
   <div class='ocr_carea' id='block_1_110' title="bbox 1919 4712 3490 4781">
    <p class='ocr_par' dir='ltr' id='par_1_110' title="bbox 1919 4712 3490 4781">
     <span class='ocr_line' id='line_1_110' title="bbox 1919 4712 3490 4781; baseline -0.004 -11"><span class='ocrx_word' id='word_1_811' title='bbox 1919 4716 2239 4780; x_wconf 88' lang='lat' dir='ltr'><strong>admittunt,</strong></span> <span class='ocrx_word' id='word_1_812' title='bbox 2273 4714 2367 4768; x_wconf 85' lang='lat' dir='ltr'><strong>sed</strong></span> <span class='ocrx_word' id='word_1_813' title='bbox 2397 4712 2769 4781; x_wconf 88' lang='lat' dir='ltr'><strong>operationem</strong></span> <span class='ocrx_word' id='word_1_814' title='bbox 2802 4726 2909 4762; x_wconf 90' lang='lat' dir='ltr'><strong>non</strong></span> <span class='ocrx_word' id='word_1_815' title='bbox 2949 4712 3336 4763; x_wconf 88' lang='lat' dir='ltr'><strong>subsistentem</strong></span> <span class='ocrx_word' id='word_1_816' title='bbox 3368 4722 3490 4763; x_wconf 86' lang='lat' dir='ltr'><strong>esse</strong></span> 
     </span>
    </p>
   </div>
   <div class='ocr_carea' id='block_1_111' title="bbox 1918 4798 3490 4873">
    <p class='ocr_par' dir='ltr' id='par_1_111' title="bbox 1918 4798 3490 4873">
     <span class='ocr_line' id='line_1_111' title="bbox 1918 4798 3490 4873; baseline -0.007 -11"><span class='ocrx_word' id='word_1_817' title='bbox 1918 4809 2237 4863; x_wconf 84' lang='lat' dir='ltr'><strong>existimant</strong></span> <span class='ocrx_word' id='word_1_818' title='bbox 2271 4806 2407 4859; x_wconf 87' lang='lat' dir='ltr'><strong>adeo</strong></span> <span class='ocrx_word' id='word_1_819' title='bbox 2453 4813 2510 4856; x_wconf 90' lang='lat' dir='ltr'><strong>ut</strong></span> <span class='ocrx_word' id='word_1_820' title='bbox 2541 4802 2877 4873; x_wconf 81' lang='lat' dir='ltr'><strong>bypostasim</strong></span> <span class='ocrx_word' id='word_1_821' title='bbox 2903 4838 2917 4862; x_wconf 86' lang='lat'><strong>,</strong></span> <span class='ocrx_word' id='word_1_822' title='bbox 2949 4816 3109 4869; x_wconf 85' lang='lat' dir='ltr'><strong>quam</strong></span> <span class='ocrx_word' id='word_1_823' title='bbox 3128 4799 3275 4851; x_wconf 87' lang='lat' dir='ltr'><strong>aliud</strong></span> <span class='ocrx_word' id='word_1_824' title='bbox 3308 4814 3336 4851; x_wconf 91' lang='lat' dir='ltr'><strong>a</strong></span> <span class='ocrx_word' id='word_1_825' title='bbox 3362 4798 3490 4852; x_wconf 80' lang='lat' dir='ltr'><strong>sub-</strong></span> 
     </span>
    </p>
   </div>
   <div class='ocr_carea' id='block_1_112' title="bbox 1921 4891 3488 4958">
    <p class='ocr_par' dir='ltr' id='par_1_112' title="bbox 1921 4891 3488 4958">
     <span class='ocr_line' id='line_1_112' title="bbox 1921 4891 3488 4958; baseline -0.008 -1"><span class='ocrx_word' id='word_1_826' title='bbox 1921 4902 2121 4957; x_wconf 88' lang='lat' dir='ltr'><strong>stantia</strong></span> <span class='ocrx_word' id='word_1_827' title='bbox 2153 4914 2273 4953; x_wconf 89' lang='lat' dir='ltr'><strong>esse</strong></span> <span class='ocrx_word' id='word_1_828' title='bbox 2305 4895 2667 4957; x_wconf 83' lang='lat' dir='ltr'><strong>contendunt,</strong></span> <span class='ocrx_word' id='word_1_829' title='bbox 2694 4891 2994 4945; x_wconf 87' lang='lat' dir='ltr'><strong>secundum</strong></span> <span class='ocrx_word' id='word_1_830' title='bbox 3028 4905 3156 4943; x_wconf 88' lang='lat' dir='ltr'><strong>suas</strong></span> <span class='ocrx_word' id='word_1_831' title='bbox 3190 4891 3488 4958; x_wconf 84' lang='lat' dir='ltr'><strong>positiones</strong></span> 
     </span>
    </p>
   </div>
   <div class='ocr_carea' id='block_1_113' title="bbox 1919 4980 3486 5053">
    <p class='ocr_par' dir='ltr' id='par_1_113' title="bbox 1919 4980 3486 5053">
     <span class='ocr_line' id='line_1_113' title="bbox 1919 4980 3486 5053; baseline -0.008 -7"><span class='ocrx_word' id='word_1_832' title='bbox 1919 5007 2025 5046; x_wconf 89' lang='lat' dir='ltr'><strong>non</strong></span> <span class='ocrx_word' id='word_1_833' title='bbox 2061 4989 2469 5045; x_wconf 71' lang='lat' dir='ltr'><strong>substantialem</strong></span> <span class='ocrx_word' id='word_1_834' title='bbox 2503 5000 2644 5048; x_wconf 89' lang='lat' dir='ltr'><strong>esse,</strong></span> <span class='ocrx_word' id='word_1_835' title='bbox 2677 5000 2853 5052; x_wconf 85' lang='lat' dir='ltr'><strong>neque</strong></span> <span class='ocrx_word' id='word_1_836' title='bbox 2896 4982 3284 5053; x_wconf 82' lang='lat' dir='ltr'><strong>subsistentem</strong></span> <span class='ocrx_word' id='word_1_837' title='bbox 3330 4980 3486 5033; x_wconf 76' lang='lat' dir='ltr'><strong>fateri</strong></span> 
     </span>
    </p>
   </div>
   <div class='ocr_carea' id='block_1_114' title="bbox 1921 5074 3486 5152">
    <p class='ocr_par' dir='ltr' id='par_1_114' title="bbox 1921 5074 3486 5152">
     <span class='ocr_line' id='line_1_114' title="bbox 1921 5074 3486 5152; baseline -0.008 -13"><span class='ocrx_word' id='word_1_838' title='bbox 1921 5094 2206 5152; x_wconf 69' lang='lat' dir='ltr'><strong>cogantur.</strong></span> <span class='ocrx_word' id='word_1_839' title='bbox 2254 5081 2407 5145; x_wconf 87' lang='lat' dir='ltr'><strong>Quod</strong></span> <span class='ocrx_word' id='word_1_840' title='bbox 2460 5079 2503 5131; x_wconf 82' lang='lat' dir='ltr'><strong>si</strong></span> <span class='ocrx_word' id='word_1_841' title='bbox 2559 5077 2779 5130; x_wconf 89' lang='lat' dir='ltr'><strong>tertium</strong></span> <span class='ocrx_word' id='word_1_842' title='bbox 2834 5074 3092 5143; x_wconf 88' lang='lat' dir='ltr'><strong>quiddam</strong></span> <span class='ocrx_word' id='word_1_843' title='bbox 3154 5074 3486 5142; x_wconf 84' lang='lat' dir='ltr'><strong>hypostasim</strong></span> 
     </span>
    </p>
   </div>
   <div class='ocr_carea' id='block_1_115' title="bbox 1919 5163 3487 5237">
    <p class='ocr_par' dir='ltr' id='par_1_115' title="bbox 1919 5163 3487 5237">
     <span class='ocr_line' id='line_1_115' title="bbox 1919 5163 3487 5237; baseline -0.009 -9"><span class='ocrx_word' id='word_1_844' title='bbox 1919 5190 2040 5229; x_wconf 86' lang='lat' dir='ltr'><strong>esse</strong></span> <span class='ocrx_word' id='word_1_845' title='bbox 2097 5173 2277 5226; x_wconf 82' lang='lat' dir='ltr'><strong>facere</strong></span> <span class='ocrx_word' id='word_1_846' title='bbox 2311 5171 2538 5232; x_wconf 68' lang='lat' dir='ltr'><strong>volunt,</strong></span> <span class='ocrx_word' id='word_1_847' title='bbox 2571 5167 2807 5237; x_wconf 90' lang='lat' dir='ltr'><strong>primum</strong></span> <span class='ocrx_word' id='word_1_848' title='bbox 2867 5163 3085 5232; x_wconf 75' lang='lat' dir='ltr'><strong>quzdetn</strong></span> <span class='ocrx_word' id='word_1_849' title='bbox 3144 5165 3244 5216; x_wconf 82' lang='lat' dir='ltr'><strong>huc</strong></span> <span class='ocrx_word' id='word_1_850' title='bbox 3289 5172 3487 5229; x_wconf 69' lang='lat' dir='ltr'><strong>praeter</strong></span> 
     </span>
    </p>
   </div>
   <div class='ocr_carea' id='block_1_116' title="bbox 1921 5253 3485 5332">
    <p class='ocr_par' dir='ltr' id='par_1_116' title="bbox 1921 5253 3485 5332">
     <span class='ocr_line' id='line_1_116' title="bbox 1921 5253 3485 5332; baseline -0.01 -10"><span class='ocrx_word' id='word_1_851' title='bbox 1921 5281 2110 5322; x_wconf 85' lang='lat' dir='ltr'><strong>eorum</strong></span> <span class='ocrx_word' id='word_1_852' title='bbox 2147 5262 2446 5332; x_wconf 89' lang='lat' dir='ltr'><strong>positiones</strong></span> <span class='ocrx_word' id='word_1_853' title='bbox 2473 5261 2758 5327; x_wconf 63' lang='lat' dir='ltr'><strong>est,«juxta</strong></span> <span class='ocrx_word' id='word_1_854' title='bbox 2792 5271 2928 5324; x_wconf 87' lang='lat' dir='ltr'><strong>quas</strong></span> <span class='ocrx_word' id='word_1_855' title='bbox 2968 5253 3288 5322; x_wconf 77' lang='lat' dir='ltr'><strong>simpliciter</strong></span> <span class='ocrx_word' id='word_1_856' title='bbox 3316 5255 3485 5306; x_wconf 81' lang='lat' dir='ltr'><strong>Deum</strong></span> 
     </span>
    </p>
   </div>
   <div class='ocr_carea' id='block_1_117' title="bbox 1922 5344 3484 5417">
    <p class='ocr_par' dir='ltr' id='par_1_117' title="bbox 1922 5344 3484 5417">
     <span class='ocr_line' id='line_1_117' title="bbox 1922 5344 3484 5417; baseline -0.008 -6"><span class='ocrx_word' id='word_1_857' title='bbox 1922 5357 1977 5411; x_wconf 86' lang='lat' dir='ltr'><strong>in</strong></span> <span class='ocrx_word' id='word_1_858' title='bbox 2026 5355 2385 5409; x_wconf 88' lang='lat' dir='ltr'><strong>substantiam</strong></span> <span class='ocrx_word' id='word_1_859' title='bbox 2421 5362 2475 5403; x_wconf 88' lang='lat' dir='ltr'><strong>et</strong></span> <span class='ocrx_word' id='word_1_860' title='bbox 2520 5350 2892 5417; x_wconf 69' lang='lat' dir='ltr'><strong>operationem</strong></span> <span class='ocrx_word' id='word_1_861' title='bbox 2955 5345 3225 5398; x_wconf 75' lang='lat' dir='ltr'><strong>dividunt.</strong></span> <span class='ocrx_word' id='word_1_862' title='bbox 3276 5344 3484 5398; x_wconf 86' lang='lat' dir='ltr'><strong>Deinde</strong></span> 
     </span>
    </p>
   </div>
   <div class='ocr_carea' id='block_1_118' title="bbox 1920 5434 3487 5516">
    <p class='ocr_par' dir='ltr' id='par_1_118' title="bbox 1920 5434 3487 5516">
     <span class='ocr_line' id='line_1_118' title="bbox 1920 5434 3487 5516; baseline -0.008 -16"><span class='ocrx_word' id='word_1_863' title='bbox 1920 5446 2051 5516; x_wconf 87' lang='lat' dir='ltr'><strong>quid</strong></span> <span class='ocrx_word' id='word_1_864' title='bbox 2086 5442 2427 5498; x_wconf 84' lang='lat' dir='ltr'><strong>sentiendum</strong></span> <span class='ocrx_word' id='word_1_865' title='bbox 2457 5440 2525 5493; x_wconf 82' lang='lat' dir='ltr'><strong>sit</strong></span> <span class='ocrx_word' id='word_1_866' title='bbox 2561 5438 2627 5491; x_wconf 91' lang='lat' dir='ltr'><strong>de</strong></span> <span class='ocrx_word' id='word_1_867' title='bbox 2680 5435 2957 5505; x_wconf 75' lang='lat' dir='ltr'><strong>bypostasi</strong></span> <span class='ocrx_word' id='word_1_868' title='bbox 3002 5435 3164 5505; x_wconf 84' lang='lat' dir='ltr'><strong>paulo</strong></span> <span class='ocrx_word' id='word_1_869' title='bbox 3197 5448 3316 5502; x_wconf 85' lang='lat' dir='ltr'><strong>post</strong></span> <span class='ocrx_word' id='word_1_870' title='bbox 3339 5434 3487 5489; x_wconf 88' lang='lat' dir='ltr'><strong>dice-</strong></span> 
     </span>
    </p>
   </div>
   <div class='ocr_carea' id='block_1_119' title="bbox 1924 5524 3489 5602">
    <p class='ocr_par' dir='ltr' id='par_1_119' title="bbox 1924 5524 3489 5602">
     <span class='ocr_line' id='line_1_119' title="bbox 1924 5524 3489 5602; baseline -0.006 -13"><span class='ocrx_word' id='word_1_871' title='bbox 1924 5546 2033 5590; x_wconf 92' lang='lat' dir='ltr'><strong>tur.</strong></span> <span class='ocrx_word' id='word_1_872' title='bbox 2080 5533 2139 5587; x_wconf 90' lang='lat' dir='ltr'><strong>ln</strong></span> <span class='ocrx_word' id='word_1_873' title='bbox 2188 5531 2478 5602; x_wconf 68' lang='lat' dir='ltr'><strong>praesentia</strong></span> <span class='ocrx_word' id='word_1_874' title='bbox 2537 5542 2666 5580; x_wconf 84' lang='lat' dir='ltr'><strong>vero</strong></span> <span class='ocrx_word' id='word_1_875' title='bbox 2697 5527 2831 5580; x_wconf 87' lang='lat' dir='ltr'><strong>satis</strong></span> <span class='ocrx_word' id='word_1_876' title='bbox 2873 5532 2976 5584; x_wconf 84' lang='lat' dir='ltr'><strong>est.</strong></span> <span class='ocrx_word' id='word_1_877' title='bbox 3021 5524 3165 5592; x_wconf 88' lang='lat' dir='ltr'><strong>quod</strong></span> <span class='ocrx_word' id='word_1_878' title='bbox 3198 5540 3317 5576; x_wconf 77' lang='lat' dir='ltr'><strong>eam</strong></span> <span class='ocrx_word' id='word_1_879' title='bbox 3359 5524 3489 5580; x_wconf 84' lang='lat' dir='ltr'><strong>sub-</strong></span> 
     </span>
    </p>
   </div>
   <div class='ocr_carea' id='block_1_120' title="bbox 1921 5615 3487 5691">
    <p class='ocr_par' dir='ltr' id='par_1_120' title="bbox 1921 5615 3487 5691">
     <span class='ocr_line' id='line_1_120' title="bbox 1921 5615 3487 5691; baseline -0.007 -10"><span class='ocrx_word' id='word_1_880' title='bbox 1921 5625 2172 5681; x_wconf 88' lang='lat' dir='ltr'><strong>stantiam</strong></span> <span class='ocrx_word' id='word_1_881' title='bbox 2206 5639 2327 5677; x_wconf 76' lang='lat' dir='ltr'><strong>esse</strong></span> <span class='ocrx_word' id='word_1_882' title='bbox 2362 5628 2580 5691; x_wconf 79' lang='lat' dir='ltr'><strong>negant.</strong></span> <span class='ocrx_word' id='word_1_883' title='bbox 2604 5618 2757 5684; x_wconf 84' lang='lat' dir='ltr'><strong>Quod</strong></span> <span class='ocrx_word' id='word_1_884' title='bbox 2792 5626 2973 5672; x_wconf 90' lang='lat' dir='ltr'><strong>autem</strong></span> <span class='ocrx_word' id='word_1_885' title='bbox 3015 5617 3183 5669; x_wconf 81' lang='lat' dir='ltr'><strong>Deum</strong></span> <span class='ocrx_word' id='word_1_886' title='bbox 3235 5615 3487 5670; x_wconf 77' lang='lat' dir='ltr'><strong>dividen-</strong></span> 
     </span>
    </p>
   </div>
   <div class='ocr_carea' id='block_1_121' title="bbox 1924 5706 3489 5790">
    <p class='ocr_par' dir='ltr' id='par_1_121' title="bbox 1924 5706 3489 5790">
     <span class='ocr_line' id='line_1_121' title="bbox 1924 5706 3489 5790; baseline -0.007 -19"><span class='ocrx_word' id='word_1_887' title='bbox 1924 5726 2002 5773; x_wconf 84' lang='lat' dir='ltr'><strong>tes</strong></span> <span class='ocrx_word' id='word_1_888' title='bbox 2024 5716 2079 5790; x_wconf 83' lang='lat' dir='ltr'><strong>in</strong></span> <span class='ocrx_word' id='word_1_889' title='bbox 2111 5714 2472 5772; x_wconf 87' lang='lat' dir='ltr'><strong>substantiam</strong></span> <span class='ocrx_word' id='word_1_890' title='bbox 2495 5722 2549 5769; x_wconf 88' lang='lat' dir='ltr'><strong>et</strong></span> <span class='ocrx_word' id='word_1_891' title='bbox 2574 5710 2971 5783; x_wconf 81' lang='lat' dir='ltr'><strong>operationem,</strong></span> <span class='ocrx_word' id='word_1_892' title='bbox 2999 5706 3332 5762; x_wconf 83' lang='lat' dir='ltr'><strong>arbitramur</strong></span> <span class='ocrx_word' id='word_1_893' title='bbox 3359 5721 3489 5778; x_wconf 74' lang='lat' dir='ltr'><strong>cpe-</strong></span> 
     </span>
    </p>
   </div>
  </div>
