3862 6218
428 313 540 382 867

1708 311 1863 374 DEM
1875 312 2091 376 ETRII
2137 314 2443 377 CYDONll

3512 313 3594 380 868

431 432 707 486 rationem
732 439 842 483 non
866 439 989 484 esse
1015 422 1433 483 substantialem
1455 465 1471 495 ,
1494 436 1675 497 neque
1700 426 2005 483 subsisten-

2117 427 2161 482 is
2195 427 2399 498 ἀρτίως
2447 425 2479 479 ό
2529 423 2686 493 λόγος
2717 422 2780 477 οὑ
2811 422 2941 495 περὶ
2989 422 3197 495 ταύτης
3241 421 3335 492 τῆς
3374 421 3597 495 ινιργιίες

430 532 565 587 tem,
598 522 806 577 clarum
829 526 911 575 est
938 514 1004 576 e’x
1035 520 1102 576 iis
1150 534 1274 591 quas
1311 521 1559 575 continet
1599 533 1793 575 eorum
1820 528 2004 574 tomus

426 615 500 672 de
526 613 831 671 substantia
859 620 919 667 et
946 602 1307 683 operatione,
1332 627 1496 683 quem
1525 610 1593 667 ad
1625 610 2002 683 proﬁtendum

429 720 586 763 suam
639 703 802 756 iidem
850 702 1347 773 conscripserunt:
1402 703 1483 757 sic
1541 701 1691 757 enim
1727 700 1804 757 ibi
1852 701 2002 757 circa

430 796 592 849 linem
626 792 815 847 habet.
849 791 1019 848 Nobis
1050 806 1185 847 vero
1228 790 1392 847 modo
1424 807 1608 848 sermo
1649 800 1755 859 est,
1789 807 1897 848 non
1932 794 2001 851 de

430 885 535 940 hac
578 884 905 954 speratione
940 897 1004 937 ac
1034 883 1303 953 potentia,
1342 883 1558 939 scilicet
1584 883 1795 955 Filiijet
1822 884 1997 955 Spiri-

429 984 542 1041 tus,
572 974 667 1029 sed
703 974 772 1029 de
802 974 913 1038 illa,
968 989 1090 1044 quae
1115 975 1425 1029 communis
1460 985 1543 1029 est
1576 975 1754 1030 tribus
1797 976 1999 1032 divinis

425 1066 681 1137 personis
706 1080 828 1134 quae
849 1080 957 1120 non
979 1074 1062 1120 est
1083 1065 1414 1135 hypostasis.
1432 1065 1699 1121 Praeterea
1725 1067 1781 1121 in
1803 1067 1997 1122 eodem

433 1168 580 1211 tomo
614 1157 759 1210 circa
791 1155 1122 1225 principium
1150 1155 1465 1225 aiuntquod
1494 1156 1795 1211 increatum
1813 1156 1883 1211 sit
1915 1157 2000 1212 lu-

427 1262 554 1302 men
586 1245 1084 1315 transﬁgurationis
1118 1245 1355 1311 Domini,
1388 1255 1442 1299 et
1463 1247 1607 1315 quod
1653 1246 1757 1301 hoc
1793 1263 1900 1302 non
1931 1246 2003 1303 sit

429 1338 735 1393 substantia
762 1337 880 1390 Dei.
920 1337 1180 1391 Privatim
1209 1352 1343 1391 vero
1376 1336 1453 1391 ait
1479 1337 1642 1391 etiam
1672 1338 1920 1394 Palamas
1946 1338 2001 1393 in

431 1446 533 1485 suo
582 1429 911 1499 Theophanis
964 1441 1012 1482 et
1073 1428 1330 1483 Theolimi
1368 1427 1633 1498 dialogo:
1674 1447 1692 1480 ι
1744 1430 2004 1495 Quamvis

431 1520 579 1577 enim
642 1533 822 1589 neque
878 1519 1207 1590 hypostasis,
1236 1534 1414 1589 neque
1448 1520 1755 1574 substantia
1790 1520 1859 1575 sit
1890 1521 2005 1576 haec

434 1614 611 1668 deitas
663 1613 867 1683 (lumen
912 1610 1453 1681 transﬁgurationis),
1512 1611 1877 1667 nihilominus
1920 1614 2007 1668 in-

2100 519 2198 574 καὶ
2225 509 2535 587 Samiam,
2574 517 2746 587 ἤγουν
2784 513 2878 569 τοῦ
2929 512 3058 567 Υίοῦ
3091 513 3187 567 καὶ
3213 510 3304 567 τοὺ
3326 513 3596 584 nudam,

2098 609 2238 667 ama
2270 610 2398 681 περὶ
2423 608 2527 678 τῆς
2554 607 2741 677 κοινῆς
2761 607 2865 678 τῆς
2899 605 3328 678 τρισυποστάτου
3368 603 3597 681 Θεότητσς,

2096 703 2222 773 ἥτις
2245 702 2345 772 οὐχ
2374 698 2673 762 ὑπόστασις
2715 698 2888 752 εστιν.
2936 697 3062 750 Ἔτι
3108 696 3171 751 ἐν
3219 694 3358 766 αὑτῷ
3398 695 3510 767 πρὸς
3549 696 3598 765 τῇ

2098 795 2267 865 ἀρχῇ,
2299 793 2383 847 ὅτι
2428 807 2491 845 τε
2542 790 2802 845 ᾶκτιστόν
2843 790 2961 843 εστι
2987 788 3051 842 τὸ
3076 788 3193 857 φῶς
3216 786 3311 857 τῆς
3335 782 3418 841 τοὺ
3445 787 3600 854 Κνρίω

2106 881 2608 956 μεταμορφώσεως,
2643 883 2738 935 καὶ
2785 881 2870 934 ὅτι
2916 879 3019 934 οὐκ
3070 882 3188 932 εστι
3240 876 3388 932 τοῦτο
3424 880 3453 949 η
3487 879 3603 932 οὐσία

2102 975 2198 1030 τοῦ
2222 974 2383 1030 Θεοῦ.
2424 974 2555 1042 Ἰδίᾳ
2586 973 2644 1026 δέ
2675 989 2811 1045 φησι
2837 972 2934 1026 καὶ
2969 974 2998 1025 ὁ
3036 971 3305 1041 Παλαμᾱς
3331 971 3383 1023 ὲν
3414 969 3605 1039 apud

2107 1065 2424 1136 Θεοφάνην
2451 1064 2554 1118 καί
2586 1066 2873 1133 Θεότιμον
2922 1063 3160 1134 διαλόγῳ
3196 1062 3376 1128 αὑτοῦ,
3402 1078 3421 1114 ι
3452 1059 3502 1115 Ei
3528 1061 3607 1128 γὰρ

2112 1159 2240 1230 μήθ’
2272 1157 2593 1221 ὑπόστασις,
2635 1154 2760 1226 μήτ’
2786 1156 2943 1208 οὐσία
2988 1156 3022 1225 ἡ
3072 1153 3264 1226 θεότης
3311 1153 3437 1224 αὕτη
3480 1142 3609 1220 πέφνε

2108 1264 2225 1315 κεν,
2266 1248 2383 1303 ἀλλ’
2414 1248 2567 1302 οὐδὲν
2626 1242 2788 1317 ἦττον
2825 1245 3083 1308 ἄκτιστός
3118 1248 3236 1300 ἔστι
3275 1245 3364 1299 καὶ
3400 1244 3611 1305 devotam;

2108 1342 2175 1412 τῇ
2209 1341 2369 1409 οὐσίᾳ
2398 1339 2495 1392 τοῦ
2525 1338 2720 1394 Θεοῦ.»
2761 1337 2920 1390 Ἀλλὰ
2959 1338 3056 1391 καὶ
3082 1338 3111 1389 ὁ
3135 1335 3503 1402 Θεσσαλονίκης
3531 1334 3613 1385 Ka-

2111 1430 2338 1495 ϐάσιλας
2392 1431 2583 1493 Νεῖλος
2623 1432 2681 1483 ἐν
2728 1428 2893 1497 λόγῳ,
2932 1422 2994 1482 οὗ
3039 1431 3074 1500 η
3119 1429 3285 1501 ἀρχὴ,
3311 1427 3499 1482 Κανών
3519 1426 3615 1479 ἐστι

2112 1522 2481 1593 θεολογικὸς,
2514 1521 2706 1591 φησὶν,
2740 1537 2759 1572 ι
2805 1521 2874 1575 Ἦ
2908 1519 3010 1591 μὲν
3052 1520 3211 1573 οὑσία
3253 1520 3499 1589 ὑφέστηκε
3525 1513 3616 1568 καθ’

2116 1614 2350 1682 ἑαυτήν*
2410 1613 2444 1683 ἡ
2506 1612 2562 1667 δὲ
2599 1612 2854 1682 ἐνέργεια
2908 1610 3010 1681 οὐχ
3063 1609 3341 1683 ὑφέστηκε
3394 1607 3502 1663 καθ’
3526 1608 3619 1660 tau-

432 1709 616 1755 creata
666 1709 757 1755 est
798 1707 963 1767 atque
1022 1707 1287 1754 coaeterna
1328 1699 1646 1755 substantia:
1678 1700 1796 1756 Dei.
1834 1720 1853 1754 ι
1909 1700 2014 1759 Sed
2043 1699 2093 1759 B
2120 1706 2240 1775 τήν.
2282 1722 2302 1756 ι

432 1800 488 1847 et
509 1792 627 1861 ipse
653 1778 1165 1846 Thessalonicensis
1180 1788 1462 1846 Cahasilas
1502 1792 1662 1847 Nilus
1698 1793 1752 1847 in
1777 1797 2042 1865 oratione,
2086 1798 2246 1869 cujus
2284 1782 2529 1851 'initium
2561 1814 2576 1852 :
2610 1793 2799 1851 Conon
2864 1798 2939 1848 est
2964 1791 3306 1865 theologicae,
3335 1792 3433 1860 ait,
3470 1808 3489 1845 ι
3516 1787 3623 1848 Sub-

432 1883 636 1939 stantia
668 1881 890 1951 quidem
922 1896 1022 1951 per
1053 1896 1111 1936 se
1140 1881 1426 1946 subsistit,
1460 1882 1709 1951 operatio
1735 1900 1867 1941 vero
1911 1900 2007 1956 per
2042 1903 2101 1944 se
2124 1904 2233 1944 non
2255 1886 2529 1942 subsistit.
2569 1903 2589 1938 ι

500 1975 638 2030 Cum
672 1974 839 2044 igitur
876 1973 1214 2044 bypostasim
1259 1983 1315 2029 et
1372 1974 1778 2044 operationem,
1811 1992 1878 2031 ex
1921 1978 2010 2034 bis

432 2083 555 2136 quae
584 2066 799 2131 dicunt,
832 2080 942 2120 non
980 2065 1284 2120 subsistere
1330 2077 1613 2122 ostensum
1661 2070 1753 2135 sit,
1780 2085 2011 2139 praeser-

433 2156 531 2211 tim
580 2171 610 2210 a
642 2156 776 2211 viris
804 2171 943 2226 quos
993 2156 1097 2225 ipsi
1126 2156 1197 2210 ob
1228 2156 1489 2226 pietatem
1516 2165 1602 2228 (ut
1654 2159 1705 2215 id
1733 2160 1899 2218 etiam
1953 2161 2010 2217 in

434 2262 584 2304 tomo
631 2248 807 2318 aiunt)
841 2256 1090 2304 veterum
1133 2248 1304 2304 choro
1331 2263 1647 2306 sanctorum
1710 2263 1877 2323 atque
1914 2254 2013 2311 do-

433 2350 650 2395 ctorum
710 2340 1018 2404 ascribunt,
1062 2351 1119 2395 et
1155 2357 1251 2397 eos
1295 2358 1451 2412 aeque
1487 2360 1637 2399 nunc
1684 2356 1847 2415 atque
1890 2346 2021 2403 illos

433 2432 630 2486 colunt
673 2448 688 2485 :
739 2432 1190 2502 quandoquidem
1257 2434 1593 2504 liypostasiin
1661 2437 1819 2490 aliam
1902 2452 2021 2492 rem

434 2532 635 2591 przeter
687 2524 1051 2577 substantiam
1083 2525 1287 2578 aiunt:
1343 2528 1450 2580 erit
1511 2527 1815 2582 secundum
1869 2529 2017 2599 ipsos

400 2612 748 2682 ‘liypostasis
783 2627 893 2666 non
915 2614 1321 2681 substantialis,
1346 2616 1653 2671 substantia
1684 2631 1868 2673 autem
1896 2634 2006 2675 non

435 2704 897 2769 subsistentialis;
953 2713 1010 2759 et
1062 2705 1326 2774 quoniam
1392 2706 1629 2777 theologi
1682 2708 1751 2763 de
1818 2709 2005 2765 divina

434 2797 790 2866 generatione
819 2796 939 2849 Filii
992 2796 1297 2865 loquuntur
1328 2797 1727 2863 indiﬂercnter,
1767 2807 1822 2855 et
1860 2815 2009 2856 nunc

437 2887 664 2956 quidem
695 2901 821 2940 eum
854 2902 919 2939 ex
955 2888 1279 2941 substantia
1308 2888 1484 2943 Patris
1515 2889 1766 2958 generari
1795 2890 2009 2945 theolo-

434 2979 555 3048 gice
588 2977 890 3041 disserunt,
949 2991 1101 3031 nunc
1135 2992 1269 3032 vero
1302 2993 1368 3032 ex
1411 2979 1713 3049 hypostasi,
1745 2979 2016 3050 siquidem

435 3067 585 3121 aliud
634 3079 721 3122 est
779 3067 1132 3133 substantia,
1183 3076 1239 3121 et
1296 3068 1445 3122 aliud
1503 3069 1813 3139 hypostasis
1857 3072 2012 3142 juxta

438 3160 687 3223 modum,
721 3175 885 3229 quem
938 3160 1042 3230 ipsi
1076 3160 1378 3215 adversarii
1428 3161 1766 3233 intelligunt,
1806 3164 2013 3218 alteru-
2054 3222 2061 3229 ι

438 3260 582 3305 trum
611 3251 737 3317 erit,
767 3259 863 3305 aut
912 3250 1054 3306 duos
1091 3252 1229 3306 ﬁlios
1263 3267 1328 3305 ex
1353 3251 1514 3307 Patre
1560 3254 1806 3321 generari
1838 3254 2015 3308 laten-

436 3344 567 3396 dum
603 3341 739 3411 ipsis
773 3342 901 3406 erit,
930 3351 1026 3396 aut
1094 3357 1204 3396 non
1244 3358 1407 3398 unam
1439 3358 1560 3399 esse
1615 3359 1680 3400 ac
1710 3345 2025 3416 simplicem

437 3432 563 3491 Filii
591 3434 1026 3504 generationem.
1950 3500 1959 3507 ‘

507 3525 779 3581 Praeterea
802 3566 818 3593 ,
851 3527 1110 3595 quoniam
1144 3528 1508 3598 proprietates
1544 3530 1884 3586 constituere
1916 3529 2021 3601 hy-

435 3627 692 3690 postases
744 3619 1033 3685 dicuntur,
1083 3629 1145 3673 ut
1191 3625 1495 3691 paternitas
1534 3622 1873 3695 hypostasim
1912 3624 2015 3679 Pa-

437 3710 560 3776 tris,
614 3712 924 3782 liypostasis
973 3726 1105 3768 vero
1164 3714 1342 3770 Patris
1392 3724 1477 3770 est
1536 3714 1772 3786 persona
1815 3716 2015 3779 Patris,

434 3804 645 3875 quippe
708 3804 1016 3874 hypostasis
1070 3815 1126 3861 et
1202 3822 1437 3877 persona
1499 3808 1646 3862 idem
1730 3817 1817 3864 est
1871 3808 2023 3879 apud

438 3896 732 3968 theologos
754 3936 769 3963 ,
802 3897 1113 3952 concedent
1145 3914 1212 3952 ex
1237 3915 1346 3953 non
1374 3900 1709 3956 subsistente
1732 3916 1855 3955 esse
1889 3902 2020 3956 sub-

440 3994 688 4056 sistens,
736 3992 909 4061 ipsam
964 3992 1224 4046 videlicet
1284 4008 1573 4062 personam
1613 3994 1813 4049 Patris.
1863 3988 2023 4060 Quod

433 4084 591 4139 enim
645 4098 878 4155 persona
909 4083 1090 4138 Patris
1126 4084 1407 4150 subsistat,
1450 4084 1585 4138 ﬁdes
1624 4085 1849 4140 fatetur.
1881 4085 2023 4153 Quia

436 4177 591 4231 enim
625 4174 992 4245 proprietates
1022 4190 1407 4244 personarum,
1453 4192 1685 4246 quarum
1728 4186 1859 4232 sunt
1886 4194 2018 4248 pro-

438 4267 740 4338 .prietales,
774 4265 1128 4336 hypostatica:
1162 4275 1325 4333 sunt,
1366 4281 1633 4337 personas
1671 4270 2018 4323 constituen-

2109 1986 2131 2036 ι
2180 1979 2286 2034 Τοῦ
2330 1980 2434 2049 μὲν
2465 1973 2560 2032 οὖν
2588 1977 2687 2049 οὑχ
2714 1975 3081 2046 ὑφεστηκέναι
3119 1977 3224 2047 τὴν
3252 1975 3525 2029 ὑπόστασιν
3551 1972 3623 2025 καὶ

2106 2071 2207 2143 τὴν
2234 2071 2513 2142 ὲνέργειαν
2569 2070 2628 2137 ἑξ
2675 2063 2750 2122 ὧν
2784 2067 3036 2136 λέγουσιν
3074 2066 3526 2137 ἀποδεδειγμένον,
3553 2064 3623 2117 καὶ

2111 2164 2242 2233 παρ’
2280 2161 2508 2233 ἀνδρῶν,
2540 2158 2634 2223 οὓς
2682 2158 2837 2212 αὐτοὶ
2886 2158 2976 2213 διὰ
3019 2156 3121 2227 τὴν
3154 2155 3534 2223 εὐσέϐειαν,ὠς
3560 2152 3630 2205 καὶ
3670 2180 3679 2195 ν

2107 2251 2267 2306 τοῦτο
2325 2253 2387 2305 ὲν
2434 2251 2514 2321 τῷ
2542 2251 2698 2322 τόμῳ
2751 2250 2924 2319 φασὶ,
2961 2249 3044 2320 τῷ
3081 2248 3233 2325 χορῷ
3280 2247 3386 2301 τῶν
3432 2243 3630 2299 παλαιῶν

2108 2345 2282 2411 ἁγίων
2309 2345 2404 2399 καὶ
2425 2345 2760 2399 διδασκάλων
2787 2342 3171 2413 ἐγγράψαντες
3202 2341 3395 2425 ἐπίσης
3411 2341 3497 2393 νῦν
3522 2336 3634 2390 tatel-

2111 2454 2223 2500 νοις
2255 2437 2516 2508 τιμῶσιν,
2543 2436 2736 2506 ἐπειδὴ
2764 2436 2862 2507 τὴν
2899 2436 3203 2489 ὑπόστασιν
3237 2433 3363 2489 ἄλλο
3394 2430 3529 2501 παρὰ
3553 2426 3631 2495 τὴν

2112 2529 2303 2582 οὑσίαν
2334 2529 2570 2601 πρᾶγμά
2604 2546 2794 2598 φασιν,
2850 2526 3010 2581 ἔσται
3065 2529 3189 2581 κατ’
3213 2526 3405 2589 αὑτοὺς
3436 2521 3635 2579 ἀνούσιος

2123 2620 2224 2692 μὲν
2277 2620 2602 2685 ὑπόστασις,
2650 2618 2812 2673 οὐσία
2869 2618 2927 2672 δὲ
2982 2619 3377 2678 ἀνυπόστατος.
3424 2613 3521 2669 Καὶ
3543 2609 3635 2662 inti

2111 2710 2578 2782 ἀπροσδιορίστως
2616 2710 2667 2762 οἱ
2713 2709 2955 2777 θεολόγοι
3003 2710 3131 2780 περὶ
3171 2707 3271 2779 τῆς
3305 2706 3447 2764 θείας
3483 2700 3638 2770 γεννῆ-

2117 2819 2257 2866 σεως
2308 2802 2682 2871 διαλεγόμενοι
2732 2800 2831 2855 τοῦ
2878 2800 3052 2865 Υίοῦ,
3100 2800 3235 2854 ποτὲ
3283 2799 3380 2867 μὲν
3426 2794 3636 2848 assam

2121 2896 2221 2964 τῆς
2251 2893 2441 2956 οὐσίας
2471 2892 2565 2945 τοῦ
2609 2892 2826 2963 [ἰατρὸς
2867 2891 3169 2961 γεννᾶσθαι
3202 2888 3517 2957 Οεολοοίοῦσι,
3543 2883 3643 2935 ποτὶ

2121 2985 2179 3038 δὲ
2208 2986 2273 3037 ἐκ
2315 2984 2414 3051 τῆς
2446 2983 2820 3046 ὑποστάσεως,
2857 2980 3019 3051 εῐπερ
3055 2980 3187 3034 ἄλλο
3220 2980 3399 3042 οὐσία,
3427 2978 3511 3030 καὶ
3537 2972 3637 3027 mo

2122 3074 2422 3136 ὑπόστασις
2474 3072 2598 3126 καθ’
2629 3072 2691 3125 ὃν
2734 3072 2934 3141 τρόπον
2985 3073 3035 3124 oi
3085 3058 3433 3141 ἐνιστάμενοι
3465 3062 3645 3124 νοοῦσιν

2119 3163 2266 3217 δυοῖν
2307 3164 2449 3216 ἔστω
2494 3164 2745 3232 θάτερον,
2794 3161 2827 3232 ἦ
2883 3161 2975 3215 δύο
3010 3162 3166 3225 υἱοὺς
3222 3164 3297 3216 he
3336 3158 3429 3215 τοῦ
3474 3152 3643 3222 lupi;

2118 3256 2422 3324 γεννᾶσθαι
2455 3255 2884 3326 ὁμολογήσουσι,
2930 3254 3022 3307 τόν
3068 3254 3169 3324 μὲν
3226 3257 3293 3309 ἑκ
3338 3254 3434 3323 τῆς
3475 3247 3641 3307 sinam.

2119 3347 2212 3400 τόν
2237 3348 2294 3401 δὲ
2328 3350 2395 3400 εκ
2441 3347 2539 3415 τῆς
2591 3345 2943 3409 ὑποστάσεως
2970 3363 2984 3377 ·
3017 3346 3051 3418 ἦ
3104 3346 3183 3418 μὴ
3220 3344 3352 3418 μίαν
3388 3343 3477 3398 καὶ
3504 3338 3643 3401 dmi"

2116 3433 2257 3492 εἶναι
2287 3438 2381 3508 τρῦ
2416 3438 2547 3492 Υἱοῦ
2580 3440 2680 3509 τὴν
2721 3440 2989 3510 γέννησιν.

2190 3529 2335 3595 Ἔτι,
2380 3532 2503 3583 ἐπεὶ
2548 3530 2609 3583 αί
2650 3530 2914 3601 ἰδιότητες
2952 3529 3052 3594 τὰς
3097 3528 3434 3592 ὑποστάσεις
3460 3520 3645 3594 ὑφιστᾷν

2115 3622 2511 3694 ὁμολογοῦντας
2569 3617 2691 3676 οἷον
2718 3624 2764 3694 ἡ
2830 3623 3105 3695 πατρὸτης
3167 3626 3276 3694 τὴν
3334 3620 3427 3677 τοῦ
3478 3616 3645 3686 nstra:

2119 3715 2435 3781 ὑπόστασιν,
2459 3715 2491 3784 ἡ
2513 3713 2570 3767 δὲ
2598 3712 2689 3768 τοῦ
2717 3715 2927 3785 Πατρός
2953 3716 3260 3780 ὑπόστασις
3281 3715 3349 3769 τὸ
3364 3712 3454 3766 τοῦ
3481 3705 3646 3776 [lme

2119 3811 2236 3861 ἐστι
2268 3805 2582 3877 πρόσωπον,
2613 3806 2914 3869 ὑπόστασις
2944 3808 3055 3879 γὰρ
3082 3811 3182 3862 καὶ
3217 3810 3507 3881 πρόσωπον
3533 3797 3648 3867 καρὶ

2116 3900 2229 3961 τοῖς
2279 3897 2550 3965 θεολόγοις
2601 3899 2766 3951 ταυτό
2793 3913 2808 3929 ο
2857 3899 3299 3971 ὁμολογήσουσιν
3346 3901 3412 3952 ἐκ
3471 3893 3551 3948 τοῦ
3592 3889 3647 3959 μὴ

2119 3989 2430 4058 ὑφεστῶτος
2475 3991 2537 4043 τὸ
2585 3987 2854 4058 ὑφεστὼς,
2907 3990 3040 4044 αὐτὸ
3071 3990 3281 4061 δηλαδὴ
3310 3990 3371 4044 τὺ
3404 3988 3647 4056 πρόσωπον

2116 4082 2212 4136 τοῦ
2265 4084 2500 4154 Πατρός,
2543 4084 2617 4136 Τὸ
2664 4083 2772 4153 γὰρ
2801 4085 2862 4136 τὸ
2914 4083 3008 4137 τοῦ
3062 4085 3281 4155 Πατρός
3330 4077 3647 4151 ὑφεστηκέναι

2120 4176 2415 4247 πρόσωπον
2466 4176 2618 4247 παρὰ
2669 4176 2769 4247 τῆς
2822 4176 3057 4240 πίστεως
3107 4176 3479 4246 ὡμολόγηται.
3531 4162 3652 4223 Ἐπεὶ

2120 4267 2229 4338 γὰρ
2287 4270 2340 4320 at
2389 4268 2651 4337 ἰδιότητες
2706 4268 2817 4321 τῶν
2862 4268 3193 4338 προσώπων,
3243 4263 3322 4324 ὧν
3374 4268 3503 4319 εἰσιν
3554 4257 3650 4312 ίδιό-

447 4368 549 4423 tes,
590 4372 812 4411 necesse
847 4366 953 4422 est,
986 4357 1204 4412 Patrem
1238 4373 1347 4411 non
1377 4354 1566 4413 carere
1594 4374 1781 4421 causa,
1813 4359 1908 4413 sed
1947 4360 2012 4413 ab

2132 4374 2316 4428 τητες,
2370 4359 2732 4412 ὑποστατικαί
2762 4362 2870 4412 είσι
2900 4359 3073 4414 ταῦτα
3117 4360 3452 4429 ὑφιστῶσαι,
3482 4355 3650 4433 ἀνάγκη

436 4452 629 4520 aliquo
663 4464 786 4504 esse
831 4458 886 4503 et
918 4464 985 4504 ex
1036 4465 1144 4503 non
1193 4451 1553 4516 subsistente,
1586 4460 1645 4506 ut
1674 4452 1879 4506 dictum
1907 4462 2013 4515 est,

439 4541 649 4612 aliquid
702 4556 825 4595 esse
859 4541 1189 4605 subsistens,
1229 4552 1285 4595 et
1329 4557 1394 4595 ex
1432 4559 1539 4597 non
1576 4542 1854 4613 hypostasi
1897 4556 2017 4597 esse

441 4635 832 4704 hyposlasim,
866 4634 1033 4703 idque
1078 4633 1161 4687 vel
1204 4635 1508 4689 secundum
1565 4637 2015 4705 generationem,

444 4724 532 4779 vel
574 4724 1024 4794 processionein,
1079 4723 1164 4778 vel
1220 4724 1267 4776 si
1322 4722 1481 4777 aliter
1534 4725 1739 4793 lingere
1803 4725 2018 4793 volunt,

446 4829 616 4885 atque
646 4816 720 4868 ita
754 4813 876 4868 duae
918 4816 1132 4884 species
1173 4814 1461 4877 Trinitatis
1509 4816 1874 4885 apparebunt,
1911 4832 2017 4871 una

438 4913 667 4984 quidem
699 4926 765 4965 ex
791 4909 1136 4979 paternitate,
1162 4917 1218 4962 et
1236 4925 1577 4979 quaecunque
1598 4927 1661 4963 ex
1678 4911 2021 4980 paternitate

442 5003 801 5076 proveniunt,
853 4996 967 5071 ipsa
997 5002 1212 5062 liliatio,
1261 5011 1318 5055 et
1365 5003 1660 5069 spiritatio.
1688 5008 1732 5057 si
1768 5019 1908 5074 opus
1936 5012 2023 5057 est

443 5097 522 5152 ita
558 5097 862 5173 nominare.
897 5095 1078 5148 Altera
1123 5095 1337 5163 species
1370 5094 1555 5161 Pater,
1594 5094 1766 5149 Filius
1818 5103 1875 5149 et
1904 5094 2025 5165 Spi-

442 5188 588 5241 ritus
622 5194 868 5249 sanctus,
897 5189 1013 5240 sive
1041 5195 1152 5241 tres
1187 5200 1455 5255 personae.

514 5366 788 5423 Praeterea
838 5367 1154 5422 fatebuntur
1182 5383 1289 5422 non
1325 5381 1446 5420 esse
1486 5381 1775 5436 personam
1806 5381 1871 5420 ex
1900 5346 2030 5436 per-

445 5476 606 5527 sona,
630 5462 725 5516 sed
754 5462 1078 5517 relationem
1106 5477 1173 5516 ex
1196 5460 1469 5516 relatione
1505 5478 1517 5513 :
1554 5461 1681 5531 quia
1723 5460 1868 5513 enim
1898 5475 2027 5528 per-

444 5567 583 5608 sana
619 5562 702 5607 est
732 5552 1038 5608 substantia
1069 5567 1193 5608 cum
1230 5552 1466 5622 quadam
1510 5551 1847 5623 pr0prictate
1882 5554 2026 5622 (per—

447 5655 585 5696 sona
618 5642 765 5696 enim
808 5643 956 5697 dicta
992 5652 1078 5697 est
1109 5643 1449 5698 Damasceno
1491 5644 1543 5698 id
1578 5634 1723 5714 quod
1761 5657 1843 5697 εει
1875 5658 2026 5697 com-

451 5747 621 5788 mune
653 5749 779 5787 cum
827 5737 1088 5804 proprio),
1144 5736 1449 5791 substantia
1499 5751 1629 5791 vero
1660 5751 1765 5789 una
1794 5750 1919 5791 cum
1956 5736 2025 5790 sit

2122 4447 2197 4518 μὴ
2268 4446 2510 4499 ἀναίτιον
2565 4442 2705 4499 εἶναι
2782 4447 2873 4501 τὸν
2930 4448 3147 4519 Πατέρα
3180 4488 3195 4512 ,
3233 4448 3355 4521 ἀλλ’
3405 4446 3466 4496 ἐκ
3509 4451 3651 4496 τινος,

2121 4539 2214 4590 καὶ
2244 4540 2308 4589 ὲκ
2330 4537 2423 4590 τοῦ
2458 4537 2532 4607 μὴ
2556 4536 2889 4605 ὑφεστῶτος,
2917 4538 2992 4597 ὡς
3020 4537 3243 4607 εἴρηται
3265 4578 3280 4599 ,
3319 4536 3381 4587 τὸ
3417 4527 3653 4601 ὑφεστὼς.

2120 4632 2215 4683 καὶ
2247 4631 2309 4682 ὲκ
2339 4629 2438 4699 τῆς
2474 4628 2549 4699 μὴ
2571 4629 2921 4691 ὑποστάσεως
2944 4628 3043 4696 τὴν
3066 4628 3395 4690 ὑπόστασιν,
3428 4617 3653 4677 καὶτοῦτο

2122 4719 2154 4787 ἢ
2190 4721 2331 4773 κατὰ
2356 4722 2633 4789 γέννησιν,
2668 4719 2699 4787 ἢ
2726 4720 2846 4771 κατ’
2875 4719 3229 4788 ἑκπόρευσιν·
3270 4718 3307 4789 ἢ
3350 4719 3503 4785 εἴπερ
3523 4708 3653 4766 mox

2124 4811 2397 4881 βούλοιντο
2448 4812 2727 4875 πλάττειν,
2766 4812 2861 4863 καὶ
2883 4808 3027 4863 οὕτω
3077 4808 3173 4862 δύο
3219 4810 3341 4878 εἴδη
3398 4808 3492 4874 τῆς
3523 4798 3652 4867 Τρεάο

2122 4904 2210 4967 δος
2258 4906 2687 4973 ἀναφανήσεται,
2728 4903 2789 4956 τὸ
2822 4903 2919 4972 μὲν
2968 4903 3034 4954 ὲκ
3087 4902 3186 4972 τῆς
3222 4900 3558 4973 πατρότητος
3587 4883 3652 4941 πὶ

2124 4998 2228 5049 ὅσα
2257 4998 2321 5048 ὲκ
2359 4996 2456 5064 τῆς
2480 4994 3097 5065 πατρότητοςπρόεισιν,
3126 4994 3269 5064 αὑτὴ
3312 4996 3349 5064 ή
3394 4993 3563 5054 υιότης

2127 5088 2161 5157 ὴ
2201 5062 2631 5154 πνευματότηςν,
2660 5062 2723 5137 εί
2749 5086 2832 5137 δεῖ
2875 5062 3049 5146 οὕτως
3095 5062 3397 5154 ὀνομάζειν
3418 5098 3432 5113 ’
3488 5078 3543 5132 τὸ
3573 5062 3653 5125 δὶδ

2127 5176 2343 5249 Πατὴρ,
2377 5178 2473 5230 καὶ
2519 5178 2547 5229 ό
2582 5177 2710 5240 Υἱὸς
2766 5177 2956 5231 καὶτὸ
2999 5176 3223 5247 Πνεῦμα
3278 5177 3346 5228 τὸ
3402 5175 3563 5239 αγιον,
3589 5157 3649 5212 si?

2127 5268 2222 5325 οὖν
2254 5276 2321 5325 τὰ
2360 5271 2488 5342 τρία
2526 5271 2819 5341 πρόσωπα.

2205 5365 2328 5417 Ἔτι
2380 5364 2438 5415 δὲ
2487 5358 2885 5433 ὁμολογήσουσι
2946 5358 3022 5431 μὴ
3071 5354 3212 5413 εἶναι
3281 5360 3568 5429 πρόσωπον
3610 5343 3645 5391 ξι

2133 5456 2456 5527 προσώπου,
2494 5455 2613 5510 ἀλλ’
2639 5455 2925 5525 ἀναφορὰν
2957 5454 3018 5518 ἐξ
3058 5451 3371 5521 ἀναφορᾶς.
3413 5445 3557 5502 Ἐπεὶ
3582 5438 3654 5505 τάΡ

2131 5549 2424 5622 πρόσωπόν
2503 5550 2654 5601 ἐστιν
2712 5549 2744 5618 ἡ
2808 5546 2968 5601 οὑσία
3034 5545 3171 5616 μετά
3228 5561 3383 5605 τινος
3443 5538 3657 5622 ίδιότητίίς

2133 5616 2446 5713 (πρόσωπον
2483 5641 2591 5708 γὰρ
2647 5616 2862 5710 εἴρηται
2910 5638 2988 5707 τῷ
3035 5632 3391 5706 Δαμασκηνῷ
3439 5629 3497 5684 τδ
3524 5616 3663 5715 κοίνδῒ

2136 5707 2273 5805 μετὰ
2319 5733 2412 5786 τοῦ
2466 5707 2821 5801 ἰδιάζοντος),
2861 5732 2894 5800 ἡ
2923 5731 2979 5783 δὲ
3027 5729 3174 5781 οὐσία
3242 5727 3346 5797 μία
3393 5720 3521 5776 οὖσα
3549 5707 3665 5772 καὶῆ
