3862 6218
244 375 339 439 869

1148 342 1248 435 ne
1289 369 1810 436 PROCESSIONE
1845 366 2208 431 smnus
2247 367 2537 430 SANCTI.

3367 370 3482 436 8'10

247 492 373 562 αὑτὴ
410 489 488 560 τῷ
522 488 741 561 ἀριθμῷ
772 526 787 553 ,
824 486 950 542 οὔτε
988 488 1284 560 ἀγέννητός
1324 490 1496 554 ἔστιν,
1531 484 1655 541 οὔτε
1691 503 1818 555 γιν-

1924 493 1976 539 ct
2007 483 2201 538 eadem
2230 497 2483 548 numero,
2510 494 2689 551 neque
2723 478 2968 551 ingenita
2998 486 3103 546 est,
3131 450 3311 551 neque
3340 485 3494 549 geni-

247 582 392 655 νητὴ,
422 579 536 633 οὔτ’
569 577 1007 648 ἐκπορευομένη,
1034 579 1212 643 ἄλλως
1236 580 1345 649 γὰρ
1378 580 1531 649 τρεῖς
1570 576 1638 633 ἃν
1670 574 1815 648 ἦσαν

246 674 417 728 οὐσίαι
473 673 925 742 διακεκριμέναι,
967 671 1365 743 ἀπολελυμέναι
1420 670 1685 739 ἀλλήλων,
1717 672 1816 722 καὶ

247 765 621 835 ἀντικείμεναι
668 763 951 830 ἀλλήλαις·
984 764 1232 818 λείπεται
1268 761 1434 833 μηδὲν
1463 761 1592 817 ἄλλο
1623 761 1814 830 προϊέ-

248 874 327 912 ναι
368 856 429 922 ἐξ
465 856 652 920 ἄλλου,
689 858 739 911 ei
788 857 864 928 μὴ
897 856 1137 925 ἰδιότητα
1166 855 1227 922 ἐξ
1241 854 1552 925 δδιότητος,
1589 852 1689 905 εἴτ’
1719 850 1816 905 οὖν

247 949 336 1021 τὴν
380 950 609 1020 υῑότητα
643 951 707 1003 εκ
734 949 836 1019 τῆς
868 948 1237 1019 πατρότητος.

314 1040 439 1093 ¹Ἰιέτι
466 1058 528 1094 τε
562 1042 688 1095 ἐπεὶ
731 1043 757 1095 ὁ
796 1041 898 1111 μὲν
936 1040 1069 1103 Υἱὸς
1110 1039 1290 1094 καὶτὸ
1321 1039 1549 1109 Πνεῦμα
1577 1039 1637 1093 τὸ
1660 1036 1816 1105 ἅγιον

247 1137 312 1190 ὲκ
332 1134 427 1190 τοῦ
460 1134 675 1206 Πατρδς
720 1133 1091 1202 ὁμολογεῖται,
1122 1134 1151 1186 ὁ
1197 1132 1255 1185 δὲ
1294 1132 1484 1202 Πατὴρ
1527 1132 1670 1185 κατὰ
1712 1131 1813 1194 τὰς

248 1226 425 1288 θέσεις
458 1222 639 1276 αὑτῶν
664 1224 728 1275 ἔκ
750 1224 850 1291 τῆς
885 1220 1168 1292 πατρικῆς
1215 1220 1504 1289 ἰδιότητος,
1538 1217 1663 1286 ἥτις
1703 1217 1815 1269 οὒτ’

247 1315 403 1369 οὑσῖα
453 1314 569 1368 οὗθ’
604 1313 908 1377 ὑπόστασις
972 1314 1118 1378 ἐστι,
1168 1310 1266 1364 καὶ
1321 1310 1483 1364 τοῦτο
1532 1310 1675 1362 κατὰ
1716 1308 1816 1370 τὰς

248 1407 426 1469 θέσεις
462 1403 665 1468 αὑτῶν,
702 1403 881 1457 πάντα
933 1402 991 1455 δὲ
1053 1403 1118 1454 ὲκ
1175 1400 1274 1453 τοῦ
1329 1400 1545 1469 Πατρὺς
1578 1399 1668 1452 διὰ
1718 1396 1815 1483 τοῦ

247 1497 375 1552 Υῐοῦ
402 1498 458 1549 ὲν
485 1495 769 1566 Πνεῦματι
792 1494 932 1563 ἁγιῳ
954 1493 1096 1547 κατὰ
1120 1494 1246 1557 τοὺς
1264 1492 1549 1560 θεολόγους
1572 1491 1815 1559 γέγονεν·

246 1587 760 1657 ἀναγκασθήσονται
813 1584 875 1638 τὸ
920 1583 997 1655 μὴ
1026 1582 1275 1651 ὑφεστὼς
1307 1581 1414 1635 τῶν
1448 1581 1611 1635 θείων
1644 1597 1816 1652 προσο

247 1676 412 1730 ὡπων
447 1677 543 1730 καὶ
581 1676 764 1744 πάσης
798 1673 904 1743 τῆς
946 1674 1181 1734 κτίσεως
1205 1671 1376 1725 αῐτιον
1409 1672 1641 1725 τιθέναι.

318 1835 444 1888 Ἔτι
500 1849 563 1887 τε
626 1796 1137 1899 ἀναγκασθήσονται
1185 1827 1469 1898 ὁμολογεῖν
1525 1825 1619 1881 επὶ
1674 1825 1809 1881 Θεοῦ
1846 1824 1889 1880 Β

254 1925 529 1991 σύνθεσιν,
564 1923 616 1976 ει
668 1922 874 1992 καὶμὴ
919 1922 1027 1992 τῆς
1071 1919 1259 1981 οὐσίας
1304 1919 1527 1990 καὶτῆς
1575 1920 1815 1975 ὑποστά-

251 2029 414 2077 σεως,
442 2011 543 2081 τῆς
574 2027 634 2064 τε
674 2010 1019 2080 πατρότητος
1049 2009 1147 2064 καὶ
1177 2010 1444 2080 υἱότητος,
1468 2010 1506 2064 a
1533 2010 1640 2064 τῶν
1679 2011 1816 2082 πρός

246 2103 300 2156 τι
341 2103 511 2160 ἔστιν.
558 2103 628 2155 ’Δ
664 2101 731 2173 δὴ
769 2102 907 2173 πρός
947 2118 1026 2166 τι,
1073 2101 1270 2169 ἐφόσον
1310 2104 1431 2156 ἐστὶ
1478 2104 1714 2174 πρᾶγμά
1738 2121 1813 2171 τι,

249 2194 500 2249 σύνθεσιν
533 2194 754 2265 ποιήσει
792 2188 837 2263 ᾧ
860 2193 926 2248 ἂν
958 2194 1351 2263 προσγένηται.
1388 2196 1508 2248 Ἔτι
1535 2212 1595 2248 τε
1629 2195 1815 2267 δεήσει

253 2285 603 2356 συμϐεϐηκὸς
648 2284 809 2339 τοῦτο
861 2285 1118 2354 φάσκειν·
1156 2286 1267 2339 πᾶν
1296 2284 1406 2353 γὰρ
1434 2286 1623 2355 χρῆμα
1652 2289 1709 2338 ὲν
1736 2287 1814 2357 τῷ

248 2379 577 2449 ὶνυπάρχειν
613 2376 675 2431 τὸ
728 2372 867 2431 εἶναι
900 2376 1049 2447 ἔχον,
1103 2374 1453 2446 συμϐεϐηκός
1487 2377 1655 2431 ἐστιν.
1692 2376 1813 2428 Ἔτι

248 2488 304 2524 τε
337 2471 522 2541 δεήσει
579 2486 636 2523 τι
690 2470 924 2541 πρᾶγμα
960 2467 1114 2540 παρὰ
1165 2468 1265 2538 τὴν
1311 2465 1407 2520 τοῦ
1458 2467 1595 2519 Θεοῦ
1624 2467 1811 2519 οὐσίαν

244 2559 387 2617 εἶναι
415 2560 659 2617 αἰώνιον.
702 2561 768 2615 ’Δ
817 2559 882 2631 δὴ
928 2559 1109 2616 πάντα
1150 2558 1407 2626 αἱρετικὰ
1463 2556 1557 2611 καὶ
1611 2559 1810 2612 ἄτοπα·

243 2656 441 2710 ἕπεται
475 2655 662 2726 μέντοι
696 2654 809 2718 τοῖς
840 2653 940 2725 τὴν
970 2656 1292 2725 πατρότητα
1322 2652 1418 2706 καὶ
1444 2649 1543 2722 τὴν
1573 2652 1813 2705 ὑπόστα-

248 2764 336 2801 σιν
374 2748 561 2817 ῑτερον
599 2747 698 2817 τῆς
732 2745 919 2808 οὐσίας
960 2743 1292 2816 τιθεμένοις.

1918 584 1994 638 ta,
2022 588 2202 643 neque
2232 572 2535 643 procedens
2570 587 2586 626 :
2614 570 2777 626 aliter
2812 571 2961 626 enim
3000 578 3115 626 tres
3141 580 3326 626 essent
3363 572 3495 628 sub-

1918 665 2141 720 stantia
2173 663 2452 728 discretae,
2486 662 2755 717 absolutae
2783 661 2929 716 inter
2964 676 3044 726 se,
3077 670 3243 730 atque
3270 663 3494 731 opposi«

1918 765 1987 812 ta)
2013 756 2079 810 ad
2106 756 2340 810 invicem
2367 773 2381 809 :
2409 755 2682 824 reliquum
2724 762 2829 819 est,
2864 763 2924 807 ut
2953 753 3089 807 nihil
3122 754 3269 808 aliud
3297 768 3494 824 prove-

1917 847 2035 902 niat
2073 862 2142 901 ex
2180 846 2309 910 alio,
2358 845 2467 901 nisi
2513 845 2823 916 preprietas
2872 860 2941 901 ex
2972 846 3334 917 proprietate,
3375 844 3497 901 sive

1918 939 2112 993 ﬁliatio
2140 954 2206 993 ex
2243 937 2597 1008 paternitate.

1986 1029 2281 1095 Praeterea,
2309 1029 2568 1099 quoniam
2596 1029 2769 1084 Filius
2800 1036 2856 1084 et
2877 1028 3117 1101 Spiritus
3172 1037 3395 1084 sanctus
3420 1044 3490 1084 ex

1921 1123 2080 1177 Patre
2134 1136 2257 1177 esse
2308 1122 2589 1176 communi
2645 1135 2918 1176 consensu
2968 1120 3276 1191 recipitur,
3331 1122 3495 1175 Pater

1920 1220 2130 1275 autem,
2164 1214 2493 1267 ‘secundum
2545 1228 2739 1267 eorum
2790 1212 3121 1283 positiones,
3149 1227 3218 1266 ex
3266 1219 3493 1281 paterna

1921 1316 2006 1360 est
2038 1304 2399 1375 proprietate,
2430 1320 2554 1375 qua:
2586 1312 2765 1374 neque
2809 1304 3138 1368 substantia,
3176 1318 3355 1372 neque
3394 1302 3495 1372 by-

1918 1395 2157 1465 postasis
2186 1403 2294 1459 est,
2328 1394 2493 1464 idque
2535 1393 2838 1448 secundum
2887 1392 3133 1462 ipsorum
3169 1391 3493 1462 positiones,

1920 1486 2103 1540 omnia
2146 1495 2329 1539 autem
2376 1486 2517 1539 facta
2548 1495 2676 1537 sunt
2714 1484 2871 1553 juxta
2909 1483 3194 1552 theologos
3226 1497 3293 1536 ex
3337 1482 3503 1547 Patre

1919 1591 2021 1646 per
2073 1575 2271 1630 Filium
2335 1575 2390 1627 in
2432 1574 2647 1644 Spiritu
2713 1584 2925 1639 sancto,
2956 1584 3223 1644 cogentur
3278 1573 3497 1642 aliquod

1921 1669 2211 1739 quodnon
2255 1664 2527 1727 subsistit,
2559 1673 2615 1720 et
2660 1665 2972 1720 divinarum
3019 1679 3401 1734 personarum,
3440 1674 3501 1721 et

1924 1759 2090 1814 totius
2112 1766 2377 1813 creaturae
2396 1773 2601 1828 ponere
2626 1772 2867 1813 causam.
3370 1823 3376 1828 ,

1988 1852 2256 1906 Praeterea
2286 1860 2554 1921 cogentur
2582 1850 2741 1905 fateri
2803 1850 3259 1921 compositionem
3292 1848 3412 1906 esse
3441 1850 3501 1905 in

1920 1943 2029 1997 Deo
2058 1983 2074 2007 ,
2119 1943 2222 1997 etsi
2274 1956 2384 1997 non
2449 1942 2769 1997 substantia:
2797 1979 2813 2006 ,
2862 1951 2920 1997 at
2957 1942 3280 1997 substantiae
3335 1952 3505 2011 atque

1919 2032 2302 2104 hypostaseos,
2333 2032 2683 2102 paternitatis
2739 2033 2873 2086 item
2926 2048 2993 2087 ac
3032 2033 3332 2096 tiliationis.
3370 2048 3498 2102 quis
3550 2024 3553 2027 ’

1916 2122 1985 2174 ad
2048 2121 2258 2190 aliquid
2316 2122 2544 2176 relativa
2597 2131 2749 2176 sunt.
2784 2121 2916 2187 Qua
2970 2136 3104 2176 sane
3151 2123 3218 2175 ad
3260 2122 3493 2190 aliqud,

1916 2220 2199 2283 quatenus
2218 2224 2347 2267 sunt
2388 2213 2571 2281 aliqua
2615 2229 2739 2278 res,
2770 2214 3231 2282 compositionem
3270 2212 3501 2268 facient

1914 2313 2039 2354 cura
2069 2314 2137 2354 eo
2183 2299 2251 2354 ad
2295 2297 2445 2369 quod
2487 2300 2855 2355 accesserint.
2884 2299 3158 2354 Praeterea
3208 2314 3350 2368 opus
3388 2298 3497 2354 erit

1912 2391 2168 2446 accidens
2212 2390 2359 2446 istud
2402 2407 2697 2449 asserere:
2735 2392 2938 2461 quippe
2977 2390 3155 2446 omnis
3197 2405 3307 2456 res,
3338 2393 3501 2463 cujus

1918 2497 2040 2539 esse
2070 2492 2156 2537 est
2187 2482 2242 2536 in
2268 2497 2413 2548 esse,
2443 2484 2704 2538 accidens
2754 2492 2859 2537 est.
2908 2483 3176 2536 Praeterea
3200 2496 3338 2551 epus
3367 2485 3493 2548 erit,

1921 2582 1983 2628 ut
2014 2573 2197 2642 aliqua
2232 2589 2322 2628 res
2349 2588 2548 2644 praater
2583 2575 2680 2630 Dei
2724 2574 3091 2629 substantiam
3154 2574 3227 2627 sit
3266 2584 3494 2629 aeterna.

1921 2662 2054 2728 Quae
2099 2673 2247 2720 certe
2273 2666 2459 2720 omnia
2494 2665 2753 2720 haeretica
2781 2673 2909 2719 sunt
2940 2673 2995 2718 et
3023 2662 3279 2727 absurda,
3306 2679 3501 2720 neces-

1922 2755 2078 2810 sario
2103 2764 2287 2811 tamen
2313 2765 2621 2827 sequuntur
2642 2773 2709 2812 ex
2733 2770 2925 2812 eorum
2956 2755 3254 2821 sententia,
3278 2755 3371 2824 qui
3396 2771 3497 2827 pa-

249 2840 559 2897 ternitatem
597 2847 681 2899 et,
716 2837 1055 2910 hypostasim
1095 2838 1244 2894 aliud
1286 2853 1407 2895 esse
1445 2853 1479 2895 a
1524 2840 1828 2897 substantia
1857 2853 2092 2914 ponunt.
2122 2881 2129 2887 τ

832 2934 1091 2989 ΚΕΦΔΛ.
1137 2933 1214 2990 Β¹.

2536 2942 2761 2999 CAPUT
2799 2942 2865 2997 ιῐ.
2976 2962 2977 2965 η

247 3026 418 3110 Κατὰ-
438 3028 577 3110 dra
621 3025 737 3094 τὴν
766 3024 1029 3110 {ﬂown
1053 3026 1210 3081 ἄλλο
1253 3029 1477 3110 etiam?
1511 3031 1646 3110 καὶ-
1658 3030 1817 3085 ἄλλο

1924 3028 2033 3096 Quo
2063 3046 2217 3087 sensu
2246 3032 2423 3087 dicunt
2454 3032 2680 3110 theologi
2723 3035 3009 3110 aliuduse
3035 3040 3415 3110 substantiam,
3442 3051 3493 3096 et

388 3099 737 3153 ὑπόστασιν
762 3100 817 3151 οι
850 3097 1122 3166 θεολόγοι
1151 3098 1343 3167 φασιν
1370 3098 1467 3151 ἐπὶ
1502 3101 1671 3156 Θεοῦ.

329 3192 576 3261 ’Δνᾶγκη
602 3189 787 3244 τοίνυν
813 3188 904 3243 διὰ
931 3188 1107 3243 ταῦτα
1132 3191 1233 3253 τὰς
1257 3189 1434 3261 ἀρχὰς
1459 3192 1556 3261 τῆς
1582 3192 1817 3257 πίστεως

247 3282 648 3353 φυλάττοντας,
682 3280 718 3351 ἦ
752 3296 887 3351 φησι
934 3278 1029 3334 τὸν
1067 3280 1234 3334 αὑτὸν
1263 3280 1398 3335 Θεὸν
1424 3282 1522 3337 ἕνα
1546 3280 1689 3337 εἶναι
1722 3285 1819 3339 καὶ

242 3377 402 3447 τρια,
437 3375 631 3429 οὐσίαν
657 3373 1089 3444 τὴνὺπόστασιν
1129 3374 1225 3425 καὶ
1258 3374 1357 3443 τὴν
1394 3373 1635 3443 ἰδιότητα
1674 3374 1818 3428 τιθέ-

242 3486 337 3524 ναι
377 3469 490 3531 τοῖς
538 3465 811 3535 θεολόγοις
847 3464 1158 3535 ἑπομένως.
1208 3466 1284 3519 Οὑ
1329 3465 1424 3519 καὶ
1469 3465 1593 3517 καθ’
1624 3464 1819 3533 ἑτέραν

241 3556 411 3622 αὖθις
444 3558 655 3612 ἔννοιαν
680 3558 811 3611 ἄλλο
839 3557 1000 3611 οὑσία
1029 3558 1124 3611 καὶ
1163 3555 1304 3615 ,ἄλλο
1349 3556 1649 3617 ὑπόστασις
1686 3553 1818 3623 παρ’

244 3650 432 3706 αὑτῶν
452 3649 558 3703 τῶν
590 3648 933 3704 διδασκάλων
964 3649 1209 3721 εἴρηται·
1254 3648 1350 3702 καὶ
1382 3648 1530 3710 ὅπως
1556 3646 1818 3715 ἑκάτερον

241 3741 547 3814 ἀληθεύειν
570 3741 797 3795 δυνατὸν
836 3743 895 3795 ὲν
933 3743 1045 3805 τοῖς
1070 3740 1359 3810 ἑπομένοις
1398 3739 1722 3811 ῥηθήσεται.
1754 3737 1823 3790 Et

241 3854 299 3890 τι
326 3836 427 3907 μὲν
447 3834 543 3900 οὖν
577 3834 673 3887 καὶ
698 3831 1001 3904 βαθύτερον
1039 3831 1277 3885 ἐνταῦθα
1305 3830 1533 3901 θεωρεῖν
1571 3826 1664 3902 ἦν,
1692 3832 1822 3902 περὶ

242 3928 449 3982 τούτου
500 3926 563 3981 τό
606 3941 673 3995 γε
723 3923 822 3979 νῦν
868 3919 1011 3976 εἶναι
1065 3922 1467 3994 παραιτητέον,
1512 3922 1609 3976 τοῦ
1656 3922 1819 3989 λόγου

244 4019 395 4088 πρὸς
422 4017 623 4087 ἄνδρας
655 4014 851 4081 δντος,
907 4013 957 4066 οἳ
1016 4011 1094 4083 μὴ
1137 4012 1427 4082 δυνάμενοι
1477 4012 1547 4065 τὰ
1597 4014 1662 4067 ὲκ
1711 4012 1822 4066 τῶν

242 4109 536 4178 λογισμῶν
594 4106 839 4161 συνιέναι
871 4145 888 4171 ,
951 4101 1140 4171 ὥσπερ
1196 4104 1248 4156 οἱ
1300 4103 1586 4158 κακόσιτοι
1639 4105 1821 4157 πᾶσαν

241 4200 486 4274 τροφὴν,
510 4196 653 4253 οὕτω
682 4188 949 4261 καὶοῦτοι
983 4192 1164 4248 πάντα
1187 4193 1621 4265 ἀποστρέφονται
1638 4194 1817 4261 λόγον·

244 4298 321 4350 ιχ
376 4294 435 4347 δὲ
485 4292 595 4347 τῶν
661 4287 995 4342 διδασκάλων
1062 4285 1443 4355 ἐπιχειρητέον
1501 4284 1579 4354 τῷ
1629 4284 1815 4355 λόγῳ,

2437 3104 2587 3156 aliud
2617 3106 2965 3175 hypostasim.

1986 3191 2223 3248 Necesse
2250 3204 2334 3249 est
2364 3193 2533 3264 igitur
2589 3208 2883 3265 propterea
2921 3200 3189 3271 principia
3226 3202 3351 3259 ﬁdei
3379 3219 3497 3260 ser-

1919 3292 2118 3339 vantes
2156 3285 2299 3354 (qua:
2336 3285 2499 3340 docet
2530 3287 2790 3342 eumdem
2837 3290 3012 3346 Deum
3058 3311 3226 3349 unum
3283 3313 3403 3352 esse
3443 3307 3501 3353 et

1920 3379 2071 3439 trial,
2093 3377 2451 3431 substantiam
2489 3394 2695 3447 ponere
2729 3396 2853 3435 esse
2900 3382 3241 3453 hypostasim
3267 3399 3324 3442 et
3367 3405 3497 3458 pro-

1919 3468 2239 3538 prietalem,
2268 3470 2423 3539 juxta
2456 3472 2762 3527 doctrinam
2808 3473 3212 3545 theologorum.
3236 3476 3511 3544 Quamvis

1919 3558 2219 3613 secundum
2251 3560 2410 3613 aliam
2440 3562 2859 3632 intelligentiam
2898 3581 3092 3622 rursus
3122 3567 3328 3622 dictum
3360 3572 3428 3624 sit
3464 3587 3493 3624 a

1919 3648 2233 3704 doctoribus
2287 3650 2434 3705 aliud
2469 3667 2590 3707 esse
2628 3655 3027 3722 substantiam,
3051 3668 3107 3714 et
3142 3660 3293 3715 aliud
3324 3661 3499 3732 hype-

1919 3741 2131 3807 stasim,
2160 3756 2338 3809 quave
2368 3742 2577 3797 ratione
2606 3752 2902 3815 utrumque
2929 3746 3048 3801 ﬁeri
3080 3757 3278 3818 potest,
3308 3760 3370 3805 ut
3405 3767 3506 3805 vc-

1922 3844 2045 3883 rum
2075 3830 2169 3897 sit,
2198 3829 2251 3884 in
2284 3834 2758 3902 consequentibus
2790 3836 3028 3894 dicetur.
3064 3838 3120 3894 Si
3153 3841 3286 3910 quid
3325 3840 3495 3911 igitur

1920 3929 1981 3977 et
2011 3922 2175 3977 altius
2201 3922 2293 3978 hic
2336 3932 2455 3979 erat
2499 3926 2981 3995 considerandum,
3013 3929 3082 3985 de
3118 3930 3223 3988 hoc
3250 3932 3305 3987 in
3352 3949 3500 4003 pra:-

1921 4015 2101 4070 sentia
2126 4014 2429 4082 disserere,
2458 4018 2989 4086 praetermittendum
3016 4029 3127 4090 est,
3152 4037 3276 4077 cum
3309 4038 3501 4078 sermo

1920 4103 1993 4159 sit
2042 4105 2109 4159 ad
2162 4105 2440 4173 homines,
2480 4107 2575 4177 qui
2640 4109 2867 4164 minime
2924 4111 3209 4181 percipere
3252 4114 3492 4179 valeant,

1922 4206 2046 4262 quae
2090 4202 2221 4249 sunt
2271 4196 2791 4266 ratiocinationum,
2841 4201 3305 4269 quemadmodum
3357 4205 3499 4259 male

1923 4285 2119 4340 nutriti
2176 4286 2465 4342 fastidiunt
2516 4303 2738 4344 omnem
2792 4290 3011 4356 cibum;
3057 4293 3139 4348 sic
3188 4295 3352 4347 etiam
3404 4295 3500 4350 isti:

246 4383 530 4455 σαφηνείᾳ
560 4379 863 4453 χρωμένοις
896 4379 1021 4431 ὅσον
1047 4370 1161 4430 οἷόν
1183 4393 1266 4431 τε.
1300 4376 1411 4428 Kal.
1438 4375 1654 4445 πρῶτον
1680 4374 1819 4430 κατά

1925 4391 2142 4432 omnem
2181 4387 2512 4433 aversantur
2546 4381 2837 4436 rationem.
2885 4383 2934 4436 Δ
2960 4382 3281 4439 doctoribus
3310 4396 3501 4440 autem

241 4478 377 4532 τίνα
408 4478 511 4545 τὴν
562 4474 771 4527 ἔννοιαν
820 4471 950 4525 ἄλλο
982 4469 1177 4551 οὐσίαν
1213 4469 1310 4521 καὶ
1356 4467 1486 4522 ἄλλο
1525 4467 1822 4521 ὑπόστασιν

242 4570 301 4623 οἱ
334 4567 582 4636 θεολόγοι
622 4564 775 4632 φασι·
808 4562 1087 4632 δεύτερον,
1135 4560 1284 4622 ὅπως
1337 4558 1519 4627 οὐσία,
1546 4559 1640 4612 καὶ
1685 4557 1821 4612 ὑπό-

245 4678 469 4728 στασις,
509 4661 604 4714 καὶ
636 4658 839 4728 ἰδιότης
866 4656 961 4710 ἐπὶ
999 4654 1135 4709 Θεοῦ
1185 4653 1385 4707 ταύτόν
1414 4653 1552 4708 ἐστι.
1596 4650 1822 4720 Ῥητὲον

244 4754 724 4827 ⁴προϐαλλομένοις
760 4753 788 4804 ὃ
823 4766 989 4820 φησιν
1020 4749 1048 4801 ὁ
1078 4748 1249 4819 μέγας
1295 4745 1573 4807 Βασίλειος
1602 4744 1661 4795 ὲν
1702 4743 1824 4796 ἑπι-

245 4848 422 4918 στολῇ
466 4848 535 4917 τῇ
585 4844 713 4913 περὶ⁸
744 4842 1008 4911 διαφορᾶς
1051 4838 1239 4901 οὑσίας
1291 4838 1389 4891 καὶ
1442 4835 1820 4898 ὑποστάσεωςο

240 4938 330 5001 ὡς
362 4936 424 4989 ὃν
459 4934 619 5002 λόγον
664 4933 781 5001 ἔχει
831 4931 894 4984 τὸ
924 4928 1106 4983 κοινὸν
1144 4926 1280 4998 πρὸς
1332 4927 1395 4978 τὸ
1447 4924 1602 4989 ἴδιον,
1631 4922 1823 4977 τοῦτον

239 5030 373 5100 εχει
410 5029 447 5099 ἠ
488 5025 650 5078 οὐσία
689 5022 829 5096 πρὸς
866 5021 965 5093 τὴν
1000 5019 1326 5074 ὑπόστασιν.
1357 5014 1468 5086 Τὴν
1494 5014 1552 5067 δὲ
1582 5014 1821 5067 ὑπόστα-

241 5138 345 5175 σιν
378 5117 410 5168 6
454 5114 818 5187 Δαμασκηνὸς
866 5111 1190 5182 ὁριζόμενος
1236 5107 1361 5179 ἔφη,
1405 5125 1425 5159 ι
1489 5105 1823 5169 ’Υπόστασίς

230 5213 373 5264 ἐστι
416 5209 478 5263 τδ
513 5207 691 5262 κοινὸν
731 5206 866 5277 μετά
906 5202 1003 5257 τοῦ
1062 5200 1377 5265 ἰδιάζοντος.
1418 5217 1439 5252 ι
1478 5199 1543 5251 Τί
1576 5200 1632 5252 δὲ
1681 5197 1817 5250 αὐτὸ

226 5302 314 5353 τὸ
349 5299 534 5353 κοινὸν
589 5298 775 5359 αὑτοῖς
831 5293 1105 5365 βούλεται,
1139 5290 1399 5362 ἐμφανῶς
1430 5283 1586 5351 αὖθις
1614 5290 1641 5341 ὁ
1682 5287 1823 5351 θεῖος

224 5391 533 5455 Βασίλειος
571 5390 632 5443 ὲν
664 5390 730 5459 τῇ
781 5387 919 5457 πρὸς
951 5385 1044 5439 τὸν
1090 5382 1319 5451 ἀδελφὸν
1356 5379 1660 5452 Γρηγόριον
1688 5382 1815 5432 έπι-

225 5481 422 5552 στολῇ
456 5480 840 5551 παραδέδωκεν
891 5474 1095 5530 εἰπών·
1136 5492 1155 5526 ι
1206 5474 1274 5526 Ἦ
1308 5472 1409 5542 μὲν
1445 5470 1693 5541 κοινότης
1741 5471 1822 5534 εἰς

217 5574 359 5645 τὴν
388 5572 578 5627 οὐσίαν
612 5571 918 5641 ἀνάγεται·
966 5569 1003 5640 ἡ
1046 5568 1103 5621 δὶ
1152 5564 1451 5628 ὑπόστασις
1505 5566 1567 5618 τὸ
1618 5563 1823 5627 ιδιὰζον

212 5665 492 5722 ἑκάστου
525 5664 755 5735 σημεῖόν
795 5663 936 5717 ἔστι.
981 5677 1002 5712 ι
1039 5657 1211 5727 Δῆλον
1256 5654 1350 5711 οῦν
1396 5656 1462 5709 ix
1491 5654 1719 5721 τούτων,
1746 5653 1823 5719 ὡς

218 5756 317 5829 τὸ
351 5757 457 5829 μὲν
502 5757 683 5813 κοινὸν
717 5754 796 5828 τῷ
824 5751 1012 5818 ἁπλῶς
1059 5749 1334 5819 ἁναλογεῐ,
1390 5748 1452 5804 τὸ
1489 5748 1546 5803 δὲ
1585 5746 1719 5805 ἴδιον
1740 5744 1817 5817 τῷ

685 6004 744 6052 θ

1922 4484 2233 4525 sermonem
2285 4469 2614 4540 aggrediar,
2674 4472 2923 4529 claritate
2979 4484 3178 4542 utens,
3233 4487 3497 4546 quantum

1922 4559 2044 4615 ﬁeri
2070 4550 2270 4629 potest.
2298 4561 2365 4615 Et
2397 4562 2831 4632 primum,juxta
2868 4582 3033 4639 quam
3076 4568 3501 4637 intelligentiam

1922 4651 2074 4707 aliud
2101 4666 2225 4706 esse
2272 4653 2659 4719 substantiam,
2687 4656 2838 4711 aliud
2881 4657 3213 4729 hypostasim
3257 4659 3501 4728 theologi

1922 4743 2099 4799 aiunt.
2138 4743 2456 4799 Secundum
2486 4783 2502 4809 ,
2529 4761 2771 4815 quonam
2804 4748 2965 4802 modo
2996 4749 3308 4803 substantia
3334 4790 3349 4813 ,
3391 4750 3492 4816 hy-

1921 4833 2158 4902 postasis
2218 4842 2275 4889 et
2303 4834 2613 4903 proprietas
2657 4835 2711 4888 in
2743 4836 2854 4892 Deo
2885 4837 3027 4891 idem
3064 4839 3157 4892 sit.
3187 4836 3499 4890 Dicendum

1924 4925 2094 4994 igitur
2152 4926 2311 4980 nobis
2353 4933 2439 4980 est
2500 4926 2631 4980 illud
2685 4929 3163 4997 proponentibus,
3218 4928 3361 4997 quod
3420 4934 3504 4983 a's

1924 5029 2154 5083 magnus
2180 5013 2421 5068 Basilius
2467 5015 2522 5067 in
2551 5015 2782 5083 epistola
2809 5016 2899 5069 ubi
2932 5017 3044 5087 agit
3072 5019 3140 5072 de
3178 5017 3501 5073 diﬂerenlia

1924 5106 2244 5162 substantiae
2276 5113 2333 5159 et
2383 5106 2784 5177 hypostaseos:
2822 5107 2967 5176 quod
3007 5124 3170 5179 quam
3220 5111 3497 5165 rationem

1926 5196 2092 5252 habet
2121 5187 2415 5251 commune
2444 5197 2509 5251 ad
2545 5199 2851 5268 proprium,
2880 5200 3022 5255 hanc
3049 5200 3214 5255 habet
3242 5202 3507 5256 substan—

1926 5289 1999 5343 tia
2039 5287 2106 5342 ad
2137 5287 2497 5359 hypostasim.
2532 5289 2874 5359 llypostasim
2916 5301 3097 5345 autem
3125 5292 3508 5347 Damascenus

1924 5378 2210 5444 deﬁniens,
2268 5378 2389 5434 ait:
2450 5396 2468 5430 ι
2533 5380 2854 5450 llypostasis
2901 5392 2985 5437 est
3029 5397 3322 5436 commune
3370 5398 3505 5437 cum

1924 5471 2173 5542 proprio.
2210 5489 2229 5524 ι
2275 5470 2417 5538 Quid
2467 5483 2649 5527 autem
2688 5473 2833 5543 apud
2882 5475 3029 5543 ipsos
3058 5475 3161 5529 hoc
3198 5490 3505 5531 commune

1924 5563 2030 5619 sibi
2069 5563 2241 5630 velit,
2274 5576 2467 5618 rursus
2500 5564 2645 5618 clare
2689 5564 2848 5619 divus
2877 5565 3115 5620 Basilius
3155 5566 3402 5631 tradidit,
3436 5565 3502 5623 in:

1924 5655 2154 5726 epistola
2212 5654 2281 5710 ad
2322 5654 2642 5726 Gregorium
2694 5656 2962 5723 fratrem,
3013 5676 3031 5711 ι
3093 5656 3499 5727 Communium.

1926 5745 2204 5817 inquiens,
2227 5744 2295 5802 ad
2333 5747 2700 5805 substantiam
2726 5748 2983 5818 refertur,
3018 5749 3327 5821 hypostasis
3356 5763 3500 5808 vero
