3862 6218
447 275 546 338 8'11

446 405 534 452 est
574 393 800 466 pr0pria
851 394 1113 462 cujusque
1160 401 1286 446 nota
1350 391 1662 462 singularis.
1732 410 1750 442 ι
1813 391 1893 446 Ex
1930 392 2020 446 bis
2050 403 2089 456 Α

448 489 618 559 igitur
645 485 989 540 manifestum
1021 497 1122 547 est,
1159 483 1302 551 quod
1348 497 1639 537 commune
1671 482 1892 552 quidem
1938 484 2014 546 ei,

449 579 593 650 quod
623 586 706 632 est
737 576 1078 645 simpliciter,
1135 574 1454 644 respondet,
1485 573 1768 644 proprium
1792 589 1922 628 vero
1940 573 2014 636 ci,

447 673 594 745 quod
617 681 700 726 est
725 684 836 739 quo
889 669 1085 723 modo:
1119 668 1214 723 sed
1253 677 1309 722 et
1363 669 1561 722 Petrus
1611 678 1667 722 et
1709 669 1874 722 hoino
1907 678 2015 732 est,

451 777 505 820 et
533 765 677 818 ﬁlius
707 764 864 828 Jona,
890 772 946 816 et
1014 777 1124 815 non
1156 762 1391 815 alterum
1435 775 1566 814 sane
1599 760 1889 830 signiﬁcat,
1922 758 2015 828 qui

449 857 702 912 enuidem
757 856 978 909 Petrum
1029 853 1305 906 hominem
1363 852 1518 916 dicit,
1579 851 1810 906 alterum
1866 866 2014 916 vero,

449 965 570 1004 cum
614 947 866 1002 etnndem
927 955 980 998 et
1018 945 1187 997 ﬁlium
1243 943 1379 998 Jona
1423 943 1577 998 dicit.
1615 941 2017 996 Tantummodo

448 1042 752 1097 secundum
786 1039 920 1093 illud
959 1038 1102 1107 quod
1133 1046 1216 1093 est
1245 1036 1588 1106 simpliciter,
1618 1044 1673 1090 et
1706 1036 1841 1090 illud
1867 1035 2014 1105 quod

446 1141 528 1186 est
565 1131 863 1200 quomodo,
923 1128 1289 1181 diﬁerentiam
1331 1125 1590 1188 ostendit,
1645 1125 1904 1179 nimirum
1942 1124 2016 1178 ibi

446 1226 666 1293 quidem
700 1221 843 1286 quod
878 1221 1098 1274 Petrum
1149 1218 1424 1272 hominem
1452 1225 1628 1280 vocet,
1660 1217 1910 1270 absoluto
1965 1226 2018 1272 et

449 1312 728 1366 communi
768 1311 989 1363 nomine
1021 1307 1364 1374 suppositum
1412 1306 1704 1375 signiﬁcat,
1743 1305 1834 1361 hic
1883 1319 2015 1360 vero

449 1403 676 1470 protirio
713 1416 775 1452 ac
822 1398 1051 1451 relativo
1086 1397 1562 1465 dett-.rininatoque
1603 1398 1826 1451 nomine
1862 1413 2017 1452 cum-

448 1493 572 1546 detn
621 1492 900 1546 hominem
947 1499 1003 1543 et
1039 1490 1208 1542 tilium
1281 1505 1403 1544 esse
1439 1505 1503 1542 ex
1577 1489 1796 1542 homine
1858 1489 2015 1558 Jona,

449 1585 542 1654 qui
595 1595 678 1638 est
708 1582 809 1651 ipsi
845 1591 1017 1651 pater.
1075 1580 1318 1645 Utroque
1372 1579 1535 1650 igitur
1593 1580 1814 1634 nomine
1857 1581 2016 1635 aliter
2093 1625 2096 1628 .

449 1687 612 1745 atque
681 1675 839 1728 aliter
894 1673 1036 1726 idem
1083 1673 1356 1726 indicatur
1419 1691 1433 1727 :
1499 1673 1726 1726 relative
1781 1673 2012 1734 scilicet,

449 1735 613 1839 atque
661 1769 933 1832 absolute,
980 1780 1047 1820 eo
1080 1765 1225 1835 quod
1273 1775 1355 1820 est
1387 1765 1734 1834 simpliciter,
1769 1775 1825 1819 et
1872 1765 2018 1834 quod
2052 1735 2094 1790 Β

450 1872 554 1926 est,
589 1861 868 1931 quomodo
919 1859 1095 1913 solum
1138 1858 1344 1912 diﬁ‘crt.
1392 1857 1637 1913 Alterum
1673 1857 1832 1912 cnim
1873 1858 2021 1928 quod

453 1963 607 2008 caret
667 1950 1025 2014 habitudine,
1098 1950 1510 2016 substantiam,
1588 1951 1820 2004 alterum
1890 1965 2024 2004 vero

451 2046 718 2108 eamdem,
747 2052 802 2097 et
853 2043 918 2096 ad
954 2042 1162 2112 aliquid
1207 2043 1390 2112 aliquo
1424 2042 1586 2097 modo
1635 2058 1694 2098 se
1726 2042 2020 2098 habentem

449 2137 735 2206 signiﬁcat.
765 2133 1032 2199 Quoniam
1068 2134 1234 2204 igitur
1269 2149 1561 2189 commune
1597 2135 1918 2190 substantiae
1953 2135 2011 2190 in

435 2226 564 2280 'Deo
605 2235 715 2278 tres
761 2232 892 2279 sunt
927 2224 1270 2292 hypostases,
1301 2231 1357 2277 et
1411 2237 1705 2279 commune
1755 2223 1872 2293 ipsa
1909 2232 2020 2290 est,

451 2333 572 2388 quae
623 2318 925 2386 unicuique
965 2325 1021 2372 et
1070 2317 1288 2386 propria
1337 2326 1422 2370 est
1475 2316 1803 2382 substantia,
1851 2335 2020 2374 unum

451 2411 650 2478 quippe
675 2421 777 2472 est,
815 2409 960 2478 quod
996 2409 1124 2478 quid
1157 2419 1278 2463 erat
1304 2423 1426 2463 esse
1471 2409 1732 2475 trium,et
1763 2413 1905 2480 quod
1939 2423 2022 2469 est

453 2515 793 2569 unaquaeque
876 2501 1226 2570 hypostasis,
1297 2501 1403 2556 hoc
1477 2501 1875 2558 admirabiliter
1937 2517 2024 2562 est

451 2594 615 2645 etiam
648 2607 959 2646 commune.
994 2593 1172 2660 Atque
1198 2631 1213 2655 ,
1257 2600 1320 2646 ut
1354 2593 1432 2646 ait
1455 2590 1756 2662 Gregorius
1787 2593 2023 2651 Theolo-

452 2673 577 2756 gus,
621 2699 791 2739 unum
845 2685 968 2749 tria,
1015 2692 1071 2738 et
1119 2683 1227 2738 tria
1273 2699 1440 2738 unum
1473 2685 1528 2740 in
1563 2685 1764 2754 quibus
1805 2686 2020 2758 Deitas;

452 2777 537 2832 vel
595 2785 656 2831 ut
691 2776 938 2831 exactius
978 2777 1177 2841 dicam,
1210 2792 1331 2844 qua:
1371 2777 1474 2830 tria
1502 2777 1721 2834 .Deitas.
1753 2781 2024 2852 Unaquw-

453 2885 562 2940 que
609 2878 792 2923 autem
846 2867 1162 2938 hypostasis
1206 2868 1292 2922 vel
1343 2867 1528 2937 Pater,
1554 2871 1642 2925 vel
1693 2872 1883 2937 Filius,
1937 2875 2023 2929 vel

427 2963 694 3040 Spiritus
722 2970 950 3016 sanctus
989 2968 1094 3024 est,
1131 2969 1402 3031 quatenus
1432 2971 1487 3016 et
1515 2963 1746 3018 relative
1775 2965 1844 3019 ad
1888 2967 2028 3021 invi-

453 3069 572 3108 cem
627 3053 911 3108 dicuntur.
965 3052 1136 3107 Porro
1195 3051 1504 3122 hypostasis
1557 3068 1848 3112 commune
1897 3073 2094 3144 cumc

453 3145 678 3215 proprio
701 3145 844 3199 dicta
863 3153 967 3208 est,
993 3141 1346 3198 manifeswm
1373 3144 1521 3214 quod
1542 3161 1877 3218 unaquaeque
1902 3164 2028 3218 pcr-

454 3252 715 3293 sonarum
742 3236 1050 3292 substantia
1097 3243 1154 3289 et
1177 3235 1490 3306 bypostasis
1531 3249 1632 3292 est.
1658 3238 2027 3306 Quemadmo-

453 3328 584 3384 dum
597 3331 742 3384 enim
763 3328 877 3398 ipsa
897 3327 1060 3381 trium
1078 3327 1380 3383 substantia
1399 3327 1669 3399 suntlipsae
1687 3326 2027 3402 liypnstases,

455 3421 528 3477 ita
544 3435 885 3491 unaquaeque
901 3422 1284 3490 hypostaseum
1321 3421 1654 3488 substantia,
1687 3433 1744 3478 et
1765 3425 2025 3495 hyposta-

459 3515 560 3569 sis.
595 3501 689 3568 Est
715 3514 878 3584 igitur
909 3511 1054 3566 idem
1084 3512 1472 3580 substantiam,
1492 3526 1545 3568 et
1560 3516 1920 3586 hypostasim,
1945 3517 2028 3571 di-

456 3622 580 3662 cere
593 3607 893 3662 secundum
908 3619 1045 3670 rem,
1066 3605 1281 3674 ett-aliud
1302 3605 1688 3673 substantiam,
1707 3618 1868 3678 atque.
1880 3609 2026 3663 aliud

459 3700 796 3770 hyposmsim
836 3697 1141 3752 secundum
1184 3698 1476 3764 rationein,
1511 3698 1796 3755 diﬁ‘erente
1853 3704 2028 3755 nomi-

457 3808 610 3858 num,
635 3807 743 3845 non
773 3807 957 3846 rerum
991 3791 1414 3860 signiﬁcatione,
1443 3801 1499 3846 et
1528 3801 1819 3862 utrumque
1840 3809 2028 3848 verum

457 3894 560 3938 est.
597 3882 714 3937 Non
740 3882 886 3936 enim
913 3884 1218 3936 secundum
1257 3883 1402 3936 idem
1445 3890 1500 3936 et
1533 3884 1714 3948 ambo,
1755 3895 2029 3954 quatenus

461 3972 770 4028 substantia
790 3971 1016 4041 quidem
1033 3986 1324 4027 commune
1343 3973 1613 4044 signiﬁcat
1636 3991 1650 4038 ;
1669 3985 1722 4030 et
1738 3976 1883 4045 quod
1899 3972 2030 4046 qu'id

458 4075 576 4119 erat
611 4079 751 4129 esse,
804 4063 1117 4134 hypostasis
1151 4075 1331 4118 autem
1372 4065 1512 4119 idem
1544 4066 1612 4119 ad
1655 4066 1860 4137 aliquid
1890 4085 2029 4138 quo-

458 4157 583 4208 dam
612 4155 775 4208 modo
821 4170 879 4209 se
907 4155 1139 4219 habens,
1175 4155 1260 4210 vel
1294 4171 1393 4226 per
1426 4156 1648 4212 modum
1695 4162 2028 4229 generantis,

459 4247 544 4300 vel
574 4245 766 4316 geniti,
822 4248 936 4302 sive
975 4246 1367 4317 producentis,
1399 4256 1454 4303 ct
1493 4249 1871 4319 procedentis.
1905 4249 2028 4307 Haec

461 4347 692 4393 testatur
755 4339 987 4408 primum
1064 4340 1287 4409 quidem
1361 4355 1590 4411 magnus
1653 4341 2026 4408 Athanasius,

459 4431 654 4485 deinde
699 4439 820 4500 post
857 4447 981 4485 eum
1015 4432 1174 4487 divus
1216 4431 1480 4486 Maximus
1521 4433 1707 4486 eadem
1741 4434 1932 4489 dicens
1970 4434 2024 4488 in
2060 4434 2100 4489 D

459 4507 671 4593 dialogo
725 4525 794 4576 ad
821 4523 1178 4594 _Ilissimilem.
1208 4523 1342 4577 Cum
1382 4525 1527 4578 enim
1559 4525 1858 4580 Anommus
1901 4529 2028 4597 (hoc

458 4629 544 4672 est
588 4615 896 4680 Dissimilis)
942 4615 1184 4676 dixisset,
1239 4615 1399 4668 Aliud
1461 4626 1545 4669 est
1597 4618 1917 4683 substantia,
1974 4625 2029 4672 et

462 4712 608 4765 aliud
697 4709 1061 4781 hypostasis,
1136 4707 1297 4762 divus
1370 4707 1637 4761 Maximus
1689 4709 2024 4778 respondet:

465 4823 482 4854 ι
528 4801 690 4857 Aliud
744 4815 906 4870 atque
951 4799 1097 4852 aliud
1135 4815 1240 4852 non
1305 4807 1559 4868 tanquam
1612 4815 1733 4864 res;
1775 4818 1793 4849 ι
1853 4814 2029 4866 eoque

459 4896 700 4956 dicente,
754 4911 772 4943 ι
826 4893 996 4962 Igitur
1055 4890 1402 4960 compositio,
1440 4909 1456 4941 ι
1525 4900 1746 4944 sanctus
1805 4889 1970 4944 infert
2013 4907 2027 4944 :

464 5005 483 5036 ι
526 4986 688 5040 Aliud
751 4996 806 5039 et
863 4985 1012 5039 aliud
1060 4985 1194 5047 dixi,
1242 5001 1350 5038 non
1389 4995 1449 5036 ut
1490 4999 1598 5052 res,
1630 4984 1723 5037 sed
1772 4994 2028 5053 tanquam

461 5079 606 5132 aliud
633 5078 901 5146 signiticet
932 5075 1267 5138 substantia,
1299 5086 1354 5130 et
1387 5074 1538 5134 aliud
1583 5075 1893 5143 hypostasis
1926 5094 1937 5128 :
1972 5087 2032 5131 ut

461 5183 687 5236 granum
718 5167 975 5221 frumenti
1006 5167 1230 5230 dicitur,
1262 5175 1425 5220 etest
1467 5181 1676 5227 semen,
1707 5175 1763 5219 et
1793 5166 2029 5233 fructus,

461 5259 718 5328 aliudque
755 5259 1024 5328 signiﬁcat
1049 5274 1260 5322 semen,
1290 5267 1343 5312 et
1375 5258 1521 5311 aliud
1561 5260 1794 5313 fructus.
1831 5279 1847 5310 ι
1887 5260 2033 5313 Con-

462 5352 665 5406 cedcns
708 5351 874 5419 igitur
924 5359 1147 5404 sanctus
1181 5349 1254 5403 ibi
1303 5349 1639 5420 hypostasiln
1688 5349 1863 5404 Patris
1904 5349 2035 5403 sub-

463 5443 720 5496 stantiam
759 5457 878 5496 esse
925 5457 991 5495 ac
1059 5441 1338 5502 deitatem,
1382 5456 1489 5493 non
1545 5450 1723 5510 tamen
1783 5445 2034 5495 concedit

464 5531 602 5587 duas
645 5548 766 5588 esse
831 5533 1084 5596 deitates,
1146 5542 1202 5584 ut
1236 5531 1372 5584 duas
1418 5531 1757 5602 hypostases,
1789 5548 1856 5586 eo
1888 5532 2032 5599 quod

467 5617 608 5669 idem
640 5633 747 5670 non
791 5618 981 5671 eodem
1024 5621 1183 5672 modo
1220 5618 1488 5688 signiﬁcet
1525 5620 1718 5683 dcitas,
1767 5632 1822 5674 et
1870 5615 2038 5690 hypo4

467 5707 653 5762 stasis.
694 5725 710 5756 ι
752 5707 932 5762 Deitas
962 5710 1105 5764 enim
1138 5711 1284 5778 quod
1331 5713 1459 5781 quid
1494 5719 1611 5766 erat
1657 5728 1794 5776 esse,
1830 5713 2026 5781 inquit,

1718 274 2098 334 DEMETRII
2138 274 2456 335 CYDONII

3522 273 3596 336 872

2123 395 2261 458 πῶς·
2297 395 2491 464 ὥσπερ
2523 394 2551 446 6
2581 391 2758 460 δεξιός
2800 393 3104 464 ἄνθρωπος
3126 393 3220 470 τοὺ
3257 392 3418 456 ἁπλῶς
3441 397 3598 466 ἀνθρὼ-

2121 503 2223 539 που
2258 486 2404 539 κατὰ
2457 488 2518 538 τὸ
2567 486 2758 548 ἁπλῶς
2810 486 3052 548 καὶπῶς
3077 487 3338 556 διαφέρει.
3380 487 3512 541 Ἀλλὰ
3537 491 3604 542 καὶ

2117 579 2146 631 6
2185 577 2396 647 Πέτρος
2429 583 2522 631 καὶ
2550 577 2838 647 ἄνθρωπός
2867 579 2983 630 ἐστι
3014 578 3105 629 καὶ
3129 577 3240 639 υίὸς
3269 578 3351 631 τοῦ
3377 579 3518 631 Ἰωνᾶο
3541 580 3606 634 καὶ

2119 671 2218 740 οὑχ
2255 669 2445 739 ἕτερον
2487 671 2584 739 μὲν
2631 670 2890 739 σημαίνει
2932 673 2959 722 6
2991 669 3084 721 τὸν
3131 671 3288 722 αὑτὸν
3333 671 3502 739 Πέτρον
3539 672 3602 725 ᾶνο

2121 764 2345 833 θρωπον
2377 765 2578 834 λέγων,
2622 763 2814 840 ἕτερον
2844 764 2899 816 δὲ
2934 765 3068 818 ὅταν
3103 763 3194 817 τὸν
3237 763 3388 815 αὐτὸν
3427 765 3504 814 καὶ
3528 763 3604 813 υἱὸν

2118 856 2216 910 τοῦ
2257 858 2432 910 Ἰωνᾶ.
2478 857 2638 911 Κατὰ
2688 857 2747 910 δὲ
2794 856 2854 909 τὸ
2889 856 3080 920 ἁπλῶς
3111 857 3206 909 καὶ
3242 855 3350 918 πῶς
3389 855 3521 926 μόνον
3540 856 3606 922 τὴν

2119 950 2390 1021 διαφορὰν
2447 950 2823 1002 ἐνδείκνυται·
2883 948 3132 1018 δηλονότι
3185 950 3298 1001 ἐκεῖ
3329 949 3415 1017 μὲν
3453 947 3523 1000 διὰ
3544 945 3606 999 τοῦ

2121 1043 2214 1096 τὸν
2247 1043 2456 1112 Πέτρον
2495 1042 2786 1112 ἄνθρωπον
2822 1042 3002 1094 εἰπεῖν
3031 1039 3408 1108 ἀπολελυμένῳ
3429 1041 3508 1090 καὶ
3535 1052 3612 1089 κοι-

2120 1136 2194 1203 νῷ
2234 1137 2461 1204 ὀνόματι
2519 1135 2577 1188 τὺ
2613 1134 2988 1203 ὑποκείμενον
3042 1131 3336 1202 σημαίνει·
3365 1127 3558 1181 ἐνταῦθα
3574 1127 3610 1178 δὲ

2124 1226 2242 1297 ίδίῳ
2295 1228 2392 1280 καὶ
2450 1225 2776 1296 ἀναφορικῷ
2829 1225 2926 1277 καὶ
2982 1223 3273 1292 ὡρισμένῳ
3330 1221 3523 1289 ὀνόματι
3554 1219 3613 1271 τὶν

2121 1319 2284 1372 αὑτὸν
2312 1317 2604 1387 ἄνθρωπον
2652 1319 2748 1369 καὶ
2809 1317 2924 1369 υίὸν
2977 1312 3119 1368 εἷναι
3163 1316 3220 1380 ἐξ
3263 1314 3518 1385 ἀνθρώπου
3551 1310 3611 1362 τοῦ

2131 1411 2287 1463 Ἰωνᾶ
2351 1410 2558 1480 πατρὸς
2617 1409 2772 1471 ὑντος
2830 1409 3000 1478 αὑτῷ.
3062 1403 3143 1460 Δι’
3203 1409 3393 1477 ἀμφοῖν
3440 1403 3516 1458 οὖν
3540 1404 3615 1456 τῶν

2117 1501 2399 1570 ὀνομάτων
2443 1501 2620 1562 ἄλλως
2678 1499 2773 1552 καὶ⁵
2834 1499 3011 1561 ἄλλως
3069 1500 3131 1551 τὸ
3169 1498 3300 1551 αὑτὸ
3337 1495 3613 1565 ἐμφαίνεται,

2119 1593 2473 1664 ἁναφορικῶς
2545 1591 2790 1661 δηλονότι
2849 1591 2946 1644 καὶ
3002 1590 3440 1659 ἀπολελυμένως·
3483 1583 3546 1652 τῷ
3581 1582 3617 1633 δὲ

2124 1684 2312 1747 ἁπλῶς
2348 1685 2444 1737 καὶ
2475 1682 2596 1746 πῶς
2635 1681 2886 1751 διαφέρει
2926 1681 3113 1750 μόνον.
3142 1681 3218 1734 Τὸ
3249 1679 3344 1747 μὲν
3371 1678 3466 1744 γὰρ
3499 1677 3614 1741 ἄσχε-

2121 1794 2214 1830 τον
2233 1776 2424 1828 οὑσίαν
2453 1775 2632 1843 δηλοῖ,
2665 1774 2726 1825 τὸ
2756 1773 2813 1826 δὲ
2838 1772 2936 1842 τὴν
2979 1773 3154 1838 αὐτὴν
3176 1772 3272 1824 καὶ
3300 1768 3428 1838 πρὸς
3468 1784 3512 1818 τι
3541 1764 3618 1824 πῶς

2123 1870 2378 1940 ἔχουσαν.
2422 1866 2576 1920 Ἐπεὶ
2631 1866 2814 1918 τοίνυν
2849 1864 2910 1916 τὸ
2963 1863 3144 1915 κοινὸν
3197 1865 3294 1932 τῆς
3353 1857 3515 1918 οὐσίαις
3555 1856 3617 1906 ἐπὶ

2121 1962 2259 2015 Θεοῦ
2327 1961 2383 2014 αι
2441 1961 2593 2028 τρεῖς
2655 1959 2796 2010 είσιν
2837 1955 3194 2018 ὑποστάσεις,
3252 1953 3344 2005 καὶ
3395 1951 3449 2003 τὸ
3497 1946 3622 2000 κοινὸν

2121 2054 2260 2124 αὐτή
2303 2053 2473 2115 ἐστιν,
2507 2051 2630 2120 ἥτις
2672 2049 2892 2118 ἑκάστῳ
2923 2048 3019 2100 καὶ
3057 2045 3189 2108 ἴδιος
3218 2037 3620 2108 «summam

2119 2145 2175 2214 τί
2200 2140 2270 2214 ἦν
2300 2140 2439 2195 εἶναι
2470 2139 2578 2194 τῶν
2609 2139 2798 2209 τριῶν,
2828 2138 2918 2191 καὶ
2941 2137 3077 2206 ὅπερ
3109 2136 3314 2203 ἑκάστη
3339 2131 3479 2185 τοῦτο
3496 2143 3624 2197 παραυ

2121 2236 2288 2302 δόξως
2319 2234 2415 2287 καὶ
2437 2233 2618 2286 κοινὸν
2657 2230 2754 2284 καὶ
2801 2229 2877 2291 ὥς
2917 2245 3082 2297 φησιν
3129 2230 3154 2280 ό
3197 2226 3438 2292 θεολόγος
3474 2219 3624 2291 Γρηγό-

2126 2344 2261 2398 ριος,
2305 2325 2362 2378 ἓν
2391 2326 2459 2377 τὰ
2495 2324 2646 2392 τρία,
2695 2321 2787 2375 καὶ
2823 2321 2891 2374 τὰ
2922 2321 3048 2387 τρία
3081 2317 3160 2382 ἓν,
3192 2319 3252 2369 ὲν
3283 2310 3361 2378 οἷς
3402 2316 3431 2383 ἡ
3470 2312 3625 2377 θεότης,

2122 2419 2242 2490 ἢτό
2269 2435 2332 2486 γε
2359 2416 2752 2485 ἀκριϐέστερον
2783 2416 2982 2476 είπεῑν,
3019 2411 3054 2465 δι
3087 2414 3119 2483 ἡ
3159 2410 3372 2478 θεότης,
3405 2405 3570 2471 ἑκάστη
3590 2401 3627 2451 δὲ

2124 2509 2232 2563 τῶν
2264 2507 2617 2584 ὑποστάσξων
2664 2505 2699 2575 ἢ
2733 2505 2948 2572 Πατὴρ,
2981 2504 3013 2572 ἦ
3047 2502 3198 2566 Υἱὸς,
3234 2501 3268 2572 ἢ
3299 2498 3501 2567 Πνεῦμα
3523 2495 3630 2562 ἅγιόν

2124 2601 2263 2666 ἐστι,
2303 2598 2440 2652 καθὸ
2485 2599 2578 2651 καὶ
2611 2595 2963 2664 ἀναφορικῶς
2995 2590 3132 2662 πρὸς
3164 2591 3378 2659 ἄλληλα
3421 2589 3627 2654 λέγονται.

2125 2693 2424 2754 ὑπόστασις
2453 2689 2509 2744 δὲ
2538 2690 2598 2743 τὸ
2651 2687 2830 2741 κοινὸν
2868 2685 3008 2757 μετὰ
3056 2683 3151 2737 τοῦ
3207 2684 3488 2748 ίδιάζοντος
3525 2677 3634 2744 εἴρη-

2123 2797 2239 2836 ταιο
2272 2783 2508 2852 φανερὸν
2551 2781 2625 2843 ὡς
2656 2779 2766 2832 τῶν
2798 2776 3106 2847 προσώπων
3139 2775 3373 2830 ἕκαστον
3417 2769 3552 2825 οὐσία
3569 2764 3632 2819 καὶ

2127 2872 2422 2936 ὑπόστασις
2463 2873 2631 2924 ἐστιν.
2674 2870 2890 2939 Ὠσπερ
2952 2868 3056 2936 γὰρ
3091 2866 3236 2937 αὑτὴ
3298 2864 3462 2936 ἡτῶν
3515 2857 3632 2931 τριῶν

2127 2962 2284 3018 οὑσία
2333 2965 2388 3016 αί
2451 2961 2779 3023 ὑποστάσεις
2833 2959 3024 3025 ἐστὶν,
3083 2959 3265 3022 οὕτως
3348 2956 3528 3020 ἑκάστη
3557 2949 3632 3003 τῶν

2131 3055 2481 3110 ὑποστάσεων
2533 3054 2688 3107 οὐσία
2749 3054 2844 3106 καὶ
2910 3051 3215 3115 ὑπόστασις
3295 3052 3451 3120 ἐστιν.
3500 3045 3633 3098 Ἔστιν

2129 3150 2238 3220 ἄρα
2299 3148 2359 3201 τδ
2419 3148 2549 3200 αὐτὸ
2607 3145 2793 3200 οὐσίαν
2855 3145 2948 3198 καὶ
2984 3145 3292 3200 ὑπόστασιν
3334 3143 3494 3197 εἰπεῖν
3536 3135 3632 3190 κατὰ

2127 3240 2190 3294 τδ
2249 3240 2528 3310 πρᾶγμα,
2594 3238 2690 3290 καὶ
2754 3236 2884 3290 ἄλλο
2950 3237 3138 3289 οὐσίαν
3209 3237 3306 3290 καὶ
3379 3235 3496 3291 alio
3547 3229 3635 3284 6:6-

2132 3345 2322 3382 στασιν
2375 3327 2516 3380 κατὰ
2557 3331 2649 3380 τὸν
2719 3326 2899 3394 λόγον,
2962 3327 3228 3395 διαφόρου
3274 3328 3370 3397 τῆς
3416 3325 3511 3377 τῶν
3554 3320 3632 3372 ὀνο·

2133 3423 2346 3491 μάτων,
2396 3421 2458 3473 οὑ
2510 3419 2626 3473 τῶν
2675 3419 3023 3488 πραγμάτων
3055 3421 3340 3488 σημασίας
3384 3417 3548 3486 οὔσης,
3575 3412 3634 3464 καὶ

2130 3514 2390 3583 ἑκάτερον
2429 3511 2647 3581 ἀληθές.
2688 3513 2761 3565 Οὐ
2803 3512 2917 3580 γὰρ
2946 3510 3084 3563 κατὰ
3116 3512 3182 3563 τὸ
3214 3513 3346 3564 αὑτὸ
3384 3513 3469 3564 καὶ
3500 3508 3631 3574 ἄμφω»

2129 3605 2324 3673 ἐφόσον
2359 3607 2392 3674 ἡ
2435 3606 2534 3674 μὲν
2578 3605 2737 3658 οὐσία
2792 3603 2854 3656 τὸ
2898 3604 3079 3656 κοινόν
3125 3605 3309 3675 δηλοῖ,
3348 3603 3438 3657 καὶ
3471 3584 3576 3653 τὸτί
3593 3590 3636 3663 ἦν

2130 3691 2291 3760 εῖναι,
2349 3698 2383 3766 ἡ
2426 3697 2482 3749 δὲ
2537 3697 2836 3756 ὑπόστασις
2895 3695 2956 3747 τὸ
3008 3695 3141 3748 αὐτὸ
3207 3699 3305 3750 καὶ
3336 3684 3635 3768 πρόςτιπῶς

2131 3788 2334 3859 ἕχον,ἢ
2367 3789 2728 3857 γεννητικῶς,
2763 3787 2794 3858 ἦ
2829 3787 3130 3857 γεννητῶς,
3167 3788 3206 3860 ἦ
3244 3777 3635 3859 προσλητικῶς,ἢ

2133 3881 2482 3951 προϐλητῶς.
2521 3883 2807 3950 Μαρτυρεῖ
2834 3862 3050 3943 τούτοις
3083 3883 3312 3950 πρῶτον
3349 3882 3440 3951 μὲν
3465 3879 3489 3930 6
3515 3877 3636 3945 μέγας

2145 3971 2489 4037 Ἀθανὰσιο;,
2521 3973 2641 4043 μετ’
2683 3975 2894 4025 ἐκεῖνον
2933 3973 2987 4025 δὲ
3021 3974 3114 4026 καὶ
3145 3975 3177 4026 ὁ
3219 3973 3483 4033 θειότατος
3521 3962 3638 4027 Μάξῑα

2135 4080 2253 4134 μσς,
2280 4065 2451 4118 ταυτα
2481 4064 2655 4132 λέγων
2687 4067 2743 4117 ὲν
2775 4064 2850 4133 τῷ
2873 4065 3318 4136 πρὸςἉνόμιον
3336 4055 3636 4133 ἃιαλόγῳ.Τοὲ

2131 4152 2241 4222 γὰρ
2282 4156 2542 4223 Ἀνομοου
2578 4154 2846 4219 είπόντος,
2901 4173 2919 4206 t
2974 4156 3137 4208 Ἀλλο
3195 4160 3362 4212 ἐστὶν
3410 4148 3545 4211 0-53":
3575 4147 3637 4202 καὶ

2131 4243 2257 4297 ἄλλο
2291 4246 2609 4310 ὑπόστασις,
2657 4262 2676 4296 ι
2742 4247 2770 4296 6
2804 4245 2942 4308 Θεῖος
2999 4247 3262 4317 Μάξιμος
3309 4246 3632 4316 ἀποκρίνεται.

2141 4354 2159 4387 ι
2185 4335 2348 4388 Ἀλλο
2380 4338 2475 4388 καὶ
2501 4336 2625 4390 ἄλλο
2654 4337 2753 4406 οὑχ
2791 4337 2864 4400 ὡς
2896 4341 3152 4408 πρᾶγμα·
3189 4360 3208 4392 ι
3253 4341 3494 4394 κάκείνου
3514 4331 3636 4388 εἰκόνι

2129 4442 2242 4488 τος,
2266 4444 2284 4476 ι
2313 4426 2522 4479 Οὐκοῦν
2557 4426 2824 4488 σύνθεσις·
2843 4446 2860 4478 ι
2897 4429 2924 4478 6
2953 4429 3107 4494 ἆγιος
3139 4431 3362 4499 ἐπάγει,
3392 4429 3558 4480 «Ἄλλο
3576 4422 3634 4472 καὶ

2130 4515 2256 4570 ἄλλο
2311 4511 2488 4581 εἷπον,
2542 4518 2638 4586 οὑχ
2683 4519 2758 4578 ὼς
2789 4519 3042 4586 πρᾶγμα,
3093 4519 3216 4573 ἀλλ’
3247 4522 3324 4582 ὡς
3360 4519 3481 4575 ἄλλο
3511 4534 3552 4569 τι
3577 4528 3620 4579 σι

2135 4607 2432 4676 μαινούσςς
2480 4608 2577 4676 τῆς
2612 4607 2819 4673 οὐσίας,
2855 4609 2950 4660 καὶ
2995 4609 3126 4663 ἄλλο
3173 4613 3279 4680 τῆς
3318 4611 3634 4664 ὑποστάσεως⁸

2129 4698 2205 4763 ὡς
2239 4703 2265 4754 6
2308 4699 2512 4762 κόκκος
2535 4701 2624 4752 τοῦ
2664 4701 2812 4752 σίτου
2842 4701 3060 4767 λέγεται
3088 4706 3183 4754 καὶ
3217 4703 3336 4756 ἔστι
3369 4704 3560 4769 σπέρμα
3579 4692 3636 4746 κλὶ

2131 4792 2364 4860 καρπὸς,
2399 4792 2525 4845 ἄλλο
2573 4793 2630 4844 δέ
2668 4809 2722 4843 τι
2758 4793 3014 4860 σημαίνει
3053 4794 3113 4845 τὸ
3156 4795 3407 4864 σπέρμα,
3439 4791 3520 4845 καὶ
3553 4785 3634 4838 ἄλλο

2131 4885 2159 4935 6
2191 4884 2422 4952 καρπός.
2467 4901 2484 4934 ι
2520 4885 2810 4953 Συγχορῶν
2857 4883 2949 4939 οὖν
2997 4889 3025 4938 6
3069 4887 3229 4954 ἅγιος
3286 4890 3401 4941 ἐκεῖ
3427 4883 3514 4955 τὴν
3549 4872 3634 4932 ὑφ

2136 4992 2327 5027 στασιν
2367 4973 2460 5026 τοῦ
2498 4976 2711 5042 Πατρός
2765 4977 2953 5030 οὐσίαν
3007 4975 3145 5031 εἶναι
3203 4979 3302 5030 καὶ
3352 4961 3633 5042 θεότηταιοδ

2133 5065 2348 5118 δίδωσιν
2398 5069 2547 5136 ὅμως
2597 5065 2697 5120 δύο
2746 5069 3008 5137 Θεότητας
3037 5065 3204 5132 εἶναι,
3241 5069 3433 5136 ὥσπερ
3463 5059 3636 5119 miti?

2138 5159 2358 5222 στάσεις
2409 5162 2501 5213 δύο
2536 5201 2550 5225 ,
2593 5161 2679 5214 διὰ
2716 5162 2775 5214 τὺ
2830 5164 2963 5216 αὑτὸ
3004 5163 3080 5234 μὴ
3144 5165 3366 5225 ταυτῶς
3393 5157 3560 5229 δηλοῦν
3577 5148 3632 5212 τίν

2137 5251 2366 5322 Θεότητα
2402 5256 2494 5303 καὶ
2525 5253 2622 5320 τὴν
2659 5254 2982 5309 ὑπόστασιν.
3030 5253 3092 5306 Ἦ
3147 5255 3251 5320 μὲν
3287 5257 3395 5322 γὰρ
3425 5236 3635 5312 ίὶεοττιςτξ

2172 5345 2185 5382 τ
2239 5340 2260 5360 τ
2372 5339 2392 5358 ν
2699 5346 2709 5362 .
3215 5347 3226 5362 ς
3307 5347 3318 5364 ι
3437 5359 3464 5372 -
3531 5351 3566 5370 ,ν
3621 5330 3632 5374 ὶ

2135 5361 2186 5396 τ.
2237 5362 2304 5414 ην
2344 5361 2484 5397 ειναι
2536 5362 2816 5414 σημαίνει,
2874 5348 3062 5415 φησὶν,
3109 5347 3140 5415 ἡ
3179 5345 3237 5398 δε
3297 5345 3563 5397 υπόσ.ασ.ν
3601 5344 3618 5377 τ

2135 5433 2297 5490 εἶναι.
2328 5439 2386 5488 Ei
2418 5433 2509 5490 οὖν
2566 5439 2658 5488 καὶ
2707 5437 2854 5489 ἔστιν
2905 5441 3080 5492 ἐκεῖνο
3114 5439 3171 5489 τὺ
3211 5432 3378 5499 εἶναι,
3425 5433 3512 5486 καὶ
3547 5415 3632 5479 tbi:

2135 5524 2202 5598 ἦν
2234 5526 2371 5581 εἶναι
2406 5530 2463 5581 τὸ
2498 5530 2651 5594 αὑτὸ,
2680 5531 2802 5582 ἀλλ’
2836 5532 2916 5584 ὅτι
2951 5533 2984 5601 ἠ
3026 5531 3121 5601 μὲν
3150 5530 3448 5588 ὑπόστασις
3469 5524 3523 5576 τὸ
3547 5516 3632 5571 sine:

2137 5623 2288 5691 δηλοῖ
2316 5621 2408 5674 τοῦ
2460 5622 2625 5675 αὑτοῦ
2677 5625 3025 5692 πράγματος,
3059 5625 3089 5694 ἡ
3122 5624 3176 5676 δὲ
3223 5615 3413 5690 Θεότης
3438 5616 3493 5671 τὸ
3524 5603 3632 5674 sli,»

2141 5717 2172 5784 ἡ
2212 5716 2309 5784 μὶν
2346 5715 2535 5786 Οεὸτῃς
2563 5714 2636 5779 ὡς
2669 5716 2730 5768 τὸ
2784 5714 2960 5769 κοινὸν
3003 5714 3366 5785 λαμσσὶνετσι,
3405 5712 3434 5780 ἡ
3469 5706 3516 5760 δὲ
3545 5696 3639 5754 ὕπέ⁶

3224 5931 3284 5975 σο
