3862 6218
275 347 381 411 873

1196 342 1293 402 DE
1334 338 1857 401 l‘ROCESSlONE
1901 338 2263 399 SPIRITUS
2301 337 2593 397 SANCTl.

3402 335 3505 399 876

276 468 468 515 στασις
498 452 569 514 ὡς
602 451 659 504 τὸ
696 450 843 505 ἴδιον.
886 451 1044 504 Ἐπεὶ
1076 451 1187 503 τῶν
1217 452 1578 503 ὑποστάσεων
1617 450 1779 519 ἡμῶν
1815 452 1841 499 6

1967 453 2257 521 typostasis
2324 462 2505 503 autem
2572 448 2861 502 etsistere.
2917 446 3172 513 Quamvis
3238 448 3401 517 igitttr
3441 454 3515 509 sit

271 547 367 617 μὲν
392 543 488 597 τοῦ
522 542 575 597 τί
622 540 690 613 ἦν
732 538 869 596 εἶναι
919 542 1075 610 λόγος
1125 544 1153 595 6
1182 543 1363 603 αὐτὸς,
1405 543 1435 594 6
1467 542 1523 594 δὲ
1556 540 1647 594 τοῦ
1696 536 1840 592 εἶναι

271 639 481 707 ἔτερος·
514 638 542 688 ὁ
572 634 669 705 μὲν
702 634 810 704 γὰρ
837 635 933 688 τοῦ
961 635 1014 689 τί
1053 629 1121 705 ἦν
1170 629 1306 687 εἶναι
1351 633 1507 701 λόγος
1549 633 1703 701 ἡμῶν
1732 633 1832 701 τῆς

274 728 461 789 οὐσίας
517 726 697 796 ἡμῶν,
742 725 842 778 εἴτ’
891 724 986 779 οὖν
1037 724 1134 779 τοῦ
1165 725 1342 787 εἴδους
1394 724 1622 795 ὁρισμός
1643 725 1792 777 ἐστιν
1822 740 1836 754 ο

275 819 303 871 6
331 819 385 871 δὲ
457 815 551 870 τοῦ
603 812 742 871 εἶναι
787 817 945 885 λόγος
989 818 1285 888 ὑπογραφὴ
1336 832 1421 879 τις
1473 818 1537 869 ὲκ
1566 817 1677 869 τῶν
1700 816 1842 869 κατὰ

278 907 630 979 συμϐεϐηκὸς
661 908 770 963 ἀπὸ
802 910 910 961 τῶν
950 908 1052 977 τῆς
1086 909 1218 977 ὕλης
1256 909 1540 978 ίδιοτήτων
1564 908 1841 978 λαμϐανό-

281 1016 460 1068 μενος.
497 999 708 1070 Διόπερ
752 1000 960 1062 ἐκεῖνος
990 1000 1089 1069 μὲν
1134 996 1213 1063 εἷς
1242 1000 1335 1053 ἐπὶ
1381 1002 1620 1066 πάντων,
1648 1000 1709 1053 τὸ
1736 1001 1842 1068 γὰρ

281 1086 419 1154 εἶδος
453 1091 533 1143 ἒν·
560 1085 712 1154 οὗτος
736 1091 791 1143 δὲ
824 1091 999 1154 ἄλλως
1030 1092 1210 1155 ἄλλοις
1238 1093 1553 1146 ἀποδίδοτχι
1581 1093 1721 1145 κατὰ
1744 1093 1843 1161 τὴν

280 1188 377 1253 τῆς
411 1183 542 1253 ὕλης
576 1183 906 1253 άτομότητα,
941 1187 974 1255 ἢ
1004 1184 1277 1254 διαφόρως
1303 1184 1397 1236 καὶ
1444 1183 1625 1245 ἄλλοις
1666 1183 1844 1245 άλλως

273 1274 577 1330 ἐπιϐάλλει.
628 1276 783 1327 Ἐπεὶ
815 1276 870 1327 δὲ
910 1278 969 1327 ἐν
1000 1275 1078 1345 τῷ
1104 1274 1222 1344 Θεῷ
1247 1276 1348 1327 οὑκ
1379 1276 1527 1327 ἔστιν
1568 1276 1690 1343 ὕλη,
1722 1275 1842 1328 οὐδὲ

274 1367 344 1417 τὰ
377 1363 436 1428 ἐξ
466 1364 713 1434 ἀνάγκης
761 1365 1005 1435 ἑπόμενα
1046 1366 1183 1435 αὐτῇ
1221 1364 1635 1436 συμΰεόηκότα,
1662 1365 1845 1418 λείπε-

272 1473 366 1508 ται
395 1456 454 1509 τὸ
490 1456 543 1506 τί
590 1452 656 1525 ἦν
694 1453 833 1508 εἶναι
873 1456 972 1507 καὶ
1038 1457 1098 1509 τὸ
1157 1454 1297 1509 εἶναι
1338 1457 1537 1509 ταυτὸν
1584 1450 1725 1509 εἶναι
1758 1458 1844 1509 ἐπ’

274 1547 463 1601 αὑτοῦ.
506 1548 675 1615 Δῆλον
730 1544 823 1600 οὖν
864 1549 929 1600 ὲκ
970 1546 1077 1599 τῶν
1133 1548 1448 1617 εἰρημένων
1505 1546 1650 1599 τοῦτ’
1707 1541 1846 1599 εἶναι

278 1640 379 1707 τὴν
433 1638 624 1689 οὐσίαν
679 1638 817 1707 ὅπερ
857 1638 950 1689 καὶ
1005 1638 1103 1706 τὴν
1164 1638 1483 1689 ὑπόστασινο
1529 1638 1634 1688 κάν
1671 1638 1847 1707 τούτῳ

287 1731 447 1798 μόνον
480 1729 783 1798 διαφέρειν,
815 1730 897 1781 ὅτι
939 1730 972 1797 ἡ
1022 1730 1121 1797 μὲν
1161 1728 1318 1781 οὐσία
1364 1727 1765 1797 ἀπολελυμένον
1794 1746 1848 1781 τι

1944 541 2077 595 illud
2135 542 2399 596 exsistere
2462 540 2604 595 idem
2669 540 2812 607 quod
2852 539 2984 611 quid
3039 551 3157 595 erat
3207 557 3371 609 esse,
3418 544 3512 599 sed

1943 631 2071 703 quia
2126 631 2437 701 ltypostasis
2491 631 2711 700 quidem
2772 646 2892 686 esse
2951 632 3220 701 signiﬁcat
3269 636 3515 705 ejusdem

1946 722 2072 786 rei,
2125 721 2311 777 Deitas
2364 737 2494 776 vero
2563 722 2707 791 quod
2768 721 2898 791 quid
2959 732 3078 777 erat
3128 738 3287 788 esse,
3335 725 3519 780 Deitas

1943 813 2164 885 quidem
2215 821 2274 866 ttt
2336 828 2628 868 commune
2692 813 2981 883 accipitur,
3016 814 3321 886 hypostasis
3386 833 3519 871 vero

1946 915 2007 961 ut
2060 905 2364 975 proprium.
2444 906 2709 971 Quoniam
2776 916 3086 961 nostrarum
3155 908 3519 978 Itypostaseon

1945 998 2193 1054 deﬁnitio
2255 997 2401 1066 quod
2458 998 2587 1066 quid
2645 1006 2759 1051 erat
2816 1012 2937 1052 esse
2987 998 3296 1067 signiﬁcans
3327 1000 3519 1054 eadem

1945 1099 2051 1156 est,
2103 1090 2349 1144 deﬁnitio
2381 1106 2511 1146 vero
2557 1090 2888 1144 exsistentia:
2924 1090 3049 1145 alia.
3087 1091 3338 1145 Deﬁnitio
3370 1094 3519 1145 enim

1946 1180 2065 1247 ejus
2116 1181 2261 1249 quod
2327 1178 2456 1248 quid
2522 1191 2639 1232 erat
2698 1194 2819 1232 esse
2864 1190 3091 1242 nostra,
3127 1190 3329 1233 nostra:
3385 1183 3522 1234 sub-

1947 1271 2160 1325 stantia:
2218 1281 2335 1335 est,
2373 1272 2485 1326 sive
2543 1271 2742 1339 speciei
2809 1271 3055 1324 deﬁnitio
3098 1280 3201 1325 est.
3268 1271 3521 1325 Deﬁnitio

1951 1381 2084 1422 vero
2115 1366 2233 1436 ejus
2266 1365 2410 1434 quod
2468 1374 2552 1419 est
2590 1365 2879 1428 exsistere,
2924 1364 3225 1433 descriptio
3271 1368 3518 1433 quaedam

1950 1465 2054 1521 est,
2090 1472 2211 1526 quae
2255 1455 2490 1511 sumitur
2534 1471 2597 1508 ex
2633 1456 2698 1509 iis
2728 1471 2849 1524 quae
2897 1464 3026 1508 sunt
3068 1471 3163 1523 per
3191 1455 3444 1511 accidens
3491 1472 3521 1509 a

1954 1548 2335 1601 materialibus
2383 1548 2832 1616 prOprietatibus.
2860 1547 3129 1614 Quocirca
3168 1547 3255 1601 illa
3300 1548 3521 1616 quidem

1956 1654 2062 1691 una
2106 1647 2188 1692 est
2240 1639 2295 1691 in
2345 1638 2624 1701 omnibus,
2674 1638 2886 1705 Species
2933 1638 3080 1691 enim
3118 1653 3224 1692 una
3275 1648 3378 1691 est.
3418 1637 3520 1691 Ista

1954 1745 2083 1783 vero
2115 1730 2276 1783 aliter
2308 1730 2432 1783 aliis
2480 1729 2791 1796 assignatur
2819 1729 3122 1783 secundum
3172 1729 3415 1783 materiae
3442 1730 3523 1782 in-

281 1792 376 1872 επὶ
412 1819 547 1872 Θεοῦ
586 1792 769 1890 δειλά,
796 1822 829 1890 ἡ
855 1821 909 1873 δὲ
927 1792 1219 1882 (astrictam;
1246 1792 1616 1889 ἀναφορικόνί
1633 1820 1755 1872 καθ’
1792 1821 1849 1872 ὃν

1961 1818 2357 1885 dividuitatem,
2402 1834 2522 1888 qua:
2567 1819 2903 1885 diﬂ‘erenter,
2943 1830 2996 1873 et
3041 1820 3164 1874 aliis
3199 1820 3360 1875 aliter
3392 1834 3524 1875 con-

281 1910 347 1979 δὴ
378 1912 575 1981 τρόπον
604 1913 663 1963 οὑ
696 1913 886 1965 ταυτὸν
915 1908 1069 1964 εἷπον
1096 1913 1146 1964 οί
1181 1911 1328 1979 ᾶγιοι
1368 1912 1559 1964 οὑσίαν
1590 1914 1685 1965 καὶ
1723 1913 1855 1966 ὑπό-

287 2017 476 2053 στασιν
500 2017 512 2032 ’
543 2000 732 2068 ῶσπερ
780 2000 847 2053 ἂν
885 2004 931 2053 εί
967 2001 1184 2069 ἔλεγον,
1211 2001 1336 2053 Ἐπὶ
1384 2000 1481 2069 τῆς
1530 2002 1852 2071 ὑπερουσίου

286 2092 536 2161 θεότητος
559 2093 620 2144 οὐ
644 2095 836 2146 ταυτὸν
861 2093 975 2145 ἐστι
1005 2093 1065 2145 τὸ
1087 2093 1484 2169 ἀπολελυμένον
1515 2093 1607 2144 καὶ
1645 2092 1705 2143 τὸ
1726 2093 1857 2147 ἀνα-

284 2186 531 2255 φορικόνο
558 2187 671 2247 τοῖς
699 2185 797 2255 μὲν
828 2186 936 2256 γὰρ
958 2185 1310 2254 ἀναφορικοῖς
1334 2186 1400 2237 τὰ
1422 2185 1540 2236 Οεία
1574 2184 1849 2253 διακρίνει·

280 2294 372 2329 ται
407 2277 827 2346 πρόσωπα,τοίς
857 2276 913 2328 δὲ
936 2275 1360 2345 ὰπολελυμένοις
1388 2276 1737 2328 συνάπτεται.
1772 2275 1851 2345 Τῇ

289 2367 382 2435 μὲν
405 2367 514 2437 γὰρ
542 2367 701 2438 οὐσίᾳ
731 2368 763 2436 ἡ
787 2366 980 2429 ἓνωσις
1000 2366 1213 2427 ἕπεται,
1250 2368 1367 2429 ταῖς
1398 2366 1455 2419 δὲ
1486 2368 1847 2419 ὑποστάςεσιν

288 2462 317 2527 ἡ
346 2458 615 2528 διάκρισις
646 2475 661 2489 ο
704 2458 898 2523 ἓνωσις
932 2458 987 2511 δὲ
1026 2460 1119 2511 καὶ
1143 2444 1414 2529 διάκρισις
1448 2460 1507 2510 οὑ
1535 2458 1717 2511 ταυτό.

1954 1911 2133 1981 tin’git.
2164 1911 2432 1976 Quon'am
2485 1918 2664 1965 autem
2706 1911 2757 1964 in
2818 1913 2928 1966 Deo
2980 1927 3087 1965 non
3133 1921 3217 1967 est
3275 1912 3521 1976 materia,

1953 2017 2130 2072 neque
2162 2000 2488 2069 accidentia,
2523 2019 2644 2072 qua:
2680 2018 2798 2056 eam
2826 2007 3135 2059 necessario
3177 2019 3525 2074 consequun-

1955 2102 2065 2154 tur,
2114 2093 2384 2161 reliquum
2414 2101 2519 2157 est,
2554 2104 2612 2147 ut
2647 2093 2697 2146 in
2757 2095 2874 2159 ipso
2928 2093 3071 2148 idem
3108 2096 3179 2149 sit
3209 2098 3353 2165 quod
3390 2096 3521 2165 quid

1953 2193 2072 2238 erat
2111 2198 2263 2246 esse,
2301 2183 2522 2251 etquod
2570 2193 2653 2237 est
2696 2185 2980 2237 exsistere.
3022 2184 3095 2238 Ex
3146 2185 3307 2239 dictis
3355 2185 3522 2254 igitur

1962 2273 2313 2328 manifestum
2343 2283 2445 2337 est,
2481 2274 2532 2328 id
2582 2289 2703 2329 esse
2739 2274 3105 2328 substantiam
3147 2275 3293 2344 quod
3336 2285 3392 2329 et
3426 2275 3525 2343 ity-

1957 2364 2241 2434 postasim,
2292 2377 2467 2432 eoque
2529 2364 2647 2418 solo
2708 2362 2953 2429 diﬁcrre,
3005 2365 3150 2433 quod
3217 2364 3524 2418 substantia

1955 2456 2177 2525 quidem
2236 2456 2546 2512 absolutum
2606 2456 2863 2526 quiddam
2926 2457 2981 2509 in
3048 2456 3156 2511 Deo
3209 2456 3523 2531 signiﬁcet,

286 2552 591 2624 hypostasis
648 2568 779 2608 vero
823 2554 1133 2619 relativum,
1188 2553 1488 2607 secundum
1550 2566 1711 2621 quem
1768 2551 1989 2606 modum
2046 2567 2153 2605 non
2195 2551 2337 2605 idem
2379 2550 2637 2605 dixerunt
2701 2551 2875 2605 sancti
2937 2551 3299 2605 sub‘stantium
3339 2561 3395 2605 et
3427 2551 3521 2618 hy-

286 2646 543 2713 postasitn
578 2653 829 2714 tanquam
851 2646 893 2699 si
928 2646 1192 2708 dicerent,
1220 2645 1274 2698 in
1299 2645 1812 2714 supersubslantiali
1877 2645 2097 2699 Deitate.
2120 2662 2226 2699 non
2247 2644 2389 2699 idem
2422 2654 2507 2698 est
2534 2644 2847 2698 absolutum
2881 2656 2935 2698 et
2976 2644 3281 2698 relativum.
3313 2644 3524 2713 Quippe

286 2738 529 2792 relativis
586 2735 785 2790 divina:
838 2736 1086 2804 persona:
1140 2736 1588 2807 distinguuntur,
1647 2737 1913 2793 absolutis
1950 2752 2082 2792 vero
2137 2740 2567 2808 coniunguntur.
2601 2738 2845 2808 Namque
2879 2738 3241 2793 substantiam
3277 2743 3527 2807 sequitur

293 2829 475 2879 unitas
504 2866 518 2889 ,
578 2824 896 2895 Itypostases
948 2841 1080 2881 vero
1139 2826 1445 2890 distinctio;
1512 2841 1620 2880 non
1683 2828 1864 2883 unitas
1900 2835 2105 2896 autem,
2138 2837 2196 2884 et
2232 2830 2513 2885 distinctio
2543 2840 2624 2884 est
2664 2830 2832 2885 idem.

882 2940 1132 2996 KE<1>AA.
1181 2942 1253 2995 I".

288 3029 416 3082 Ὀτι
435 3029 471 3097 ἠ
493 3030 673 3083 οὐσία
705 3027 799 3103 καί
830 3029 1175 3103 ὑπόστασις
1196 3032 1293 3103 καὶ
1319 3032 1546 3103 ιδιότης
1574 3034 1671 3088 ἐπὶ
1696 3033 1845 3088 Θεοῦ

582 3100 808 3154 ταυτόν
837 3100 967 3152 ἐστι
1006 3102 1157 3154 κατὰ
1190 3102 1255 3155 τὸ
1288 3100 1547 3172 πρᾶγμα.

368 3192 534 3245 Ἀλλᾶ
577 3193 670 3243 καὶ
699 3192 827 3260 περὶ
852 3191 959 3243 τῶν
1005 3193 1385 3247 ὑποστατικῶν
1420 3196 1725 3265 ἰδιωμάτων
1756 3198 1852 3265 ρη-

280 3288 409 3342 τέον
442 3286 720 3341 κάνταῦθα
750 3289 863 3350 τοῖς
891 3288 1136 3351 δυνατοῖς
1166 3289 1258 3340 καὶ
1284 3288 1605 3357 ἀναγκαίοις
1649 3293 1712 3343 ἐκ
1746 3287 1855 3342 τῶν

279 3377 623 3431 διδασκάλων
683 3376 1012 3448 χρωμένοις.
1056 3378 1194 3447 Φησὶ
1242 3378 1423 3432 τοίνυν
1480 3380 1778 3450 Γρηγὸριος
1827 3380 1855 3431 6

277 3469 547 3537 θεολόγος
577 3472 633 3522 ἐν
665 3470 743 3538 τῷ
772 3470 852 3533 είς
882 3469 972 3523 τὸν
1013 3469 1283 3539 μακάριον
1315 3470 1637 3524 Ἀθανάσιον
1682 3472 1856 3537 ἐγκω-

282 3561 399 3631 μίῳ
420 3577 436 3595 ο
474 3580 492 3613 ι
524 3560 635 3629 Τῆς
657 3561 766 3630 γὰρ
797 3563 926 3631 μιᾶς
954 3561 1141 3625 οὐσίας
1167 3561 1263 3615 καὶ
1286 3562 1393 3615 τῶν
1417 3562 1585 3633 τριῶν
1617 3560 1857 3615 ὑποστάν-

284 3669 430 3705 σεων
481 3651 786 3722 λεγομένων
834 3651 924 3720 ὑφ’
984 3651 1143 3722 ἡμῶν
1199 3652 1472 3716 εὐσεϐῶς·
1514 3653 1575 3721 τὸ
1615 3652 1713 3721 μὲν
1743 3653 1856 3720 γὰρ

279 3745 389 3811 τὴν
436 3742 598 3810 φύσιν
641 3742 812 3811 δηλοῖ,
860 3740 922 3795 τὺ
950 3743 1008 3797 δὲ
1059 3746 1156 3805 τὰς
1185 3744 1293 3797 τῶν
1316 3744 1483 3814 τριῶν
1518 3724 1849 3811 ῐίδιότηταςδ

284 3835 389 3887 καὶ
417 3834 485 3888 τὰ
516 3832 700 3887 λοιπά.
751 3832 840 3885 Ἐν
877 3834 1084 3897 τούτοις
1128 3835 1292 3905 φύσιν
1330 3837 1423 3888 καὶ
1449 3834 1636 3888 οὐσίαν
1686 3834 1854 3888 ταυτδ

284 3926 543 3997 βούλεται
597 3920 766 3989 εἶναι,
810 3925 905 3980 καὶ
940 3926 1040 3989 τὰς
1070 3926 1395 3990 ὑποστάσεις
1428 3926 1695 3997 ίδιότητας
1725 3928 1859 3980 ἁπο-

280 4019 562 4086 φαίνεται.

365 4109 486 4161 Ἐτι
517 4111 545 4162 6
577 4109 739 4173 αὐτὸς
771 4111 828 4164 ὲν
855 4110 932 4180 τῷ
961 4110 1038 4171 είς
1068 4110 1137 4163 τὰ
1163 4110 1321 4161 Φῶτα
1351 4106 1523 4177 λόγῳ⁸
1559 4127 1577 4159 ι
1612 4107 1747 4160 Θεοῦ
1778 4106 1856 4171 δὲ,

281 4200 421 4255 ὃταν
459 4201 618 4265 εἴπω,
648 4202 728 4254 ἐνὶ
755 4203 898 4271 φωτὶ
940 4202 1422 4272 περιαστράφοητε
1462 4200 1553 4254 καὶ
1595 4201 1741 4270 τρισί
1768 4216 1781 4229 ’
1834 4219 1852 4251 ι

280 4290 442 4359 τρισὶ
476 4291 573 4359 μὶν
611 4291 753 4344 κατὰ
783 4291 880 4354 τὰς
928 4292 1218 4360 ἰδιότητας,
1252 4292 1352 4342 εἴτ’
1380 4287 1472 4344 οὖν
1505 4291 1854 4352 ὑποστάσεις.

298 4381 453 4433 Ἐκεῖ
483 4380 582 4451 μὲν
610 4378 704 4433 οὖν
746 4382 842 4444 τὰς
885 4382 1213 4443 ὑποστάσεις
1247 4382 1616 4452 προτεταχὼς,
1653 4385 1731 4445 εἰς
1759 4382 1856 4443 τὰς

2566 2948 2789 3004 CAPUT
2822 2946 2911 3002 Ill.

2023 3040 2173 3107 Quod
2210 3041 2527 3104 substantia,
2553 3052 2601 3094 et
2636 3041 2952 3112 Ιιῃροεζαεὶε,
2981 3049 3138 3108 atque
3161 3043 3456 3112 proprietas

2258 3112 2543 3165 secundum
2565 3127 2675 3164 rem
2706 3112 2757 3163 in
2792 3110 2899 3165 Deo
2920 3112 3056 3164 idem
3087 3113 3215 3164 sint.

2027 3205 2296 3259 (la-terum
2338 3212 2393 3257 et
2425 3203 2493 3259 de
2545 3204 2978 3273 proprietatibus
3020 3204 3375 3275 hypostaticis
3422 3205 3528 3261 hoc

1959 3296 2011 3349 in
2049 3296 2172 3350 loco
2203 3296 2495 3350 dicendum
2537 3304 2639 3355 est,
2672 3295 2963 3348 sententiis
3005 3308 3128 3349 cum
3170 3296 3529 3365 possibilibus

1958 3396 2072 3441 tum
2103 3385 2698 3449 necessariisutendo,
2732 3384 2967 3451 sumptis
3010 3400 3040 3438 e
3081 3386 3366 3440 doctorum
3411 3403 3529 3442 mo-

1956 3476 2259 3531 numentis.
2293 3478 2383 3530 Ait
2420 3476 2587 3546 igitur
2617 3475 2911 3545 Gregorius
2936 3476 3245 3547 Theologus
3298 3478 3355 3534 in
3387 3479 3526 3535 Ora-

1958 3568 2106 3622 tione
2156 3565 2457 3621 laudatoria
2510 3566 2565 3619 in
2619 3566 2835 3619 beatum
2884 3566 3284 3620 Athanasium:
3322 3585 3343 3615 σ
3387 3568 3525 3623 Cum

1956 3659 2105 3713 enim
2135 3672 2167 3711 a
2190 3658 2350 3712 nobis
2381 3672 2489 3711 una
2517 3657 2821 3713 substantia
2851 3666 2905 3712 et
2932 3666 3044 3714 tres
3087 3658 3409 3728 ltypostases
3436 3663 3526 3728 pie

1958 3749 2249 3813 dicantur;
2277 3749 2481 3803 etenim
2513 3764 2683 3804 unum
2712 3748 2931 3818 quidem
2960 3759 3212 3813 naturam
3236 3752 3526 3822 signiﬁcat,

1959 3837 2189 3892 alterum
2228 3852 2360 3891 vero
2386 3836 2553 3892 trium
2586 3837 2972 3907 proprietates,
3025 3858 3044 3891 ι
3101 3846 3158 3893 et
3198 3839 3426 3910 reliqua.
3469 3842 3527 3896 ln

1960 3927 2050 3983 bis
2088 3936 2367 3995 naturam,
2394 3934 2453 3983 et
2474 3927 2836 3984 substantiam
2868 3928 3013 3984 idem
3053 3930 3172 3985 vult
3194 3944 3339 3997 esse,
3365 3943 3531 4002 atque

1960 4019 2286 4091 hypostases
2310 4035 2431 4076 esse
2456 4021 2651 4075 statuit
2677 4022 3057 4091 proprietates.

2032 4111 2297 4166 Przeterea
2350 4112 2517 4176 idem,
2567 4111 2828 4167 Oratione
2895 4112 2949 4167 itt
2992 4123 3178 4170 sancta
3236 4114 3469 4171 Lumina
3514 4136 3529 4176 :

1968 4202 2095 4256 «Dei
2128 4211 2311 4255 autem
2360 4218 2485 4255 cum
2515 4202 2725 4267 dixero,
2756 4218 2863 4256 una
2888 4212 2943 4257 et
2975 4205 3116 4259 trina
3137 4204 3259 4259 luce
3297 4208 3533 4261 circum-

1963 4291 2189 4361 fulgenti
2231 4291 2576 4346 illustremini
2610 4310 2623 4344 :
2658 4295 2797 4346 trina
2829 4292 3050 4361 quidem
3072 4294 3373 4349 secundum
3411 4313 3534 4365 pro-

1964 4384 2247 4452 prietates,
2276 4385 2392 4438 sive
2433 4384 2769 4453 hypostases.
2821 4403 2838 4434 ι
2880 4385 2958 4438 lbi
3006 4386 3171 4455 igitur
3220 4403 3343 4441 cum
3384 4395 3536 4455 prius

282 4474 567 4543 ἰδιότητας
597 4473 969 4544 ἡρμήνευσε-θ,
1004 4473 1239 4526 ἐνταῦθα
1269 4474 1325 4525 δὲ
1348 4471 1447 4534 τὰς
1485 4473 1753 4541 ἰδιότητας
1780 4474 1852 4535 είς

1965 4475 2285 4544 hypostases
2316 4474 2561 4539 dixisset,
2602 4474 2964 4545 proprietates
2994 4492 3115 4531 esse
3143 4478 3534 4548 interpretatus

284 4564 393 4626 τὰς
434 4564 781 4627 ὑποστάσεις,
801 4565 910 4616 οὑκ
963 4564 1029 4617 ἂν
1058 4562 1320 4633 εἰρηκὼς,
1367 4563 1416 4617 εί
1459 4564 1532 4634 μὴ
1568 4565 1733 4616 ταυτὶ
1767 4566 1861 4617 καὶ

282 4655 589 4725 ἀδιάφορον
640 4650 733 4725 ἦν,
762 4656 814 4707 al
844 4672 925 4718 τις
969 4655 1232 4723 ἰδιότητας
1268 4654 1369 4707 εἷθ’
1418 4655 1738 4716 ὑποστάσεις
1769 4656 1864 4708 ἐπὶ

276 4745 388 4800 τοῦ
419 4745 584 4799 αὑτοῦ
614 4745 856 4816 βούλοιτο
878 4744 1083 4799 καλεῖν.
1122 4744 1283 4797 Ἀλλὰ
1313 4745 1406 4797 καὶ
1435 4747 1461 4797 ὁ
1495 4748 1667 4813 μέγας
1708 4746 1865 4797 Ἀθα-

278 4840 481 4900 νάσιος
537 4840 596 4890 ὲν
650 4837 730 4908 τῷ
759 4838 890 4907 περὶ
921 4836 1043 4901 τοῦ,
1071 4837 1155 4889 ὅτι
1205 4836 1387 4897 καλῶς
1418 4838 1633 4905 εἴρηται
1664 4838 1773 4899 τοῖς
1802 4839 1861 4890 ἐν

282 4930 501 5001 Νικαία
552 4930 830 4998 Πατράσιν
878 4931 911 4997 ἡ
951 4928 1095 4992 λέξις
1147 4928 1254 4983 τοῦ
1313 4930 1663 4995 όμοουσίου,
1706 4928 1861 4982 ταυτί

274 5038 429 5092 φησι
454 5036 466 5048 ’
523 5038 541 5071 ι
584 5021 676 5072 Διὸ
705 5021 826 5073 οὐδὲ
857 5020 955 5090 τὴν
988 5020 1164 5072 κτίσιν
1194 5020 1357 5074 αὑτοῦ
1407 5020 1500 5074 τοῦ
1531 5022 1689 5082 ὄντος
1726 5021 1861 5074 Θεοῦ

274 5098 685 5180 δημωύργῆμα
726 5108 864 5162 εἶναι
911 5111 1138 5179 φήσετε,
1174 5113 1224 5162 εἰ
1260 5128 1320 5175 γε
1351 5111 1414 5163 τὸ
1466 5112 1648 5179 Πατὴρ
1680 5113 1772 5163 καὶ
1804 5114 1865 5162 τὸ

272 5202 432 5263 Θεὸς
465 5202 562 5253 οὑκ
591 5202 765 5266 αὐτὴν
802 5201 901 5271 τὴν
927 5202 1020 5254 τοῦ
1065 5201 1216 5263 ὄντος
1247 5202 1433 5254 οὐσίαν
1479 5204 1858 5269 σημαίνουσιν,

272 5291 414 5347 ἀλλ’
440 5292 624 5359 ἔτερόν
646 5308 721 5352 τι,
744 5292 881 5361 ὅπερ
926 5292 1084 5359 ὑμεῖς
1106 5292 1497 5346 ἀναπλάττετε.
1539 5294 1598 5344 Ei
1626 5291 1681 5343 δὲ
1708 5291 1865 5344 τοῦτο

268 5383 567 5452 ἀπρεπὲς,
605 5386 697 5437 καὶ
721 5384 841 5435 λίαν
865 5383 1060 5443 ἀσεϐές
1095 5386 1212 5436 ἐστι
1248 5385 1342 5435 καὶ
1377 5372 1536 5449 μόνον
1567 5384 1866 5452 ἐντεθυμῆ-

270 5474 448 5530 deat.
476 5490 495 5524 ι
528 5474 634 5525 Καὶ
665 5474 781 5543 μετ’
807 5474 984 5541 ὀλίγα·
1019 5493 1036 5524 ι
1074 5472 1192 5525 Κᾶν
1221 5475 1329 5542 γὰρ
1355 5473 1630 5536 ἀδυνάτως
1654 5475 1866 5542 ἔχωμεν

271 5563 633 5622 καταλαϐεῖν
672 5566 699 5616 ὅ
737 5565 790 5615 τί
848 5565 981 5615 ποτέ
1014 5566 1182 5627 ἐστιν,
1226 5564 1342 5615 ἀλλ’
1391 5566 1539 5632 ὅμως
1577 5563 1866 5626 ἀκούοντες

260 5658 364 5713 τὸ
392 5658 574 5726 Πατὴρ
600 5658 693 5709 καὶ
715 5656 776 5708 τὸ
804 5656 927 5717 Υἱὸς
961 5656 1055 5707 καὶ
1084 5656 1409 5727 δημιουργὸς
1441 5656 1536 5707 καὶ
1561 5660 1869 5727 παντοκρά-

264 5766 438 5819 τωρ,
484 5749 584 5815 οὐχ
626 5747 816 5816 ἕτερόν
849 5765 922 5812 τι,
973 5747 1088 5800 ἀλλ’
1128 5750 1297 5817 αὐτὴν
1329 5749 1425 5820 τὴν
1466 5754 1743 5824 μακαρῖτίν
1776 5757 1865 5805 καί

540 5839 815 5898 ΡΑτροι..
854 5842 969 5901 Gtt.
1014 5838 1217 5899 CLIV.

1964 4577 2074 4629 est;
2109 4567 2198 4657 hic
2230 4581 2362 4620 vero
2394 4566 2757 4636 proprietates
2781 4567 3015 4635 explicat
3042 4583 3163 4622 esse
3191 4569 3533 4639 hypostases.

1965 4659 2118 4723 Quod
2167 4658 2355 4726 utique
2389 4675 2495 4711 non
2527 4657 2775 4723 dixisset,
2823 4658 2927 4712 nisi
2978 4659 3119 4713 idem
3161 4669 3327 4729 atque
3373 4661 3535 4715 indif-

1966 4750 2149 4801 ferens
2175 4758 2337 4808 esset,
2388 4748 2432 4801 si
2466 4749 2591 4816 quis
2642 4749 3005 4816 proprietates
3056 4749 3171 4801 sive
3210 4750 3533 4819 ltypostases

1965 4840 2209 4891 eamdem
2242 4854 2355 4891 retu
2390 4853 2583 4892 vocare
2622 4839 2771 4892 velit.
2809 4838 2913 4892 Sed
2948 4848 3003 4891 et
3038 4853 3267 4905 magnus
3291 4839 3532 4894 Athana-

1967 4928 2102 4985 sius.
2135 4927 2185 4978 in
2234 4926 2512 4987 Oratione,
2543 4929 2685 4993 quod
2712 4936 2857 4979 recte
2890 4925 3034 4978 dicta
3067 4927 3137 4979 si:
3164 4942 3268 4980 vox
3316 4929 3534 4981 consult-

1965 5018 2231 5070 stantiulis
2262 5018 2515 5071 Patribus
2543 5017 2594 5068 in
2622 5016 2797 5069 Nicaea
2825 5017 3187 5084 congregatis,
3210 5018 3326 5073 hate
3355 5020 3486 5074 dicit
3516 5040 3528 5074 :

1974 5128 1990 5158 ι
2030 5108 2236 5161 Idcirco
2267 5122 2444 5175 neque
2473 5115 2779 5160 creaturam
2825 5108 2963 5175 ejus,
2997 5108 3089 5174 qui
3128 5117 3212 5161 est
3254 5108 3415 5173 Deus,
3445 5111 3533 5162 di-

1967 5201 2106 5254 cetis
2134 5214 2254 5253 csse
2286 5198 2545 5260 cilicium,
2598 5198 2865 5266 siquidem
2912 5198 3069 5252 Pater
3118 5209 3174 5254 et
3236 5200 3377 5255 Deus
3422 5218 3532 5255 nou

1969 5296 2141 5360 ipsam
2175 5292 2314 5361 ejus,
2352 5293 2443 5361 qui
2502 5300 2605 5356 est,
2641 5290 3001 5345 substantiam
3054 5292 3386 5361 signiﬁcant,
3435 5296 3530 5347 ενι]

1969 5382 2114 5435 aliud
2156 5382 2439 5450 quiddam,
2474 5380 2617 5449 quod
2662 5395 2759 5433 vos
2800 5380 3024 5449 ﬁngitis.
3053 5379 3207 5445 Quod
3241 5381 3285 5435 si
3318 5381 3421 5435 hoc
3448 5383 3534 5435 itt-

1970 5476 2225 5527 decorum
2260 5483 2362 5537 est,
2396 5488 2458 5526 ac
2489 5472 2639 5524 valde
2678 5472 2900 5539 impium
2920 5470 3003 5523 vel
3024 5472 3198 5524 solum
3217 5473 3475 5542 cogitare.
3509 5492 3527 5523 ι

1971 5565 2038 5618 Et
2089 5565 2252 5634 paulo
2307 5576 2471 5633 post:
2510 5584 2527 5613 ι
2593 5564 2850 5629 Quamvis
2903 5566 3045 5616 enim
3105 5578 3212 5616 non
3263 5565 3535 5633 possimus

1973 5657 2441 5726 comprehendere
2489 5656 2748 5722 quidnam
2796 5654 3013 5708 tandem
3063 5656 3153 5717 sit,
3200 5655 3293 5709 sed
3351 5666 3533 5710 tamen

1977 5770 2097 5805 euut
2132 5752 2383 5803 audimus
2419 5749 2516 5803 itas
2558 5764 2713 5802 voces
2750 5747 2909 5800 Pater
2942 5756 2994 5800 et
3032 5746 3222 5811 Filius,
3268 5748 3447 5817 opifex
3475 5755 3537 5806 et

3143 5842 3221 5904 ‘28
