3862 6218
453 339 559 396 875
1729 340 1822 398 DE
1833 341 2101 400 .‘tlE'l‘Rll
2144 339 2231 399 CY
2242 338 2449 399 DOXU
3537 347 3634 412 *δ’ἶῦ

455 455 824 524 omnipotens,
849 467 958 507 non
982 452 1240 521 quiddam
1262 452 1430 517 aliud,
1459 452 1553 507 sed
1583 453 1753 522 ipsam
1782 457 2016 515 beatam,

2135 453 2298 521 Ξπλῆν
2338 455 2433 504 καὶ
2475 451 2862 516 ἀκατάληπτον
2893 448 2985 505 τοῦ
3019 453 3176 515 δντος
3206 454 3383 507 οὐσίαν
3413 473 3638 526 σημαινο-

459 562 526 602 ac
577 547 905 617 simplicem,
972 556 1028 599 et
1079 543 1690 614 incompreltensibilem
1743 546 1883 615 ejus,
1935 544 2026 613 qui

461 654 570 704 est,
609 638 970 696 substantiam
1009 638 1366 706 signiﬁcatam
1403 635 1776 708 intelligimus.
1810 637 2031 691 Dixistis

463 751 592 790 vero
622 745 678 789 et
707 749 800 787 vos
831 732 1020 786 Ariani
1047 747 1110 784 ex
1140 731 1250 784 Deo
1280 731 1500 795 Filium,
1525 729 1778 785 videlicet
1806 744 1870 781 ex
1906 730 2032 783 sub-

459 827 655 881 stantia
678 824 856 879 Patris
892 837 1017 875 eum
1051 821 1287 877 dixistis.
1337 841 1356 873 ι

533 915 799 970 Ριαιιει-ριι
845 915 1215 968 Damascenns
1247 913 1300 966 in
1338 912 1611 982 capitibus
1663 912 1778 965 suis
1820 910 2029 965 theolo-

459 1008 595 1076 gicis
651 1007 729 1060 ait
775 1025 790 1060 :
838 1024 856 1056 ι
893 1005 1076 1059 Deitas
1127 1013 1376 1058 naturam
1428 1005 1722 1074 signiﬁcat,
1767 1017 1865 1056 vox
1903 1017 2032 1058 vero

461 1101 622 1154 Pater
646 1099 1001 1169 hypostasim.
1045 1099 1158 1152 Vox
1195 1097 1341 1152 enim
1389 1097 1553 1161 Deus,
1591 1106 1647 1152 et
1709 1096 1874 1150 homo
1935 1110 2030 1150 su—

463 1201 692 1244 muntur
726 1190 791 1244 ad
823 1189 1235 1260 significandam
1275 1189 1656 1252 substantiam,
1688 1199 1748 1243 ut
1780 1203 1905 1241 cum
1951 1187 2032 1240 di-

461 1285 637 1335 cimus
691 1281 890 1335 :Deus
942 1290 1026 1335 est
1077 1279 1648 1348 incomprehensibilis
1701 1279 2028 1342 substantia,

461 1376 666 1428 dicitur
705 1384 888 1427 autem
923 1380 977 1426 et
1020 1371 1085 1426 de
1121 1371 1524 1442 hypostasibus.
1586 1370 1644 1424 Si
1699 1372 1864 1441 igitur
1900 1371 2030 1425 illud

467 1481 687 1531 nomen,
723 1466 888 1528 Deus,
926 1464 1288 1519 substantiam
1347 1463 1635 1533 signiﬁcat,
1682 1463 1882 1518 dicitur
1932 1480 2030 1516 auo

468 1567 573 1608 tem
622 1566 677 1608 et
710 1554 1019 1625 hypostasis
1052 1555 1219 1619 Deus,
1264 1562 1320 1607 et
1370 1554 1680 1624 liypostasis
1725 1570 1858 1624 ergo
1904 1555 2031 1608 sub-

465 1645 663 1700 stantia
690 1656 794 1700 est.
832 1644 1148 1698 Substantia
1179 1645 1324 1698 enim
1357 1646 1438 1698 vel
1474 1655 1690 1709 natura,
1731 1647 2029 1700 secundum

467 1736 689 1789 modum
725 1733 1142 1802 signiﬁcationis
1180 1733 1436 1798 nominis,
1485 1749 1648 1803 quem
1701 1736 1920 1788 modum
1948 1751 2032 1790 se-

466 1827 654 1896 quitur
683 1824 1060 1892 intelligentia,
1117 1833 1374 1894 tanquam
1427 1827 1636 1894 species
1689 1825 2029 1895 intelligitur,

463 1927 522 1969 et
569 1915 866 1985 profertur.
902 1913 1218 1984 Hypostasis
1255 1930 1408 1973 vero.
1465 1924 1559 1969 ant
1599 1932 1830 1986 persona
1883 1917 2029 1986 quod

459 2023 757 2062 commune
801 2015 912 2072 est,
953 2016 1116 2076 atque
1151 2009 1485 2076 coniunctim
1520 2008 1777 2064 distincte
1801 2009 2028 2074 indicat,

467 2099 582 2153 sive
609 2113 900 2153 commune
932 2115 1037 2152 una
1076 2113 1200 2152 cum
1257 2100 1499 2169 proprio,
1559 2101 1673 2154 sive
1719 2115 2028 2162 commune,

459 2201 518 2244 et
561 2191 612 2244 id
645 2190 790 2260 quod
832 2191 898 2243 ad
933 2190 1135 2258 aliquid
1170 2189 1352 2258 aliquo
1392 2191 1552 2244 modo
1593 2207 1651 2244 sc
1701 2191 1920 2253 habeat,
1973 2199 2033 2243 ut

463 2283 668 2336 dictum
725 2290 830 2335 est.
893 2299 911 2331 ι
975 2281 1044 2335 At
1094 2296 1223 2335 vero
1299 2283 1598 2336 secundum
1652 2283 2031 2348 Athanasium,

456 2373 922 2442 quemadmodum
965 2372 1069 2426 hoc
1099 2388 1322 2436 nomen,
1357 2372 1523 2437 Deus,
1556 2373 1921 2427 substantiam
1959 2373 2033 2427 si-

464 2465 704 2532 gniﬁcat,
729 2463 803 2517 ita
830 2463 1130 2517 secundum
1163 2464 1553 2517 Damascenum
1589 2477 1692 2516 vox
1750 2463 1913 2515 Pater
1939 2462 2034 2533 hy-

470 2556 729 2622 postasim
773 2554 1073 2624 signiﬁcat;
1107 2570 1238 2624 ergo
1287 2554 1420 2608 illud
1457 2553 1616 2609 Pater
1645 2554 2030 2617 substantiam,

463 2655 520 2699 et
563 2645 894 2715 hypostasim
944 2644 1167 2708 indicat,
1231 2654 1282 2699 et
1326 2661 1425 2713 per
1480 2647 1637 2698 ambo
1698 2661 1863 2699 unum
1924 2657 2030 2712 est,

465 2736 608 2804 quod
641 2735 1001 2802 signiﬁcatur,
1061 2735 1237 2803 ipsum
1281 2750 1572 2792 commune
1616 2752 1738 2790 cum
1785 2737 2028 2805 preprio,

463 2829 579 2882 sive
610 2827 824 2881 Patrem
871 2827 1018 2880 dicat
1055 2827 1200 2895 quis,
1233 2826 1348 2881 sive
1377 2827 1711 2897 hypostasim
1738 2828 1936 2882 Patris.
1964 2827 2032 2882 Et

463 2920 722 2988 quoniam
755 2919 860 2973 hoc
887 2933 1106 2982 nomen,
1145 2919 1323 2984 Pater,
1370 2920 1706 2987 hypostasim
1738 2919 2028 2987 signiﬁcat,

465 3011 772 3082 liypostasis
800 3025 932 3064 vero
980 3010 1122 3063 idem
1173 3020 1256 3064 est
1308 3025 1433 3064 cum
1481 3011 1833 3079 proprietate,
1875 3011 2030 3079 juxta

2138 544 2308 614 μένην
2338 544 2584 614 νοοῦμεν.
2632 544 2904 614 Εἰρήκατε
2939 545 2996 597 δὲ
3031 547 3118 598 καί
3150 547 3302 615 ὑμεῖς
3329 548 3376 599 οί
3417 547 3640 618 Ἃρειανιί

2132 639 2196 690 ἐκ
2226 636 2318 689 τοῦ
2356 637 2491 689 Θεοῦ
2527 637 2618 688 τὸν
2675 636 2825 699 Υίὸν,
2864 637 3106 705 δηλονότι
3139 640 3201 690 ἐκ
3241 641 3336 709 τῆς
3363 639 3534 704 οὐσίας
3568 641 3638 692 τοῦ

2136 728 2344 797 [Ia-:96;
2376 729 2538 781 αὑτὸν
2569 729 2848 797 εἰρήκατε.
2891 748 2909 778 ι

2205 903 2326 954 Ἐτι
2353 903 2381 953 6
2411 901 2774 970 Δαμασκηνὸς
2805 900 2865 954 ὲν
2901 903 3012 964 τοῖς
3037 901 3362 968 Θεολογικοίς
3404 903 3550 956 αὐτοῦ
3575 921 3641 956 κει-

2134 994 2382 1062 φαλαίοις
2406 992 2540 1062 φησί
2559 1007 2574 1024 °
2607 1009 2627 1043 ι
2667 993 2868 1062 Θεότης
2898 993 2996 1062 τὴν
3023 993 3182 1061 φύσιν
3214 994 3382 1064 δηλοῖ,
3411 994 3468 1048 τδ
3494 994 3643 1048 δὲηα-

2131 1085 2239 1156 τὴρ
2269 1086 2368 1154 τὴν
2404 1087 2721 1139 ὑπόστασιν.
2759 1085 2834 1136 Τδ
2861 1087 2970 1156 γὰρ
2993 1085 3125 1148 Θεὸς
3150 1087 3242 1139 καὶ
3263 1088 3530 1156 ἄνθρωπος
3551 1090 3644 1140 τάτ-

2131 1190 2284 1226 τεται
2320 1174 2418 1241 μὲν
2449 1174 2545 1225 ἐπὶ
2573 1175 2672 1242 τῆς
2712 1173 2923 1237 οὐσίας,
2965 1173 3040 1236 ὡς
3069 1176 3196 1228 ὅταν
3240 1176 3496 1246 λέγωμεν,
3545 1178 3645 1238 Θεὸς

2134 1267 2280 1317 ἔστιν
2310 1265 2692 1333 ἀκατάληπτος
2730 1266 2912 1331 οὐσία,
2959 1267 3180 1334 λέγεται
3209 1269 3266 1321 δὲ
3318 1271 3410 1322 καὶ
3451 1269 3644 1322 ἐπὶτῶν

2134 1356 2507 1408 ὑποστάσεων.
2555 1357 2619 1408 Ei
2649 1357 2834 1410 τοίνυν
2864 1359 2925 1409 τὸ
2976 1359 3074 1427 μὲν
3106 1361 3238 1422 Θεὸς
3269 1361 3439 1425 ὄνομα
3470 1361 3552 1430 τὴν
3580 1361 3646 1412 οὐ·

2134 1449 2254 1499 σίαν
2299 1447 2571 1515 σημαίνει,
2604 1447 2820 1516 λέγεται
2859 1449 2914 1501 δὲ
2950 1451 3045 1502 καὶ
3077 1453 3110 1520 ἡ
3146 1452 3439 1516 ὑπόστασις
3463 1455 3596 1515 826;,-
3617 1455 3644 1518 ἡ

2133 1539 2432 1601 ὑπόστασις
2480 1540 2589 1607 ἄρα
2622 1540 2779 1592 οὐσία
2825 1542 2994 1594 ἐστίν.
3036 1542 3098 1595 Ἦ
3137 1543 3235 1612 μὲν
3293 1546 3400 1614 γὰρ
3445 1545 3581 1597 οὐσία
3619 1544 3645 1613 ἢ

2135 1631 2299 1700 φύσις
2330 1636 2470 1685 κατὰ
2503 1633 2594 1684 τὸν
2629 1633 2835 1702 τρόπον
2857 1634 2954 1703 τῆς
2991 1634 3085 1688 τοῦ
3109 1636 3370 1705 ὀνόματος
3398 1638 3648 1707 σημασίας,

2134 1718 2286 1792 ᾧτινι
2318 1724 2605 1777 ἀκολουθεῖ
2623 1726 2657 1794 ὴ
2676 1725 2905 1792 διάνοια,
2937 1728 3012 1789 ὼς
3038 1725 3175 1789 εἶδος
3210 1732 3414 1782 νοεῖται
3444 1731 3526 1782 καὶ
3551 1746 3650 1798 προ-

2136 1820 2402 1889 φέρεται·
2439 1820 2471 1887 ἡ
2504 1819 2560 1870 δὲ
2593 1819 2912 1883 ὑπόστασις,
2944 1817 2978 1889 ἢ
3005 1819 3064 1872 τδ
3096 1820 3406 1890 πρόσωπον,
3437 1822 3489 1873 τὸ
3509 1823 3648 1873 κοινῦτ

2133 1911 2229 1966 καὶ
2282 1911 2563 1981 ἡνωμένον
2610 1911 3042 1980 διακεκριμένως
3100 1912 3357 1981 ἐμφαίνει
3402 1931 3416 1944 ·
3457 1912 3542 1965 εἴτ’
3579 1911 3650 1964 οὐν

2130 2003 2194 2055 τὸ
2219 2003 2399 2054 κοινὸν
2434 1999 2571 2068 μετὰ
2596 2000 2689 2053 τοῦ
2723 2002 3042 2067 ίδιάζοντος,
3067 2001 3101 2072 ἦ
3127 2003 3188 2054 τὸ
3216 2003 3395 2055 κοινὸν
3440 2005 3522 2054 καὶ
3547 2002 3651 2068 πρός

2132 2095 2187 2147 τί
2215 2111 2328 2156 πως
2357 2094 2502 2162 ἕχον,
2529 2092 2607 2156 ὡς
2652 2095 2888 2163 εἴρηται.
2907 2112 2924 2145 ι
2946 2093 3108 2147 Ἀλλὰ
3141 2093 3249 2164 μὴν
3279 2094 3418 2147 κατὰ
3434 2094 3513 2146 τὸν
3534 2093 3654 2161 ἅγιοι

2146 2186 2466 2241 Ἀθανάσιον
2499 2185 2689 2254 ὥσπερ
2727 2186 2788 2237 τδ
2825 2185 2959 2247 Θεὸς
3011 2185 3186 2255 ὄνομα
3229 2185 3332 2256 τὴν
3363 2186 3538 2239 οὐσίαν
3579 2200 3655 2250 ση-

2139 2279 2340 2348 μαίνει,
2374 2275 2516 2328 οὓτω
2557 2275 2696 2327 κατὰ
2728 2274 2818 2327 τὸν
2861 2275 3226 2346 Δαμασκηνὸν
3254 2273 3317 2329 τδ
3351 2277 3526 2345 Πατὴρ
3552 2274 3653 2326 6:6-

2136 2385 2325 2422 στασιν
2357 2369 2529 2434 δηλοῖ.
2561 2365 2634 2418 Τὸ
2675 2365 2862 2436 Πατὴρ
2903 2365 3011 2436 ἄρα
3041 2367 3232 2420 οὐσίαν
3267 2369 3365 2421 καὶ
3412 2369 3656 2420 ὑπόστασιν

2137 2463 2415 2532 σημαίνει.
2477 2462 2585 2515 Καὶ
2617 2461 2685 2512 δι’
2715 2461 2917 2530 ἀμφοῖν
2945 2459 3003 2512 ἓν
3056 2461 3118 2514 τὸ
3166 2460 3490 2532 δηλούμενόν
3520 2462 3656 2516 ἐστιν,

2135 2555 2266 2608 αὐτὸ
2295 2554 2355 2606 τὸ
2387 2552 2566 2604 κοινὸν
2605 2553 2742 2622 μετὰ
2764 2553 2856 2605 τοῦ
2890 2553 3213 2618 ίδιάζοντος,
3246 2555 3358 2606 εἴτε
3380 2552 3577 2621 Πατέρα
3597 2551 3660 2600 Αέο

2135 2666 2222 2717 γει
2254 2666 2358 2711 τις,
2398 2648 2500 2700 εἴθ’
2551 2647 2849 2699 ὑπόστασιν
2891 2644 2986 2697 τοῦ
3044 2646 3287 2715 Πατρός.
3323 2647 3429 2698 Καὶ
3473 2643 3580 2696 ἐπεὶ
3615 2639 3659 2693 ιδ

2144 2741 2332 2810 Πατὴρ
2362 2741 2531 2809 ὄνομα
2563 2739 2863 2790 ὑπόστασιν
2915 2739 3198 2807 σημαίνει,
3227 2741 3261 2808 ή
3312 2738 3367 2791 δὲ
3414 2738 3660 2793 ὑπόσταπις

2133 2831 2334 2885 ταυτὸν
2356 2833 2424 2900 τῇ
2457 2830 2681 2895 ἰδιότητι
2728 2829 2867 2882 κατὰ
2897 2830 2988 2882 τὸν
3024 2828 3169 2882 θεῖον
3207 2830 3524 2901 Γρηγόριον,
3558 2828 3586 2896 ἡ
3617 2823 3659 2876 δὲ

2139 2923 2338 2991 ἰδιότης
2362 2923 2454 2973 ἐπὶ
2478 2921 2573 2974 τοῦ
2608 2921 2823 2988 ῐιατρδς
2860 2922 2892 2989 ἡ
2927 2920 3206 2991 πατρότης
3245 2923 3386 2987 ἐστὶ,
3414 2920 3555 2974 τοῦτο
3575 2924 3661 2984 γὰρ

2137 3015 2286 3083 παρὰ
2324 3015 2543 3068 πάντων
2574 3011 2919 3082 ὁμολογεῖται
2938 3027 2953 3044 ο
3001 3012 3167 3080 δῆλον
3193 3011 3272 3076 ὡς
3311 3011 3566 3083 πατρότης
3588 3012 3658 3060 καὶ

463 3107 648 3158 divum
694 3102 1047 3173 Gregorium;
1079 3101 1382 3171 proprietas
1415 3111 1596 3154 autem
1645 3101 1702 3154 in
1734 3101 1893 3155 Patre
1934 3116 2029 3169 pa-

2137 3109 2327 3177 Πατὴρ
2357 3106 2552 3159 ταύτόν
2581 3106 2748 3157 ἐστιν.
2803 3102 2966 3156 Ἀλλὰ
3000 3103 3143 3155 κατὰ
3189 3105 3284 3157 τὸν
3317 3105 3489 3174 μέγαν
3533 3100 3656 3159 αὖθις

465 3195 696 3250 ternitas
721 3204 825 3258 est,
852 3191 905 3246 id
938 3192 1085 3246 enim
1119 3193 1172 3245 in
1211 3190 1461 3246 confesso
1494 3190 1639 3260 apud
1689 3206 1881 3246 omnes
1926 3201 2031 3257 est,

465 3287 639 3354 palam
679 3295 782 3349 est,
823 3284 969 3353 quod
995 3285 1299 3354 paternitas
1343 3293 1397 3337 et
1429 3284 1589 3338 Pater
1614 3284 1757 3339 idem
1788 3291 1896 3338 est.
1925 3282 2033 3337 Sed

461 3391 658 3432 rursus
679 3375 980 3430 secundum
1007 3389 1262 3444 magnum
1288 3374 1670 3438 Athanasium,
1696 3390 1820 3440 vox,
1851 3375 2030 3440 Pater,

463 3468 824 3522 substantiam
884 3467 1175 3536 signiﬁcat,
1231 3481 1362 3535 ergo
1421 3475 1478 3520 et
1539 3461 2033 3535 paternitas'sub-

459 3561 718 3615 stantiam
751 3558 1043 3629 signiﬁcat,
1069 3558 1206 3612 adeo
1241 3567 1300 3611 ut
1329 3558 1690 3628 proprietates
1727 3559 1871 3613 idem
1923 3559 2035 3612 sint

463 3652 608 3720 quod
647 3651 988 3722 hypostases,
1024 3651 1344 3720 liypostases
1373 3659 1555 3704 autem
1587 3650 1792 3716 Deitas,
1825 3659 1880 3706 et
1905 3649 2035 3704 sub-

461 3741 682 3796 stantia.
737 3758 757 3791 ι
813 3739 991 3795 Unum
1033 3739 1203 3803 enim,
1239 3738 1439 3808 inquit,
1469 3747 1600 3793 sunt
1629 3739 1730 3793 tria
1766 3758 1778 3793 :
1815 3748 1871 3794 et
1911 3756 2033 3810 qua:

465 3833 567 3886 tria
598 3833 780 3887 Deitas
804 3842 914 3896 est,
956 3839 1015 3883 ut
1041 3829 1248 3884 dictum
1279 3839 1384 3894 est,
1411 3838 1470 3883 et
1511 3830 1688 3884 oratio
1732 3845 1926 3886 rursus
1975 3832 2032 3887 in

461 3929 609 3981 idem
651 3925 856 3990 evasit;
902 3938 970 3976 eo
999 3923 1144 3976 enim
1187 3921 1363 3976 solum
1405 3919 1682 3986 diﬂ‘erunt,
1718 3923 1861 3990 quod
1895 3924 2030 3977 sim-

467 4019 700 4088 pliciter,
742 4025 799 4071 et
835 4013 1133 4069 secundum
1178 4011 1400 4065 modotu
1445 4011 1723 4066 dicuntur.
1781 4031 1799 4063 ι
1845 4013 2032 4083 Neque

462 4110 612 4164 enim
645 4116 704 4160 ut
732 4105 893 4160 aliam
929 4102 1234 4166 blonadem,
1283 4110 1339 4156 et
1379 4102 1544 4156 aliam
1594 4116 1716 4156 esse
1775 4103 2030 4161 Triadem

461 4200 639 4254 cdocti
665 4211 876 4261 sumus,
917 4195 1012 4250 sed
1043 4195 1292 4250 eamdem
1327 4209 1454 4248 vere
1482 4193 1766 4248 Monadem
1801 4204 1855 4249 et
1884 4195 2034 4250 Tria-

463 4290 585 4342 dem
613 4289 835 4342 dictam.
876 4286 1013 4342 Illud
1041 4285 1262 4356 quidem
1298 4286 1509 4339 ratione
1554 4279 1895 4352 substantiae,
1929 4287 2030 4342 hoc

465 4393 594 4434 vero
649 4378 947 4433 exsistendi
1003 4377 1185 4443 modo,
1228 4377 1381 4448 juxta
1427 4387 1676 4432 sanctum
1711 4379 2026 4446 Maximum,

2149 3200 2489 3260 Ἀθανὰσιον,
2523 3197 2583 3248 τδ
2630 3193 2821 3264 Πατὴρ
2855 3194 3042 3246 οὐσίαν
3074 3195 3358 3264 σημαίνει,
3391 3195 3478 3246 καὶ
3515 3194 3544 3263 ἡ
3579 3206 3657 3241 πα·

2135 3291 2335 3360 τρότης
2366 3289 2474 3352 ἄρα
2505 3288 2693 3340 οὐσίαν
2725 3285 3007 3355 σημαίνει,
3031 3285 3173 3338 ὥστε
3208 3288 3268 3337 αἱ
3303 3286 3660 3354 ίδιότητεῆταν-

2132 3383 2223 3435 τὸν
2263 3384 2377 3443 ταῖς
2401 3380 2786 3444 ὑποστάσεσιν,
2815 3379 2870 3430 αί
2894 3377 2939 3430 δ’
2972 3377 3308 3440 ὑποστάσεις
3339 3379 3371 3446 ἡ
3396 3376 3566 3442 Θεότης
3588 3369 3658 3421 καὶ

2132 3479 2168 3547 ἠ
2207 3475 2386 3528 οὐσία.
2422 3492 2440 3524 ι
2473 3473 2570 3525 Ἐν
2598 3471 2727 3542 γὰρ,
2760 3470 2916 3539 φησι,
2951 3469 3020 3521 τὰ
3046 3470 3198 3538 τρία,
3229 3470 3325 3522 καὶ
3359 3472 3395 3522 ἃ.
3427 3469 3460 3538 η
3491 3466 3656 3530 Θεότηξο

2131 3569 2208 3631 ὡς
2230 3568 2466 3635 εἴρηται,
2504 3569 2597 3616 καὶ
2629 3565 2658 3616 6
2686 3564 2840 3630 λόγος
2896 3562 3057 3614 πάλιν
3089 3560 3170 3624 είς
3226 3564 3395 3614 ταύτὸ
3424 3555 3654 3629 περιῆλθε.

2133 3659 2321 3726 Τούτῳ
2351 3655 2458 3724 γὰρ
2477 3652 2805 3722 διαφέρουσι
2836 3650 3018 3719 μόνον,
3037 3650 3114 3720 τῷ
3146 3649 3336 3713 ἁπλῶς
3366 3654 3455 3704 καὶ
3486 3649 3580 3708 πῶς
3596 3643 3657 3694 λέο

2133 3749 2344 3818 γεσθαι.
2378 3765 2396 3798 ι
2431 3746 2563 3798 Οὐδὲ
2587 3744 2693 3815 γὰρ
2725 3743 2800 3805 ὡς
2832 3742 2998 3811 ἄλλην
3031 3743 3128 3812 τὴν
3151 3742 3399 3808 Μονάδα,
3422 3736 3656 3809 mdeer

2131 3841 2230 3911 τὴν
2259 3838 2468 3908 Τριάδα
2508 3837 2864 3905 ἐδιδάχθημεν
2895 3830 3056 3887 εἶναι.
3095 3835 3263 3889 Ἀλλὰ
3297 3839 3395 3906 τὴν
3432 3831 3577 3901 αὐτὴν
3599 3830 3656 3887 ὡς

2133 3929 2346 3998 ἀληθῶς
2389 3925 2592 3994 μονάδα
2639 3924 2731 3977 καὶ
2762 3924 2966 3992 Τριάδα
3006 3924 3336 3994 λεγομένην,
3381 3924 3439 3976 τὸ
3468 3924 3568 3992 μὲν,
3596 3919 3653 3985 τῷ

2134 4021 2252 4074 κατ’
2289 4020 2474 4073 οὐσίαν
2502 4017 2666 4085 λόγῳ,
2707 4015 2766 4068 τδ
2797 4015 2875 4077 δὲ,
2903 4017 3026 4069 καθ’
3054 4015 3300 4086 ὓπαρξιν
3339 4019 3516 4088 τρόπῳ
3549 4014 3657 4066 κατὰ

2131 4113 2220 4164 τὸν
2255 4111 2409 4178 ἅγιον
2434 4108 2705 4180 Μάξιμον,
2747 4107 2806 4172 ὃς
2831 4109 2894 4176 δὴ
2947 4108 3043 4160 καὶ
3085 4109 3254 4177 ὀλίγῳ
3284 4113 3535 4179 πρότερον
3555 4103 3658 4174 πρὸς

2141 4203 2230 4254 τὸν
2274 4202 2552 4270 Ἀνόμοιον
2603 4199 2789 4266 ἔλεγεν
2845 4199 2907 4251 οὐ
2950 4199 3117 4251 ταὺτὸ
3177 4200 3386 4264 οὐσίαν,
3415 4196 3542 4251 εἶναι
3589 4194 3658 4245 καὶ

2133 4290 2458 4352 ὑπόστασιν,
2499 4290 2590 4340 καὶ
2638 4287 2762 4340 τίνα
2807 4288 3049 4356 τρόπον;
3087 4288 3230 4340 κατὰ
3289 4287 3381 4341 τὸν
3417 4287 3531 4354 ’τῆς
3578 4284 3659 4333 τιῖν

2132 4379 2414 4447 ὀνομάτων
2457 4377 2730 4446 σημασίας
2785 4379 2960 4443 λόγον,
3003 4378 3093 4429 τὸν
3143 4379 3269 4432 καθ’
3320 4373 3542 4446 ὕπαρξιν
3580 4373 3658 4424 τιίν

461 4469 557 4538 qui
589 4467 832 4538 profecto
862 4475 919 4521 et
956 4467 1119 4536 paulo
1164 4476 1291 4521 ante
1323 4466 1390 4520 ad
1423 4467 1748 4522 Dissimilem
1791 4468 2026 4532 dicebat,

2137 4469 2445 4539 προσώπων
2503 4469 2787 4538 ἑπόμενον.
2831 4468 3112 4537 Ἐπήγαγε
3169 4469 3324 4539 γάρ’
3373 4488 3394 4522 ι
3440 4467 3562 4521 Ἀλλ’
3602 4464 3656 4524 ὡς

461 4575 570 4615 non
595 4574 716 4615 esse
747 4560 889 4614 idem
943 4559 1308 4614 substantiam
1353 4569 1408 4613 et
1452 4559 1781 4630 hypostasim
1816 4568 2032 4628 etquo-

462 4663 590 4702 nam
623 4648 828 4703 modo?
869 4650 1022 4718 juxta
1071 4648 1334 4701 rationem
1381 4647 1797 4718 signiﬁcationis
1849 4663 2028 4703 nonn-

462 4756 618 4806 num,
645 4754 768 4808 quae
796 4740 937 4794 ratio
958 4739 1210 4809 sequitur
1229 4739 1616 4792 subsistentias
1646 4754 2022 4807 personarum.

2126 4560 2254 4613 ἄλλο
2282 4559 2652 4628 συμαινούσης
2682 4559 2778 4628 τῆς
2810 4558 3022 4622 οὐσίας,
3051 4560 3146 4611 καὶ
3174 4557 3306 4612 ἄλλο
3339 4562 3438 4629 τῆς
3464 4555 3655 4611 ὑποστά-

2127 4667 2284 4714 σεως,
2306 4650 2380 4713 ὡς
2401 4652 2428 4702 6
2447 4651 2642 4712 κόκκος
2661 4647 2754 4701 τοῦ
2781 4649 2926 4704 σίτου
2956 4649 3196 4718 λέγεται,
3222 4652 3324 4705 καὶ
3351 4652 3461 4704 ἐστι
3483 4650 3658 4716 σπέρμα

2124 4744 2222 4808 καί
2249 4743 2476 4812 καρπός.
2493 4761 2511 4792 ι

463 4835 652 4890 Intulit
697 4835 868 4901 enim,
911 4835 1005 4891 sed
1037 4845 1293 4905 tanquam
1343 4834 1864 4903 aliudsigniﬁcantc
1897 4836 2204 4892 substantia
2238 4846 2293 4892 et
2332 4838 2481 4892 aliud
2542 4839 2842 4910 bypostasl,
2903 4847 2967 4893 ut
3031 4855 3262 4910 granum
3330 4837 3572 4896 frumenti
3600 4832 3655 4888 di-

461 4930 624 4996 citur,
651 4941 706 4986 et
737 4943 823 4987 est
845 4948 1031 4988 semen
1063 4940 1118 4987 et
1151 4933 1384 4986 fructus.

528 5024 703 5080 Porro
737 5039 898 5078 nemo
952 5024 1244 5078 tumultum
1294 5025 1494 5078 excitet
1545 5024 1883 5088 existimans,
1937 5035 2031 5078 aut

461 5127 564 5170 nos
597 5113 961 5174 calumnians,
1013 5113 1160 5182 quod
1210 5113 1420 5167 scilicet
1455 5113 1567 5166 sola
1623 5114 1834 5166 ratione
1880 5111 2030 5166 dica-

461 5220 584 5259 mus
609 5204 823 5258 divinas
845 5219 1106 5273 personas
1136 5204 1417 5273 distingui.
1453 5205 1640 5274 Neque
1663 5207 1804 5258 enim
1835 5206 2025 5258 docto-

460 5309 568 5362 res,
612 5309 736 5350 cum
790 5295 966 5359 aiunt,
1006 5297 1412 5364 paternitatem,
1461 5304 1518 5350 et
1562 5295 1892 5364 ltypostasim
1927 5310 2024 5348 seu

459 5390 674 5441 Patrem
707 5386 850 5441 idem
889 5402 1033 5448 esse,
1078 5396 1243 5456 atque
1273 5387 1590 5457 hypostases
1618 5403 1736 5442 esse
1770 5387 2025 5442 substan-

459 5478 588 5531 tiam
628 5492 724 5532 seu
769 5477 1059 5542 Deitatem,
1092 5489 1148 5532 et
1189 5478 1438 5532 eamdem
1481 5479 1761 5534 Monadem
1785 5494 1848 5533 ac
1875 5478 2028 5553 Tria.-

457 5570 604 5633 dem,
653 5569 740 5624 vel
789 5569 905 5623 sola
961 5570 1171 5623 ratione
1215 5570 1476 5639 distingui
1528 5579 1775 5635 censent,
1819 5571 1899 5624 vel
1937 5585 2024 5624 se-

458 5655 698 5710 cundum
728 5659 996 5726 opposita,
1029 5673 1150 5727 quae
1199 5667 1327 5712 sunt
1373 5659 1428 5713 in
1476 5661 1738 5726 relativis,
1786 5670 1836 5715 et
1890 5660 2022 5714 sub-

464 5744 694 5800 stantia:
721 5746 1021 5812 opp0sitas,
1069 5748 1226 5802 etab
1281 5748 1514 5804 invicem
1566 5766 1685 5807 esse
1739 5751 2023 5809 distinctas

2203 5025 2510 5094 Θορυϐείτω
2551 5023 2607 5076 δὲ
2654 5025 2844 5095 μηδεὶς
2895 5026 3141 5096 οίόςιενος
3178 5027 3211 5098 ἢ
3262 5029 3572 5088 διαϐαῖελων,
3601 5023 3653 5080 ὡς

2131 5116 2238 5185 ἄρα
2267 5116 2406 5183 λόγῳ
2446 5116 2590 5185 μόνῳ
2621 5119 2800 5183 φαμὲν
2829 5119 2897 5171 τὰ
2951 5117 3069 5171 θεῖα
3114 5121 3486 5189 διακρίνεσθαι
3523 5121 3652 5188 πρίσ-

2130 5224 2274 5260 ωπα.
2303 5206 2436 5258 Οὐδὲ
2491 5207 2601 5275 γὰρ
2631 5207 2682 5258 οἱ
2722 5207 3028 5263 διδάσκαλοι
3063 5213 3405 5286 πατρότητα
3444 5214 3531 5266 καὶ
3558 5209 3652 5261 ὑπὸ·

2133 5313 2344 5359 στασιν,
2375 5295 2408 5365 ἢ
2443 5296 2661 5366 Πατέρα
2690 5298 2854 5350 ταύτὸ
2889 5299 3157 5367 λέγοντες,
3207 5306 3304 5355 καὶ
3334 5305 3433 5366 τὰς
3460 5301 3649 5356 ὑποιτὰ-

2133 5403 2247 5448 σεις
2285 5383 2423 5441 εἶναι
2454 5387 2553 5457 τὴν
2579 5388 2785 5454 οὐσίαν,
2819 5389 2850 5460 ἦ
2897 5391 2994 5458 τὴν
3025 5393 3253 5462 θεότητα
3286 5395 3379 5447 καὶ
3404 5395 3497 5465 τὴν
3520 5392 3650 5458 αὐτὴν

2130 5476 2332 5544 μονάδα
2362 5479 2453 5530 καὶ
2488 5478 2713 5546 Τριάδα,
2746 5479 2779 5548 ἢ
2812 5481 2953 5550 λόγῳ
2989 5483 3136 5552 μόνῳ
3172 5483 3541 5554 διακρίνεσθαί
3576 5499 3651 5550 φα·

2129 5585 2233 5630 σιν.
2287 5569 2318 5637 ἢ
2350 5571 2512 5630 ,κατέι
2542 5570 2611 5622 τὰ
2640 5572 2697 5624 ὲν
2726 5576 2836 5634 τοῖς
2893 5575 3030 5641 πρός
3081 5591 3135 5626 τι
3183 5578 3548 5643 ἀντικείμενα,
3581 5573 3650 5623 καὶ

2126 5659 2312 5721 οὐσίας
2363 5661 2745 5730 ἀντικειμένας
2794 5664 2884 5715 καὶ
2932 5665 3173 5734 ἀλλήλων
3229 5663 3370 5718 εἶναι
3407 5667 3651 5729 διακεκρι·

2133 5749 2322 5816 μένας,
2350 5751 2472 5805 καθ’
2503 5753 2671 5818 αὐτὰς
2696 5753 2769 5817 ὡς
2808 5755 2932 5825 τρία
2955 5755 3180 5826 διάφορα
3207 5756 3334 5811 Evt:
3356 5775 3368 5788 ·
3397 5756 3522 5809 ἀλλὰ
3541 5751 3646 5822 μιᾶς
