3862 6218
340 306 446 367 877

1275 317 1373 376 DE
1420 318 1931 378 PIiOCESSiONE
1971 321 2325 384 SPlRITUS
2371 326 2660 386 SANCTI.

3475 322 3585 385 878

322 421 514 482 οὐσίας
540 422 668 493 τρία
695 423 965 490 πρόσωπα
997 427 1122 481 καθ’
1151 429 1289 483 αὑτά
1319 449 1502 500 φαμεν
1537 433 1906 502 ὕφεστηκότα,

2024 450 2109 501 per
2132 451 2211 501 se,
2245 453 2306 492 ac
2338 439 2381 492 si
2415 448 2599 494 essent
2655 446 2765 492 tres
2823 435 3222 500 inditl'erentes,
3277 434 3372 490 sed
3421 433 3587 487 unius

318 511 569 576 ὑφεστὼς
625 515 736 566 τῶν
788 518 1096 585 προσώπων
1147 521 1377 575 ἕκαστον
1428 523 1550 576 καθ’
1611 526 1744 577 αὐτὸ
1802 542 1893 577 πι-

316 602 624 665 στεύοντες,
658 605 813 668 ὡς’ὲν
848 607 927 676 τῷ
954 608 1092 677 Περὶ
1126 611 1436 679 ἠνωμένης
1468 614 1565 666 καὶ
1601 613 1895 683 διακεκρι-

305 695 504 762 per":
534 699 846 766 θεολογίας
876 705 1041 770 φησὶν
1083 705 1112 755 ὁ
1159 703 1302 768 Gaio;
1345 705 1621 770 Διονύσιος
1668 725 1682 739 ο
1713 708 1798 761 ὃτι
1832 708 1894 760 τὸ

312 783 411 836 τοῦ
455 787 671 850 Πατρὸς
709 789 1035 857 ὑπερούσιον
1062 792 1236 862 ὄνομα
1268 795 1360 848 καὶ
1409 795 1601 866 χρῆμα
1637 799 1731 850 καὶ
1759 797 1889 850 Υἱοῦ

315 877 413 931 καὶ
468 877 623 944 ἁγίου
679 880 1022 949 Πνεῦματος.
1075 883 1189 938 Καὶ
1243 885 1377 939 ὅταν
1429 887 1527 955 μὲν
1568 887 1711 954 λέγω
1737 888 1890 950 Θεὸν,

311 969 706 1040 ἀπολελυμένῳ
752 975 846 1026 καὶ
880 975 1045 1042 κοινῷ
1073 973 1300 1044 ὀνόματι
1331 977 1430 1046 τὴν
1465 977 1656 1030 οὐσίαν
1690 978 1856 1030 ἐννοῶ
1877 993 1891 1007 ·

313 1060 446 1113 ὅταν
467 1061 523 1113 δὲ
558 1063 776 1132 Πατέρα
809 1065 843 1134 ἢ
891 1064 1018 1117 Υἱὸν
1053 1066 1086 1136 ἢ
1123 1067 1350 1135 Πνεῦμα
1385 1069 1564 1136 ἅγιον,
1597 1070 1770 1139 αὐτὴν
1798 1072 1900 1138 τὴν

305 1153 534 1218 οὖσιαν,
571 1156 704 1207 αὐτὸ
729 1156 796 1207 τὸ
841 1159 1020 1210 κοινὸν
1054 1161 1150 1213 καὶ
1176 1159 1312 1222 πρός
1338 1159 1391 1213 τί
1440 1178 1558 1222 πως
1608 1161 1748 1229 ἔχων
1779 1179 1902 1215 συν-

313 1245 467 1314 νοεῖν
516 1246 903 1316 ἀναγκάζομαι
953 1250 1272 1320 ἀνασορικῷ
1316 1250 1542 1320 ὀνόματι
1598 1252 1900 1323 διακρίνειν

317 1335 590 1401 πεφυκότι
637 1338 929 1406 πρόσωπα.
982 1343 1090 1395 Καὶ
1135 1342 1198 1411 δὴ
1248 1346 1339 1398 καὶ
1388 1342 1458 1395 δι’
1511 1345 1744 1398 ἑκάστου
1788 1344 1903 1399 τῶν

318 1428 490 1496 τριῶν
539 1431 888 1500 ἀναφοριών
936 1432 987 1502 (ὃ
1034 1434 1128 1486 καὶ
1179 1434 1574 1505 παράδοξον)ή
1623 1435 1761 1505 αὑτὴ
1805 1438 1901 1488 καὶ

291 1521 427 1587 ,μία
466 1521 623 1572 οὐσία
655 1521 930 1591 δηλοῦται.
975 1524 1237 1592 Ἐπείπερ
1271 1525 1424 1578 οὐδὲν
1466 1526 1747 1580 ὁποιονοῦν
1788 1528 1901 1581 τῶν

323 1608 640 1677 προσώπων
684 1612 848 1680 μέρος
897 1614 988 1665 ἐπὶ
1027 1615 1128 1684 τῆς
1155 1617 1285 1684 μιᾶς
1314 1617 1408 1669 καὶ
1450 1617 1578 1684 ὅλης
1621 1619 1898 1686 Θεότητος.

322 1704 510 1771 Χωρὶς
543 1703 651 1773 γὰρ
700 1704 809 1756 τῶν
865 1707 1216 1777 ἀναφορικῶν
1260 1709 1523 1764 ἀδύνατον
1554 1706 1696 1762 εἶναι
1737 1710 1894 1774 τάξιν

321 1795 360 1861 ἢ
398 1795 666 1864 διάκρισιν
694 1800 752 1850 ὲν
779 1801 889 1862 τοῖς
917 1799 1102 1862 Θείοις.
1135 1802 1244 1856 Καὶ
1271 1801 1409 1854 τοῦτ’
1451 1803 1604 1854 ἑστ¹ιν
1653 1804 1908 1874 ἀρρήτως

324 1887 474 1954 ὑπὲρ
507 1887 683 1940 πάντα
713 1889 874 1956 λόγον
915 1893 1009 1943 καὶ
1064 1891 1204 1945 ὥστε
1244 1893 1600 1947 πιστεύεσθαι
1649 1895 1810 1962 μόνον
1852 1895 1910 1947 ὲν

321 1977 403 2042 τῷ
437 1979 666 2048 παρόντι
693 1982 756 2034 ἐκ
782 1982 876 2034 τοῦ
900 1983 1036 2036 Θεοῦ
1065 1985 1204 2038 κατὰ
1234 1985 1584 2054 ἀποκάλυψιν
1613 1987 1787 2039 δοθὲν.
1816 1986 1910 2040 Διὸ

326 2070 520 2141 μηδεὶς
551 2072 648 2141 τὴν
678 2073 886 2126 τούτων
915 2076 1190 2142 ἀπόδειξιν
1220 2078 1462 2145 ἀκριϐῶς
1491 2079 1592 2131 οὐκ
1621 2079 1780 2148 ἔχων,
1807 2079 1909 2132 εἴτ’

323 2161 422 2215 οὖν
451 2164 508 2228 ἐξ
536 2165 756 2230 ἀμέσων
788 2167 883 2217 καὶ
938 2167 1167 2237 πρώτων
1196 2172 1290 2222 καὶ
1328 2171 1520 2222 αἰτίων
1565 2171 1658 2222 τοῦ
1696 2187 1908 2239 συμπε-

326 2257 634 2323 ράσματος,
664 2255 855 2327 ὥσπερ
884 2256 954 2310 ἂν
981 2260 1028 2311 εἰ
1058 2261 1181 2322 ταῖς
1212 2263 1474 2327 φυσικαῖς
1523 2261 1722 2330 ἀρχαῖς
1771 2261 1908 2314 ὑπέ-

329 2362 502 2409 κειτο,
535 2346 820 2401 ἀσθένειαν
842 2352 1300 2412 καταγινωσκέτω
1314 2351 1423 2403 τῶν
1451 2352 1787 2420 λεγομένων,
1807 2352 1912 2424 τὴν

331 2438 526 2490 ἑαυτοῦ
571 2439 626 2492 δὲ
662 2443 968 2496 συνιστάτω
1024 2443 1264 2512 πλάνην,
1309 2443 1386 2506 ὡς
1421 2443 1509 2513 ἄρ’
1542 2445 1681 2497 εἰσὶν
1721 2446 1779 2496 ὲν
1831 2446 1910 2514 τῷ

322 2532 450 2600 Θεῴ
482 2533 610 2587 ἄλλο
634 2533 734 2602 μὲν
766 2536 946 2600 οὐσία,
971 2537 1158 2606 ἕτερον
1200 2537 1255 2590 δὲ
1286 2537 1604 2603 ὑπόστασις,
1636 2538 1828 2607 ἕτερον
1851 2539 1910 2592 δὲ

332 2624 537 2692 ἰδιότης
592 2625 838 2693 ἀλλήλων
889 2627 1297 2696 πραγματικῶς
1330 2628 1756 2699 διαφέροντα,ἢ
1813 2630 1910 2682 καὶ

328 2715 507 2768 πλείω
534 2715 760 2781 τούτων,
789 2717 934 2788 ἅπερ
964 2718 1031 2771 ἂν
1057 2719 1106 2770 οι
1145 2718 1382 2788 ἄφρονες
1405 2719 1636 2784 εἴποιεν,
1667 2721 1725 2772 ὲν
1758 2719 1912 2790 αὐτῷ

333 2806 477 2860 εἶναι
515 2807 720 2876 φυσικὰ
748 2812 842 2862 καὶ
881 2810 1138 2881 οὑσιώδη,
1173 2816 1274 2880 τὴν
1309 2813 1522 2880 σοφίαν,
1561 2813 1662 2882 τὴν
1703 2813 1910 2879 ἀγαθό-

329 2917 497 2968 τητα,
534 2901 633 2970 τὴν
666 2902 834 2972 ζωὴν,
872 2905 967 2954 καὶ
1022 2903 1202 2958 πάντα
1257 2905 1326 2958 τὰ
1353 2906 1775 2974 άπολελυμένως
1823 2905 1910 2958 ἐπ’

332 2991 506 3044 αὐτοῦ
529 2993 820 3062 λεγόμενα,
845 2994 1008 3066 ἔτερα
1034 2998 1132 3065 τῆς
1157 2997 1348 3061 οὐσίας
1381 2998 1548 3051 αὐτοῦ
1580 2998 1911 3066 διαφέροντα

2010 527 2330 582 substantia:
2357 538 2468 583 tres
2500 544 2760 598 personas
2793 543 2888 598 per
2919 542 2976 580 se
2996 526 3232 580 dicinms
3261 524 3584 585 subsistere,

2014 633 2458 689 unamquamque
2488 619 2877 674 subsistentem
2911 633 3010 688 pr
3043 633 3101 671 se
3121 631 3242 671 esse
3275 615 3585 674 credentes,

2012 722 2074 763 ut
2104 710 2155 762 in
2187 711 2329 765 libro
2363 711 2434 765 De
2465 713 2745 782 conjuncta
2771 719 2818 765 et
2850 712 3097 764 distincta
3133 709 3392 777 theologia
3422 704 3590 760 tradit

2010 801 2229 856 divinus
2287 800 2578 873 Dionysius
2611 819 2625 856 :
2655 802 2800 871 quod
2842 802 3022 856 Patris
3057 797 3588 870 supersnbstantiaie

2012 909 2210 947 nomen
2253 903 2422 949 estet
2466 909 2573 957 res.
2613 905 2668 948 et
2711 893 2831 948 Filii
2867 894 2935 948 'et
2987 892 3226 963 Spiritus
3279 890 3474 945 sancti.
3524 889 3589 944 Et

2013 999 2138 1038 cum
2169 983 2340 1038 Deum
2375 984 2518 1047 dico,
2553 984 2806 1038 absoluto
2845 995 3009 1053 atque
3039 983 3318 1038 communi
3367 980 3590 1034 nomine

2013 1077 2373 1131 substantiam
2425 1078 2688 1148 intelligo.
2733 1076 2867 1132 Cum
2927 1085 3108 1130 autem
3171 1074 3295 1129 dico
3348 1073 3587 1133 Patrem.

2012 1176 2108 1222 aut
2137 1167 2360 1233 Filium,
2393 1178 2488 1222 aut
2514 1168 2776 1238 Spiritum
2802 1180 3072 1232 sanctum,
3121 1166 3294 1236 ipsam
3336 1164 3593 1218 substan-

2014 1260 2170 1322 tiam,
2205 1258 2383 1327 ipsum
2412 1275 2705 1314 commune
2738 1269 2794 1313 et
2827 1259 2892 1313 ad
2925 1257 3130 1328 aliquid
3162 1257 3396 1326 quodam
3427 1253 3592 1308 modo

2015 1364 2073 1404 se
2107 1339 2316 1404 habens
2347 1350 2724 1418 cointclligere
2753 1366 2942 1422 cogor,
2990 1348 3218 1403 relativo
3267 1345 3490 1398 nomine
3523 1343 3593 1396 ad

2016 1439 2468 1509 distinguendum
2499 1457 2764 1510 personas
2793 1451 2938 1509 apto.
2984 1439 3119 1494 Nam
3154 1445 3209 1490 et
3243 1450 3340 1504 per
3379 1432 3594 1501 singula

2020 1533 2120 1586 tria
2158 1533 2382 1586 relativa
2419 1533 2588 1603 (quod
2644 1545 2700 1587 et.
2752 1535 2950 1586 mirum
3000 1532 3108 1598 est)
3159 1528 3352 1583 eadem
3403 1536 3460 1580 et
3488 1539 3594 1578 una

2019 1625 2324 1679 substantia
2351 1625 2707 1694 significatur.
2728 1621 3182 1692 Quandoquidem
3221 1618 3386 1682 nulla,
3405 1631 3598 1686 quam-

2018 1731 2236 1786 cunque
2269 1717 2494 1780 dixeris,
2548 1731 2780 1784 persona
2815 1729 2942 1784 pars
2977 1721 3063 1768 cst
3100 1711 3284 1776 unius,
3319 1716 3597 1774 totiusque

2014 1807 2276 1871 Deitatis;
2327 1807 2531 1876 quippe
2582 1808 2701 1861 sine
2752 1805 2996 1860 relativis
3028 1803 3143 1857 fieri
3173 1817 3278 1856 non
3306 1807 3507 1870 potest,
3538 1807 3598 1850 ut

2011 1899 2082 1952 sit
2133 1899 2268 1952 ordo
2311 1907 2406 1951 aut
2438 1897 2722 1952 distinctio
2759 1898 2811 1951 in
2840 1895 3061 1950 divinis.
3093 1893 3260 1962 idque
3295 1901 3379 1946 cst
3407 1888 3599 1942 inell'a-

2015 1978 2199 2045 biliter
2228 2007 2394 2060 supra
2442 2005 2659 2046 omnem
2721 1991 3015 2053 rationem,
3077 1991 3214 2043 adeo
3269 1997 3328 2040 ut
3385 1993 3595 2038 tantum

2012 2087 2271 2138 credatur
2304 2083 2356 2137 in
2391 2084 2678 2153 praesentia
2716 2099 2811 2150 per
2852 2082 3246 2137 revelationetn
3277 2090 3306 2132 a
3347 2078 3455 2131 Deo
3489 2087 3599 2129 tra-

2013 2175 2209 2231 ditum.
2247 2173 2519 2240 Quocirca
2581 2174 2624 2229 si
2677 2175 2875 2228 horum
2930 2173 3457 2228 demonstrationem
3505 2183 3599 2222 ett-

2015 2275 2191 2320 actam
2241 2281 2348 2320 non
2399 2266 2619 2329 habeat,
2653 2266 2768 2321 sive
2799 2282 2866 2320 ex
2919 2263 3254 2318 immediatis
3298 2271 3354 2315 et
3402 2259 3598 2330 primis

2013 2355 2299 2427 principiis
2347 2357 2739 2422 conclusionis,
2777 2357 2947 2411 veluti
2980 2357 3028 2410 si
3073 2353 3416 2409 naturalibus
3449 2350 3600 2420 prin-

2013 2448 2177 2517 cipiis
2205 2448 2600 2517 subjiceretur,
2631 2449 2818 2502 nullus
2865 2446 3030 2510 dicta,
3081 2455 3141 2499 ut
3187 2442 3322 2496 nihil
3378 2439 3599 2494 roboris

2015 2542 2278 2595 habentia
2328 2541 2574 2603 damnet,
2622 2519 2783 2594 suum
2847 2551 3026 2592 autem
3073 2545 3284 2590 astruat
3328 2547 3599 2594 errorem,

2016 2631 2164 2702 quod
2201 2647 2331 2687 sane
2363 2633 2472 2685 sint
2515 2631 2567 2684 in
2627 2631 2741 2684 Deo
2798 2629 2946 2682 aliud
2983 2627 3227 2697 quidem
3270 2623 3598 2680 substantia.

2017 2723 2166 2777 aliud
2227 2737 2354 2776 vero
2409 2723 2738 2794 hypostasis,
2792 2720 2941 2774 aliud
2997 2728 3178 2772 autem
3240 2718 3306 2771 ad
3365 2715 3598 2769 invicem

2017 2817 2348 2887 proprietas,
2395 2831 2516 2886 quae
2559 2815 2781 2869 realitcr
2830 2815 3110 2878 dill‘erant,
3160 2812 3242 2865 vel
3293 2810 3380 2864 bis
3426 2807 3601 2862 multo

2015 2909 2194 2978 plura,
2227 2924 2348 2976 qua:
2384 2906 2534 2962 stulti
2571 2907 2819 2960 dicerent
2867 2905 2919 2957 in
2975 2905 3096 2972 ipso
3152 2917 3275 2956 esse
3325 2898 3600 2953 naturalia

2017 3013 2072 3053 ct
2130 2999 2480 3063 cssentialia;
2547 2998 2809 3051 nimirum
2862 2995 3211 3065 sapientiam,
3276 2991 3599 3055 bonitatem,

338 3083 441 3135 καὶ
471 3086 759 3154 πράγματι
792 3087 886 3139 καὶ
910 3087 1054 3159 λόγῳ
1084 3087 1184 3158 τῆς
1204 3105 1262 3142 τε
1287 3090 1474 3153 οὐσίας
1504 3090 1598 3144 καὶ
1628 3091 1872 3160 ἀλλήλων
1893 3108 1906 3123 ⁸

2024 3091 2209 3154 vitam,
2242 3101 2293 3144 et
2325 3091 2506 3145 omnia
2569 3105 2689 3158 qua:
2737 3088 2986 3142 absolute
3029 3087 3083 3140 in
3133 3087 3250 3155 ipso
3301 3085 3600 3146 dicuntur;

333 3173 477 3228 ἀλλὰ
512 3177 579 3230 τὰ
613 3179 746 3248 περὶ
785 3179 1013 3249 μονάδος
1042 3181 1409 3252 καί-Τριάδος
1438 3183 1697 3252 ἀσφαλῶς
1730 3201 1914 3254 παρα-

332 3266 599 3336 δεδομένα
647 3271 914 3341 κατέχων,
958 3275 1074 3336 τοῐς
1111 3291 1172 3326 τε
1219 3274 1465 3337 δυνατοῖς
1497 3276 1590 3329 καὶ
1635 3276 1917 3346 ἐχομένοις

333 3360 520 3428 λόγοις
550 3361 678 3432 περὶ
711 3364 820 3416 τῶν
861 3363 1268 3428 ἀναποδείκτως
1299 3367 1710 3438 πιστευομένων
1735 3384 1918 3434 παρα-

337 3449 706 3521 μυθούμενος,
727 3453 838 3512 τῶν
861 3455 1036 3522 ἁγίων
1057 3455 1435 3524 προσκυνείτω
1463 3457 1563 3520 τὰς
1588 3458 1914 3526 ἀποφάσεις.

348 3543 508 3594 Ἐπεὶ
538 3543 585 3593 εξ
616 3543 746 3597 ἄλλο
781 3544 882 3612 μὲν
918 3546 1150 3614 πρᾶγμα
1179 3547 1331 3606 λέγει
1367 3542 1506 3599 εἶναι
1559 3548 1657 3616 τὴν
1691 3547 1916 3615 μονάδα,

334 3632 475 3686 ἄλλο
515 3633 570 3685 δὲ
602 3634 700 3702 τὴν
740 3634 974 3704 rma,
1003 3635 1203 3704 τετρὰς
1231 3637 1461 3689 Enati-rb
1499 3637 1918 3708 προσκυνούμε-

333 3737 456 3773 νον.
485 3722 702 3774 Μᾶλλον
731 3723 789 3776 δὲ
821 3724 871 3776 ei
905 3724 1034 3778 ἄλλο
1072 3725 1170 3793 μὲν
1203 3727 1295 3780 ἐπὶ
1319 3727 1418 3794 τῆς
1449 3725 1777 3797 ὺπερουσίου
1801 3727 1923 3780 056v-

332 3829 506 3880 τητος
544 3815 578 3883 ὴ
630 3814 953 3878 ὑπόστασις,
1011 3815 1142 3869 ἄλλο
1169 3815 1225 3869 δὲ
1255 3818 1289 3887 ἡ
1329 3817 1551 3886 ἰδιότης,
1601 3816 1787 3888 ὥσπερ
1815 3818 1922 3870 εἰσὶ

334 3910 495 3975 τρεῖς
535 3907 886 3975 ὑποστάσεις,
919 3909 1138 3964 ἔσονται
1174 3913 1272 3964 καὶ
1310 3914 1460 3982 τρεῖς
1510 3913 1796 3982 ἰδιότητες,
1828 3912 1922 3965 καὶ

337 3996 520 4062 οὕτως
558 4001 685 4065 ἑξὰς
714 4001 869 4054 ἔσται
919 4005 1013 4054 καὶ
1060 4004 1122 4056 οὐ
1175 4003 1368 4074 Τριάς.
1413 4003 1473 4056 Εἰ
1510 4003 1557 4057 δ’
1594 4003 1723 4059 ἄλλο
1760 4004 1921 4056 πάλιν

337 4091 500 4158 παρὰ
554 4091 728 4144 ταῦτα
778 4095 811 4161 ἡ
857 4093 1008 4165 κοινὴ
1047 4095 1227 4159 οὐσία,
1279 4095 1407 4149 ἄλλο
1450 4095 1508 4148 δὲ
1556 4095 1584 4148 ὃ
1639 4095 1922 4166 βούλονται

338 4181 533 4248 κοινὴν
589 4183 876 4251 ἐνέργειαν
929 4185 1137 4249 καλεῖν,
1171 4186 1364 4255 ὀγδοὰς
1407 4182 1548 4238 εἶναι
1607 4187 1922 4257 περιφανῶς

342 4274 712 4343 συμϐήσεται.
743 4277 804 4327 Et
824 4276 880 4328 δὲ
913 4279 1232 4346 προσκέοιτο
1256 4281 1463 4341 τούτοις
1486 4278 1668 4332 καὶτὰ
1693 4280 1921 4346 φυσικὰ,

341 4367 426 4426 ὡς
457 4367 729 4433 λέγουσιν,
767 4369 994 4434 ἄπειρα,
1023 4373 1116 4422 καὶ
1146 4371 1288 4437 ὑπὲρ
1335 4371 1567 4440 ἀριθμὸν
1607 4371 1756 4435 ὄντα,
1788 4373 1922 4442 πρὸς

2020 3181 2124 3235 alia
2151 3197 2270 3235 esse
2303 3180 2372 3233 ab
2395 3182 2529 3250 'ejus
2563 3180 2826 3244 essentia,
2863 3193 2983 3247 qua:
3008 3177 3271 3231 ditl'erunt
3305 3191 3384 3240 re,
3423 3190 3487 3229 ac
3518 3191 3604 3228 ra-

2020 3272 2168 3328 tione
2194 3287 2318 3326 cutn
2348 3271 2415 3325 ab
2439 3271 2699 3335 essentia,
2740 3279 2851 3323 tum
2898 3270 2966 3322 ab
3020 3269 3272 3323 inv‘:ci‘m.
3327 3267 3438 3342 _Scd
3482 3282 3603 3336 quae

2019 3364 2088 3418 dc
2120 3363 2346 3416 Mouade
2380 3378 2441 3415 ac
2473 3361 2674 3415 Triade
2717 3360 2913 3414 tradita
2967 3369 3094 3413 sunt
3125 3359 3354 3412 ﬁrmiter
3387 3367 3600 3420 tenens,

2020 3465 2184 3524 atque
2215 3454 2570 3523 possibilibus
2599 3452 2926 3512 rationibus,
2966 3460 3022 3506 et
3049 3450 3504 3506 convenientibus
3532 3449 3602 3502 de

2023 3543 2589 3599 indemonstrabiliter
2647 3541 2910 3604 creditis,‘
2963 3557 3022 3596 se
3102 3541 3218 3610 ipse
3287 3539 3602 3601 consolans,

2022 3647 2335 3692 sanctorum
2397 3646 2690 3690 veneretur
2746 3634 3069 3689 sententias.
3139 3632 3294 3699 Quod
3345 3632 3389 3686 si
3436 3631 3600 3685 aliam

2022 3744 2142 3784 esse
2185 3744 2297 3782 rem
2357 3728 2667 3793 Monadem,
2711 3727 2869 3780 aliam
2925 3741 3054 3779 vero
3119 3725 3372 3779 Triadem
3448 3724 3601 3788 dicit,

2022 3819 2364 3888 quater-nitas
2402 3818 2508 3872 erit
2535 3817 2679 3886 quod
2721 3816 2938 3871 colilur.
2993 3813 3106 3868 lmo
3161 3829 3290 3868 vero
3346 3814 3389 3868 si
3455 3813 3604 3867 aliud

2023 3910 2244 3980 quidem
2273 3919 2359 3964 est
2387 3909 2441 3963 in
2473 3907 2990 3977 supersubstantiali
3028 3907 3238 3962 Deitate
3273 3907 3604 3978 ltypostasis,

2025 4004 2174 4059 aliud
2203 4018 2332 4057 vero
2369 4002 2698 4072 proprietas,
2752 4004 2894 4056 sicut
2940 4012 3068 4056 sunt
3107 4011 3218 4055 tres
3259 4001 3602 4071 iiypostases.

2023 4105 2186 4151 erunt
2215 4105 2269 4149 et
2306 4107 2416 4147 tres
2458 4095 2843 4163 proprietates,
2878 4093 3049 4147 hacve
3099 4093 3310 4147 ratione
3357 4091 3606 4146 senarius

2023 4189 2129 4245 erit
2159 4205 2266 4242 non
2294 4187 2555 4241 Trinitas.
2587 4186 2742 4250 Quod
2778 4186 2820 4238 si
2855 4185 3000 4239 aliud
3033 4199 3223 4238 rursus
3267 4193 3465 4253 praeter
3492 4183 3607 4237 haec

2025 4289 2110 4334 est
2155 4278 2460 4332 communis
2491 4277 2816 4339 substantia,
2858 4276 3004 4328 aliud
3054 4290 3184 4328 vero
3215 4275 3361 4344 quod
3419 4276 3609 4328 volunt

2029 4386 2372 4426 communem
2443 4368 2819 4438 operationem
2877 4383 3093 4428 vocare,
3154 4369 3434 4436 continget
3487 4381 3608 4421 esse

345 4456 558 4524 ἄλληλα
595 4459 689 4510 καὶ
725 4459 825 4527 τῆς
857 4462 1043 4523 οὐσίας
1078 4463 1429 4530 διαφέροντα,
1461 4461 1660 4532 μυριὰς
1686 4461 1911 4514 seruisti.

2035 4461 2319 4515 manifeste
2356 4459 2691 4513 octonarius.
2725 4459 2876 4523 Quod
2926 4457 2970 4512 si
3027 4457 3112 4512 bis
3163 4458 3495 4513 accesserint
3554 4467 3610 4510 et

310 4552 772 4619 -λατρευόμενον,
820 4551 958 4605 Ἀλλ’
992 4551 1215 4606 ἀπέστω
1267 4555 1370 4622 τῆς
1421 4555 1528 4606 τῶν
1580 4551 1924 4622 Χριστιανῶν

346 4641 643 4710 πίστεωςή
679 4645 904 4712 τοιαύτη
935 4642 1044 4694 τῶν
1087 4643 1353 4713 Ἑλλήνων
1386 4643 1674 4714 Θρησκεία.

1015 4934 1212 4987 ΕΦΛΛ.
1245 4934 1318 4987 Δ’.

346 5031 482 5084 Ὀτι
507 5033 559 5083 εἰ
598 5033 694 5084 καὶ
735 5031 771 5097 ἡ
814 5027 1119 5096 πατρότης
1154 5028 1336 5080 οὐσία
1381 5027 1489 5097 καὶ,
1516 5028 1552 5092 ἡ
1582 5028 1830 5097 υιότηςἰ
1853 5028 1925 5078 οὐ

423 5100 520 5153 ὃεά
550 5102 723 5154 τοῦτο
759 5093 828 5163 ἒξ
873 5093 1142 5166 didi-xm;
1181 5098 1383 5149 ἕπεται
1433 5095 1540 5149 τὸν
1593 5097 1728 5149 Υἱόν
1773 5093 1926 5149 εἶναι

421 5173 673 5237 Πατέρα,
704 5171 742 5239 ἢ
778 5172 885 5223 τὸν
911 5169 1147 5234 Πατέρα
1182 5170 1340 5221 Υὶόν.

422 5285 484 5337 Ei
521 5284 699 5353 μέντοι
735 5283 985 5351 διαπορεῖ
1013 5299 1095 5344 τις
1149 5282 1268 5345 πῶς
1307 5281 1406 5344 τὰς
1459 5281 1730 5349 ἰδιότητας
1760 5281 1793 5350 ἢ
1828 5281 1926 5344 τὰς

344 5376 629 5445 ἀναφορὰς
668 5375 857 5429 οὐσίαν
897 5373 1037 5428 εἶναι
1067 5378 1273 5446 φαμὲν,
1321 5377 1450 5446 μιᾶς
1488 5376 1587 5446 μὲν
1632 5373 1795 5445 οὔσης
1830 5376 1928 5444 τῆς

345 5469 559 5533 οὐσέας,
599 5471 874 5540 ἰδιοτήτων
911 5469 967 5521 δὲ
1013 5470 1264 5541 τριῶν,ἢ
1319 5471 1411 5524 καὶ
1440 5470 1794 5523 ὑποστάσεων
1830 5471 1923 5521 6w-

347 5562 677 5630 τικειμένως
707 5563 841 5632 πρὸς
871 5563 1075 5631 ἄλληλα
1125 5563 1457 5632 λεγομένων,
1491 5563 1587 5614 καί
1639 5580 1758 5614 τινα
1789 5564 1928 5614 ιπά-

348 5669 470 5721 γειν
498 5652 606 5706 τῶν
649 5655 864 5708 ἀτόπων
895 5656 1086 5722 οἴεται,
1138 5655 1212 5717 ὡς
1266 5657 1373 5725 ἄρα
1427 5655 1525 5724 τὴν
1575 5653 1668 5705 τοῦ
1719 5655 1928 5724 Πατρὸς

350 5741 653 5794 ὑπόστασιν
687 5741 865 5812 δεήσει
909 5743 1089 5811 λέγειν
1127 5747 1423 5798 ὑπέσπασεν
1457 5744 1549 5797 τοῦ
1592 5744 1804 5814 Υἱοῦ,ἧ
1837 5745 1928 5798 τὸν

2033 4534 2329 4611 naturalia,
2384 4561 2442 4603 ut
2492 4549 2665 4612 aiunt,
2706 4549 2935 4612 inﬁnita,
2973 4546 3092 4618 quae
3129 4566 3417 4602 numerum
3448 4563 3610 4616 supe-

2037 4653 2177 4709 rant,
2213 4653 2266 4697 et
2299 4654 2410 4696 tum
2442 4642 2509 4695 ab
2562 4642 2816 4705 invicem,
2860 4653 2974 4695 tum
3029 4657 3056 4694 a
3097 4642 3398 4696 substantia
3449 4641 3611 4694 diffe-

2036 4744 2182 4798 runt,
2219 4735 2418 4804 myrias
2461 4733 2568 4787 erit
2619 4733 2761 4802 quod
2802 4733 3022 4787 colitur.
3082 4734 3188 4786 Sed
3237 4735 3379 4786 absit
3427 4749 3454 4783 a
3505 4733 3608 4786 tide

2032 4824 2472 4878 Christianorum
2504 4822 2771 4892 ejusmodi
2811 4821 3095 4891 gentilium
3126 4822 3466 4891 superstitio.

2653 4932 2879 4987 CAPUT
2920 4933 3010 4986 IV.

2036 5031 2185 5097 Quod
2230 5033 2468 5099 quamvis
2519 5029 2828 5096 paternitas,
2868 5038 2916 5080 et
2953 5027 3248 5099 ﬁtiatio_sit
3285 5027 3606 5091 substantia,

2106 5119 2209 5154 non
2239 5096 2514 5168 pmptcrea
2552 5101 2846 5168 necessario
2872 5099 3110 5166 sequitur
3129 5096 3321 5151 Filium
3354 5115 3464 5152 esse
3498 5099 3608 5152 Ρα-

2105 5167 2255 5233 trem,
2289 5180 2381 5222 aut
2423 5170 2634 5221 Patrem
2662 5167 2887 5221 Filium.

2116 5281 2170 5337 Si
2226 5283 2350 5351 quis
2387 5290 2566 5346 tamen
2607 5279 2843 5347 dubitet,
2877 5296 2982 5350 qua
3039 5281 3251 5335 ratione
3299 5282 3608 5351 proprieta-

2037 5385 2138 5440 tes,
2173 5377 2257 5429 vel
2295 5375 2592 5439 relationes
2627 5373 2991 5428 substantiam
3036 5389 3162 5428 esse
3189 5374 3448 5439 dicimus,
3479 5389 3606 5430 cum

2039 5483 2144 5521 una
2185 5469 2256 5522 sit
2312 5468 2644 5531 substantia,
2681 5470 3044 5538 preprietates
3108 5477 3292 5523 autem
3345 5479 3476 5533 tres,
3510 5483 3609 5522 seu

2036 5561 2199 5614 etiam
2235 5560 2578 5630 hypostases,
2612 5560 2862 5628 opposite
2899 5561 2963 5613 ad
3016 5561 3248 5614 invicem
3312 5561 3606 5626 dicantur;

2037 5661 2094 5703 ct
2126 5652 2386 5704 nonnulla
2416 5649 2653 5704 absurda
2683 5650 2892 5705 inferre
2938 5651 3258 5711 arbitretur,
3291 5652 3437 5721 quod
3479 5666 3612 5706 sane

2045 5743 2383 5813 hypostasim
2437 5742 2616 5799 Patris
2669 5753 2809 5814 opus
2876 5743 2980 5798 erit
3041 5744 3222 5799 dicere
3277 5744 3611 5824 ltypostasitn
