3862 6218
396 324 502 385 >79

1665 318 2043 378 DEMETRII
2083 318 2391 378 CYDONII
3494 320 3580 386 880

398 437 541 500 Filii,
582 437 664 489 vel
718 436 913 491 Filium
969 449 1086 489 esse
1131 433 1369 497 Patrem,
1402 446 1467 485 co
1497 430 1643 499 quod
1692 430 1824 500 ipsis
1857 444 1962 485 una

2073 430 2196 482 Υίὸν
2227 425 2369 483 εἶναι
2405 430 2640 499 Πατέρα,
2677 430 2764 484 διά
2799 431 2857 485 τὸ
2886 406 3015 501 μίαν
3043 432 3220 493 αὐτοῖς
3253 427 3493 503 εἶναιτὴν
3514 437 3587 487 οὒ’

395 529 471 582 sit
502 527 836 581 substantia.
869 526 1112 580 Primum
1145 523 1369 593 quidem
1421 521 1555 575 nihil
1585 520 1652 576 ad
1685 536 1805 576 nos.
1838 523 1963 575 Haec

394 620 544 675 enim
594 618 790 673 Thesis
821 615 1130 671 communis
1159 624 1245 671 est
1276 613 1423 669 ﬁdei.
1456 612 1666 668 Deinde
1712 628 1741 667 a
1774 612 1964 667 docto-

396 711 552 764 ribus
612 708 685 762 ita
750 722 809 763 se
860 706 1063 761 habere
1111 714 1393 760 ostensum
1449 714 1551 759 est.
1584 703 1740 759 Nune
1775 712 1959 757 autem

395 801 558 854 etiam
594 806 873 867 utcunque
924 796 1163 861 dicetur,
1195 795 1344 866 quod
1394 795 1765 849 necessarium
1798 795 1868 847 sit
1897 809 1961 847 ea

394 890 462 945 de
489 905 546 944 re
576 889 741 943 verba
804 886 1005 943 facere.
1046 887 1201 955 Quod
1255 888 1420 957 igitur
1464 888 1639 957 gratia
1692 884 1960 941 evadendi

391 982 627 1035 absurda
656 988 1108 1044 commemorata,
1140 988 1195 1034 et
1238 977 1491 1034 servandi
1539 977 1683 1031 dicta
1718 976 1963 1045 Scriptu-

396 1085 490 1133 r.e,
517 1077 683 1137 atque
711 1068 1000 1123 doctorum
1052 1068 1375 1133 sententias,
1404 1076 1459 1123 et
1490 1065 1712 1121 omnino
1751 1065 1961 1135 princi-

392 1164 481 1231 pia
515 1161 661 1226 lidei,
694 1176 819 1216 cum
882 1161 1095 1215 nullum
1141 1161 1441 1217 absurdum
1501 1171 1789 1231 sequatur.
1821 1158 1961 1213 Sub-

392 1253 652 1306 stantiam
683 1267 804 1306 esse
838 1252 1128 1306 relationes
1174 1251 1587 1315 constituimus,
1621 1250 1826 1305 dictum
1849 1257 1956 1315 est;

394 1345 556 1413 idque
604 1345 824 1408 merito,
857 1353 912 1398 et
962 1344 1155 1412 liquet.
1197 1342 1667 1408 Quemadmodum
1703 1342 1849 1395 enim
1877 1350 1961 1394 est

390 1435 622 1503 aliquid,
655 1435 799 1504 quod
857 1434 999 1488 idem
1038 1432 1291 1488 accidens
1321 1433 1411 1495 sit,
1435 1439 1489 1487 et
1544 1431 1611 1485 ad
1662 1430 1871 1499 aliquid
1904 1431 1960 1483 in

396 1526 600 1593 quibus
630 1525 897 1594 contingit
944 1540 1065 1579 esse
1103 1524 1447 1588 accidentia;
1499 1522 1572 1576 ita
1616 1536 1840 1577 necesse
1876 1534 1962 1575 εει

398 1617 539 1670 idem
581 1631 703 1671 esse
764 1616 1129 1671 subsmutiam
1192 1623 1247 1668 et
1298 1614 1367 1668 ad
1433 1612 1661 1683 aliquid,
1709 1612 1801 1667 ubi
1851 1627 1959 1665 non

398 1708 666 1777 contingit
691 1722 810 1763 esse
843 1706 1119 1761 accidens.
1160 1705 1430 1771 Quocirca
1467 1705 1520 1759 in
1562 1703 1729 1759 rebus
1762 1703 1961 1759 creatis

400 1799 593 1853 relatio
625 1807 681 1851 et
724 1798 1027 1853 secundum
1070 1799 1334 1851 rationem
1381 1805 1436 1851 et
1493 1794 1794 1851 secundum
1848 1809 1962 1847 rem

398 1890 546 1943 aliud
598 1898 681 1943 est
738 1904 768 1943 τι
817 1888 1150 1951 substantia,
1195 1886 1451 1957 quoniam
1480 1894 1607 1940 sunt
1637 1882 1959 1939 accidentia.

398 1982 451 2035 in
488 1982 598 2035 Deo
627 1996 757 2034 vero
814 1980 1114 2035 secundum
1170 1994 1283 2033 rem
1320 1978 1463 2031 idem
1512 1985 1618 2041 est,
1658 1974 1961 2030 secundum

394 2074 658 2127 rationem
689 2071 837 2126 aliud
873 2080 976 2126 est.
1011 2071 1080 2135 Ut
1103 2070 1249 2125 enim
1282 2071 1489 2126 dictum
1522 2070 1627 2133 est;
1657 2067 1964 2123 substantia

393 2164 538 2219 idem
577 2172 662 2219 est
694 2164 837 2232 quod
891 2162 1234 2233 hypostases,
1268 2177 1389 2231 quae
1441 2160 1802 2215 relationibus
1829 2159 1963 2213 sub-

392 2260 616 2316 sistunt,
640 2271 709 2310 eo
751 2264 933 2309 autem
967 2254 1112 2323 quod
1145 2263 1228 2308 est
1255 2253 1595 2322 simpliciter,
1622 2260 1677 2306 ct
1704 2250 1970 2321 quodam-

294 2416 299 2419 _
395 2342 558 2397 modo
604 2343 796 2413 diﬂ‘ert
834 2360 849 2396 :
896 2342 967 2395 ita
1017 2344 1162 2397 enim
1216 2357 1273 2397 se
1310 2357 1395 2397 res
1428 2340 1614 2395 habet.
1648 2339 1965 2401 Substantia

395 2435 488 2488 Dei
529 2450 637 2488 non
667 2443 835 2489 estea
867 2449 987 2503 quae
1043 2434 1097 2486 in
1135 2432 1574 2501 praedicamentis
1622 2431 1850 2501 ponitur
1881 2429 1965 2484 vel

394 2540 588 2594 genus,
628 2527 709 2580 vel
745 2540 935 2581 eorum
992 2540 1113 2594 quae
1154 2534 1282 2579 sunt
1330 2526 1430 2579 sub
1461 2539 1683 2594 genere,
1733 2522 1870 2577 adeo
1908 2531 1967 2577 ut

398 2604 507 2669 non
540 2615 709 2683 possit
737 2630 858 2669 esse
909 2614 1114 2683 aliquid
1163 2615 1333 2668 aliud.
1366 2615 1559 2683 Neque
1600 2628 1790 2668 rursus
1827 2612 1967 2667 rela-

398 2708 498 2766 tio.
537 2720 657 2773 quae
707 2716 791 2758 est
838 2705 891 2758 in
926 2690 1059 2768 Deo,
1088 2715 1174 2759 est
1213 2719 1384 2774 genus
1406 2704 1708 2768 relationis,
1740 2718 1836 2758 seu
1866 2703 1967 2757 ali-

394 2800 526 2868 quid
555 2812 743 2852 eorum
800 2812 921 2866 qua:
972 2797 1073 2850 sub
1118 2796 1206 2849 illa
1240 2804 1391 2861 sunt,
1430 2795 1503 2849 ita
1555 2805 1615 2849 ut
1656 2809 1763 2848 non
1791 2794 1967 2863 possit

394 2905 515 2944 esse
571 2888 898 2943 substantia.
926 2886 1201 2956 Quidquid
1252 2887 1400 2940 enim
1462 2884 1677 2939 tandem
1729 2886 1800 2939 sit
1851 2885 1966 2953 ipsa

396 2982 576 3035 divina
604 2982 825 3042 entitas,
855 2990 908 3034 et
944 2977 1211 3048 quidquid
1261 2977 1478 3031 tandem
1527 2986 1779 3047 oporteat
1814 2976 1964 3031 illam

2070 521 2216 573 σίαν·
2254 519 2469 590 πρῶτον
2523 522 2622 590 μὲν
2658 523 2808 575 οὐδὲν
2850 522 2981 592 πρὸς
3033 524 3178 592 ἡμᾶς
3208 540 3221 553 ο
3255 525 3285 592 ἡ
3329 523 3427 592 γάρ
3455 524 3583 587 θέσις

2065 613 2202 683 αὕτη
2233 613 2386 685 κοινὴ
2416 615 2518 682 τῆς
2561 614 2798 677 πίστεως
2821 631 2835 644 ο
2870 615 3064 668 ἔπειτα
3096 615 3185 667 καὶ
3213 613 3360 685 παρά
3389 613 3489 666 τῶν
3525 616 3585 668 δι·

2063 704 2346 757 δασκάλων
2375 702 2549 767 οὕτως
2578 704 2701 773 ἔχον
2734 703 2969 773 ἐδείχθη.
3002 705 3292 774 Εἰρήσεται
3324 704 3376 756 δὲ
3407 704 3492 756 καὶ
3511 705 3587 756 νῦν

2064 796 2335 858 ὁπωσοῦν,
2382 798 2614 867 ἐπείπερ
2645 796 2945 863 ἀναγκαῖος
2987 797 3016 850 ό
3044 797 3218 861 λόγος.
3251 796 3370 848 Ὀτι
3400 796 3487 863 μὲν
3513 790 3588 849 οὖν

2064 890 2225 941 ἕνεκα
2264 906 2359 943 του
2387 890 2456 942 τά
2491 889 2868 959 προειρημένα
2908 887 3016 942 τῶν
3058 874 3276 941 ἀτόπων
3302 887 3585 953 ἀποφυγεῖν,

2064 983 2156 1033 καὶ
2182 981 2275 1033 τοῦ
2306 980 2405 1043 τὰς
2434 981 2533 1048 τῆς
2582 981 2805 1049 Γραφῆς
2855 980 2949 1033 καὶ
2989 979 3098 1031 τῶν
3127 978 3450 1032 διδασκάλων
3477 978 3589 1029 am-

2063 1072 2255 1142 φάσεις
2282 1072 2590 1140 φυλάττειν,
2622 1073 2712 1123 καὶ
2742 1071 2876 1134 ὅλως
2915 1070 3015 1133 τάς
3039 1070 3208 1139 ἀρχὰς
3246 1068 3345 1137 τῆς
3371 1068 3586 1134 πίστεως,

2066 1165 2294 1235 μηδενὸς
2342 1166 2475 1233 ἡμῖν
2530 1164 2955 1227 ¹ἀκολουθοῦντος
2994 1162 3236 1225 ἀτόπου,
3292 1160 3468 1212 οὐσίαν
3509 1161 3590 1219 τὰς

2062 1258 2343 1327 ἀναφορὰς
2367 1256 2455 1309 ὲθέ
2467 1256 2625 1324 μεθα,
2653 1256 2888 1326 εἴρηται,
2917 1253 3157 1321 εὐλόγως
3179 1269 3194 1283 °
3225 1236 3383 1320 δῆλον
3408 1251 3591 1304 δέ.Ἦσ-

2065 1348 2308 1429 περθγάρ
2338 1348 2451 1400 ἐστι
2481 1364 2532 1399 τι
2579 1347 2644 1400 τὸ
2696 1347 2827 1399 αὐτὸ
2862 1344 3210 1414 συμϐεϐηκὸς
3256 1343 3351 1396 καὶ
3392 1342 3511 1410 πρός
3530 1356 3587 1404 τι,

2063 1441 2122 1492 ὲν
2145 1436 2226 1500 οἷς
2256 1440 2528 1507 ἐνδέχεται
2556 1433 2698 1491 εἶναι
2747 1437 3137 1507 συμϐεϐηκότα
3160 1454 3173 1467 ·
3203 1436 3372 1499 οῦτιυς
3404 1435 3587 1500 ἀνάγκη

2062 1530 2124 1581 τὸ
2153 1530 2285 1583 αὐτὸ
2309 1530 2496 1582 οὐσίαν
2519 1522 2659 1582 εἶναι
2690 1530 2784 1581 καὶ
2823 1528 2961 1598 πρός
2990 1545 3042 1581 τι
3064 1528 3121 1579 ἐν
3152 1524 3233 1589 οἷς
3264 1527 3339 1596 μὴ
3359 1525 3591 1594 ἐνδέχεται

2062 1616 2201 1674 εἶναι
2234 1622 2598 1691 συμϐεϐηκός.
2636 1623 2833 1691 Διόπερ
2871 1626 2929 1675 ὲν
2985 1622 3085 1689 μὲν
3128 1624 3242 1683 τοῖς
3272 1619 3591 1688 κτίσμασινή

2064 1712 2311 1782 ἀναφορὰ
2353 1713 2445 1766 καὶ
2491 1714 2631 1766 κατά
2684 1714 2775 1766 τὸν
2807 1714 2963 1781 λόγον
2993 1713 3086 1767 καὶ
3123 1714 3264 1765 κατά
3312 1710 3369 1764 τδ
3398 1709 3591 1776 πρᾶγμα

2066 1802 2165 1870 τῆς
2195 1802 2380 1865 οὐσίας
2425 1803 2635 1873 ἕτερον,
2681 1804 2803 1856 ἐπεί
2836 1806 2953 1856 ἐστι
2991 1800 3407 1870 συμϐεϐηκόταο
3450 1795 3591 1849 ἔπὶᾶ

2066 1891 2201 1945 Θεοῦ
2231 1895 2372 1947 κατά
2400 1895 2499 1963 μὲν
2526 1896 2588 1947 τὸ
2632 1895 2867 1965 πρᾶγμα
2897 1896 2956 1947 τὸ
2985 1894 3145 1956 αὐτὸ,
3176 1892 3316 1944 κατά
3341 1890 3395 1943 δὲ
3428 1890 3507 1940 τὸν
3526 1886 3589 1937 λό-

2065 2002 2161 2052 γον
2217 1986 2405 2055 ἕτερον
2426 2004 2443 2018 ·
2476 1988 2550 2050 ὡς
2606 1988 2711 2059 γὰρ
2742 1989 2982 2059 εἴρηται,
3012 1991 3047 2059 ἡ
3105 1987 3268 2039 οὐσία
3314 1982 3465 2037 ταυτδ
3496 1981 3589 2037 ταῖς

2067 2078 2429 2132 ὕποστάσεσιν
2462 2080 2518 2132 αἶ
2565 2084 2676 2144 τοῖς
2722 2081 2859 2151 πρός
2887 2099 2938 2133 τι
2974 2081 3316 2151 ὕφεστήκασι
3340 2094 3354 2108 ⁸
3383 2076 3437 2128 τὸ
3470 2074 3507 2126 δ’
3536 2073 3585 2124 ἆ»

2065 2169 2214 2230 πλῶς
2246 2171 2338 2223 καὶ
2376 2170 2490 2233 πῶς
2518 2171 2789 2240 διαφέρει.
2820 2172 2931 2225 Καὶ
2973 2172 3082 2242 γὰρ
3132 2170 3305 2232 οὕτως
3336 2167 3458 2238 ἔχει.
3498 2164 3588 2217 Οὔκ

2067 2258 2213 2311 ἐστιν
2239 2260 2272 2328 ὴ
2299 2259 2457 2312 οὐσία
2488 2259 2581 2312 τοῦ
2607 2259 2744 2313 Θεοῦ
2774 2258 2806 2330 ἡ
2840 2263 2896 2314 ὲν
2923 2263 3040 2323 ταῖς
3064 2260 3416 2329 κατηγορίαις
3446 2254 3587 2313 οὖσίαν

2066 2349 2100 2419 ἢ
2128 2349 2189 2401 τὸ
2218 2352 2392 2417 γένος,
2424 2350 2457 2421 ἢ
2488 2351 2595 2403 τῶν
2626 2351 2730 2404 ὑπὸ
2758 2351 2818 2403 τὸ
2850 2351 3029 2419 γένος,
3062 2351 3206 2404 ὣστε
3257 2351 3331 2418 μὴ
3372 2343 3587 2401 δύνασθαι

2068 2436 2206 2492 εἶναι
2240 2436 2475 2494 ἀλλο“τι.
2518 2440 2641 2493 Οὐδ’
2669 2436 2735 2495 αὖ
2782 2443 2815 2511 ἡ
2857 2442 2914 2493 ἐν
2952 2442 3030 2511 τῷ
3076 2440 3197 2510 Θεῷ
3236 2439 3469 2505 ἀναφορά
3500 2436 3589 2485 ἐστι

2068 2530 2174 2582 τῶν
2203 2530 2338 2599 πρός
2375 2545 2430 2581 τι
2468 2529 2643 2595 γένος,
2686 2532 2719 2600 ἦ
2748 2547 2802 2582 τι
2839 2530 2949 2583 τῶν
2993 2530 3099 2583 ὑπὸ
3126 2531 3363 2592 τούτοις,
3388 2526 3509 2579 ὥστε
3533 2522 3590 2589 μὴ

2067 2619 2325 2674 δύνασθαι
2351 2616 2492 2673 εἶναι
2521 2620 2698 2674 οὐσία.
2732 2622 2801 2671 Ὀ
2848 2622 2899 2673 τί
2932 2639 3063 2674 ποτε
3094 2624 3208 2690 γὰρ
3243 2625 3384 2673 ἐστιν
3414 2616 3523 2669 αὐτὸ
3544 2612 3590 2664 τὸ

2069 2710 2212 2766 θεῖον
2240 2716 2447 2784 χρῆμα,
2478 2715 2573 2767 καὶ
2595 2716 2622 2767 ὂ
2650 2714 2703 2767 τί
2738 2731 2869 2767 ποτε
2893 2715 2973 2767 δεῖ
3002 2715 3187 2766 καλεῖν
3218 2713 3367 2778 abab,
3389 2712 3477 2764 οὐκ
3502 2707 3591 2759 ἔστι

2069 2819 2123 2854 τι
2159 2803 2339 2870 γένος,
2370 2804 2488 2858 ἀλλ’
2518 2804 2667 2859 ἔστιν
2696 2807 2841 2875 ἀρχὴ
2869 2806 3041 2875 γενῶν
3071 2807 3251 2859 πάντα
3285 2807 3340 2856 ἑν
3367 2800 3519 2867 ἐαυτῷ
3538 2798 3589 2847 τὲ

2068 2896 2198 2968 γένη
2257 2898 2509 2968 περιέχον
2543 2900 2635 2953 καὶ
2673 2900 2939 2969 ὑπερέχον
2990 2901 3049 2951 ἐν
3080 2900 3165 2950 ἑνὶ
3217 2894 3407 2963 καὶτῷ
3441 2890 3587 2957 αὐτῷ·

2070 2985 2163 3038 καὶ
2192 2984 2341 3037 ἔστιν
2371 2984 2427 3036 ὲν
2466 2984 2615 3053 αὐτῷ
2643 2988 2736 3037 καὶ
2776 2987 2843 3038 τά
2879 2987 3093 3038 ἐναντία
3133 2983 3416 3056 μονοειδῶς
3435 2980 3515 3031 καὶ
3543 2978 3591 3042 ἡ·

394 3083 615 3134 vocare,
658 3084 767 3123 non
802 3075 887 3122 est
918 3066 1136 3137 aliquod
1180 3081 1376 3137 genus,
1402 3066 1497 3121 sed
1520 3076 1604 3122 est
1627 3066 1957 3137 principium

2065 3076 2319 3145 νωμένως
2340 3091 2353 3105 ·
2387 3078 2483 3129 καὶ
2506 3076 2686 3129 τελεία
2717 3076 2992 3147 πατρότης
3040 3078 3136 3130 καὶ
3162 3078 3347 3147 υἱότης
3374 3074 3498 3128 κατὰ
3521 3070 3590 3122 τὶν

394 3174 656 3228 generum
709 3160 895 3214 omnia
943 3159 997 3212 in
1070 3157 1253 3228 seipso
1308 3172 1504 3225 genera
1565 3156 1872 3223 continens,
1903 3165 1961 3212 et

397 3252 788 3308 transcenderis
836 3251 897 3305 in
950 3266 1078 3317 uno,
1132 3258 1185 3303 et
1246 3249 1675 3318 eodemzatque
1727 3232 1959 3303 suntin

396 3344 518 3414 ipso
542 3344 705 3397 etiam
762 3343 1048 3398 contraria
1120 3341 1495 3406 uniformiter,
1544 3348 1601 3397 et
1647 3340 1960 3411 conjuncte,

394 3435 747 3506 perfectaque
803 3436 1104 3505 paternitas
1155 3442 1318 3504 atque
1406 3431 1598 3486 ﬁliatio
1659 3431 1960 3486 secundum

395 3530 582 3584 divum
620 3527 954 3598 Dionysium,
986 3542 1017 3580 a
1051 3541 1161 3596 quo
1189 3523 1369 3580 omnis
1394 3523 1695 3593 patet-nitas
1722 3520 1777 3576 in
1797 3521 1958 3589 caelo,

390 3632 451 3676 et
480 3621 534 3675 in
564 3630 728 3683 terra,
768 3627 825 3674 et
852 3626 1029 3673 totum
1069 3630 1191 3672 esse
1219 3617 1273 3671 in
1317 3615 1497 3685 seipso
1518 3613 1959 3685 comprehendit,

392 3713 546 3781 juxta
578 3709 915 3779 Theologunt
965 3707 1307 3779 Gregorium.
1340 3705 1809 3773 Quemadmodum
1866 3706 1963 3775 igi-

400 3812 489 3855 tur
520 3802 841 3856 substantia:
878 3800 976 3855 Dei
1030 3800 1410 3855 attribuuntur
1460 3798 1702 3863 realiter,
1751 3812 1816 3852 ea
1843 3811 1965 3867 quae

397 3902 705 3963 sequuntur
736 3891 1068 3953 bonitatem,
1120 3888 1472 3958 sapientiam,
1506 3896 1562 3942 et
1616 3889 1780 3941 vitam
1808 3889 1959 3955 ejus;

397 3984 556 4037 aliter
586 3982 733 4037 cnim
782 3990 931 4035 esset
966 3977 1324 4047 compositus.
1363 3976 1575 4045 Quippe
1601 3977 1964 4043 compositum

396 4075 463 4128 ad
500 4075 684 4127 minus
720 4087 785 4126 ex
812 4069 1029 4125 duobus
1055 4077 1293 4133 constat,
1325 4081 1559 4136 quorum
1595 4067 1829 4120 alterum
1857 4082 1965 4121 non

396 4176 482 4221 est
533 4166 696 4227 idem,
730 4160 877 4232 quod
907 4159 1141 4214 alterum
1197 4172 1258 4213 re
1294 4172 1355 4212 ac
1410 4157 1643 4219 ratione,
1690 4158 1772 4211 vel
1818 4158 1964 4226 quod

398 4269 569 4322 capax
621 4260 705 4307 est
759 4249 993 4320 alicujus
1032 4247 1261 4302 alterius
1289 4256 1486 4316 praeter
1522 4246 1698 4317 ipsum
1724 4247 1791 4300 ad
1819 4248 1965 4301 exsi.

398 4345 696 4406 stentiam;
753 4354 988 4412 quorum
1035 4352 1341 4394 concursus
1395 4351 1564 4391 unum
1615 4334 1821 4401 elIicit,
1876 4334 1964 4389 vel

2060 3166 2203 3220 θεῖον
2238 3168 2536 3230 Διονύσιον,
2566 3167 2662 3238 ἀφ’
2686 3164 2747 3224 οὗ
2766 3171 2930 3224 ’πᾶσα
2961 3170 3174 3240 πατριά
3205 3172 3261 3223 ὲν
3299 3165 3493 3239 οὐρανῷ
3517 3160 3589 3213 καὶ

2061 3259 2155 3312 ἐπὶ
2178 3261 2314 3328 γῆς’
2349 3259 2443 3313 καὶ
2471 3260 2593 3313 ὅλον
2626 3262 2684 3315 ἐν
2719 3262 2899 3332 ἑαυτῷ
2942 3262 3219 3314 συλλαϐδν
3252 3262 3361 3332 ἔχει
3392 3260 3445 3312 τὸ
3480 3251 3588 3309 εἶναι

2060 3350 2201 3403 κατά
2214 3350 2303 3403 τὸν
2318 3349 2580 3419 Θεολὸγον
2600 3351 3101 3422 Γρηγόριον.ὀσπε
3108 3370 3143 3423 ρ
3165 3352 3260 3407 οὖν
3287 3355 3351 3423 τῇ
3368 3342 3587 3423 obstate}

2060 3435 2195 3490 Θεοῦ
2228 3417 2536 3491 ἀποδίδοται
2569 3417 2973 3508 πρανιιατικῶς
3003 3439 3073 3493 τὰ
3104 3417 3355 3510 ἑπόμενα
3394 3417 3587 3507 vibra-

2062 3525 2248 3594 θότητι
2273 3526 2373 3578 καὶ
2402 3528 2470 3596 τῇ
2510 3528 2670 3596 σοφίᾳ
2701 3528 2794 3581 καὶ
2836 3525 2948 3598 ζωῇ
2978 3528 3146 3583 αὐτοῦ
3174 3544 3191 3561 ο
3228 3528 3396 3591 ἄλλως
3422 3524 3514 3593 γὰρ
3538 3522 3586 3573 ἂν

2064 3614 2321 3678 σύνθετος
2349 3611 2413 3687 ἧν
2440 3629 2455 3646 ο
2488 3615 2743 3668 σύνθετον
2774 3617 2882 3686 γάρ
2908 3617 3026 3668 ἔστι
3056 3616 3118 3668 τὸ
3149 3617 3217 3670 ὲκ
3244 3614 3336 3669 δύο
3370 3609 3579 3677 τούλάχιο

2066 3722 2192 3759 στον
2229 3707 2645 3776 συνιστάμενον,
2687 3701 2762 3762 ὧν
2811 3707 3039 3777 θάτερον
3099 3707 3206 3761 οὐκ
3253 3706 3365 3759 ἐστι
3416 3700 3583 3769 θατέρῳ

2061 3798 2227 3850 ταυτδ
2254 3799 2350 3851 καὶ
2382 3799 2669 3868 πράγματι
2715 3800 2813 3853 καὶ
2850 3798 3015 3868 λόγῳ,
3046 3799 3078 3867 ἢ
3125 3800 3191 3852 τὸ
3215 3796 3450 3852 δεκτικόν
3474 3804 3582 3848 τινος

2064 3888 2255 3959 ἐτέρου
2284 3890 2414 3958 παρ’
2443 3889 2574 3942 αὐτὸ
2613 3890 2750 3959 πρὸς
2801 3889 3054 3960 ὓπαρξιν,
3085 3883 3165 3943 ὧν
3220 3892 3255 3961 ἡ
3311 3886 3505 3947 σύνοδος
3537 3883 3581 3932 ἓν

2063 3979 2337 4045 ἀποτελεῖ,
2368 3979 2401 4050 ἢ
2431 3979 2493 4032 τὸ
2516 3978 2749 4045 πολλοῖς
2783 3980 2863 4042 εἰς
2894 3980 3062 4034 ταυτδ
3098 3980 3373 4034 σύνιοῦσιν
3398 3978 3582 4042 ἀπαρτι-

2067 4070 2294 4138 ζόμενον
2320 4084 2334 4099 ο
2373 4070 2469 4121 καὶ.
2500 4070 2643 4123 κατὰ
2672 4069 2762 4123 τὸν
2799 4069 2940 4123 θεῖον
2974 4070 3254 4123 Διονύσιον
3280 4069 3340 4122 τὸ
3366 4068 3453 4136 τῆς
3476 4066 3582 4128 ἀτιο

2066 4159 2285 4229 Θότητος
2316 4158 2483 4228 ὄνομα
2527 4160 2757 4215 καὶτῶν
2812 4160 2985 4214 ἀλλων
3018 4161 3070 4214 εί
3118 4178 3203 4224 τις
3252 4159 3325 4230 μὴ
3357 4156 3472 4225 περὶ
3506 4150 3583 4217 τῆς

2066 4251 2191 4321 ὅλης
2231 4251 2481 4321 θεότητος
2510 4250 2762 4321 εἰρῆσθαι
2802 4250 2957 4320 φαίη.
2998 4252 3231 4322 διαιρεῖν
3280 4250 3369 4303 καὶ
3396 4244 3580 4309 ἀποσχέ-

2067 4342 2181 4406 ζειν
2231 4342 2486 4410 ἀθέσμως
2526 4342 2705 4412 τολμᾷ
2751 4342 2850 4412 τὴν
2904 4343 3334 4412 ὑπερηνωμένην
3371 4330 3579 4391 ἑνάδᾱ⁶δ

401 4435 543 4505 quod
578 4411 785 4488 multis,
817 4432 871 4485 in
928 4430 1070 4484 idem
1126 4427 1585 4485 convenientibus
1634 4426 1960 4491 absolvitur,

2066 4433 2235 4504 δήπου
2278 4432 2567 4502 συμϐαίνει
2602 4435 2713 4495 τοῖς
2747 4411 2909 4501 ἔτερα
2972 4411 3278 4501 πράγματα
3334 4430 3423 4498 τὴν
3466 4422 3578 4487 ζωὴν

401 4535 566 4594 atque
594 4522 893 4577 secundum
938 4519 1125 4575 divum
1166 4518 1481 4588 Dionysium
1521 4531 1719 4571 nomen
1750 4516 1965 4570 bonita-

370 4604 472 4671 tis
501 4626 557 4670 et
611 4616 869 4680 aliorum,
910 4612 954 4666 si
1008 4612 1133 4682 quis
1180 4610 1383 4665 dixerit
1441 4626 1551 4664 non
1589 4610 1701 4663 dici
1746 4608 1814 4665 de
1852 4616 1962 4663 tota

402 4710 631 4771 Deitate,
677 4719 843 4774 super
893 4702 1103 4793 unitum
1160 4702 1424 4756 unitatem
1468 4700 1752 4764 dividere,
1800 4710 1965 4769 atque

397 4799 733 4853 abscindere
792 4790 997 4849 nelarie
1039 4792 1222 4848 audet.
1258 4790 1414 4858 Quod
1470 4790 1717 4860 profecto
1765 4792 1965 4845 accidit

398 4890 467 4944 iis
495 4889 588 4959 qui
620 4888 753 4941 alias
812 4901 898 4940 res
936 4885 1100 4939 vitam
1161 4898 1226 4938 ac
1274 4881 1571 4937 bonitatem
1613 4880 1708 4935 Dei
1745 4882 1813 4935 ab
1844 4882 1966 4951 ejus

396 4981 701 5035 substantia
734 4984 963 5047 ponunt.
997 4973 1461 5040 Quemadmodum
1484 4972 1648 5041 igitur
1684 4987 1750 5025 nc
1773 4986 1965 5040 super-

399 5072 552 5125 unita
592 5068 774 5123 unitas
825 5079 1018 5137 praeter
1066 5065 1391 5118 divisionem
1435 5063 1506 5120 sit
1543 5064 1707 5117 etiam
1743 5079 1965 5133 compo-

397 5161 525 5227 sita,
567 5170 624 5215 et
678 5173 1022 5230 quascunque
1082 5164 1388 5226 sequuntur
1438 5158 1739 5224 composita
1771 5194 1785 5219 ,
1843 5170 1963 5223 qua:

395 5264 704 5325 sequuntur
747 5253 1049 5307 bonitatem
1114 5252 1357 5316 realiter,
1403 5250 1780 5303 attribuuntur
1828 5249 1960 5300 sub-

400 5349 631 5412 stantiae,
665 5355 935 5418 quatenus
982 5343 1287 5401 substantia
1321 5351 1403 5397 est
1453 5342 1692 5404 bonitas,
1715 5349 1769 5394 et
1804 5339 1963 5393 boni-

398 5450 481 5495 tas
512 5449 596 5494 est
628 5438 745 5506 ejus
789 5437 1117 5499 substantia,
1153 5444 1213 5489 ut
1265 5436 1423 5489 divus
1473 5434 1705 5487 Basilius
1731 5432 1868 5484 dixit
1908 5432 1960 5483 in

399 5532 466 5584 iis
521 5546 642 5600 quae
675 5539 804 5585 sunt
858 5529 925 5583 ad
977 5526 1443 5596 Amphilochium,
1478 5524 1655 5577 bonus
1712 5538 1778 5577 ex
1818 5524 1962 5575 bono

398 5626 616 5691 genitus
643 5623 1006 5677 substantiam
1051 5620 1261 5674 habens
1306 5618 1631 5693 b0nitatem.
1670 5614 1787 5668 Non
1816 5613 1961 5667 enim

400 5713 518 5769 ﬁeri
548 5721 748 5781 pOtest,
803 5722 860 5766 ut
915 5710 1020 5766 alia
1055 5712 1127 5766 sit
1175 5724 1261 5763 res
1311 5708 1657 5769 inexsistcns,
1688 5706 1791 5759 alia
1836 5720 1963 5759 vero

2068 4525 2162 4577 xei.
2189 4524 2287 4593 τὴν
2319 4522 2632 4592 ἀγαθότητα
2659 4522 2752 4577 τοῦ
2785 4521 2919 4577 Θεοῦ
2955 4523 3056 4592 τῆς
3078 4525 3263 4586 οὐσίας
3292 4517 3443 4575 αὐτοῦ
3467 4512 3577 4566 τιθε-

2069 4616 2269 4684 μένοις.
2296 4616 2503 4683 Ὠσπιρ
2542 4610 2655 4678 οῦν,
2716 4614 2799 4667 ῐνα
2828 4614 2903 4685 μὴ
2952 4616 2985 4680 ἡ
3037 4612 3421 4683 ὑπερηνωμένη
3449 4603 3577 4674 pavi;

2068 4708 2203 4776 πρὸς
2231 4707 2307 4776 τῷ
2338 4708 2668 4776 διαιρεῖσθαι
2704 4709 2801 4759 καὶ
2856 4707 3106 4769 σύνθετος
3143 4703 3199 4779 ᾗ,
3233 4706 3327 4757 καὶ
3368 4704 3458 4755 ὅσα
3492 4696 3575 4753 τοῖς

2069 4799 2341 4859 συνθέτοις
2362 4798 2584 4860 ἕπεται,
2614 4798 2684 4851 τά
2715 4797 2955 4865 ἑπόμενα
3002 4800 3066 4868 τῇ
3098 4797 3407 4864 ἀγαοὸτητι,
3435 4801 3571 4858 πραγο

2068 4888 2314 4957 ματικῶς
2359 4891 2425 4957 τῇ
2481 4888 2641 4958 οὐσίᾳ
2686 4888 2779 4941 τοῦ
2837 4887 2974 4941 Θεοῦ
3033 4887 3337 4940 ἀποδίδοται
3372 4881 3447 4948 ἐφ’
3482 4879 3575 4930 ὅσον

2063 4983 2096 5050 ὴ
2164 4979 2319 5032 οὐσία
2371 4977 2516 5031 ἐστὶν
2568 4977 2865 5047 ἀγαθότης,
2926 4978 3020 5030 καὶ
3077 4979 3108 5047 ἠ
3155 4974 3419 5044 ἀγαθότης
3458 4966 3574 5021 ἑσεὶν

2065 5070 2225 5123 οὐσία
2277 5070 2477 5134 αὑτοῦ,
2524 5070 2598 5139 ᾡς
2649 5071 2742 5122 καὶ
2798 5072 2825 5122 ὁ
2884 5070 3023 5132 Οεῖος
3081 5068 3346 5127 Βασίλειος
3402 5065 3452 5113 ὲν
3492 5058 3572 5111 τοῖς

2065 5161 2200 5230 πρὸς
2243 5161 2585 5231 ’Δμιριλόχιον
2620 5161 2862 5231 εἴρηκεν,
2906 5161 3132 5229 ’Δγαθδς
3160 5162 3189 5212 δ
3219 5162 3278 5211 ἐκ
3295 5156 3382 5209 τοῦ
3412 5146 3572 5218 ἀγαθοῦ

2064 5252 2342 5319 γεννηθεὶς
2362 5252 2549 5304 οὐσίαν
2578 5252 2717 5321 ἔχων
2745 5253 2839 5322 τὴν
2866 5254 3174 5321 ἀγαϐότητα
3206 5266 3218 5280 ·
3250 5250 3305 5303 οὐ
3339 5248 3436 5314 γὰρ
3459 5238 3571 5295 iv“-

2064 5359 2214 5411 χεται
2245 5342 2369 5394 ἄλλο
2394 5344 2489 5411 μὲν
2516 5339 2653 5396 εἶναι
2678 5345 2739 5396 τὸ
2784 5346 3093 5413 ἐνυπάρχον
3125 5344 3376 5412 πρᾶγμα,
3405 5334 3511 5387 ἄλλο
3533 5328 3574 5379 ἃ

2065 5433 2124 5482 τδ
2214 5433 2510 5500 ἐνυπάρχει
2536 5431 2620 5484 διὰ
2647 5431 2744 5502 τὴν
2777 5433 2952 5500 ἄκραν
2986 5432 3256 5500 ἁπλότητα
3285 5430 3369 5481 καὶ
3397 5424 3572 5474 ἕνωσιν.

2065 5523 2204 5590 πλὴν
2233 5524 2281 5572 εί
2310 5522 2383 5589 μὴ
2405 5526 2860 5594 σωματικώτερον
2887 5523 3289 5595 ὲκλαμϐἀνοιτο,
3317 5518 3481 5579 ὦκπιρ
3502 5506 3574 5560 καὶ

2064 5615 2249 5683 χεῖρας
2286 5614 2380 5666 καὶ
2415 5614 2577 5679 πόδας
2609 5616 2701 5667 ἐπὶ
2733 5616 2871 5669 Θεοῦ
2902 5617 3151 5688 λέγομεν,
3186 5614 3216 5684 ἢ
3245 5613 3334 5680 τῆς
3356 5598 3572 5671 διαφορᾶῖ

2066 5706 2203 5757 κατὰ
2238 5706 2326 5758 τὸν
2357 5704 2533 5770 λόγον,
2572 5708 2664 5759 καὶ
2696 5708 2753 5759 οὗ
2794 5710 2933 5761 κειτά
2964 5709 3022 5761 τὸ
3056 5709 3276 5777 πρᾶίθλα
3309 5688 3568 5765 Θεωςουέλί⁶
