3862 6218
310 379 414 442 θὲί·
448 428 449 431 η

1231 377 1325 437 DE
1370 372 1878 434 PIlOCESSlONE
1920 374 2281 435 Sl’llll'l‘US
2322 373 2593 433 SANCl‘I

3434 372 3545 434 88%

309 510 439 562 νης’
475 492 616 544 οὕτω
658 492 752 545 καὶ
785 492 851 544 τά
892 490 1129 560 ἑπόμενα
1178 492 1253 558 τῷ
1287 491 1417 561 πρός
1460 507 1510 541 τι
1542 487 1880 540 ἀποδίδονται

2003 490 2070 541 ξιιί
2130 490 2397 544 ἱηωιδὶειίι
2456 489 2526 542 ob
2599 500 2868 543 summam
2915 484 3322 555 simplicitatem
3388 495 3556 557 atque

313 585 711 653 πραγματικῶς
734 587 799 653 τῇ
826 586 1003 652 οὐσίᾳ,
1034 585 1222 650 ἐφόσον
1247 584 1363 634 ἐστὶ
1409 583 1501 633 καὶ
1527 581 1659 650 πρός
1691 598 1761 641 τι,
1787 580 1882 631 καὶ

310 678 397 729 διὰ
419 675 575 727 τοῦτο
596 676 689 727 καὶ
707 675 767 727 τὸ
785 674 1186 745 πραγματικῶς
1213 673 1586 743 διακρίνεσθαι
1612 672 1707 723 καὶ
1733 671 1881 722 ἀντι-

312 768 524 819 κεῖσθαι
564 766 873 818 ἀποδίδοται
921 767 1079 835 αὐτῇ,
1120 768 1218 817 οὐκ
1258 766 1449 832 ἐφόσον
1482 764 1663 830 μέντοι
1702 762 1880 826 οὐσία,

312 858 426 911 ἀλλ’
456 858 648 927 ἐφόσον
684 859 818 926 πρός
849 875 923 910 τι.
955 857 1034 910 Τὰ
1060 858 1170 925 γὰρ
1200 856 1336 926 πρός
1367 875 1440 919 τι,
1474 857 1523 907 εί
1555 854 1653 908 καὶ
1681 855 1739 906 ἐν
1768 855 1883 915 τοῖς

316 948 691 1017 συμϐεϐηκόσι
723 949 1088 1017 περιέχονται,
1116 948 1230 1002 ἀλλ’
1254 948 1313 1000 οὐ
1346 946 1630 1015 δηλοῦνται
1657 944 1799 998 κατὰ
1822 945 1884 997 τὸ

311 1041 641 1108 ἐνυπάρχειν
668 1055 681 1070 ⁸
718 1039 877 1105 λόγος
918 1039 1027 1109 γὰρ
1066 1038 1161 1092 τοῦ
1211 1037 1615 1109 συμϐεϐηκότος
1666 1037 1781 1090 ἐστὶ
1823 1036 1884 1089 τὸ

311 1132 662 1201 ἐνυπάρχειν,
695 1130 770 1192 ὡς
800 1132 832 1193 ὴ
874 1129 1107 1198 ποσότης
1136 1130 1233 1182 καὶ
1266 1129 1489 1199 ποιότης
1511 1145 1526 1160 ⁸
1555 1127 1670 1181 ἀλλ’
1698 1128 1775 1188 ὡς
1804 1128 1885 1190 εἰς

309 1236 364 1270 τι
411 1216 533 1287 ἔξω⁸
556 1215 807 1285 δηλοῦται
834 1233 850 1247 °
881 1215 1070 1284 ὥσπερ
1111 1217 1145 1287 ἡ
1175 1216 1453 1285 ἐπιστήμη
1493 1214 1686 1281 ἐφόσον
1735 1215 1884 1267 ἐστὶν

313 1308 557 1375 ἀναφορὰ
583 1307 719 1375 προς
746 1306 806 1359 τὸ
835 1306 1147 1377 ἐπιστητὸν,
1175 1308 1270 1359 καὶ
1293 1308 1389 1376 οὐχ
1418 1308 1490 1369 ὡς
1510 1305 1643 1371 ἕξις,
1674 1306 1790 1360 ἀλλ’
1810 1306 1885 1367 ὡς

311 1397 564 1467 ἀναφορὰ
585 1398 890 1466 θεωρεῖται,
919 1398 1018 1450 οὐκ
1042 1396 1157 1450 ἐστι
1179 1397 1272 1449 τοῦ
1293 1398 1652 1466 ἐπισταμένου
1674 1397 1749 1460 ὡς
1772 1397 1885 1461 ἕξις

314 1491 695 1558 ἐνυπάρχουσα
712 1487 975 1557 δηλονότι,
1001 1488 1137 1541 ἀλλά
1158 1488 1249 1541 τοῦ
1270 1488 1562 1555 ἐπιστητοῦ
1584 1504 1599 1519 θ
1627 1488 1759 1555 πρὸς
1778 1489 1886 1557 γὰρ

312 1580 378 1631 τὸ
403 1581 691 1649 ἐπιστητὸν
716 1583 1068 1650 ἀναφέρεται.
1100 1580 1265 1633 Ὅθεν
1288 1581 1384 1633 καὶ
1413 1582 1466 1633 at
1496 1581 1766 1650 ἀναφοραὶ⁵
1787 1581 1885 1649 οὐχ

312 1673 487 1734 οῦτως
518 1673 701 1742 ἔχουσι
732 1675 872 1727 κατὰ
910 1674 1002 1725 τὸν
1032 1673 1229 1743 τρόπον
1261 1674 1361 1742 τῆς
1389 1674 1595 1738 οὐσίας,
1626 1671 1741 1725 ἀλλ’
1766 1672 1887 1725 ἐτε-

319 1780 415 1832 ρον
444 1766 642 1832 τρόπον
678 1766 1011 1835 κατηγορίας
1037 1764 1188 1834 παρά
1216 1764 1283 1817 τὰ
1307 1765 1580 1826 οὐσιωδῶς
1616 1764 1887 1833 λεγόμενα

316 1858 379 1907 ἐν
417 1855 492 1924 τῷ
521 1855 659 1923 Θεῷ.
705 1856 768 1907 Ἡ
805 1856 905 1925 μὲν
952 1855 1060 1925 γὰρ
1096 1855 1250 1927 οὐσία
1296 1856 1354 1908 οὐ
1393 1856 1611 1924 λέγεται
1648 1857 1782 1926 πρός
1812 1874 1887 1925 τι,

314 1946 444 1999 οὐδέ
471 1962 524 1998 τι
556 1945 683 2000 ἀλλο
711 1945 874 1999 ταυτὺ
892 1948 957 2015 τῇ
988 1946 1147 2016 οὐσίᾳ
1163 1946 1271 1999 τῶν
1297 1948 1491 2008 κοινῶς
1518 1950 1612 2002 καὶ
1632 1948 1895 2002 ἀπολελυ-

324 2038 501 2107 μένως
532 2038 873 2106 λεγομένων·
917 2037 951 2106 ἠ
995 2036 1052 2089 δὲ
1082 2037 1360 2108 πατρότης
1393 2037 1485 2090 καὶ
1535 2039 1721 2108 υίότης
1752 2039 1894 2092 κατά

317 2132 423 2200 τὴν
465 2130 574 2184 τῶν
606 2129 954 2200 ἀναφορικῶν
983 2130 1146 2198 φύσιν
1176 2132 1314 2200 πρὸς
1347 2132 1580 2203 ἀλλήλας
1617 2133 1890 2201 λέγονται.

320 2222 587 2292 Καθάπερ
617 2218 708 2276 οὖν
730 2225 763 2293 ἡ
791 2223 951 2292 σοφία
975 2222 1194 2277 ἐπειδὰν
1221 2225 1279 2277 ὲν
1325 2224 1403 2295 τῷ
1426 2226 1597 2294 Πατρὶ
1623 2227 1895 2296 θεωρῆται

320 2315 390 2383 τῇ
419 2313 555 2383 πρὸς
577 2313 675 2382 τὴν
704 2314 893 2368 οὐσίαν
924 2316 1175 2385 ἀναφορᾷ
1202 2333 1260 2368 τε
1299 2316 1393 2369 καὶ
1423 2317 1719 2387 ἀποϐλέψει
1742 2320 1894 2389 κοινή

326 2408 441 2458 ἐστι
473 2406 550 2474 τῷ
580 2405 694 2473 Υίῷ
714 2422 728 2436 ⁸
763 2410 861 2476 μία
892 2405 999 2475 γὰρ
1022 2407 1100 2476 τῷ
1117 2407 1336 2478 ἀριθμῷ
1370 2409 1530 2477 σοφία
1558 2411 1705 2463 ἐστὶν
1728 2412 1755 2465 ό
1782 2414 1893 2465 ﬂa-

322 2498 432 2567 τῆρ
460 2496 551 2549 καὶ
580 2500 608 2551 ὁ
636 2497 763 2558 Υίός
782 2514 797 2529 ο
833 2498 1052 2551 ἐπειδὰν
1079 2498 1135 2552 δὲ
1162 2499 1237 2561 ὡς
1270 2500 1511 2567 γεννῶσα
1543 2503 1703 2570 σοφία
1735 2502 1763 2555 ό
1786 2502 1896 2555 Πα-

323 2588 430 2657 τὴρ
461 2588 681 2658 νοῆται,
719 2589 821 2643 οὐκ
856 2589 1001 2643 ἐστιν
1035 2592 1068 2659 ἡ
1105 2590 1245 2659 αὐτὴ
1281 2594 1345 2661 τῇ
1377 2596 1610 2663 γεννητῇ
1642 2594 1826 2666 σοφίᾳ,
1858 2594 1893 2665 ἦ

323 2683 477 2734 ἐστιν
513 2682 541 2734 ό
570 2681 694 2744 Υἱὸς
727 2685 866 2735 κατά
892 2683 951 2735 τὸ
975 2684 1171 2750 γεννᾷν
1202 2683 1298 2736 καὶ
1332 2685 1626 2750 γεννᾶσθαι
1653 2685 1896 2755 δηλονότι

322 2773 413 2825 διὰ
448 2774 544 2843 τὴν
579 2775 712 2844 πρὸς
734 2774 935 2841 ἄλληλα
961 2775 1243 2847 ἀναφοράν
1262 2789 1275 2803 '
1312 2774 1453 2831 οὕτω
1479 2776 1542 2845 δὴ
1574 2777 1669 2829 καὶ
1696 2777 1897 2846 πατρό-

322 2881 428 2932 της
450 2866 544 2917 καὶ
573 2866 754 2934 υίότης
783 2868 850 2936 τῇ
883 2866 982 2934 μὲν
1028 2866 1159 2935 πρὸς
1196 2866 1292 2936 τὴν
1318 2867 1506 2919 οὐσίαν
1530 2870 1775 2939 ἀναφορᾷ
1806 2869 1897 2921 οὐο

326 2953 419 3007 σία
454 2954 571 3005 ἐστὶ
603 2956 697 3006 καὶ
723 2954 782 3006 τὸ
809 2955 961 3016 αὐτὸ,
996 2958 1060 3025 τῇ
1098 2954 1155 3008 δὲ
1187 2957 1321 3027 πρὸς
1353 2956 1589 3024 ἀλλήλας
1628 2958 1898 3011 ἀντιθέσει

323 3045 465 3096 εἰσὶν
490 3044 860 3112 ἀντικείμενα,
892 3047 986 3097 καὶ
1010 3045 1121 3098 οὐδ’
1155 3048 1316 3118 ἑτέρα
1343 3048 1579 3118 ἠὲτέρα.
1615 3049 1765 3102 Ἐπεὶ
1792 3052 1898 3121 γάρ

1986 580 2249 633 unitatem
2285 598 2299 635 :
2339 581 2441 633 nisi
2470 580 2711 634 crassius
2742 579 3061 645 accipiatur,
3085 578 3553 647 quemadmodum

1983 680 2039 724 et
2073 687 2267 726 manus
2285 682 2340 726 et
2366 672 2530 740 pedes
2557 672 2613 726 in
2646 672 2755 725 Deo
2784 670 3046 733 dicimus,
3082 681 3177 724 aut
3204 671 3248 725 si
3289 670 3553 725 differen-

1988 764 2059 817 tia
2106 765 2490 820 consideretur
2543 765 2775 828 ratione,
2818 779 2924 817 non
2967 779 3064 819 re:
3115 764 3197 818 sic
3240 763 3407 819 etiarn
3431 778 3556 833 qua:

1984 863 2399 924 consequuntur
2438 853 2755 909 relationem
2802 853 3182 913 attribuuntur
3232 854 3556 909 substantias

1986 940 2208 995 realiter
2238 949 2509 1010 quatenus
2536 948 2700 996 estet
2741 940 2952 1002 relatio,
2977 950 3033 995 et
3064 951 3355 1011 propterea
3384 941 3553 995 etiam

1986 1034 2130 1102 quod
2162 1032 2533 1104 distinguatur
2566 1032 2806 1099 realiter,
2842 1042 2899 1087 et
2936 1044 3269 1104 opponatur,
3303 1035 3559 1090 attribui-

1989 1132 2075 1177 tur
2126 1123 2249 1193 ipsi,
2283 1138 2393 1178 non
2434 1132 2615 1178 tamen
2668 1134 2945 1195 quatenus
2972 1137 3055 1181 est
3088 1128 3416 1191 substantia,
3457 1126 3553 1182 sed

1987 1227 2260 1283 quatenus
2305 1225 2389 1271 est
2441 1216 2654 1279 relatio,
2701 1232 2822 1286 qua!
2856 1218 3002 1273 enim
3042 1226 3171 1272 sunt
3221 1217 3287 1271 ad
3323 1218 3553 1288 aliquid,

1988 1307 2239 1376 quamvis
2293 1307 2437 1362 inter
2498 1308 2806 1363 accidentia
2853 1310 3261 1373 contineantur,
3291 1311 3385 1364 scd
3441 1326 3552 1364 non

1988 1398 2369 1469 significantur
2418 1397 2722 1453 secundum
2758 1398 3099 1453 inexsistere.
3127 1398 3379 1453 Definitio
3408 1399 3553 1451 enim

1988 1490 2290 1546 accidentis
2339 1500 2422 1546 est
2462 1491 2812 1556 inexsisterc,
2845 1499 2903 1544 ut
2940 1490 3235 1559 quantitas,
3267 1499 3320 1545 et
3384 1490 3559 1558 quali-

1990 1593 2097 1644 tas,
2132 1582 2228 1637 scd
2271 1581 2467 1637 relatio
2519 1582 2863 1652 signiﬁcatur
2902 1598 3000 1652 per
3037 1582 3105 1637 ad
3152 1582 3300 1636 aliud
3349 1583 3559 1636 extrin-

1990 1673 2363 1750 secus;ps‘.cut
2418 1672 2670 1736 scientia,
2711 1681 2982 1742 quatenus
3021 1680 3107 1727 est
3159 1672 3350 1727 relatio
3403 1672 3555 1726 adid

1990 1765 2135 1835 quod
2183 1766 2381 1827 scitur,
2404 1780 2583 1835 neque
2620 1774 2680 1819 ut
2715 1764 2960 1830 habitus,
2994 1763 3089 1819 sed
3116 1772 3177 1818 ut
3207 1764 3400 1819 relatio
3429 1781 3559 1817 con-

1993 1862 2288 1938 sideratur,
2344 1877 2454 1916 non
2506 1870 2590 1917 est
2632 1862 2876 1920 scientis.
2933 1871 2992 1916 ut
3052 1861 3295 1929 habitus,
3350 1864 3562 1918 scilicet

1993 1953 2345 2017 inexsistens,
2382 1952 2477 2009 sed
2529 1953 2757 2010 scibilis.
2787 1954 2866 2008 Ad
2902 1955 3098 2009 scibile
3119 1955 3266 2009 enim
3304 1957 3560 2011 refertur.

1993 2043 2151 2100 Unde
2194 2055 2251 2099 et
2294 2046 2589 2101 relationes
2632 2061 2742 2101 non
2796 2047 2871 2101 ita
2923 2061 2982 2101 se
3016 2045 3221 2102 habent
3260 2049 3561 2102 secundum

1997 2135 2219 2190 modum
2256 2136 2599 2199 substantia},
2634 2135 2731 2191 sed
2766 2136 3071 2190 secundum
3118 2137 3286 2191 alium
3340 2138 3564 2191 modum

1994 2228 2437 2298 pmdicamenti,
2477 2236 2674 2295 praeter
2723 2242 2787 2281 ea
2838 2241 2961 2295 quae
3012 2226 3451 2282 substantialiter
3477 2227 3565 2279 di-

1996 2328 2201 2375 cuntur
2259 2321 2313 2373 in
2362 2320 2497 2374 Deo.
2547 2318 2864 2374 Substantia
2912 2320 3058 2373 enim
3104 2334 3215 2374 non
3264 2318 3470 2375 dicitur
3496 2318 3566 2372 ad

1994 2409 2234 2479 aliquid;
2270 2422 2451 2480 neque
2480 2408 2687 2477 aliquid
2710 2407 2857 2462 aliud
2892 2405 3290 2463 identiﬁcatum
3316 2406 3571 2463 substan-

1998 2502 2088 2557 tia:
2128 2517 2191 2556 ex
2239 2501 2307 2557 iis
2360 2516 2480 2571 qua:
2524 2500 2892 2555 communiter
2924 2508 2978 2554 et
3002 2499 3252 2555 absolute
3281 2498 3567 2554 dicuntur.

1998 2593 2301 2650 Paternitas
2348 2602 2532 2648 autem
2581 2602 2745 2661 atque
2798 2591 3011 2653 tiliatio.
3038 2590 3347 2649 secundum
3400 2598 3563 2644 natu-

2000 2701 2115 2740 ram
2173 2684 2555 2747 relativorum,
2582 2682 2649 2736 ad
2695 2681 2930 2737 invicem
2976 2682 3259 2736 dicuntur.
3292 2680 3569 2748 Quemad-

1999 2776 2220 2831 modum
2257 2776 2423 2844 igitur
2472 2774 2740 2843 sapientia
2773 2773 2995 2842 quando
3047 2773 3100 2826 in
3134 2773 3292 2827 Patre
3323 2774 3575 2826 conside-

2000 2876 2174 2931 ratur,
2226 2868 2512 2929 relatione,
2554 2876 2717 2935 atque
2776 2876 3031 2935 respectu
3083 2865 3151 2919 ad
3212 2866 3571 2920 substantiam

2000 2960 2307 3016 communis
2337 2968 2422 3013 est
2472 2959 2629 3022 Filio,
2653 2974 2758 3012 una
2800 2958 2947 3012 enim
2988 2972 3217 3011 numero
3246 2965 3331 3012 est
3353 2957 3577 3025 sapien-

2001 3050 2076 3106 tia
2106 3050 2267 3103 Pater
2320 3058 2376 3102 et
2425 3048 2616 3102 Filius.
2652 3047 2786 3102 Cum
2834 3062 2964 3100 vero
3008 3047 3387 3101 consideratur
3417 3046 3577 3101 Pater

322 3139 444 3189 ἐστι
475 3139 530 3189 ἐν
552 3137 629 3206 τῷ
656 3138 775 3207 Θεῷ
806 3137 985 3189 τελεία
1014 3140 1289 3208 πατρότης
1318 3141 1410 3193 καὶ
1440 3142 1644 3209 υίότης,
1680 3143 1899 3195 ἐπειδὰν

2006 3149 2059 3193 ut
2092 3140 2361 3209 sapientia
2415 3153 2701 3209 generans,
2752 3154 2859 3191 non
2893 3145 2976 3192 cst
3016 3138 3207 3193 eadem
3227 3152 3363 3202 cum
3394 3140 3578 3209 genita

324 3231 741 3300 ἀπολελυμένως
784 3235 838 3283 ἐν
864 3234 929 3301 τῇ
961 3232 1116 3301 οὐσία
1150 3230 1460 3300 θεωρῶν-σαι
1483 3274 1499 3299 ,
1532 3237 1596 3304 τῇ
1632 3234 1729 3304 μὲν
1767 3235 1902 3305 πρὸς

323 3324 428 3391 τὴν
461 3323 650 3375 οὐσίαν
681 3324 927 3392 ἀναφορᾷ
956 3323 1061 3374 είσι
1098 3324 1156 3375 τὸ
1192 3323 1347 3386 αὐτὸ,
1385 3324 1576 3394 ὥσπερ
1610 3327 1704 3377 καὶ
1734 3326 1902 3381 τάλλα

323 3418 398 3467 τὰ
416 3415 835 3483 ἀπολελυμένως
865 3418 931 3483 τῇ
951 3414 1110 3484 οὐσίᾳ
1140 3415 1233 3466 τοῦ
1263 3414 1397 3467 Θεοῦ
1424 3418 1811 3487 ἀποδιδόμενα,
1836 3421 1900 3488 τῇ

323 3508 386 3559 δὲ
404 3507 536 3575 πρὸς
560 3506 794 3574 ἀλλήλας
822 3505 1090 3557 ἀντιθέσει
1116 3507 1256 3558 εἰσιν
1279 3508 1633 3576 ἀντικείμενα
1670 3511 1809 3563 κατά
1836 3511 1906 3563 τὰ

324 3596 468 3663 πρός
498 3612 548 3646 τι
569 3609 580 3621 ’
608 3592 746 3645 ὥστε
776 3592 915 3645 κατά
936 3593 1031 3661 μὲν
1050 3592 1109 3643 τὺ
1126 3592 1222 3661 τὴν
1250 3595 1560 3662 πατρότητα
1584 3597 1639 3645 ἐν
1658 3597 1719 3662 τῇ
1747 3595 1906 3666 οὐσίᾳ

326 3682 675 3753 θεωρεῖσθαι,
715 3680 836 3732 ἐπεὶ
858 3680 1159 3747 τηνικαῦτα
1191 3681 1379 3744 ἁπλῶς
1410 3684 1483 3744 ὡς
1514 3683 1671 3735 οὐσία
1695 3683 1906 3752 λαμϐά-

326 3793 505 3836 νεται,
528 3776 561 3842 ἡ
592 3772 864 3841 πατρότης
895 3773 951 3822 ἐν
975 3770 1050 3840 τῷ
1083 3771 1192 3842 Υίῴ
1212 3773 1345 3832 ἐστι,
1376 3774 1467 3825 καὶ
1490 3775 1521 3844 ἡ
1542 3774 1724 3845 υἱότης
1749 3778 1806 3828 ὲν
1830 3773 1906 3845 τῷ

331 3868 511 3935 Πατρὶ
538 3865 678 3918 κατά
707 3864 774 3915 τὰ
808 3862 961 3916 κοινά
994 3878 1135 3930 φημι
1170 3864 1261 3915 καὶ
1292 3864 1696 3935 ἀπολελυμένα,
1717 3866 1907 3939 ὥσπερ

328 3963 399 4030 δὴ
417 3961 512 4013 καὶ
540 3958 640 4028 μία
668 3956 828 4024 σοφία
851 3957 946 4008 καλ⁸
969 3954 1125 4006 οὐσία
1156 3956 1251 4008 καὶ
1279 3955 1507 4025 δύναμις
1533 3962 1564 4027 ἡ
1600 3960 1736 4030 αὐτή
1759 3962 1908 4012 ἐστιν

329 4055 535 4121 ἀμφοῖν
555 4067 567 4081 ο
601 4051 743 4104 κατά
768 4048 823 4100 δὲ
856 4049 914 4102 τὸ
944 4045 1018 4116 μὴ
1075 4047 1392 4117 θεωρεῖσθαι
1429 4051 1567 4101 κατά
1595 4052 1682 4103 τὸν
1712 4052 1909 4119 τρόπον

327 4144 433 4209 τῆς
468 4142 675 4206 οὐσίας,
714 4142 810 4195 καὶ
844 4143 949 4194 τῶν
979 4145 1035 4195 ἐν
1074 4144 1211 4212 αὐτῇ
1249 4140 1522 4203 οὐσιωδῶς
1558 4142 1903 4210 λεγομένων,

332 4235 458 4287 κατ’
482 4235 668 4287 οὐδένα
697 4236 895 4303 τρόπον
917 4238 949 4304 ἡ
985 4234 1262 4305 πατρότης
1292 4233 1440 4284 ἐστὶν
1474 4231 1682 4301 υίότης,
1714 4234 1909 4301 ἐφόσον

334 4327 477 4398 πρὸς
508 4327 741 4396 ἀλλήλας
767 4328 1159 4397 ἀντικειμένως
1188 4326 1435 4392 λέγονται
1470 4326 1607 4378 κατά
1638 4325 1727 4378 τὸν
1754 4325 1908 4394 λόγον

333 4420 431 4472 τοῦ
450 4420 583 4488 πρός
604 4436 661 4471 τι
679 4437 690 4449 ο
719 4418 840 4471 καθ’
869 4418 931 4470 ὃν
952 4420 1152 4487 τρόπον
1180 4420 1274 4473 καὶ
1301 4418 1333 4486 ἠ
1363 4415 1594 4486 γεννητὴ
1626 4416 1785 4485 σοφία
1801 4419 1907 4471 ὀὐκ

335 4512 491 4563 ἐστιν
523 4511 557 4579 ἡ
585 4510 897 4579 γεννητική,
932 4512 1109 4562 καίτοι
1145 4510 1271 4578 μιᾶς
1309 4506 1477 4575 οῦσης
1517 4507 1739 4575 ἀμφοῖν,
1773 4509 1911 4577 μᾶλ-
1942 4488 1984 4543 Ῑ)

333 4605 431 4657 λον
461 4604 517 4656 δὲ
548 4603 646 4671 μία
674 4602 859 4671 ἀμφω.
894 4601 966 4653 Οὐ
996 4601 1176 4653 τοίνυν
1207 4600 1288 4651 ὅτι
1330 4598 1429 4668 μία
1462 4598 1619 4652 οὐσία
1649 4600 1767 4653 ἐστὶ
1801 4601 1911 4662 τοῖς

336 4695 542 4765 τρισὶν,
572 4694 670 4762 ἥδη
703 4695 799 4747 καὶ
829 4695 862 4764 ἠ
892 4690 1141 4763 ἀναφορὰ
1170 4690 1263 4743 τοῦ
1295 4691 1590 4762 προσώπου
1623 4691 1778 4760 κοινὴ
1801 4695 1914 4756 τοῖς

335 4788 491 4857 τρισὶ
516 4786 605 4838 διὰ
638 4785 733 4854 τὴν
755 4784 1027 4837 ἀντίθεσιν
1052 4784 1188 4851 προς
1214 4782 1445 4853 ἀλλήλας
1469 4782 1578 4836 τῶν
1603 4782 1912 4852 ἀναφορῶν.

348 4879 417 4929 'ﬂ
450 4879 587 4945 αὐτὴ
642 4878 751 4946 γὰρ
782 4877 1049 4945 ἀναφορὰ,
1072 4875 1149 4936 ὡς
1180 4874 1417 4943 εἴρηται,
1461 4874 1600 4927 κατὰ
1625 4875 1714 4927 τδν
1759 4874 1916 4941 λόγον

336 4971 437 5024 τοῦ
467 4972 670 5024 οἰκείου
692 4972 879 5037 γένους
900 4971 1092 5037 ἐφόσον
1123 4970 1271 5022 ἐστὶν
1293 4969 1561 5039 ἀναφορὰ,
1598 4971 1698 5023 οὐκ
1723 4969 1834 5039 ἔχει
1857 4971 1919 5024 τὸ

340 5060 486 5117 εἶναι
517 5065 577 5115 ἐν
608 5063 773 5131 ἄλλῳ,
806 5063 945 5116 ἀλλά
972 5062 1172 5132 μᾶλλον
1202 5061 1260 5113 τὸ
1285 5058 1426 5115 εἶναι
1470 5062 1601 5131 πρὸς
1641 5062 1790 5116 ἄλλο.
1828 5062 1919 5124 Ὠς

341 5157 454 5223 γὰρ
486 5155 745 5222 ἐλέγομεν
768 5156 831 5206 ἐκ
867 5154 973 5206 τῶν
1002 5154 1105 5217 ’τοῦ⁸
1126 5154 1283 5221 ἀγίου
1319 5152 1570 5224 Μαξίμου
1602 5153 1917 5223 παριστῶν-

342 5262 458 5307 τις,
488 5246 535 5297 εί
566 5246 661 5299 καὶ
683 5245 741 5297 τό
766 5245 896 5298 αὐτό
916 5247 1035 5298 ἐστι
1060 5248 1292 5315 πρᾶγμα
1314 5246 1347 5316 ἠ
1373 5245 1566 5314 θειότης
1597 5245 1691 5296 καὶ
1717 5244 1750 5314 ἡ
1777 5242 1910 5296 ὑπό-

347 5355 560 5399 στασις,
602 5339 701 5390 οὐκ
733 5339 783 5390 εἰ
809 5338 843 5408 ἠ
878 5338 1070 5405 θεότης
1115 5339 1147 5407 η
1179 5336 1340 5406 αὐτὴ,
1364 5337 1460 5389 καὶ
1483 5337 1517 5406 ἡ
1545 5334 1849 5395 ὑπόστασις
1886 5334 1918 5402 ἡ

349 5429 510 5497 αὐτή.
552 5429 615 5482 Ἡ
657 5429 765 5499 γὰρ
803 5429 1101 5490 ὑπόστασις
1145 5428 1239 5481 τοῦ
1275 5427 1487 5498 Πατρός
1520 5430 1667 5480 ἐστιν
1712 5425 1853 5495 αὐτὴ
1886 5426 1919 5495 ἡ

350 5516 564 5585 θεότης,
589 5519 684 5569 καὶ
702 5519 735 5586 ἡ
765 5517 921 5570 οὐσία
944 5517 1035 5570 τοῦ
1061 5517 1212 5583 Υίοῦ,
1229 5517 1302 5581 ὼς
1324 5518 1615 5577 δέδεικται,
1640 5515 1774 5569 καθὸ
1792 5516 1924 5568 Θεω-

355 5608 527 5676 uitat
550 5609 606 5660 ἐν
628 5608 703 5678 τῷ
725 5609 918 5679 Πατρὶ,
940 5610 1034 5662 καὶ
1059 5611 1119 5661 οὐ
1141 5609 1275 5663 καθὸ
1300 5609 1587 5677 θεωρεῖται
1614 5608 1747 5677 πρὸς
1771 5607 1918 5662 ἄλλο.

367 5698 521 5750 Ἐπεὶ
548 5700 642 5751 καὶ
673 5702 705 5767 ἡ
741 5703 833 5751 τοῦ
860 5701 986 5753 Υἱοῦ
1012 5702 1305 5762 ὑπόστασις
1352 5700 1542 5767 Θεό-ης
1576 5699 1669 5749 τεῦ
1716 5700 1923 5763 Πατρός

359 5792 472 5843 ἐστι
511 5794 653 5845 κατά
693 5792 778 5845 τὸν
820 5792 980 5846 αὐτὸν
1026 5795 1199 5860 λόγον,
1246 5794 1305 5845 οὐ
1360 5793 1462 5863 μὴν
1501 5794 1530 5861 ἡ
1571 5789 1661 5842 τοῦ
1716 5789 1922 5858 Πατρδς

2005 3231 2292 3300 sapientia,
2319 3247 2440 3300 qua:
2471 3240 2553 3285 est
2581 3230 2772 3294 Filius,
2792 3230 3052 3283 nimirum
3080 3232 3380 3285 secundum
3412 3246 3578 3300 gene-

2006 3334 2146 3382 rare,
2183 3330 2241 3374 et
2298 3320 2551 3385 generari
2590 3327 2811 3386 propter
2840 3317 3161 3371 relationem
3194 3318 3261 3371 ad
3292 3319 3528 3373 invicem
3559 3338 3575 3373 :

2006 3403 2081 3467 ita
2112 3425 2242 3466 sane
2269 3420 2324 3464 et
2373 3409 2695 3479 paternitas,
2744 3419 2907 3476 atque
2945 3409 3132 3462 liliatio
3172 3411 3437 3464 relatione
3459 3412 3581 3479 qui-

2006 3503 2127 3558 dem
2160 3502 2227 3556 ad
2270 3501 2659 3564 substantiam,
2714 3497 3021 3554 substantia
3060 3509 3143 3553 est
3203 3511 3368 3568 atque
3408 3502 3575 3563 idem,

2006 3592 2350 3664 oppositione
2408 3607 2539 3645 vero
2590 3592 2657 3646 ad
2708 3592 2948 3645 invicem
2992 3602 3120 3645 sunt
3171 3593 3478 3661 oppositae,
3522 3604 3579 3647 ct

2008 3693 2202 3739 neutra
2250 3694 2336 3739 est
2416 3685 2608 3738 altera.
2662 3682 2934 3749 Quoniam
3001 3684 3147 3737 cnim
3202 3684 3255 3737 in
3304 3684 3416 3738 Deo
3455 3700 3582 3754 per-

2008 3779 2147 3834 fecta
2193 3786 2281 3831 est
2334 3778 2657 3846 paternitas,
2700 3786 2757 3832 et
2811 3775 3023 3837 ﬁliatio,
3075 3791 3198 3831 cum
3241 3776 3489 3832 absolute
3523 3780 3577 3831 in

2007 3866 2310 3924 Substantia
2374 3866 2826 3930 considerantur,
2881 3866 3149 3921 relatione
3221 3868 3444 3937 quidem
3510 3869 3577 3921 ad

2007 3960 2372 4016 substantiam
2403 3967 2533 4014 sunt
2591 3958 2759 4023 idem,
2786 3959 2927 4013 sicut
2957 3967 3013 4012 et
3048 3970 3243 4014 caetera
3275 3975 3396 4029 quae
3425 3961 3581 4014 abso-

2008 4054 2122 4108 lute
2151 4052 2471 4107 substantia:
2500 4051 2596 4105 Dei
2643 4052 3043 4115 attribuuntur,
3078 4052 3424 4121 oppositione
3450 4068 3580 4108 vero

2009 4146 2077 4201 ad
2109 4146 2344 4201 invicem
2380 4152 2510 4199 sunt
2555 4144 2845 4212 oppositae,
2894 4144 3196 4198 secundum
3246 4160 3310 4198 ea
3359 4161 3480 4215 qua!
3512 4147 3579 4200 ad

2009 4233 2219 4303 aliquid
2263 4234 2546 4288 dicuntur.
2579 4232 2732 4287 Adeo
2793 4242 2855 4287 ut
2888 4235 3195 4288 secundum
3246 4236 3415 4300 illud,-
3436 4238 3578 4305 quod

2008 4325 2309 4395 paternitas
2383 4325 2439 4378 in
2492 4323 2795 4379 substantia
2850 4325 3263 4393 consideratur,
3321 4329 3579 4397 quoniam

2013 4427 2143 4472 tunc
2171 4416 2495 4485 simpliciter
2545 4425 2607 4471 ut
2645 4416 2948 4472 subalantia
2995 4419 3251 4483 sumitur,
3280 4422 3581 4489 paternitas

2013 4518 2097 4565 est
2139 4508 2193 4563 in
2242 4508 2405 4573 Filio,
2433 4518 2488 4563 et
2542 4508 2732 4564 tiliatio
2772 4508 2829 4563 in
2887 4509 3065 4574 Patre,
3119 4514 3445 4576 secundum,
3496 4514 3582 4567 in-

2012 4616 2199 4669 quam,
2240 4601 2558 4656 communia
2602 4609 2657 4656 et
2697 4602 2969 4657 absoluta.
3004 4606 3159 4659 Sicut
3194 4606 3360 4659 etiam
3389 4616 3446 4659 et
3476 4622 3583 4661 una

2014 4693 2307 4763 sapientia,
2336 4703 2393 4749 et
2435 4695 2766 4759 substantia,
2799 4703 2965 4763 atque
3004 4696 3246 4764 potentia
3273 4696 3462 4750 eadem
3498 4707 3584 4751 est

1966 4808 1973 4811 -
2015 4783 2072 4839 in
2122 4785 2416 4842 ambobus.
2440 4784 2576 4842 Cum
2612 4800 2744 4840 vero
2772 4785 3195 4840 considerantur
3245 4801 3353 4841 non
3385 4802 3585 4842 secun-

2020 4876 2152 4930 dum
2210 4877 2432 4931 modum
2488 4877 2830 4940 substantiae,
2887 4885 2942 4929 et
2993 4891 3183 4931 eorum
3233 4893 3355 4947 quae
3383 4879 3439 4933 in
3468 4880 3587 4949 ipsa

2016 4968 2449 5022 substantialiter
2489 4967 2784 5028 dicuntur.
2837 4966 2991 5021 nullo
3048 4968 3214 5022 modo
3274 4973 3585 5039 paternitas

2015 5068 2100 5114 est
2131 5058 2343 5123 ﬁliatio,
2380 5066 2654 5126 quatenus
2696 5056 2762 5111 ad
2796 5056 3028 5111 invicem
3055 5061 3302 5130 opposite
3327 5062 3590 5116 dicuntur

2018 5149 2320 5204 secundum
2351 5148 2619 5203 rationem
2674 5147 2810 5216 ejus,
2842 5147 2986 5217 quod
3038 5159 3123 5204 est
3153 5150 3221 5203 ad
3250 5152 3493 5218 aliquid;
3523 5154 3589 5208 ad

2019 5255 2180 5310 quem
2207 5239 2427 5293 modum
2459 5239 2624 5293 etiam
2654 5246 2911 5309 generata
2947 5240 3216 5309 sapientia
3244 5258 3353 5296 non
3388 5253 3473 5297 est
3493 5260 3588 5313 εον

2021 5332 2290 5398 nerativa,
2324 5332 2578 5401 quamvis
2618 5348 2722 5385 una
2750 5334 2820 5388 sit
2846 5334 3135 5389 amborum
3164 5336 3453 5401 sapientia,
3484 5338 3593 5392 imo

2024 5438 2154 5478 vero
2190 5440 2297 5479 una
2332 5425 2443 5479 sint
2487 5427 2664 5479 ambo.
2708 5426 2825 5481 Non
2870 5427 3037 5499 igitur
3059 5428 3185 5498 quia
3218 5444 3323 5483 una
3351 5438 3435 5484 est
3463 5430 3596 5485 sub-

2024 5516 2225 5570 stantia
2277 5516 2470 5575 tribus.
2522 5516 2785 5569 continuo
2818 5526 2873 5570 et
2925 5518 3118 5572 relatio
3162 5532 3595 5587 personascotn-

2027 5609 2209 5660 munis
2239 5618 2323 5661 cst
2354 5609 2527 5661 tribus
2574 5619 2795 5676 propter
2826 5609 3225 5677 Oppositioncm
3260 5612 3327 5665 ad
3358 5612 3592 5666 invicem

2032 5696 2404 5750 relatimrum.
2454 5696 2654 5749 Eadem
2705 5699 2852 5751 enim
2909 5699 3121 5759 relatio,
3160 5710 3216 5752 ut
3248 5701 3457 5756 dictum
3484 5714 3588 5760 est,

2032 5788 2332 5841 secundum
2383 5790 2646 5841 rationem
2697 5791 2899 5857 pmprii
2943 5795 3175 5858 generis,
3202 5802 3473 5861 quatenus
3503 5809 3588 5846 re-
