3862 6218
333 342 447 404 885

1254 346 1351 406 DE
1391 343 1909 406 PROCESSIONE
1948 344 2309 405 SPlRlTUS
2347 344 2638 404 SANCTI.

3458 333 3574 399 886‘

340 458 529 518 οὐσίας
560 456 899 527 διαφέροντα,
934 459 1029 511 καὶ
1081 458 1484 530 πραγματικῶς
1524 458 1777 528 ἀλλήλοις
1805 459 1899 511 ἀν-

2020 455 2370 523 satisfacere),
2399 455 2825 525 proposuimus;
2863 453 3025 522 idque
3052 458 3273 521 propter
3314 448 3562 517 petulan-

334 549 636 617 τικείμενα.
666 551 885 613 Τούτοις
910 552 1006 620 μὲν
1032 547 1123 604 οὖν
1150 552 1242 604 κα)⁸
1268 550 1337 603 τὰ
1362 550 1513 620 παρά
1537 549 1638 617 τῆς
1664 550 1898 612 πίστεως

330 643 634 706 συμςωνεῖ,
667 642 757 692 καὶ
792 642 858 693 τά
884 644 1033 711 παρὰ
1066 644 1173 695 τῶν
1197 642 1369 709 ἁγίων
1400 641 1684 712 εἰρημένα.
1740 640 1899 692 Ὀπο-

330 731 507 801 τέροις
534 732 577 784 δ’
596 732 658 784 ἄν
685 750 765 793 τις
789 733 1003 786 δύναιτο
1025 735 1479 801 παρακολουθεῖν,
1509 733 1594 802 ἐφ’
1617 732 1674 784 ἓν
1702 749 1901 785 καταν-

333 823 489 891 τήσει
519 814 672 885 τέλος
704 824 802 890 τῆς
842 824 1116 893 ἀληθείας,
1153 827 1246 879 καὶ
1284 826 1436 878 οὐδὲν
1464 828 1616 894 παρά
1651 823 1807 876 τοῦτο
1842 822 1901 876 τὸ

2008 547 2138 601 t'am
2193 547 2709 609 contradicentium.
2748 547 2803 600 In
2853 545 3053 615 quibus
3102 557 3233 597 sane
3266 537 3570 593 rationibus

2007 638 2345 695 concordant
2396 638 2619 707 quidem
2666 653 2785 707 qua:
2836 645 2964 690 sunt
3018 634 3164 700 ﬁdei,
3218 630 3354 684 nihil
3388 637 3569 681 autem

2007 729 2350 799 impossibile
2394 728 2662 793 succedit,
2693 725 3148 797 quemadmodum
3200 724 3268 777 iis
3295 720 3388 791 qui
3420 720 3573 774 aiunt

2007 821 2333 879 substantiae
2366 821 2458 876 Dei
2489 822 2816 876 inexsistere
2849 818 3232 889 paternitatem
3264 831 3328 868 ac
3359 810 3573 866 ﬁliatio-

330 914 588 985 διάφορον
621 916 797 970 ἔσται.

2020 926 2159 979 nem,
2195 921 2257 967 ut
2309 927 2400 967 res
2448 911 2737 966 distinctas
2792 911 2859 965 ab
2911 912 3021 964 illa.
3051 908 3230 962 Facile
3259 905 3461 975 quippe
3504 900 3571 954 ad

340 1006 505 1060 ﬁdem
566 1009 800 1073 accedit.
849 1025 969 1065 esse
1045 1010 1276 1085 aliquid,
1325 1011 1470 1079 quod
1532 1009 1604 1064 sit
1679 1008 1823 1063 idem
1871 1005 2204 1069 substantia,
2266 1013 2322 1059 et
2378 1003 2443 1057 ad
2499 1003 2706 1073 aliquid
2761 1003 2813 1057 in
2864 1002 2952 1068 iis,
2990 1002 3044 1054 in
3076 1000 3276 1071 quibus
3317 995 3429 1050 ﬁeri
3465 1007 3581 1046 non-

337 1100 571 1168 potest,°
603 1112 663 1155 ut
715 1102 785 1157 sit
844 1104 1122 1171 accidens,
1154 1105 1297 1160 sicut
1337 1113 1423 1158 est
1450 1104 1737 1173 quiddam,
1765 1101 1908 1170 quod
1945 1100 2089 1155 idem
2151 1107 2236 1154 est
2305 1097 2583 1162 accidens,
2617 1108 2671 1150 et
2719 1097 2783 1154 ad
2830 1094 3175 1164 aliquid,;ihi
3227 1090 3347 1145 fieri
3398 1092 3577 1158 potest.

334 1204 397 1248 ut
427 1198 537 1249 sint
576 1198 918 1263 accidentia;
973 1216 1133 1267 quam
1169 1201 1351 1254 dicere
1420 1199 1474 1253 in
1520 1199 1709 1252 eadem
1766 1214 1825 1251 re
1887 1210 2118 1250 numero
2151 1208 2271 1250 esse
2299 1194 2571 1262 opposita,
2599 1207 2657 1247 re
2706 1192 2820 1261 ipsa
2856 1192 3112 1246 distincta
3144 1186 3211 1241 ab
3243 1202 3326 1247 ea,
3357 1186 3409 1238 in
3468 1198 3573 1250 qua

328 1287 588 1341 videlicet
614 1299 761 1353 sunt,
797 1292 898 1346 hoc
930 1293 1091 1346 estin
1121 1289 1424 1346 substantia
1483 1290 1574 1341 Dei
1600 1289 1707 1343 alia
1741 1300 1947 1357 ponere
1986 1285 2290 1342 secundum
2357 1297 2495 1348 rem,
2539 1299 2659 1347 qua:
2690 1284 2947 1338 differant
2994 1298 3022 1335 a
3066 1279 3390 1341 substantia,
3433 1286 3486 1329 et
3522 1292 3578 1327 re

329 1382 580 1438 aliterad
624 1385 856 1439 invicem
911 1386 1183 1455 opposita.
1214 1386 1311 1440 His
1356 1385 1523 1454 igitur
1576 1385 1779 1438 nostris
1826 1380 2014 1446 d'wtis,
2084 1392 2141 1435 et
2204 1395 2325 1448 qua:
2376 1389 2506 1434 sunt
2557 1379 2681 1433 fidei
2742 1377 3096 1439 concordant,
3124 1383 3178 1427 et
3248 1374 3391 1427 dit-tu
3459 1386 3580 1421 san-

324 1491 541 1535 ctorum
567 1482 923 1534 conveniunt.
956 1480 1280 1535 Utramlibet
1313 1489 1493 1533 autem
1529 1479 1654 1548 quis
1720 1487 1928 1545 partem
1966 1483 2251 1543 sequatur,
2302 1474 2369 1527 ad
2435 1489 2600 1528 unum
2654 1473 2899 1527 veritatis
2954 1471 3114 1525 finem
3164 1469 3464 1537 perveniet,
3525 1469 3578 1520 el

327 1572 479 1625 nulla
510 1571 803 1625 diversitas
840 1571 965 1625 erit.

948 1711 1198 1765 ΚΕΦᾹΛ.
1232 1712 1305 1765 Ε’.

2649 1701 2873 1756 CAPUT
2905 1702 2965 1755 ν.
3054 1706 3057 1707 ⁷

330 1823 461 1875 Ὀτι
492 1824 545 1876 οι
570 1820 873 1889 λέγοντες,
912 1823 1234 1887 Ὠσπερτὸ
1263 1824 1417 1876 ἄλλο
1446 1818 1599 1876 εἶναι
1636 1826 1904 1878 ὑπόστα-

2020 1815 2163 1882 Quod
2209 1816 2296 1882 qui
2335 1817 2565 1889 dirigit:
2599 1813 3046 1889 Quemadmodum
3078 1830 3206 1889 “esse
3239 1813 3385 1866 aliud
3400 1814 3580 1889 ⁸Ιιιιρο-

400 1908 525 1953 σιν,
558 1893 654 1945 καὶ
677 1892 830 1945 ἄλλο
853 1895 1092 1957 οὐσίαν,
1128 1892 1225 1944 καὶ
1256 1893 1410 1945 ἄλλο
1437 1895 1775 1961 πατρότητα
1808 1894 1907 1945 ἐπὶ

403 1962 556 2014 Θεοῦ
592 1964 886 2015 σύνθεσιν
935 1965 1007 2014 οὺ
1036 1961 1213 2025 ποιεῖ,
1246 1962 1398 2015 οὕτω
1438 1965 1537 2015 καί
1569 1979 1699 2016 τινα
1730 1966 1799 2016 ἐν
1834 1962 1907 2029 τῇ

401 2031 582 2100 οὐσίᾳ
612 2032 716 2085 ⁴τοῦ
743 2031 891 2084 Θεοῦ
913 2032 1210 2099 λεγόμενα
1241 2033 1609 2099 ὑφίστασθαι
1637 2049 1906 2100 πραγμα-

401 2098 578 2165 τικῶς
595 2100 701 2168 τῆς
724 2102 940 2165 οὐσίας
961 2098 1363 2171 minutum
1385 2098 1745 2171 διαφέροντα
1764 2098 1909 2155 deir-

404 2176 579 2224 θεσιν
606 2173 678 2224 οὺ
700 2171 877 2238 ποιεῖ,
908 2170 1241 2240 παράλογοι
1272 2175 1413 2226 εισι.

415 2368 511 2420 Ἕκ
541 2367 597 2421 δὲ
638 2367 746 2419 τῶν
776 2368 1080 2436 εἰρημένων
1109 2368 1327 2423 λέλυται
1360 2369 1456 2423 καὶ
1481 2369 1619 2437 ὅπερ
1646 2369 1695 2419 οῖ
1730 2368 1909 2421 Παλα-

334 2458 491 2528 μῖτςιι
525 2456 770 2509 κὼκαλον
796 2457 1165 2526 ὀνομάσαντες
1188 2497 1205 2521 ,
1241 2460 1371 2523 ἴσως
1400 2458 1487 2511 διὰ
1517 2460 1577 2511 τὸ
1609 2456 1866 2525 δυσχερὲς
1889 2496 1906 2523 ,

334 2548 414 2609 ὡς
439 2547 627 2617 ᾤοντο,
664 2547 906 2618 ἀνοήτως
937 2549 1144 2617 ἐπῆγον
1179 2548 1599 2620 ἰσχυριζόμενοι,
1624 2550 1699 2611 ὡς
1732 2549 1819 2619 ἄρ’
1849 2549 1909 2601 ἐν

331 2640 412 2707 τῷ
443 2639 560 2709 Θεῷ
587 2640 737 2693 οὐδὲν
767 2625 965 2693 κωλῦει
987 2640 1220 2709 διάφορα
1244 2641 1572 2710 ὲνιδρυμένα
1603 2640 1907 2713 πράγματα

335 2729 584 2797 ἀλλήλων
614 2730 964 2800 διαφέροντα,
998 2734 1093 2783 καὶ
1124 2731 1220 2799 τῆς
1241 2731 1430 2794 οὐσίας
1470 2732 1639 2800 αὐτῆς
1671 2733 1907 2802 ἀπειρά-

338 2837 427 2881 κις
452 2820 694 2890 ἀπείρως
727 2820 1011 2890 ὑφειμένα,
1038 2822 1130 2875 καὶ
1158 2822 1419 2891 θεότητας
1453 2820 1583 2892 παρ’
1615 2823 1793 2876 αὐτῶν
1822 2824 1908 2875 λε-

334 2910 562 2979 γόμενα,
607 2912 699 2963 καὶ
737 2912 974 2981 ἀριθμὸν
1014 2913 1480 2982 ὑπερϐαινοὺσας,
1512 2914 1605 2967 τοῦ
1642 2914 1691 2966 θ’
1733 2915 1909 2978 οὕτως

334 3002 481 3072 ἒχειν
517 3005 611 3055 καὶ
637 3003 846 3057 ἁπλοῦν
876 3000 1015 3057 εἶναι
1043 3006 1133 3058 τὸν
1167 3005 1299 3059 Θεόν
1321 3022 1335 3036 ·
1366 3007 1556 3075 ὅτιπερ
1581 3007 1771 3060 οὑσίαν
1810 3008 1907 3060 καὶ

334 3090 635 3144 ὑπόστασιν
678 3091 771 3144 καὶ
821 3092 1079 3161 ἰδιότητα,
1117 3093 1151 3162 ἢ
1189 3092 1468 3162 ἀναφορὰν
1504 3093 1905 3163 πραγματικῶς

332 3181 583 3249 ἀλλήλων
626 3182 903 3254 διαφέρειν
944 3186 1357 3254 ὲφαντάσθησαν
1383 3201 1399 3217 ·
1452 3187 1511 3238 οὑ
1563 3187 1709 3255 παρὰ
1745 3187 1902 3239 τοῦτο

341 3274 524 3341 μέντοι
555 3274 809 3327 σύνθετον
842 3273 979 3330 εἶναι
1010 3277 1099 3329 τὸν
1126 3276 1278 3331 Θεόν.
1328 3277 1514 3329 Ταῦτα
1548 3277 1657 3345 γὰρ
1686 3277 1760 3341 ὼς
1789 3277 1907 3330 ὲνε-

334 3366 527 3435 δέχετο
555 3366 819 3419 δέδεικται
848 3368 941 3420 καὶ
979 3368 1157 3435 λόγοις
1190 3368 1281 3420 καὶ
1311 3370 1534 3438 ρήσεσιν
1567 3369 1736 3435 ἁγίων
1765 3369 1907 3422 κατὰ

334 3456 400 3508 τὸ
433 3460 665 3527 πρᾶγμα
698 3458 864 3529 μηδὲν
886 3460 1125 3530 ἀλλήλων
1152 3460 1450 3529 διαφέρειν.
1485 3460 1669 3531 Ταύτῃ
1701 3477 1783 3513 τοι
1812 3462 1908 3512 καὶ

329 3548 462 3602 οὔτε
506 3550 756 3613 σύνθετός
786 3554 945 3616 ,ἐστιν
971 3553 999 3604 ὁ
1038 3551 1209 3615 Θεὸς,
1253 3550 1378 3604 οὔτε
1418 3550 1485 3604 τὰ
1530 3550 1908 3622 προειρημένα

336 3643 522 3695 ἄτοπα
551 3641 877 3695 ἀνακύπτει.
913 3644 981 3695 Δί
1018 3644 1125 3712 γὰρ
1161 3644 1437 3707 συνθέσεις
1468 3645 1558 3697 ἐπὶ
1593 3646 1697 3697 τῶν
1724 3645 1908 3714 διαφε-

338 3733 547 3799 ρόντων
590 3732 666 3802 τῷ
697 3734 1003 3802 πράγματι,
1040 3736 1136 3788 καὶ
1186 3732 1294 3787 οἷον
1324 3735 1442 3788 ὁδὸν
1472 3734 1564 3789 καὶ
1603 3737 1907 3805 παράθεσιν

337 3824 475 3890 πρὸς
508 3822 719 3891 ἄλληλα
753 3825 1008 3893 ἐχόντων,
1039 3824 1113 3889 ὡς
1147 3825 1232 3894 ἐφ’
1264 3826 1379 3890 ἑνός
1418 3843 1562 3889 τινος
1602 3826 1908 3895 ὑφεστῶτος

336 3915 690 3984 θεωροῦνται.
733 3915 849 3984 Ἐφ’
878 3910 953 3970 ὧν
987 3917 1042 3969 δὲ
1066 3918 1166 3971 οὑκ
1186 3917 1332 3971 ἐστιν
1362 3919 1621 3988 οὐδεμίαν
1651 3918 1908 3987 τοιαύτην

333 4006 600 4076 διαρορᾶν
631 4006 832 4075 εὑρεῖν,
862 4006 1180 4059 τούντεῦθεν
1206 4006 1328 4060 οὐδὲ
1363 4008 1479 4060 ὁδὸν
1509 4010 1645 4076 πρὸς
1676 4008 1905 4077 ἄλληλα,

336 4095 372 4163 ἢ
401 4095 648 4148 σύνθεσιν
672 4096 788 4149 οὑδὲ
818 4097 1018 4150 πλάσαι
1047 4096 1291 4153 δυνατόν.
1312 4098 1502 4151 Καίτοι
1533 4098 1732 4167 ἀληθές
1760 4101 1908 4153 ἐστιν

335 4191 536 4251 εἰπεῖν,
568 4188 643 4251 ὡς
668 4189 767 4241 οὑκ
792 4189 858 4241 ἂν
882 4184 949 4259 ἦν
981 4190 1009 4242 ὁ
1037 4189 1169 4251 Θεὸς
1200 4190 1627 4258 τρισυπόστατος
1651 4191 1772 4243 οὐδὲ
1802 4209 1908 4244 πα-

334 4280 535 4350 τρότη;
561 4281 682 4333 οὐδὲ
703 4279 905 4350 υἱότης,
936 4281 1056 4333 οὐδὲ
1084 4280 1308 4351 πρόοδος
1324 4281 1379 4333 έν
1396 4284 1508 4343 τοῖς
1533 4281 1720 4348 Θείοις,
1750 4285 1908 4352 εἴπερ

338 4374 404 4423 ὲκ
432 4372 635 4424 τούτων
664 4372 978 4438 ἀναγκαίως
1003 4371 1189 4425 εἵπετο
1219 4371 1474 4425 σύνθετον
1493 4368 1631 4426 εἶναι
1656 4376 1745 4425 τὸν
1775 4373 1909 4426 Θεὸν

1929 3150 1977 3213 C

2079 1894 2289 1947 stasfm,
2313 1894 2362 1937 et
2388 1884 2534 1937 aliud
2563 1886 2933 1941 substantiam,
2966 1890 3015 1934 et
3033 1883 3181 1936 aliud
3203 1884 3575 1952 paternitatem

2081 1957 2135 2009 in
2166 1956 2273 2008 Deo
2305 1955 2728 2025 compositionem
2756 1970 2859 2025 non
2888 1952 3015 2025 facit
3038 1969 3075 2025 ;A
3110 1954 3187 2006 ita
3212 1954 3404 2025 "etiam
3449 1968 3578 2025 nou-

2082 2024 2231 2079 nulla
2260 2024 2393 2087 alia,
2423 2021 2564 2093 ’quw
2613 2025 2669 2093 in
2697 2024 2996 2093 substantia
3045 2022 3139 2075 Dei
3185 2024 3434 2093 dicuntur
3460 2021 3576 2074 sub-

2078 2097 2281 2156 sistere,
2312 2090 2531 2163 qumque
2559 2092 2775 2145 realiter
2808 2111 2837 2145 a
2866 2090 3164 2163 substantia
3192 2098 3240 2144 et
3264 2090 3328 2145 ab
3358 2093 3574 2163 invicem

2081 2160 2347 2234 differunt,
2404 2160 2830 2231 compositionem
2883 2176 2985 2213 non
3012 2160 3254 2230 faciunt,
3304 2161 3575 2214 temerarii

2080 2242 2223 2287 sunt.

2080 2367 2159 2422 Ex
2185 2368 2348 2424 dictis
2382 2368 2620 2424 solutum
2673 2377 2777 2430 est,
2841 2366 2986 2436 quod
3047 2365 3150 2435 ipsi
3184 2363 3456 2419 Palamitxe
3515 2377 3578 2417 os

2010 2459 2388 2525 nominarunt,
2418 2458 2600 2512 forsan
2626 2456 2695 2511 ob
2722 2455 3123 2521 difﬁcultatem,
3144 2465 3204 2510 ut
3233 2453 3579 2509 arbitraban-

2011 2560 2122 2615 tur,
2175 2560 2339 2619 atque
2373 2547 2760 2603 contendendo
2813 2556 3015 2602 temere
3046 2546 3378 2609 inferebant,
3430 2546 3575 2613 quod

2012 2644 2269 2698 nimirum
2304 2642 2356 2696 in
2385 2642 2497 2696 Deo
2540 2641 2675 2695 nihil
2725 2640 2909 2695 obstat
2934 2640 3180 2695 diversas
3207 2655 3333 2695 esse
3370 2655 3457 2694 res
3490 2640 3575 2691 in-

2011 2737 2307 2801 haerentes,
2336 2751 2457 2805 qua:
2488 2736 2629 2790 inter
2653 2749 2773 2790 sese
2798 2734 3079 2797 differant,
3115 2741 3172 2787 et
3202 2732 3269 2785 ab
3301 2732 3416 2799 ipsa
3452 2731 3580 2782 sul:-

2011 2829 2210 2884 stantia
2236 2826 2449 2881 inﬁnite
2482 2826 2748 2882 infinities
2784 2824 3098 2891 inferiores,
3141 2838 3204 2877 ac
3236 2824 3477 2877 Deitates
3508 2822 3576 2873 ab

2011 2917 2149 2987 ipsis
2179 2916 2376 2981 dictas,
2423 2930 2545 2986 quae
2584 2930 2879 2971 numerum
2932 2913 3226 2978 excedant,
3295 2912 3347 2967 id
3396 2912 3467 2966 ita
3519 2926 3576 2964 se

2011 3009 2237 3075 habere,
2312 3018 2368 3063 ct
2426 3002 2789 3063 nihilominus
2858 3005 3161 3075 simplicem
3203 3018 3324 3059 esse
3381 3003 3573 3057 Deum.

2013 3098 2283 3165 Quoniam
2314 3097 2703 3161 substantiam,
2759 3110 2809 3150 et
2840 3094 3201 3167 hypostasim,
3240 3103 3403 3163 atque
3454 3107 3579 3162 pro-

2013 3192 2324 3261 prietatem,
2358 3189 2474 3244 sive
2504 3189 2824 3243 relationem
2852 3188 3072 3242 realiter
3098 3187 3241 3242 inter
3271 3201 3328 3241 se
3352 3184 3576 3239 diﬂerre

2012 3279 2289 3351 imaginati
2328 3288 2495 3344 sunt;
2527 3294 2636 3333 non
2667 3280 2737 3333 ob
2768 3277 2820 3331 id
2852 3288 3033 3332 tamen
3063 3277 3427 3346 compositum
3454 3290 3576 3331 esse

2012 3371 2205 3425 Deum.
2238 3370 2364 3423 llaec
2401 3370 2547 3424 enim
2582 3377 2643 3422 ut
2684 3367 2800 3422 fieri
2838 3370 3038 3437 potuit,
3074 3383 3198 3425 cum
3246 3368 3576 3430 rationibus,

2013 3469 2129 3515 tum
2168 3461 2328 3515 dictis
2359 3468 2675 3514 sanctorum
2710 3466 2994 3529 ostensum
3031 3471 3137 3523 est,
3176 3458 3313 3513 nihil
3340 3460 3482 3513 inter
3519 3476 3577 3514 se

2010 3552 2229 3609 dill'crre
2250 3551 2548 3607 secundum
2574 3566 2709 3605 rem.
2731 3552 3024 3619 Propterea
3048 3565 3223 3619 neque
3243 3552 3577 3621 compositus

2011 3643 2157 3699 Dens
2186 3652 2292 3705 est,
2328 3658 2502 3711 neque
2539 3648 2972 3696 commemorata
3025 3641 3372 3696 incommoda
3399 3657 3579 3697 emer-

2011 3746 2165 3806 gunt.
2226 3734 2665 3801 Compositiones
2716 3733 2864 3787 enim
2925 3732 3062 3787 fiunt
3116 3733 3168 3787 in
3219 3732 3289 3789 iis
3325 3749 3447 3803 quze
3520 3751 3576 3789 re

2011 3826 2296 3888 differunt,
2326 3834 2382 3879 et
2410 3825 2566 3892 quasi
2604 3824 2770 3889 viam,
2818 3834 2877 3879 et
2928 3824 3383 3894 compositionem
3432 3826 3579 3882 inter

2010 3932 2068 3973 se
2099 3917 2325 3981 habent,
2360 3915 2435 3969 ita
2464 3925 2523 3969 ut
2552 3915 2607 3969 in
2670 3931 2780 3969 uno
2814 3915 3051 3984 quodam
3078 3916 3413 3971 subsistente
3443 3933 3577 3972 con-

2011 4011 2311 4066 sideretur.
2352 4012 2419 4064 At
2456 4023 2589 4062 vero
2617 4008 2669 4061 in
2704 4008 2906 4077 quibus
2930 4009 3079 4063 nulla
3110 4010 3234 4064 talis
3267 4009 3578 4064 dilferentia

2012 4102 2248 4156 inveniri
2275 4109 2476 4171 potest,
2511 4100 2639 4153 hinc
2666 4115 2845 4167 neque
2884 4100 3051 4163 viam,
3112 4110 3167 4154 ct
3221 4100 3575 4169 compositio-

2010 4211 2136 4251 nem
2199 4194 2265 4248 ad
2320 4209 2379 4248 se
2422 4192 2657 4247 invicem
2716 4192 2799 4245 vel
2858 4191 3064 4261 ﬁngere
3089 4193 3253 4257 licet;
3319 4203 3374 4247 et
3400 4202 3576 4247 tamen

2013 4298 2201 4337 verum
2238 4280 2560 4343 estdicere,
2615 4278 2764 4348 quod
2819 4294 2927 4333 non
2973 4291 3120 4335 esset
3164 4282 3310 4335 Deus
3337 4281 3581 4335 Trinitas

2012 4388 2394 4444 personarum,
2422 4385 2601 4441 neque
2633 4371 2960 4439 paternitas,
3015 4387 3192 4441 neque
3230 4374 3444 4438 ﬁliatio,
3478 4391 3582 4428 nec

334 4463 400 4516 τὸ
428 4464 645 4532 πρῶτον
677 4465 849 4516 αἴτιον
873 4479 889 4496 ’
923 4466 1032 4517 πᾶν
1070 4464 1179 4534 γὰρ
1209 4463 1462 4517 σύνθετον
1498 4466 1735 4518 κτιστόν.
1763 4467 1826 4518 Οἱ
1851 4467 1907 4520 δὲ

2020 4481 2307 4535 processus
2333 4466 2389 4521 in
2428 4465 2660 4531 divinis,
2686 4465 2732 4520 si
2758 4479 2823 4519 ex
2854 4468 2945 4521 his
2972 4469 3286 4523 necessario
3322 4484 3583 4539 sequere-

333 4550 592 4604 τοσοῦτον
619 4554 913 4622 ἀπέχουσιν
946 4553 982 4607 ἃ
1013 4554 1293 4622 βούλονται
1342 4554 1512 4619 δεῖξαι
1539 4554 1680 4608 ὥστε
1726 4556 1820 4608 καὶ
1850 4556 1909 4608 τὸ

339 4644 493 4713 παρὰ
518 4644 625 4705 τοῖς
653 4644 1006 4708 διαλεκτικοῖς
1029 4645 1341 4715 λεγόμενον,
1375 4646 1434 4699 τὸ
1457 4648 1514 4698 έν
1535 4648 1676 4716 ἀρχῇ
1699 4646 1912 4700 αἰτοῦν-

336 4753 456 4791 ται.
480 4736 591 4804 Οὐχ
613 4730 774 4806 ἦττον
803 4737 911 4804 γὰρ
936 4737 1030 4789 καὶ
1050 4736 1192 4790 οὑτω
1218 4737 1279 4789 τὸ
1304 4738 1434 4790 αὐτὸ
1455 4739 1616 4792 πάλιν
1642 4738 1907 4808 ζητεῖται,

322 4820 458 4888 πῶς
491 4827 649 4895 εἴπερ
683 4826 808 4879 ἄλλο
846 4827 942 4894 μὲν
982 4829 1014 4898 ἡ
1047 4829 1221 4893 οὐσία,
1262 4828 1392 4881 ἄλλο
1435 4829 1491 4881 δὲ
1536 4829 1906 4898 ηὐπόστασις,

335 4919 505 4989 ἕτερα
533 4919 587 4970 δὲ
616 4920 683 4971 τὰ
711 4920 1050 4972 ὑποστατικὰ
1074 4920 1166 4972 τὸν
1196 4921 1255 4972 ὃν
1288 4921 1442 4973 αὐτοὶ
1472 4919 1650 4974 νοοῦσι
1684 4924 1907 4991 τρόπον,

337 5010 401 5062 οὑ
453 5008 703 5069 σύνθετος
731 5011 795 5063 ὲκ
839 5010 1097 5064 τούτωνὸ
1139 5011 1302 5077 Θεός;
1336 5011 1446 5066 Καὶ
1494 5012 1601 5083 μὴν
1658 5013 1909 5083 ἀνόμοιος

340 5106 517 5172 πάντη
544 5105 576 5173 ή
604 5104 709 5155 τῶν
726 5104 1067 5173 πραγμάτων
1092 5103 1396 5174 παραϐολή.
1422 5104 1501 5156 Τὰ
1524 5104 1623 5174 μὲν
1656 5104 1763 5176 γὰρ
1780 5105 1909 5175 τρία

338 5195 648 5265 ὡρισμένον
669 5196 721 5247 τί
744 5198 914 5247 ἐστιν’
938 5195 973 5248 ἃ
998 5195 1051 5247 δὲ
1076 5195 1173 5263 τῆς
1191 5195 1377 5257 οὐσίας
1402 5196 1566 5261 ἕτερά
1583 5213 1772 5264 φασιν,
1799 5191 1911 5251 οἷον

341 5288 441 5356 τὴν
466 5286 631 5358 ζωὴν,
654 5287 749 5356 τὴν
767 5287 1077 5358 ἀγαοότητα
1098 5289 1190 5340 τοῦ
1217 5287 1351 5341 Θεοῦ
1374 5289 1468 5341 καὶ
1486 5291 1665 5343 πάντα
1686 5288 1753 5342 τὰ
1777 5291 1912 5343 άποο

341 5380 646 5450 λελυμένως
671 5381 758 5431 ἐπ’
773 5378 936 5433 αὑτοῦ
960 5380 1243 5449 λεγόμενα,
1262 5379 1297 5433 ἆ
1320 5382 1411 5433 καὶ
1446 5382 1728 5450 ἐνέργειαν
1750 5382 1913 5451 κοινῷ

343 5473 570 5542 ὀνόματι
612 5473 896 5534 καλοῦσιν,
927 5472 1153 5541 ἄπειρόν
1178 5490 1225 5523 τι
1254 5474 1347 5526 καὶ
1383 5473 1637 5544 ἀόριστον
1668 5473 1871 5545 πλῆθος
1895 5490 1909 5504 ⁸

346 5564 440 5616 καὶ
462 5565 576 5616 ἐκεῖ
600 5564 699 5633 μὲν
717 5565 781 5616 τὰ
795 5565 920 5635 τρία
948 5565 1274 5626 ὑποστάσεις
1298 5565 1551 5634 εἴληπται
1570 5564 1795 5630 τέλειαι,
1820 5566 1915 5619 καὶ

345 5655 547 5708 τούτων
581 5658 872 5726 ὑπερφυῶς
910 5658 1115 5727 ἑκάστη
1146 5659 1176 5727 ἡ
1207 5656 1343 5727 αὑτὴ
1391 5659 1485 5711 καὶ
1522 5657 1618 5726 μία
1649 5657 1912 5727 Οεαρχικὴ

348 5745 502 5799 οὐσία
528 5764 541 5776 ε
576 5746 779 5819 ἑκάστη
817 5748 925 5817 γὰρ
960 5747 1094 5810 ὅλως
1134 5747 1263 5810 Θελς
1302 5746 1396 5800 καὶ
1430 5746 1628 5807 τέλειος
1651 5761 1662 5773 ·
1714 5747 1772 5797 οὑ
1805 5747 1909 5814 γὰρ

2013 4572 2121 4624 tur,
2148 4558 2514 4629 compositum
2540 4573 2662 4613 esse
2680 4559 2850 4614 Deum
2884 4559 3115 4628 primam
3141 4572 3383 4615 causam.
3407 4562 3581 4616 Omne

2009 4653 2155 4706 cnim
2180 4651 2541 4721 compositum
2560 4660 2643 4706 est
2659 4657 2924 4705 creatum.
2939 4649 3002 4703 lli
3023 4666 3153 4705 vero
3175 4660 3386 4705 tantum
3398 4653 3578 4714 abest,

2011 4743 2372 4798 utostendant
2384 4744 2727 4813 quaevolunt,
2742 4751 2800 4797 ut
2817 4742 2984 4798 etiam
3002 4743 3147 4813 quod
3168 4744 3310 4813 apud
3332 4745 3581 4798 Dialrcti-

2011 4850 2107 4891 cos
2141 4835 2366 4899 dicitur,
2398 4834 2728 4904 principium
2758 4842 2968 4904 petant.
2994 4833 3113 4887 Non
3136 4849 3319 4888 minus
3334 4835 3481 4887 enim
3498 4835 3579 4888 sic

2015 4926 2179 4979 etiam
2222 4924 2368 4979 idem
2402 4940 2594 4978 rursus
2618 4925 2908 4993 quaaritur,
2933 4923 3207 4992 quomodo
3222 4923 3266 4977 si
3288 4923 3431 4977 aliud
3455 4925 3579 4992 qui-

2014 5016 2137 5071 dem
2168 5025 2251 5071 est
2278 5015 2604 5078 substantia,
2631 5014 2777 5068 aliud
2803 5030 2932 5069 vero
2958 5004 3296 5084 hypostasis:
3319 5014 3422 5069 alia
3445 5030 3578 5069 vero

2016 5117 2146 5162 sunt
2175 5107 2517 5179 hypostatica
2549 5107 2676 5174 (hoc
2707 5116 2815 5173 est,
2871 5122 2992 5174 qua:
3020 5107 3342 5177 hypostases
3368 5111 3575 5163 consti-

2016 5201 2223 5263 tuunt),
2258 5199 2323 5253 ad
2360 5213 2486 5253 eum
2526 5195 2772 5261 modum,
2805 5211 2968 5266 quem
2999 5198 3104 5267 ipsi
3132 5199 3481 5269 intelligunt,
3509 5215 3575 5255 ex

2016 5290 2101 5344 his
2135 5290 2279 5343 Deus
2302 5304 2411 5341 non
2462 5298 2545 5343 est
2590 5289 2968 5358 compositus?
3028 5305 3150 5345 cum
3194 5300 3375 5346 tamen
3409 5290 3577 5345 dissi-

2016 5380 2160 5435 milis
2195 5381 2267 5434 sit
2306 5394 2487 5434 rerum
2523 5378 2787 5434 collatio?
2830 5379 3043 5436 Etenim
3105 5380 3205 5435 tria
3234 5382 3576 5436 determina-

2017 5483 2128 5524 tnm
2154 5470 2413 5541 quiddam
2452 5481 2581 5525 sunt
2608 5489 2621 5525 :
2645 5486 2765 5540 qua:
2799 5482 2980 5527 autem
3006 5472 3081 5526 illi
3108 5472 3297 5526 dicunt
3324 5474 3428 5528 alia
3455 5488 3577 5527 esse

2014 5578 2041 5616 a
2076 5562 2408 5629 substantia,
2446 5562 2612 5617 veluti
2642 5564 2827 5626 vitam,
2854 5564 3152 5619 bonitatem
3173 5565 3291 5627 Dei,
3314 5575 3370 5620 et
3393 5565 3578 5620 omnia

2016 5655 2103 5707 illa
2143 5670 2264 5722 qua:
2290 5652 2537 5708 absolute
2564 5653 2621 5708 in
2645 5669 2709 5709 cu
2740 5653 3019 5719 dicuntur,
3046 5672 3166 5726 qute
3191 5658 3353 5712 etiam
3382 5674 3576 5726 opera-

2020 5747 2221 5800 tionem
2246 5726 2778 5801 communi'nomine
2809 5758 3023 5811 vocant,
3064 5749 3279 5806 inﬁnita
3307 5752 3578 5821 quaedam,
