3862 6218
344 345 448 410 887
1612 348 1979 408 DEMETiUl
2026 348 2333 409 CYDONII
3481 343 3590 406 9-39

342 476 503 535 suque
535 463 952 518 indetermlnnta
988 462 1285 517 multitudo
1320 472 1422 528 est,
1478 474 1533 517 et
1575 464 1649 518 ibi
1684 464 1905 532 quidem

2023 461 2072 526 ἐξ
2098 462 2301 513 ἀτελῶν
2322 462 2382 513 τό
2413 460 2598 515 Θεῖον”
2626 461 2691 513 τὰ
2721 460 2777 513 δὲ
2808 459 2978 513 πολλά
3008 457 3176 512 ταῦτα
3204 454 3318 509 οὗθ’
3352 456 3598 509 ὑποστά-

348 559 474 621 Iria,
505 556 825 628 hypostases
859 556 1211 623 accipiuntur
1260 556 1542 623 perfectae.
1606 564 1661 609 et
1711 555 1905 609 harum

2023 570 2123 615 σεις
2157 550 2296 605 εἶναι
2318 554 2576 615 τίθενται,
2611 553 2727 606 οὗθ’
2759 553 2896 614 ὅλως
2923 551 3131 612 οὐσίαν,
3164 550 3257 601 καὶ
3287 548 3445 601 οὐδὲν
3483 549 3590 601 a6-

346 662 687 716 unaquaaque
716 662 820 700 una
843 654 899 701 et
922 647 1114 700 eadem
1143 658 1228 701 est
1255 647 1439 700 divina
1477 646 1785 701 substantia
1812 661 1909 699 su-

2023 645 2119 697 τῶν
2156 645 2293 715 ὅπερ
2324 645 2384 697 τὺ
2414 645 2602 713 ἕτερον
2632 639 2795 697 εἶναι.
2838 641 2946 694 Καὶ
2974 641 3042 694 τὰ
3077 640 3176 709 μὲν
3206 638 3376 691 πολλά
3410 640 3593 691 ταῦτα

345 751 441 803 pra
469 750 684 789 omnem
721 745 941 803 captum
983 744 1211 789 naturae.
1250 734 1521 802 Qualibet
1563 736 1708 789 enim
1761 741 1909 789 totus

2023 737 2103 805 >ὑχ
2141 735 2466 804 ὑφίστασθαι
2500 734 2623 789 καθ’
2656 735 2799 788 αὑτά
2826 748 3022 800 φασιν·
3063 733 3120 785 αἱ
3152 732 3208 784 δὲ
3254 732 3404 799 τρεῖς
3455 730 3593 781 ὑπο-

345 825 489 879 lleus
519 836 684 894 atque
715 827 992 892 perfectus
1020 836 1126 881 est.
1153 826 1271 881 Non
1288 826 1435 880 enim
1464 841 1531 880 ex
1566 825 1908 895 imperfectis

2023 828 2232 889 πάσεις
2259 826 2360 880 οὑκ
2380 826 2750 896 ἐνυπάρχουσι
2772 825 2898 879 τινί.
2930 825 2991 877 Εἰ
3016 823 3062 875 δ’
3085 821 3347 887 ἀνάλογον
3371 820 3595 889 βούλον-

340 926 425 969 est
454 930 660 969 numen
684 916 954 974 divinum.
986 919 1108 975 Haec
1138 930 1322 975 autem
1358 920 1551 984 multa,
1602 933 1782 988 neque
1809 917 1907 987 hy-

2023 935 2100 970 ται
2133 917 2279 988 ἔχειν
2320 916 2398 970 τὰ
2428 917 2554 985 τρία
2595 917 2881 985 πρόσωπα,
2925 915 2958 985 ἢ
2985 915 3085 977 τὰς
3119 915 3270 983 τρεῖς
3302 912 3588 982 ἀναφορὰς

340 1015 587 1075 postases
616 1022 737 1062 esse
762 1021 1068 1077 ponuntur,
1116 1026 1294 1081 neque
1320 1011 1652 1073 substantia,
1679 1019 1736 1063 et
1766 1008 1903 1061 nihil

2023 1010 2217 1074 τούτοις
2248 1012 2361 1073 τοῖς
2394 1009 2611 1072 πολλοῖς
2643 1010 2737 1062 καὶ
2765 1008 3063 1077 διαφόροις,
3094 1007 3394 1072 ἀναγκαῖον
3427 1004 3462 1073 ἦ
3489 1006 3591 1055 καὶ

340 1100 537 1153 horum
572 1115 693 1155 esse
720 1102 865 1169 quod
894 1112 977 1157 est
1004 1102 1261 1167 alterum,
1301 1111 1353 1156 et
1383 1103 1499 1156 haec
1536 1101 1757 1171 quidem
1787 1100 1907 1169 plu-

2023 1102 2177 1157 ταῦτα
2200 1101 2481 1171 ὁμολογεῖν
2499 1100 2709 1161 τελείας
2735 1099 2871 1153 εἶναι
2893 1100 3239 1161 ὑποστάσεις,
3262 1098 3294 1168 ἢ
3318 1096 3416 1157 τὰς
3430 1096 3591 1158 θείας

341 1192 477 1245 rima
511 1206 611 1262 per
634 1208 694 1247 se
729 1194 844 1262 ipsa
882 1210 990 1249 non
1019 1194 1346 1260 subsistere,
1378 1194 1558 1254 aiunt,
1612 1202 1727 1247 tres
1772 1207 1906 1247 vero

2023 1191 2331 1251 imctdaet:
2357 1191 2764 1252 ἀνυποστάτους
2797 1189 3026 1242 οἴεσθαι.
3067 1188 3175 1239 Καὶ
3200 1186 3263 1237 τὸ
3293 1188 3396 1254 μὲν
3437 1180 3586 1236 εἶναι

340 1282 664 1351 hvpustases
694 1284 853 1337 alicui
888 1300 995 1337 non
1031 1284 1379 1338 incssistere.
1413 1282 1569 1345 Quod
1597 1283 1641 1336 si
1684 1298 1908 1352 propor-

2023 1285 2099 1335 τὸν
2124 1282 2258 1335 Θεὸν
2287 1280 2347 1335 ἐν
2371 1282 2463 1334 καὶ
2495 1281 2627 1351 τρία
2654 1280 2795 1332 κατὰ
2817 1277 3162 1345 ἀποκάλυψιν
3190 1275 3413 1345 ἔχομεν,
3446 1274 3591 1344 ὑπὲρ

344 1374 545 1427 tionem
572 1389 692 1426 esse
722 1375 913 1427 volunt
943 1376 1087 1429 inter
1115 1386 1227 1431 tres
1260 1390 1528 1444 personas
1548 1415 1562 1439 ,
1630 1374 1748 1429 sive
1788 1383 1905 1429 tres

2023 1374 2283 1439 ιπόδειξιν
2318 1372 2401 1436 δν,
2433 1372 2493 1425 τὸ
2525 1372 2582 1425 δὲ
2618 1373 2711 1424 τὸν
2744 1371 2878 1423 Θεὸν
2909 1368 3073 1422 αὑτὸν
3104 1367 3311 1422 ἀπλοὺν
3342 1384 3402 1419 τε
3441 1362 3591 1419 εἶναι

342 1465 665 1518 relationes.
721 1464 789 1518 Et
820 1467 921 1519 ista
944 1466 1135 1526 multa,
1168 1482 1232 1520 ac
1262 1466 1501 1530 diversa,
1531 1465 1903 1520 necessarium

2023 1464 2101 1518 ιαὶ
2133 1463 2434 1525 συνθέσεως
2460 1462 2638 1529 πάσης
2661 1460 3013 1512 ἀνεπίδεκτον
3034 1459 3129 1510 καὶ⁵
3148 1455 3430 1521 ἄνθρωποι
3458 1455 3594 1519 ἀγό-

340 1556 451 1609 crit
483 1557 648 1615 velet
692 1559 804 1609 lucc
858 1555 1012 1609 fateri
1065 1556 1336 1623 perfectas
1386 1571 1507 1610 esse
1561 1557 1904 1627 hypnstases,

2023 1572 2158 1608 mat
2177 1554 2258 1624 τῷ
2281 1552 2498 1623 φυσικῷ
2530 1552 2626 1604 τοῦ
2649 1551 2808 1618 λόγου
2834 1553 2973 1618 φωτὶ
2998 1546 3346 1618 ἠδυνήθησαν
3371 1547 3595 1599 ἀποδεῖ·

337 1651 427 1705 vel
492 1651 706 1705 divinas
740 1651 1129 1706 subsistentias
1188 1652 1615 1706 insubsistentes
1663 1650 1901 1719 opinari.

2023 1648 2129 1714 ξαι·
2180 1644 2369 1713 ὥσπερ
2410 1646 2503 1696 καὶ
2534 1644 2616 1695 ὅτι
2670 1636 2751 1704 εἷς
2786 1643 2903 1693 ἐστι
2931 1641 3063 1703 Θεὸς
3107 1642 3203 1694 καὶ
3249 1637 3457 1706 ἀγαθὸς
3494 1638 3597 1688 καὶ

338 1741 408 1795 Et
439 1742 585 1811 quod
623 1757 767 1796 unus
808 1741 880 1796 sit
910 1741 1055 1797 Deus
1103 1751 1159 1795 et
1216 1742 1443 1806 Trinus,
1483 1742 1751 1796 habemus
1802 1754 1902 1810 per

2023 1740 2242 1800 εἰκαιος·
2277 1739 2340 1789 ὲκ
2391 1736 2499 1805 γὰρ
2540 1734 2804 1803 μεγέθους
2848 1734 2941 1786 καὶ
2968 1732 3231 1800 καλλονῆς
3263 1730 3596 1798 κτισμάτων

341 1833 762 1899 revelationem,
807 1849 933 1889 cum
976 1834 1349 1889 demonstrari
1383 1848 1492 1887 non
1527 1833 1726 1903 possit,
1756 1831 1902 1902 quod

2023 1794 2285 1892 ἱναλόγως
2312 1825 2340 1877 ό
2365 1794 2756 1893 γενεσιουργδς
2780 1794 3100 1892 καθορᾶται.
3129 1794 3245 1874 Οὑκ
3271 1819 3378 1873 εδει
3397 1794 3598 1870 *τοίνυν

338 1931 521 1976 autem
551 1923 668 1991 ipse
694 1924 837 1979 Deus
890 1924 1126 1994 simplex
1159 1925 1250 1989 sit,
1279 1934 1445 1991 atque
1468 1924 1652 1978 omnis
1682 1938 1907 1993 compo-

342 2012 562 2066 sitionis
585 2014 813 2069 minime
846 2030 1035 2084 capax,
1072 2016 1237 2069 etiam
1262 2016 1515 2070 homines
1549 2014 1701 2068 ducti
1749 2022 1908 2067 natu-

344 2101 445 2155 rali
469 2102 674 2157 lumine
707 2106 955 2169 rationis,
984 2104 1359 2160 demonstrare
1383 2104 1909 2169 valuerunt.Quem-

339 2193 635 2248 admodum
654 2196 796 2265 quod
817 2212 961 2251 unus
982 2198 1053 2252 sit
1075 2196 1239 2261 Deus,
1257 2206 1314 2251 et
1334 2198 1508 2251 bonus
1526 2204 1689 2265 atque
1708 2196 1906 2263 justus.

340 2282 551 2352 Quippe
578 2299 645 2338 ex
676 2286 1050 2356 magnitudine
1080 2301 1143 2341 ac
1179 2286 1907 2365 pulchritudine’creatura-

346 2386 464 2426 rum
499 2374 853 2443 proportione
911 2375 1093 2445 opifex
1143 2376 1505 2447 dignoscitur.
1565 2376 1683 2430 Non
1740 2376 1909 2446 igitur

345 2478 487 2532 opus
509 2473 627 2519 erat
646 2480 711 2519 ex
738 2465 989 2521 obscuris
1017 2468 1247 2522 clariora
1278 2468 1425 2523 velle
1446 2467 1701 2537 probare,
1732 2482 1909 2537 neque

348 2571 414 2609 ex
441 2556 525 2610 his
549 2573 670 2626 qua:
698 2568 960 2628 superant
991 2560 1542 2625 demonstrationem,
1571 2575 1635 2616 ea
1659 2576 1782 2630 quae
1807 2560 1910 2614 sub

348 2644 521 2713 ipsam
553 2644 751 2700 cadere
780 2657 1027 2714 possunt,
1062 2648 1463 2715 demonstrare,
1495 2664 1618 2704 cum
1669 2651 1758 2704 illa
1789 2651 1913 2702 fun-

349 2736 501 2790 ditus
523 2736 839 2800 evertendo,
874 2747 989 2791 tum
1018 2754 1115 2807 per
1141 2740 1243 2793 hoc
1272 2740 1378 2794 sibi
1414 2740 1549 2810 ipsis
1575 2740 1789 2809 aliquid
1817 2741 1913 2795 ab-

348 2827 574 2881 surdius
605 2828 1008 2895 concludendo,
1048 2830 1308 2883 nimirum
1340 2831 1513 2884 Deum
1572 2846 1638 2884 ex
1678 2829 1915 2885 diversis

350 2918 515 2971 rebus
538 2927 815 2973 constare.
842 2917 999 2985 Quod
1030 2919 1179 2972 enim
1206 2933 1270 2973 ea
1295 2934 1415 2987 quae
1442 2927 1567 2973 sunt
1596 2933 1654 2973 re
1675 2918 1912 2984 diversa,

349 3010 406 3061 in
432 3023 600 3062 unum
628 3010 1043 3076 concurrentia,
1067 3010 1521 3078 compositionem
1554 3025 1663 3064 non
1687 3009 1912 3074 faciant,

2009 1919 2073 1970 ὲκ
2103 1916 2213 1969 τῶν
2248 1913 2644 1984 ἀσαφεστέρων
2674 1914 2742 1966 τὰ
2782 1915 3094 1985 σαφέστερα
3120 1910 3411 1982 βούλεσθαι
3442 1927 3597 1979 παρ-

2011 2010 2183 2080 ιστᾷν,
2214 2005 2323 2060 οὐδ’
2346 2010 2410 2059 ἐκ
2430 2006 2540 2058 τῶν
2568 2006 2707 2074 ὑπὲρ
2722 2003 2994 2068 ἀπόδειξιν
3017 2006 3085 2056 τὰ
3104 2001 3196 2056 ὑπ’
3217 2001 3386 2069 αὑτὴν
3422 1999 3598 2054 δυνά-

2012 2116 2149 2171 μενα
2170 2099 2389 2151 πίπτειν
2426 2096 2807 2151 ἀποδεικνύναι
2827 2110 2841 2125 ⁸
2862 2094 3047 2148 ἐκεῖνά
3084 2110 3140 2145 τε
3162 2092 3599 2162 ἀνατρέποντας,

2009 2194 2105 2246 καὶ
2123 2190 2213 2246 διὰ
2232 2190 2424 2244 τούτου
2448 2190 2663 2251 ἑαυτοῖς
2684 2189 3032 2255 ἀτοπώτερον
3051 2184 3177 2237 ἄλλο
3202 2182 3604 2253 συμπεραίνον.

2010 2299 2127 2345 τας,
2174 2282 2264 2335 τὸν
2303 2280 2434 2333 Θεὸν
2459 2280 2525 2332 ἐκ
2563 2277 2926 2347 διαφερόντων
2961 2274 3305 2328 συνέστασθαι
3326 2274 3603 2343 πραγμά-

2010 2390 2138 2427 των.
2172 2372 2245 2424 Τὸ
2281 2371 2391 2441 γὰρ
2425 2370 2493 2424 τά
2534 2371 2613 2432 εἰς
2654 2369 2712 2421 ἓν
2747 2369 2993 2422 συνιόντα
3036 2370 3315 2437 πράγματι
3363 2365 3607 2433 διάφορα

2014 2464 2266 2519 σύνθεσιν
2322 2464 2396 2533 μὴ
2446 2464 2618 2514 ποιεῖν
2671 2460 2755 2523 τίς
2786 2459 3037 2513 τοσοῦτον
3088 2458 3408 2521 ἀναίσθητος
3457 2456 3606 2509 ὥστι

2011 2554 2377 2627 ἀπαρνεῖσθαι
2398 2570 2416 2620 ;
2436 2554 2756 2606 Τοὺναντεον
2781 2552 2838 2604 δὲ
2870 2552 3068 2621 μᾶλλον
3088 2552 3152 2603 ὲκ
3181 2550 3289 2603 τῶν
3323 2549 3607 2616 σαφεστέ-

2018 2665 2125 2718 ρων
2170 2648 2239 2700 τά
2283 2644 2359 2715 μὴ
2387 2644 2610 2696 τοιαῦτα
2658 2642 2936 2709 συνάγειν,
2964 2642 3122 2710 εἴπερ
3147 2636 3259 2692 οἷόν
3291 2655 3352 2690 τε
3400 2638 3606 2707 ἐχρῆν,

2014 2740 2090 2801 ὡς
2117 2739 2144 2790 ό
2171 2735 2398 2789 καθόλου
2431 2733 2764 2799 παραδίδωσι
2795 2732 2952 2799 λόγος
2973 2746 2988 2761 ⁶
3020 2730 3238 2799 μάλισθ’
3258 2732 3340 2783 ὃτι
3370 2729 3473 2781 καὶ⁸
3502 2730 3606 2781 τοῦ

2014 2832 2171 2899 λόγου
2207 2827 2333 2898 περὶ
2358 2826 2467 2880 τῶν
2498 2824 2621 2878 καθ’
2652 2824 2792 2877 αὑτά
2819 2824 2911 2877 καὶ
2940 2822 3357 2891 ἀπολελυμένως
3380 2820 3463 2889 τῷ
3480 2820 3609 2884 Θεῷ

2018 2923 2304 2992 προσεῖναι
2330 2918 2639 2988 λεγομένων
2663 2916 2835 2978 ὄντος,
2870 2918 3075 2969 ἐκεῖνοι
3108 2915 3205 2986 τὴν
3236 2916 3494 2967 ἔνστασιν
3534 2916 3606 2964 ὲκ

2017 3016 2126 3066 τῶν
2160 3009 2530 3083 προσωπικῶν
2564 3008 2796 3061 καὶτῶν
2828 3007 3107 3075 ἰδιοτὴτων
3136 3006 3363 3073 ἐπῆγον,
3404 3002 3466 3055 αἲ
3507 3004 3609 3067 τοῦ

348 3100 473 3168 quis
526 3099 663 3153 adeo
713 3101 968 3171 stupidus
1010 3111 1071 3155 ut
1122 3102 1316 3170 neget?
1377 3087 1603 3164 C'ontra,
1637 3102 1825 3170 potius
1849 3118 1913 3157 cx

2023 3107 2158 3176 πρός
2189 3120 2241 3157 τι
2275 3104 2465 3171 γένους
2497 3100 2629 3153 εισι.
2666 3101 2756 3151 Δεῖ
2788 3099 2867 3158 δὲ.
2907 3098 3071 3166 φασὶν
3097 3097 3148 3148 ot
3182 3098 3306 3165 περὶ
3335 3094 3436 3154 τὰς
3470 3098 3610 3148 ἁπο-

349 3191 679 3246 elarioribus
706 3207 827 3260 quae
863 3208 971 3246 non
1003 3193 1125 3247 talia
1155 3202 1283 3247 sunt
1312 3193 1664 3257 concludere,
1721 3194 1766 3248 si
1794 3194 1912 3247 ﬁeri

352 3290 555 3351 potest,
591 3282 899 3352 oportebat,
962 3292 1020 3337 ut
1042 3282 1367 3338 universalis
1402 3284 1646 3352 postulat
1707 3284 1916 3353 regula.

353 3376 659 3430 Prmsertim
693 3391 816 3430 cum
854 3391 1033 3430 sermo
1063 3378 1134 3432 sit
1160 3383 1228 3432 de
1264 3377 1332 3432 iis
1363 3393 1485 3447 quae
1535 3392 1634 3447 per
1667 3392 1728 3433 se
1754 3387 1917 3446 atque

351 3466 597 3520 absolute
630 3467 739 3520 Deo
765 3466 957 3521 adesse
984 3468 1259 3531 dicuntur,
1308 3468 1386 3522 illi
1416 3468 1480 3521 ex
1536 3468 1918 3537 personalibus

352 3565 409 3617 et
441 3556 866 3625 pr0prietatibus
897 3558 1271 3627 objectiouem
1303 3558 1632 3625 alferebant,
1674 3575 1795 3629 quae
1822 3576 1917 3627 ge-

358 3648 509 3701 neris
562 3646 629 3700 atl
701 3647 911 3717 aliquid
945 3656 1095 3702 sunt.
1158 3647 1388 3718 Oportet
1418 3664 1578 3715 vero,
1635 3650 1917 3719 inquiunt,

356 3738 453 3808 qui
481 3739 624 3794 circa
659 3738 1160 3795 demonstrationes
1192 3740 1353 3810 periti
1393 3754 1546 3802 sunt,
1603 3742 1919 3797 instantiam
1956 3731 1963 3737 ⁷

355 3845 477 3883 csse
526 3845 591 3882 ex
640 3829 829 3883 eodem
880 3845 1118 3900 genere,
1181 3832 1339 3901 cujus
1418 3834 1752 3887 contrarium
1815 3835 1920 3903 ipsi

355 3916 619 3973 facientes
671 3919 946 3973 errabant.
1030 3918 1225 3973 Verum
1299 3935 1440 3989 opus
1494 3930 1614 3975 erat
1681 3924 1924 3979 rationes

357 4009 579 4079 quidem
606 4009 675 4063 de
704 4009 1054 4079 simplicitate
1091 4010 1348 4064 universe
1372 4019 1538 4079 atque
1567 4028 1727 4068 veras
1756 4016 1921 4080 tueri,

360 4099 505 4167 quod
530 4108 710 4152 autem
742 4097 795 4151 in
828 4111 937 4150 uno
991 4106 1203 4152 tantum
1246 4098 1517 4153 dissidere
1551 4100 1792 4167 videtur,
1837 4105 1922 4157 vel

356 4191 628 4243 conarict
658 4190 793 4243 illud
820 4204 1138 4244 consonans
1178 4190 1478 4245 universali
1535 4192 1735 4248 rationi
1798 4197 1925 4249 red-

360 4281 514 4343 dere,
553 4281 634 4334 vel
671 4297 775 4335 non
806 4290 1032 4350 propter
1060 4281 1193 4335 illud
1229 4281 1529 4338 obscurum
1551 4326 1565 4348 ,
1599 4289 1764 4340 etiam
1801 4304 1925 4356 quae

359 4380 489 4424 sunt
511 4372 766 4426 omnibus
797 4372 941 4426 clara
967 4379 1242 4438 evertere,
1302 4375 1643 4430 destruendo
1705 4377 1773 4432 de
1810 4372 1937 4433 Deo'

2019 3196 2209 3261 δείξεις
2238 3194 2497 3263 τεχνῖται,
2541 3189 2640 3259 τὴν
2675 3189 2926 3242 ἔνστασιν
2969 3186 3033 3239 ὲκ
3062 3184 3158 3239 τοῦ
3205 3183 3369 3237 αὑτοῦ
3406 3183 3607 3249 γένους

2020 3283 2181 3351 εἶναι,
2204 3279 2263 3337 οὑ
2275 3281 2584 3337 τούναντίον
2600 3280 2752 3333 αὑτοὶ
2774 3279 3057 3342 ποιοῦντες
3080 3277 3415 3347 ἡμάρτανον.
3435 3276 3607 3327 Ἀλλά

2019 3379 2144 3439 τοὺς
2196 3376 2293 3444 μὲν
2322 3373 2451 3443 περὶ
2500 3373 2597 3441 τῆς
2636 3371 2935 3441 ἁπλότητος
2977 3369 3209 3423 καθόλου
3253 3368 3348 3419 καὶ
3377 3366 3606 3436 ἀληθεῖς

2020 3471 2209 3536 λόγους
2238 3468 2550 3535 φυλάττειν,
2576 3464 2637 3516 τὸ
2665 3463 2709 3516 δ’
2733 3461 2818 3529 ἐφ’
2840 3463 2957 3524 ἑνὸς
2980 3461 3171 3514 δοκοῦν
3206 3461 3365 3527 μόνον
3393 3459 3603 3523 sum.

2021 3563 2150 3627 νεῖν,
2173 3560 2206 3629 ἦ
2233 3556 2526 3627 πειρᾶσθαι
2545 3556 2766 3608 κάκεῖνο
2786 3554 3077 3623 σύμφωνον
3102 3551 3178 3620 τῷ
3197 3550 3426 3602 καθόλου
3456 3550 3601 3616 λόγῳ

2024 3654 2223 3716 ποιεῖν,
2258 3650 2292 3719 ἢ
2336 3648 2410 3718 μὴ
2439 3647 2505 3700 διτ
2538 3649 2715 3700 έκεῖνο
2748 3645 2810 3698 τὸ
2839 3644 3048 3713 ἀσαφές
3076 3645 3173 3696 καὶ⁵
3205 3644 3272 3695 τὰ
3298 3644 3435 3695 πᾶτι
3466 3642 3603 3709 δῆλα

2022 3743 2375 3813 ἀνατρέπειν,
2420 3738 2784 3808 ἀναιροῦντας
2821 3736 2920 3797 τὰς
2964 3734 3276 3803 ἀξιολόγους
3325 3734 3456 3803 περὶ
3509 3732 3602 3784 τοῦ

2023 3832 2158 3884 Θεοῦ
2209 3829 2503 3900 ὑπολήψεις
2534 3828 2609 3891 ὡς
2654 3827 2683 3878 ὁ
2721 3828 2894 3897 μέγας
2930 3825 3036 3895 ἔφη
3094 3825 3403 3885 Βασίλειος·
3458 3824 3599 3877 ὥστε

2025 3922 2304 3984 παντελῶς
2336 3920 2551 3985 ἄλογον,
2583 3917 2638 3971 εῐ
2674 3935 2758 3981 τις
2788 3918 2977 3989 ὥσπερ
3017 3919 3115 3988 τῆς
3145 3917 3332 3975 οὑσίας
3374 3919 3468 3969 καὶ
3502 3919 3604 3985 τῆς

2026 4016 2376 4074 ὑποστάσεως
2408 4012 2503 4065 καὶ
2533 4011 2641 4063 τῶν
2679 4010 2961 4080 ἱδιοτήτων
2992 4008 3119 4061 ἄλλο
3157 4008 3253 4060 καὶ
3279 4007 3409 4060 ἄλλο
3449 4008 3608 4074 λεγοο

2029 4107 2227 4173 μένων,
2259 4106 2323 4156 ὲκ
2353 4103 2556 4155 τούτων
2591 4103 2690 4155 οὑκ
2731 4100 3117 4154 ἐπακολουθῶν
3159 4100 3409 4151 σύνθεσιν
3439 4102 3498 4150 ὲν
3526 4098 3607 4167 τῷ

2026 4196 2145 4267 Θεῷ
2166 4197 2335 4263 λέγοι,
2362 4195 2503 4248 οὑτω
2532 4195 2622 4246 καὶ
2644 4193 2916 4262 διαφόρων
2944 4194 3287 4263 πραγμάτων
3310 4193 3455 4244 κατὰ
3480 4192 3607 4244 πολε

2027 4290 2125 4350 λὰς
2175 4290 2270 4341 καὶ
2300 4285 2611 4347 ἀντιθέτους
2642 4285 2937 4353 διαιρέσεις
2974 4285 3060 4337 ἐπ’
3090 4285 3257 4337 αὑτοῦ
3310 4285 3606 4353 εἰσαγομέο

2028 4396 2133 4432 νων
2171 4378 2268 4447 οὑχ
2300 4378 2528 4430 ἔπεσθαι
2571 4376 2824 4428 σύνθεσιν
2852 4376 3206 4445 ἰσχυρίζοιτο.

364 4464 649 4529 praeclaras
675 4464 985 4534 opiniones.
1034 4474 1093 4519 ut
1157 4481 1391 4537 magnus
1423 4470 1499 4523 ait
1573 4470 1831 4528 Basilius.
1896 4472 2081 4542 Itaque
2116 4486 2341 4542 prorsus
2408 4471 2787 4525 irrationabile
2850 4479 2959 4530 est,
3012 4470 3058 4523 si
3103 4470 3229 4536 quis
3266 4482 3431 4522 exeo
3463 4466 3607 4540 quod

364 4559 671 4612 substantia
700 4548 754 4613 et
780 4559 1109 4629 hypostasis,
1142 4559 1614 4630 proprietatesque
1648 4563 1797 4617 aliud
1852 4574 1908 4618 et
1944 4565 2091 4618 aliud
2154 4563 2427 4623 dicantur,
2464 4578 2569 4615 non
2645 4562 2768 4616 ideo
2801 4560 2957 4630 sequi
3026 4561 3496 4630 compositionem
3554 4563 3606 4613 in

363 4651 470 4704 Deo
498 4651 689 4715 dicat;
721 4653 794 4704 ita
833 4651 995 4704 etiam
1033 4653 1079 4706 si
1131 4654 1257 4721 quis
1305 4653 1555 4709 diversns
1590 4670 1677 4708 res
1716 4656 2019 4710 secundum
2091 4656 2311 4718 inultas,
2347 4667 2401 4708 et
2467 4654 2747 4723 Oppositas
2814 4651 3145 4716 divisiones,
3185 4655 3240 4707 in
3312 4653 3499 4721 ipsum
3529 4655 3610 4707 iu-

353 4741 634 4814 }.roducat,
664 4758 769 4797 non
802 4746 954 4813 sequi
992 4743 1449 4813 compositionem
1482 4748 1798 4802 contendat.

318 4836 335 4847 ‘
432 4837 705 4891 Przeterea
738 4853 803 4890 ex
828 4838 989 4892 dictis
1019 4838 1197 4892 soluta
1227 4848 1377 4901 sunt,
1414 4855 1536 4909 qua:
1567 4840 1723 4895 Nilus
1751 4840 1919 4895 Thess

2106 4841 2228 4892 Ἔτι
2261 4842 2321 4891 ὲκ
2348 4835 2781 4906 τῶνείρημένων
2803 4836 3020 4890 λέλυται
3048 4840 3141 4889 καὶ
3160 4835 3306 4903 ἅπερ
3333 4838 3445 4890 όέκ
3475 4839 3607 4892 Θεσ-

358 4930 721 4985 salonicensis
776 4930 846 4983 ad
913 4931 1287 4996 astruendam,
1349 4944 1403 4987 et
1465 4934 1926 5003 comprobandam

362 5023 504 5075 hanc
549 5021 865 5089 Opinionem
918 5024 1306 5087 accumulavit,
1364 5025 1554 5090 veluti,
1592 5042 1761 5079 unum
1805 5029 1930 5095 qui-

361 5111 487 5163 dem
523 5120 830 5164 estnumeu
890 5113 1136 5166 divinum
1189 5113 1494 5169 secundum
1531 5126 1808 5180 naturam,
1845 5133 1931 5171 se-

362 5200 605 5254 cundum
631 5216 762 5255 vero
781 5202 1100 5270 hyposlases
1121 5220 1227 5257 non
1248 5221 1436 5257 unum.
1459 5205 1631 5259 Porro
1654 5216 1928 5275 quatenus

363 5301 452 5345 est
482 5306 676 5355 unum,
729 5302 785 5345 et
821 5302 1091 5362 quatenus
1128 5311 1232 5348 non
1258 5305 1346 5349 est
1407 5312 1597 5358 unum,
1656 5297 1932 5364 quomodo

371 5384 561 5438 idem?
592 5384 658 5438 Et
696 5385 1003 5438 substantia
1036 5387 1258 5454 quidem
1293 5402 1421 5449 una,
1460 5388 1778 5456 hypostases
1803 5402 1933 5440 vero

372 5475 566 5539 multa,
609 5490 777 5529 unum
840 5483 1020 5529 autem
1066 5486 1120 5530 et
1156 5476 1448 5530 multitudo
1506 5479 1611 5532 alia
1665 5487 1813 5531 sunt.
1868 5479 1936 5533 Et

367 5565 516 5632 quod
550 5568 714 5621 ctiam
748 5567 1078 5637 hypostasis,
1111 5576 1168 5621 et
1198 5568 1503 5622 substantia
1536 5568 1678 5638 apud
1717 5568 1928 5622 theolo-

369 5670 467 5723 gos
490 5671 597 5709 non
639 5658 804 5711 idem.
837 5658 1035 5712 Dicunt
1066 5670 1245 5713 autem
1273 5660 1540 5723 nonnulli,
1574 5661 1717 5729 quod
1743 5660 1927 5713 divina

370 5750 566 5796 natura
594 5752 681 5798 est
716 5744 980 5808 increata,
1038 5764 1157 5818 qute
1192 5766 1319 5803 vero
1352 5760 1482 5807 sunt
1529 5760 1725 5819 praeter
1758 5752 1922 5815 hanc,

2036 4932 2324 4996 σαλονίκης
2374 4929 2563 4990 Νεῖλος
2618 4929 2710 4980 ἐπὶ
2732 4930 2994 4982 συστάσει.
3041 4929 3138 4998 τῆς
3199 4928 3361 4993 δόξης
3410 4930 3611 4996 ταύτης

2039 5021 2407 5091 συνεφόρησεν
2464 5014 2575 5072 οἷον
2627 5018 2685 5071 ἓν
2737 5019 2836 5087 μὲν
2874 5020 2934 5071 τὸ
2963 5019 3116 5071 Θεῖον
3136 5019 3277 5071 κατά
3300 5020 3403 5088 τὴν
3426 5021 3606 5089 φύσιν,

2039 5112 2183 5165 κατὰ
2215 5111 2270 5163 δὲ
2319 5111 2416 5172 τὰς
2449 5111 2773 5173 ὑποστάσεις
2823 5110 2921 5179 οὑχ
2950 5110 3031 5162 ἓν.
3080 5109 3229 5161 Καθδ
3258 5109 3320 5162 δέ
3353 5112 3512 5164 ἐστιν
3558 5113 3608 5164 ἒν

2040 5207 2133 5257 καὶ
2164 5203 2299 5257 καθὸ
2322 5205 2419 5272 οὑχ
2449 5203 2526 5266 ἓν,
2560 5202 2677 5266 πῶς
2708 5203 2916 5266 ταὺτός
2957 5202 3067 5255 Καὶ
3088 5204 3121 5271 ἡ
3152 5202 3253 5271 μὲν
3280 5202 3449 5256 οὐσία
3496 5205 3605 5274 μισ.

2038 5298 2093 5348 αἱ
2123 5294 2507 5351 δ’ὑποστάσεις
2536 5295 2749 5358 πολλαὶ,
2779 5292 2837 5346 ἓν
2863 5293 2918 5345 δὲ
2949 5292 3268 5363 καὶσπλῆοκ
3298 5293 3475 5363 lupa
3496 5315 3511 5327 ·
3530 5296 3608 5349 καὶ

2040 5386 2121 5437 ὃτι
2148 5385 2336 5451 ἐπειδὴ
2363 5384 2659 5445 ὑπόστασις
2691 5384 2782 5434 καὶ
2812 5382 2971 5434 οὐσία
3000 5382 3153 5452 παρά
3189 5385 3305 5445 τοῖς
3339 5383 3605 5455 θεολόγοις

2041 5478 2102 5529 οὑ
2145 5477 2327 5539 ταυτὶ,
2376 5475 2600 5543 ὶέγουσι
2651 5475 2704 5526 δέ
2737 5492 2881 5538 τινες
2912 5474 2987 5538 ὡς
3039 5477 3175 5546 μόνη
3208 5478 3244 5546 ἡ
3280 5476 3402 5530 θεία
3454 5480 3603 5548 φύσις

2036 5570 2289 5631 ἀκτιστος
2323 5609 2336 5633 ,
2375 5569 2440 5621 τὰ
2490 5569 2547 5621 δὲ
2578 5568 2733 5638 παρὰ
2775 5566 2983 5639 ταύτην
3033 5570 3209 5624 πάντα
3241 5572 3485 5639 γεννητὰ
3524 5575 3606 5624 ut

2037 5663 2251 5723 κτιστέι,
2274 5659 2466 5729 κτιστὴ
2492 5662 2555 5713 ἃν
2588 5661 2670 5728 εἴη
2695 5662 2727 5728 ὴ
2761 5659 2880 5712 θεία
2907 5661 3223 5726 ὑπόστασις,
3256 5664 3348 5715 καὶ
3382 5665 3603 5715 τοιαῦτα

2036 5754 2094 5818 ἐξ
2126 5747 2201 5805 ὧν
2236 5750 2485 5805 ὲῦοὑλετο
2537 5750 2931 5822 πραγματικὰς
2965 5751 3227 5823 διαφορὰς
3271 5755 3328 5804 ἐν
3370 5752 3451 5822 τῷ
3493 5752 3603 5819 θεῷ
