3862 6218
230 307 336 370 ‘93!

1152 305 1257 367 DE
1294 303 1826 368 PBOCESSlONE
1868 305 2231 366 SPIlllTUS
2272 307 2564 366 SANCTI.

3381 309 3487 370 902

235 427 329 480 hri
379 423 512 477 Θεοῦ
566 426 754 478 ταντδ.
797 423 856 477 ’0
901 422 1031 489 Tib;
1085 426 1196 496 ἄρα
1253 426 1318 479 ἐκ
1365 428 1463 495 τῆς
1504 425 1690 488 οὐσίας
1719 422 1812 476 τοῦ

1924 424 2186 478 nerantis.
2223 424 2425 504 Natura
2454 427 2601 479 enim
2625 465 2640 489 ,
2692 435 2745 478 et
2777 423 3083 478 Substantia
3106 466 3120 489 ,
3150 434 3208 478 et
3237 426 3446 495 species
3468 471 3483 493 ,

238 513 446 580 Ιιατρδς
479 514 761 580 γεννᾶται.

312 689 432 742 Ἐτι
468 689 524 740 ἐν
545 691 657 750 τοῖς
697 689 842 742 κατὰ
871 689 1038 758 φύσιν
1073 692 1302 758 γεννῶσι
1333 692 1425 743 καί
1445 691 1809 758 γεννωμένοις

230 779 295 832 τὸ
319 779 660 848 γεννώμενον
683 782 748 833 ὲκ
769 782 867 850 τῆς
892 782 1080 845 οὐσίας
1102 784 1194 836 τοῦ
1217 783 1516 850 γεννῶντος
1539 784 1808 852 πρόεισιν,

226 870 255 922 ὃ
283 872 380 923 τοῦ
411 871 705 937 γεννῶντάς
736 873 851 925 ἐστι
877 873 1152 943 τελειότης
1179 875 1372 941 ἐφόσον
1408 874 1637 936 ἐντελῶς
1668 876 1805 943 ἔχει.

231 962 392 1014 Πᾶσα
442 961 498 1013 δὲ
542 961 820 1032 τελειότης
864 965 1017 1032 παρὰ
1059 966 1158 1032 τῆς
1187 964 1421 1018 καθόλου
1451 965 1548 1017 καὶ
1583 964 1810 1034 πρώτης

224 1053 377 1106 ἐστὶν
411 1054 626 1111 αἰτίας·
659 1056 719 1108 ὲν
761 1055 818 1108 δὲ
867 1061 980 1119 τοῖς
1017 1059 1279 1120 αἰτιατοτς
1327 1057 1506 1126 πολλῷ
1542 1057 1809 1128 προτερᾶν

224 1147 374 1198 εἰσιν
418 1145 451 1216 ἦ
492 1149 551 1200 ὲν
601 1149 713 1208 τοῖς
750 1149 1016 1212 αίτιατοῖς
1045 1151 1101 1201 αί
1143 1148 1479 1220 τελειότητες
1530 1149 1671 1201 κατά
1718 1149 1809 1200 τὸν

227 1237 414 1304 μέγαν
444 1238 742 1303 Διονύσιον,
774 1241 870 1293 καὶ
891 1241 968 1302 ὡς
1001 1243 1029 1292 ὸ
1049 1241 1336 1303 καθολικὸς
1360 1242 1504 1306 ἀξιοῖ
1527 1242 1708 1310 λόγος,
1731 1242 1812 1294 δεῖ

216 1326 462 1380 ἕκαστον
505 1330 563 1380 ὲν
593 1331 658 1400 τῇ
713 1329 908 1382 ἑαυτοῦ
939 1331 1090 1402 αἰτίᾳ
1132 1333 1461 1402 τιμιώτερον
1489 1328 1710 1401 εἷναι,ἢ
1752 1332 1809 1382 ἐν

225 1420 347 1478 τοῖς
401 1420 687 1482 αἰτιατοῖς.
729 1421 886 1472 Κατὰ
934 1423 1097 1489 φύσιν
1137 1422 1243 1490 ἄρα
1277 1425 1368 1475 τὸν
1409 1423 1539 1477 Θεὸν
1594 1424 1806 1492 ἀνάγκη

223 1511 572 1578 τελειότερον
612 1512 710 1565 καὶ
756 1513 1230 1583 ὐπεροχικώτερόν
1275 1516 1565 1586 προσήκειν
1617 1517 1810 1584 ἐφόσον

224 1602 460 1672 ἐντελής
510 1604 682 1667 ἐστιν,
736 1605 802 1656 ὲκ
854 1605 953 1674 τῆς
1008 1605 1203 1658 ἑαυτοῦ
1242 1607 1452 1667 οὐσίας,
1489 1605 1586 1658 καὶ
1631 1607 1688 1658 ἐν
1730 1605 1810 1674 τῷ

225 1695 386 1763 αὐτῷ
416 1696 543 1748 είδει
586 1697 780 1767 γεννᾷν
829 1697 942 1751 ἴσον
978 1698 1178 1767 ἐαυτῷ.
1216 1700 1284 1750 ὐ
1323 1698 1377 1750 δὲ
1410 1701 1474 1769 τῇ
1506 1700 1808 1767 τελειότητι

1907 524 1965 565 et
1996 513 2167 567 forma
2200 517 2502 568 secundum
2533 515 2925 569 Damasccnum
2959 517 3012 568 in
3053 516 3169 568 Deo
3199 516 3347 570 idem
3377 528 3482 583 est,

1911 600 2080 653 Filius
2111 617 2242 670 ergo
2265 617 2330 654 ex
2359 602 2666 656 substantia
2688 603 2863 656 Patris
2891 614 3202 672 generat-ur.

1981 689 2276 754 Praeterea,
2301 692 2353 744 in
2379 691 2445 745 iis
2473 691 2890 760 quisecundum
2944 701 3196 745 naturam
3227 703 3491 763 generant

1909 789 1964 834 et
2003 791 2354 855 generantur,
2385 782 2528 851 quod
2545 791 2859 850 generatur,
2892 797 2959 836 ex
2989 782 3293 837 substantia
3325 799 3492 854 gene-

1913 873 2522 942 rantis.proredit,quod
2543 875 2854 942 generantis
2872 885 2958 928 est
2981 873 3271 944 perfectio,
3285 885 3490 945 quate-

1910 980 2014 1018 nus
2027 964 2266 1032 perfecte
2285 980 2342 1018 se
2370 965 2556 1025 habet,
2575 968 2756 1020 omnis
2773 975 2955 1021 autem
2979 966 3246 1035 perfectio
3269 969 3338 1022 ab
3367 972 3489 1022 uui-

1911 1058 2105 1111 versali
2121 1067 2173 1110 et
2195 1059 2369 1126 prima
2385 1068 2472 1112 est
2485 1073 2670 1113 causa.
2695 1057 2865 1111 Porro
2879 1061 2932 1110 in
2953 1059 3132 1112 causis
3150 1060 3321 1113 multo
3341 1063 3492 1128 prius

1901 1158 2038 1204 aunt
2076 1148 2465 1216 perfectiones,
2487 1164 2650 1218 quam
2679 1149 2735 1203 in
2758 1151 3016 1212 eausatis,
3048 1151 3200 1218 juxta
3233 1166 3488 1219 magnum

1913 1241 2248 1311 Diooysium,
2273 1251 2436 1309 atque
2453 1241 2764 1309 utpostulat
2783 1241 3110 1295 universalis
3131 1242 3494 1302 ratio,unum-

1909 1332 2170 1402 quodque
2214 1332 2266 1385 in
2283 1347 2378 1385 sua
2407 1347 2568 1385 causa
2605 1347 2746 1400 epos
2768 1340 2872 1394 est,
2909 1340 2969 1385 ut
2990 1331 3059 1385 sit
3095 1332 3489 1395 lionnrabilius,

1909 1424 2140 1492 quamin
2163 1422 2662 1478 causatis.Necesse
2684 1423 2962 1491 igituri-st,
2989 1423 3293 1476 secundum
3340 1434 3494 1476 natu-

1914 1527 2028 1567 ram
2055 1515 2230 1567 Deum
2258 1514 2646 1583 perfectionem
2679 1529 2800 1568 esse
2823 1555 2836 1576 ,
2876 1525 3040 1582 atque
3070 1515 3491 1568 eminentiorem

1910 1607 2164 1660 eomenit
2187 1619 2331 1669 esse,
2357 1615 2633 1674 quatenus
2651 1606 2932 1675 perfectus
2950 1615 3054 1672 est,
3078 1616 3135 1660 ut
3152 1623 3217 1660 ex
3236 1623 3331 1659 sua
3353 1606 3488 1660 sub-

1914 1701 2136 1762 stantia,
2174 1708 2227 1753 et
2253 1699 2308 1752 in
2331 1698 2525 1753 eadem
2568 1699 2750 1768 specie
2793 1709 3018 1768 generet
3060 1700 3322 1767 aequalem
3355 1699 3484 1753 sibi.

227 1784 506 1851 προσήκει
545 1782 638 1834 τοῦ
669 1783 827 1848 Θεοῦ,
860 1785 957 1836 καὶ
997 1783 1146 1836 ἔστιν
1185 1800 1198 1814 ·
1232 1785 1414 1854 αὐτὸςί
1443 1787 1550 1856 γάρ
1594 1787 1742 1839 ἐστιν
1775 1789 1808 1857 ἡ

1924 1789 2068 1856 Quod
2102 1805 2236 1844 vero
2265 1790 2592 1858 perfectioni
2619 1791 2881 1844 Conv-cuit
2928 1789 3043 1851 Dei,
3077 1791 3241 1844 etiam
3280 1807 3338 1843 re
3371 1791 3486 1858 ipsa

230 1877 431 1947 πρώτη
459 1876 555 1928 καὶ
583 1878 890 1947 ἀκραιφνὴς
925 1877 1248 1946 ἐντελέχεια,
1288 1880 1382 1931 καὶ.
1411 1879 1506 1931 ἀπ’
1545 1879 1711 1932 αὐτοῦ
1752 1880 1811 1931 τὸ

227 1968 466 2036 δυνάμει
525 1969 718 2037 πόρρω
768 1969 1128 2036 ἀπελήλαται.
1171 1968 1234 2022 Ὀ
1289 1971 1413 2033 Υἱὸς
1443 1972 1552 2040 ἄρα
1612 1974 1674 2024 ἐκ
1714 1973 1812 2040 τῆς

227 2063 423 2118 οὐσίας
459 2062 712 2128 γεννᾶται
747 2061 842 2113 τοῦ
869 2061 1002 2114 Θεοῦ
1033 2063 1127 2114 καὶ
1163 2061 1400 2129 Πατρός.
1439 2063 1611 2118 Τοῦτο
1635 2066 1689 2116 δὲ
1723 2066 1816 2118 καὶ

229 2153 390 2222 παρὰ
421 2154 518 2220 τῆς
552 2153 771 2222 Γραφῆς
805 2155 863 2206 ἐν
899 2152 975 2222 τῷ
1011 2155 1212 2225 Ἡσαΐᾳ
1267 2154 1600 2224 βεϐαιοῦται.
1641 2157 1816 2225 Λέγε-

232 2263 331 2297 ται
366 2246 494 2312 γὰρ,
536 2263 554 2296 ι
591 2245 681 2314 Μὴ
713 2243 823 2312 ἐγὼ
854 2247 882 2298 6
905 2246 1074 2298 ποιῶν
1136 2247 1328 2312 ἄλλους
1371 2247 1601 2314 ὠδίνειν,
1648 2249 1815 2312 αὐτὸς

241 2341 341 2388 οὐκ
366 2337 616 2407 ὼδινήσω
633 2352 648 2367 ⁸
677 2338 705 2387 ὁ
729 2337 905 2397 διδοὺς
930 2339 1135 2410 ἑτέροις
1161 2341 1358 2410 γεννᾷν
1381 2341 1572 2408 ἄγονος
1593 2342 1813 2411 ἔσομαι,

245 2431 390 2495 λέγει
421 2429 622 2498 Κύριος
649 2431 677 2483 6
709 2429 838 2492 Θςὸς
872 2447 886 2495 ;
921 2449 940 2482 ι

321 2520 460 2584 Ἔτι,
493 2523 540 2572 εἰ
586 2521 660 2591 μὴ
701 2522 851 2574 ἐστιν
875 2525 903 2576 6
933 2523 1058 2586 Υἱὸς
1105 2527 1166 2576 ἐκ
1209 2523 1309 2593 τῆς
1345 2525 1533 2588 οὐσίας
1561 2525 1654 2578 τοῦ
1697 2527 1813 2581 Πα-

237 2614 394 2684 τρδς,
426 2615 588 2678 αὐτός
615 2633 674 2667 τε
698 2615 897 2684 ἀτελὴς
929 2615 995 2669 ἂν
1025 2618 1110 2687 είη
1138 2618 1264 2679 τοὺς
1298 2619 1600 2688 πατρικοὺς
1642 2636 1813 2688 χαρα-

241 2704 454 2771 κτῆρας
498 2705 598 2756 οὐκ
645 2705 968 2770 ἀποσὼζων,
1017 2708 1074 2768 ὅς
1131 2708 1283 2759 ἐστιν
1331 2709 1673 2776 ἀπαύγασμα
1713 2709 1812 2776 τῆς

238 2793 399 2861 δτὲξης
444 2794 537 2845 καὶ
592 2795 876 2862 χαρακτὴρ
933 2794 1030 2862 τῆς
1084 2791 1434 2855 ὑποστάσεως
1485 2795 1678 2856 αὐτοῦ,
1719 2796 1815 2848 καὶ

239 2885 416 2938 ταῦτα
453 2887 549 2954 τῆς
593 2885 684 2937 τοῦ
748 2885 878 2938 Υίοῦ
937 2887 1309 2955 προσηγορίας
1361 2887 1538 2952 κοινὰ,
1594 2889 1663 2941 τὰ
1717 2887 1812 2942 τοῦ

243 2979 457 3045 [ἰατρὸς
509 2977 688 3045 ἀγαθὰ
729 2977 985 3048 ποιούσης
1019 2979 1112 3031 καὶ
1143 2980 1222 3047 τῷ
1260 2979 1371 3049 Υίῷ
1401 2995 1417 3012 ο
1465 2983 1492 3034 ὅ
1525 2998 1595 3032 τε.
1629 2981 1813 3050 Πατὴρ

238 3067 443 3135 ὁμοίως
483 3068 678 3134 ἀτελὴς
699 3068 794 3121 καὶ
815 3068 1079 3131 ἀδύνατος
1100 3070 1168 3122 ἂν
1198 3071 1304 3138 εἴη,
1347 3073 1421 3139 μὴ
1459 3071 1716 3142 προάγων
1755 3072 1814 3134 ἐξ
1842 3108 1883 3165 C

239 3159 440 3228 ἑαυτοῦ
468 3160 636 3225 Λόγον
666 3161 780 3213 ἴσον
821 3159 999 3230 ἐαυτῷ
1046 3162 1142 3214 καὶ
1189 3162 1474 3231 ὀμοούσιον
1516 3164 1611 3215 καὶ
1641 3165 1702 3217 ἐν
1735 3165 1814 3234 τῷ

240 3251 394 3318 αὐτῷ
432 3251 580 3303 εῖδει.
618 3253 753 3313 Τοὺς
783 3250 877 3306 οὖν
908 3252 1000 3304 τὸν
1033 3253 1160 3305 Υίὸν
1212 3255 1276 3305 ὲκ
1329 3255 1429 3323 τῆς
1477 3255 1665 3318 οὐσίας
1719 3256 1814 3308 τοῦ

243 3340 460 3408 Ματρὸς
506 3343 798 3407 γεννᾶσθαι
832 3341 1201 3411 ἀρνουμένους
1249 3343 1392 3395 αὐτά
1428 3361 1484 3396 τε
1532 3344 1818 3412 ὁμολογεῖν

243 3431 486 3498 ἀνάγκη,
519 3433 612 3484 καὶ
651 3432 874 3502 προσέτι
907 3433 1038 3500 περὶ
1067 3433 1168 3502 τῆς
1201 3433 1345 3486 κατὰ
1388 3434 1487 3502 τὴν
1539 3435 1818 3503 σημασίαν

241 3524 342 3576 τοῦ
405 3527 702 3592 γεννᾶσθαι
766 3525 961 3590 λέξεως
997 3527 1357 3597 ἁμαρτάνειν.
1401 3526 1466 3578 Ἦ
1517 3526 1626 3596 γὰρ
1675 3528 1816 3580 κατὰ

247 3619 412 3686 φύσιν
464 3617 718 3688 γέννησις
750 3619 811 3670 τὸ
865 3620 927 3670 ὲκ
982 3619 1081 3687 τῆς
1121 3618 1309 3680 οὐσίας
1365 3616 1459 3671 τοῦ
1519 3618 1819 3686 γεννῶντος

247 3712 498 3782 προϊέναι
531 3713 593 3764 τὸ
626 3712 812 3781 προϊὸν
853 3710 1118 3779 ὁρίζεται.

327 3805 467 3868 Ἔτι,
500 3804 688 3872 ἐπειδὴ
741 3803 916 3857 πάντα
967 3806 1029 3856 ὲκ
1062 3802 1156 3855 τοῦ
1206 3803 1338 3856 Θεοῦ
1393 3802 1532 3857 εἶναι
1575 3804 1816 3872 λέγεται,

245 3893 364 3945 ἔστι
397 3893 451 3945 δὲ
481 3892 573 3944 καὶ
600 3892 630 3944 6
655 3892 777 3953 Υἱὸς
808 3892 902 3944 καὶ
937 3893 996 3943 τὸ
1037 3891 1262 3962 Πνεῦμα
1292 3893 1356 3944 ἐκ
1395 3891 1489 3944 τοῦ
1531 3893 1687 3956 Θεοῦ,
1725 3892 1822 3962 ζη-

248 3986 466 4055 τήσειεν
494 3985 557 4038 ἄν
586 4001 693 4048 τις,
727 3985 829 4037 τίνι
853 3986 880 4036 6
916 3985 1040 4047 Υἱὸς
1069 3984 1163 4036 καὶ
1194 3983 1254 4035 τὸ
1304 3982 1529 4052 Πνεῦμα
1566 3983 1665 4050 τῆς
1699 3989 1821 4034 κτί-

252 4095 392 4140 σεως
432 4077 869 4147 διακριθήσεται.
917 4077 1144 4144 Ἐφόσον
1178 4076 1286 4146 γὰρ
1314 4076 1536 4130 αἰτιατὰ
1568 4078 1696 4137 εἰσι,
1730 4074 1824 4128 καὶ

249 4172 320 4220 ὲκ
349 4167 454 4220 τοῦ.
475 4169 610 4222 Θεοῦ
665 4163 806 4222 εἶναι
860 4169 1102 4234 λέγεται,
1155 4167 1409 4237 οὐδεμίαν
1437 4167 1502 4220 ἂν
1545 4166 1656 4235 ἔχοι
1689 4167 1822 4236 πρὶς

246 4261 351 4330 τὴν
393 4262 571 4312 κτίσιν
601 4260 700 4329 τὴν
731 4260 1032 4329 διάκρισιν.
1076 4259 1240 4312 Ἀλλὰ
1291 4259 1398 4326 μὴν
1444 4258 1514 4310 τὰ
1558 4258 1656 4326 μὲν
1705 4257 1823 4309 θεῖα

249 4355 522 4422 πρόσωπα
563 4353 834 4414 οὐσιωδῶς
883 4353 977 4405 καὶ
1025 4351 1270 4419 φυσικῶς
1305 4350 1398 4402 καὶ
1445 4352 1502 4401 ὲν
1549 4348 1625 4417 τῷ
1674 4348 1824 4417 αὐτῷ

1913 1892 2034 1947 est;
2094 1883 2209 1950 ipse
2247 1882 2394 1936 enim
2431 1891 2514 1935 est
2543 1883 2714 1950 prima
2752 1893 2806 1935 et
2840 1882 3133 1951 purissima
3164 1882 3491 1946 entelecliia,

1915 1981 1969 2023 ιιι
2026 1971 2081 2024 id
2109 1972 2258 2038 quod
2288 1981 2371 2025 est
2398 1988 2520 2026 esse
2555 1974 2820 2041 potentia,
2855 1975 3040 2041 procul
3073 1973 3140 2026 ab
3167 1989 3234 2026 eo
3275 1985 3380 2028 est.
3411 1973 3498 2025 Fi-

1916 2064 2024 2118 lius
2046 2080 2178 2133 ergo
2201 2080 2266 2119 ex
2297 2066 2607 2118 substantia
2647 2066 2740 2118 Dei
2769 2076 2820 2118 et
2877 2066 3056 2119 Patris
3084 2075 3402 2135 generatur.
3435 2063 3495 2116 Id

1917 2147 2196 2210 autcm'ct
2221 2171 2249 2209 a
2284 2172 2438 2210 sacra
2485 2156 2766 2224 Scriptura
2811 2157 2952 2225 apud
2983 2157 3177 2210 Isaiam
3207 2156 3496 2209 conﬁrma-

1919 2260 2051 2310 tur;
2083 2249 2449 2303 dieiturenim
2483 2267 2497 2302 :
2536 2267 2554 2300 ι
2593 2249 2867 2317 Numquid
2911 2264 3032 2319 ego,
3070 2248 3326 2319 quialios
3364 2263 3490 2316 para

1918 2342 2094 2395 turire
2148 2341 2310 2403 facio,
2347 2357 2455 2395 non
2483 2341 2805 2410 parturiam,
2847 2353 2902 2395 et
2930 2341 3022 2410 qui
3066 2340 3189 2394 aliis
3210 2338 3280 2393 do
3314 2347 3375 2392 ut
3403 2353 3492 2408 ge-

1916 2442 2136 2495 neri-nt,
2164 2433 2369 2486 sterilis
2397 2448 2516 2496 ero,
2547 2434 2621 2486 ait
2655 2432 2922 2486 Dominus
2952 2431 3132 2485 Deus?
3171 2449 3188 2482 ι

1988 2524 2279 2588 Praeterea,
2317 2525 2358 2578 si
2394 2525 2563 2578 Filius
2594 2539 2699 2578 non
2727 2533 2901 2578 estex
2944 2520 3251 2576 substantia
3287 2519 3493 2579 Patris.

1917 2618 2271 2683 imperfectus
2290 2624 2454 2680 esset,
2475 2625 2732 2685 paternos
2756 2616 3103 2669 characteres
3125 2612 3349 2666 minime
3368 2613 3496 2664 reti-

1919 2723 2079 2769 nens,
2115 2708 2207 2775 qui
2246 2717 2331 2760 est
2360 2707 2619 2776 splendor
2648 2707 2856 2774 gloriae,
2893 2715 2948 2759 et
2980 2704 3148 2773 ﬁgura
3179 2701 3497 2758 substantia:

1914 2800 2055 2866 eius,
2071 2797 2370 2868 praesertim
2386 2813 2510 2852 cum
2525 2796 2888 2867 appeilationc
2905 2795 3346 2862 Filii,bona,quaa
3365 2800 3496 2846 sunt

1918 2891 2118 2951 Patris.
2153 2893 2316 2946 etiam
2350 2891 2483 2944 Filio
2514 2890 2716 2958 \Pater)
2749 2888 3150 2943 eonnuunicet:
3185 2896 3302 2941 ima!
3329 2887 3494 2938 etiam

1917 2985 2170 3038 similiter
2224 2985 2383 3037 Pater
2433 2983 2790 3052 imperfectus
2869 2993 2924 3036 et
2978 2983 3249 3052 impotens
3328 2991 3495 3046 esset,

1919 3091 2026 3128 non
2068 3075 2382 3144 producens
2415 3090 2481 3128 ex
2517 3089 2574 3128 sc
2616 3074 2852 3128 Verbum
2880 3073 3090 3142 :equalc
3123 3073 3247 3137 sibi,
3277 3081 3333 3125 et
3362 3085 3498 3125 con-

1919 3167 2299 3228 substantiale,
2329 3175 2490 3236 atque
2524 3167 2578 3218 in
2615 3166 2805 3218 eadem
2836 3167 3041 3234 specie.
3075 3162 3184 3218 Eos
3216 3163 3379 3232 igitur
3405 3160 3498 3230 qui

1918 3259 2116 3312 Filium
2149 3273 2214 3310 ex
2258 3257 2561 3312 substantia
2599 3257 2775 3311 Patris
2808 3259 3060 3323 generari
3112 3266 3348 3326 nega-nt,
3385 3256 3500 3310 lucc

1918 3351 2072 3404 fateri
2110 3341 2344 3403 necesse
2391 3357 2511 3414 est;
2554 3357 2610 3401 et
2661 3349 2889 3417 insuper
2935 3348 3081 3402 circa
3130 3349 3497 3416 signiﬁcatum

1920 3443 2084 3512 hujus
2139 3441 2422 3503 dictionis,
2483 3439 2776 3508 generari,
2835 3451 3084 3494 errorem
3131 3442 3496 3494 committere.

1920 3532 2216 3588 Generatio
2257 3535 2424 3593 enim.
2461 3547 2581 3602 qua:
2614 3540 2697 3586 est
2743 3532 3047 3585 secundum
3099 3539 3380 3596 naturam,
3431 3547 3498 3587 ex

1920 3625 2226 3683 substantia
2251 3625 2566 3697 generantia
2595 3624 2896 3694 procedere
2927 3623 3255 3695 productum
3282 3623 3498 3678 deﬁnit.

2006 3803 2276 3858 Pra‘terea
2317 3835 2330 3859 ,
2366 3799 2811 3867 quandoquidem
2865 3799 3046 3854 omnia
3093 3816 3157 3854 ex
3209 3803 3319 3855 Deo
3375 3817 3498 3856 esse

1924 3897 2209 3956 dicuntur,
2243 3901 2331 3945 est
2362 3900 2546 3944 autem
2566 3893 2740 3945 etiam
2786 3893 2983 3958 Filius,
3019 3903 3074 3948 et
3099 3894 3336 3964 Spiritus
3367 3910 3496 3950 san-

1923 3996 2065 4047 ctus,
2125 3999 2192 4039 ex
2241 3984 2373 4046 Deo,
2424 3991 2631 4052 quaret
2674 3984 2989 4053 quispiam,
3045 4001 3154 4054 quo
3204 3986 3396 4052 Filius,
3442 4000 3498 4042 et

1927 4076 2168 4146 Spiritus
2212 4091 2242 4129 a
2274 4085 2525 4130 creatura
2579 4074 2984 4145 distinguetur;
3024 4087 3297 4144 quatenus
3349 4077 3496 4130 enim

1926 4179 2146 4222 causata
2201 4177 2369 4227 sunt,
2406 4175 2460 4220 et
2509 4180 2576 4219 ex
2622 4165 2734 4218 Deo
2784 4180 2905 4220 esse
2953 4165 3240 4231 dicuntur,
3291 4165 3498 4220 nullam

1927 4258 2194 4312 baberent
2223 4274 2259 4327 ao
2285 4266 2537 4311 creatura
2568 4255 2999 4319 distinctionem,
3031 4255 3125 4309 sed
3151 4255 3348 4310 divina:
3378 4272 3503 4325 per—

1927 4365 2074 4404 sonu:
2119 4348 2552 4403 substantialiter
2605 4357 2661 4401 ct
2710 4347 3058 4410 naturaliter,
3097 4347 3152 4401 in
3196 4348 3502 4418 eademque

251 4447 406 4509 εἴδει,
436 4447 464 4498 ὃ
503 4445 554 4498 τί
584 4445 703 4498 ποτ’
734 4444 822 4514 ἄρ’
851 4444 1104 4509 ἐστὶ,καὶ
1128 4442 1380 4504 αἰωνίως,
1411 4440 1507 4493 καὶ
1542 4440 1608 4509 δὴ
1637 4441 1731 4492 καὶ
1759 4442 1817 4492 ἐκ

1930 4441 2132 4510 specie,
2179 4439 2445 4508 quidquid
2482 4438 2699 4492 laudent
2747 4450 2910 4500 sunt,
2940 4447 3105 4507 atque
3154 4440 3220 4492 ab
3269 4449 3498 4524 azterno,

251 4539 352 4604 τῆς
392 4540 580 4602 οὐσίας
626 4535 948 4607 εἶναιπαρὰ
1002 4536 1110 4589 τῶν
1146 4536 1316 4602 ἁγίων
1363 4534 1624 4600 λέγεται·
1656 4534 1822 4586 τὰδὲ

254 4630 410 4689 ἐκτὸς
447 4630 542 4682 τοῦ
570 4629 704 4682 Θεοῦ
735 4627 1147 4698 δημιουργικῶς
1179 4625 1476 4694 ἁγαθότητι
1505 4625 1668 4694 μόνον
1696 4626 1824 4676 ὲαυ·

251 4719 350 4772 τοῦ
391 4724 468 4782 εἰς
493 4721 553 4773 τὸ
596 4715 744 4773 εἶναι
786 4719 1118 4789 παρηγμένα
1160 4718 1303 4769 κατὰ
1335 4717 1549 4786 χρόνον.
1603 4718 1824 4781 Ῥητέον

247 4817 361 4882 ἄρα
398 4815 488 4865 τὸν
515 4813 642 4866 Υίὸν
689 4812 786 4864 καὶ
834 4819 892 4864 τὸ
943 4815 1100 4879 ἅγιον
1128 4811 1353 4880 Πνεῦμα
1407 4813 1470 4861 ἐκ
1501 4809 1599 4876 τῆς
1631 4809 1824 4871 οὐσίας

247 4906 348 4958 τοῦ
384 4905 518 4958 Θεοῦ
550 4906 798 4975 προϊέναι
832 4905 926 4957 καὶ
964 4906 1064 4973 τὴν
1097 4901 1331 4970 ὓπαρξιν
1375 4900 1555 4970 ἔχειν·
1602 4901 1716 4967 είγε
1751 4899 1824 4968 μὴ

253 4997 548 5066 μέλλοιμεν
583 4995 652 5048 οὐ
678 4995 1053 5062 διακρίνοντες
1089 4992 1230 5045 κατὰ
1279 4991 1377 5060 τὴν
1407 4991 1515 5044 τῶν
1565 4991 1823 5043 διδασκά-

248 5089 362 5139 λων
393 5087 674 5154 θεολογίαν
719 5089 834 5149 τοῖς
879 5084 1173 5152 κτίσμασιν
1241 5083 1516 5134 ὲντάττειν
1567 5081 1824 5146 ἀναξίως,

255 5179 395 5248 μηδὲ
429 5180 565 5247 μετὰ
589 5178 715 5230 τῶν·
736 5177 953 5230 πάντων
988 5177 1084 5228 καὶ
1117 5174 1258 5227 ἀὐτὰ
1295 5173 1525 5235 τιθέναι,
1573 5173 1707 5241 μηδὲ
1735 5172 1827 5223 τὸν

249 5271 390 5325 Θεὸν
419 5275 513 5324 καὶ
541 5271 760 5340 Πατέρα
788 5270 984 5338 ἐπίσης
1015 5268 1125 5319 τῶν
1145 5303 1152 5310 ι
1172 5266 1330 5318 θείων
1372 5264 1679 5335 προσώπων
1720 5264 1828 5314 Πα-

248 5365 390 5432 τέρα
416 5364 595 5432 λέγειν
629 5359 770 5414 εἶναι
805 5361 900 5414 καὶ
930 5360 1109 5430 ἡμῶν,
1161 5359 1303 5410 κατὰ
1332 5358 1394 5409 τὸ
1428 5357 1715 5436 εἰρημένον
1748 5353 1826 5424 τῷ

263 5458 610 5526 Ἀποστόλῳ·
655 5474 675 5507 ι
704 5451 812 5516 ,Εἷς
838 5454 972 5516 Θεὸς
999 5457 1024 5506 6
1053 5452 1260 5522 Πατὴρ,
1292 5450 1351 5514 ὲξ
1383 5443 1443 5502 οὗ
1483 5452 1550 5502 τὰ
1586 5452 1820 5503 πάντα.)

251 5548 336 5600 Οὐ
367 5552 477 5616 γὰρ
501 5546 578 5617 τῷ
618 5548 718 5617 ῐσῳ
763 5546 906 5614 λόγῳ
951 5547 978 5597 ὁ
1018 5543 1206 5612 Πατὴρ
1256 5541 1350 5593 τοῦ
1390 5539 1514 5591 Υίοῦ
1563 5541 1700 5604 ἐστι,
1737 5538 1831 5589 καὶ

252 5640 456 5709 Πατὴρ
487 5639 704 5692 πάντων
729 5638 972 5704 λέγεται.
1004 5637 1126 5686 Ὀτι
1154 5634 1210 5685 δὲ
1241 5632 1370 5701 περὶ
1402 5629 1495 5682 τοῦ
1532 5629 1829 5699 προσώπου

247 5732 355 5785 τοῦ
389 5730 597 5797 Πατρὸς
625 5731 801 5784 ἐκεῖνο
827 5729 1064 5799 εἴρηται,
1093 5724 1272 5794 δῇλον.
1317 5723 1547 5789 Ἑπάγει
1586 5721 1694 5789 γὰρ
1719 5721 1832 5773 δια-

1925 4533 2091 4586 etiam
2115 4540 2169 4583 et
2192 4546 2257 4584 ex
2289 4529 2592 4583 substantia
2622 4544 2742 4582 esse
2769 4545 2798 4581 a
2825 4528 3032 4583 sanctis
3066 4528 3345 4584 dicuntur.
3368 4530 3502 4596 Qua:

1925 4640 2058 4677 vero
2095 4631 2224 4676 sunt
2262 4625 2325 4675 ad
2362 4631 2517 4676 extra
2551 4621 2644 4674 Dei
2680 4623 2730 4674 vi
2765 4621 3064 4675 creationis
3098 4621 3341 4675 bonitate
3376 4631 3501 4673 tatr-

1931 4725 2043 4770 tum
2074 4731 2195 4780 sua,
2228 4715 2281 4768 in
2313 4730 2499 4767 rerum
2536 4723 2788 4766 naturam
2819 4727 2939 4765 esse
2975 4713 3240 4780 producta
3271 4713 3323 4764 in
3357 4720 3496 4763 tem-

1929 4824 2060 4878 pore
2101 4809 2403 4871 dicuntur;
2462 4807 2628 4874 igitur
2671 4804 2965 4858 dicendum
3015 4813 3132 4868 est,
3186 4803 3379 4855 Filium
3441 4813 3499 4856 et

1930 4899 2198 4967 Spiritum
2257 4906 2507 4950 sanetum
2556 4911 2623 4948 ex
2671 4895 2976 4948 substantia
3026 4893 3119 4947 Dei
3174 4893 3497 4961 procedere,

1928 5001 2092 5060 atque
2119 4989 2529 5043 subsistentiam
2561 4987 2788 5046 habere,
2822 4985 2875 5037 ni
2913 4985 3143 5037 velimus
3169 4984 3310 5037 inter
3340 5000 3495 5036 crea-
3528 5054 3531 5056 _

1931 5095 2082 5136 turas
2113 5081 2390 5134 immerito
2421 5093 2515 5132 eos
2554 5077 2938 5139 adnumerare,
2971 5089 3078 5128 non
3115 5075 3498 5144 distinguendo
3552 5120 3554 5122 ,

1926 5175 2077 5244 juxta
2118 5171 2444 5238 theologiam
2479 5169 2790 5228 doctorum,
2839 5176 2895 5220 et
2949 5181 3057 5220 una
3105 5180 3230 5219 cum
3288 5165 3502 5220 caeteris

1930 5262 2192 5316 omnibus
2217 5259 2510 5321 collocare,
2536 5267 2701 5325 atque
2732 5259 2898 5309 Deum
2927 5265 2981 5309 et
3011 5256 3223 5310 Patrem
3249 5271 3314 5310 ex
3343 5271 3502 5326 aquo

1931 5354 2242 5408 divinarum
2309 5363 2670 5419 personarum
2722 5347 2939 5401 Patrem
3010 5361 3131 5400 csse
3183 5348 3368 5402 dicere
3436 5363 3502 5402 ac

1934 5454 2201 5507 nostrum,
2233 5443 2382 5512 juxta
2419 5439 2625 5493 dictum
2657 5437 2930 5506 Apostoli:
2974 5457 2991 5488 ι
3028 5437 3179 5492 Unus
3209 5439 3372 5502 Deus,
3405 5439 3501 5509 qui.

1933 5551 2018 5594 est
2064 5538 2243 5600 Pater,
2293 5552 2359 5589 ex
2393 5549 2501 5602 quo
2537 5532 2741 5586 cmi-aia.
2789 5553 2802 5582 ι
2842 5532 2959 5586 Non
2993 5535 3139 5587 enim
3193 5535 3385 5602 aequum
3423 5551 3507 5588 ra-

1941 5633 2088 5685 tione
2138 5629 2299 5682 Patcr
2348 5625 2467 5679 Filii
2514 5633 2636 5687 est,
2687 5632 2743 5678 et
2797 5623 2957 5677 Pater
3000 5625 3243 5678 onmi-..m
3283 5627 3504 5682 dicitur.

1932 5719 2088 5787 Quod
2137 5726 2318 5773 autem
2364 5717 2432 5771 de
2478 5727 2711 5783 persona
2749 5711 2926 5768 Patris
2976 5713 3106 5768 illud
3152 5717 3357 5772 dictum
3409 5723 3500 5782 sit.
