3862 6218
473 307 581 369 9ἑὶ3
618 254 639 266 β

1751 303 2124 362 DEMETRII
2160 300 2472 361 CYDONII
3566 298 3649 361 90L

461 418 672 473 clarum
701 424 807 476 est,
836 415 1037 484 quippe
1071 414 1234 467 iurent
1272 411 1697 483 distinguendo:
1740 428 1758 461 ι
1794 412 1863 465 Et
1897 425 2040 464 unus

2145 411 2361 477 κρίνων,
2413 424 2433 458 t
2470 405 2579 460 Καὶ
2616 401 2694 469 εἷς
2740 407 2944 477 Κύριος
2994 405 3201 475 Ἰησοῦς
3248 405 3491 473 Χριστὸς,
3521 406 3577 458 δι’
3602 402 3645 460 οὐ

464 507 732 562 Dominus
765 505 926 560 Iesus
956 503 1230 569 Christus,
1258 520 1356 573 per
1378 517 1542 572 quem
1571 502 1776 567 omnia,
1802 510 1859 555 et
1889 514 2036 555 unus

467 598 709 669 Spiritus
734 604 979 659 sanctus,
1012 594 1067 648 in
1099 610 1210 663 quo
1237 594 1448 648 omnia.
1486 612 1504 645 ι

543 692 811 745 Praeterea
828 687 1002 753 sancti
1036 688 1223 741 Patres
1241 687 1434 742 Filium
1450 701 1514 739 ex
1536 684 1839 739 substantia
1861 681 2039 737 Patris

462 796 606 844 esse,
634 780 769 832 adeo
833 793 891 830 ut
929 778 1241 831 confessum
1272 779 1415 832 inter
1447 776 1766 830 diﬂ‘erentes
1804 780 2034 843 ponunt,

466 872 717 939 nt_‘etiain
755 884 820 923 ex
853 870 1055 937 quibus
1091 870 1332 923 haeretici
1366 868 1843 937 blaSphemabaut,
1883 865 2037 919 istud

464 959 734 1031 negando,
789 961 865 1013 illi
922 977 987 1014 ex
1051 958 1519 1029 superabundauti
1567 957 1928 1010 concludunt.
1968 955 2039 1010 Ut

463 1058 611 1107 enim
658 1067 726 1106 ex
778 1051 1075 1119 praemissis
1126 1060 1291 1119 atque
1341 1050 1785 1105 commemoratis
1836 1048 2033 1117 patuit,

470 1158 698 1213 magnus
755 1141 1092 1196 Athanasius
1167 1142 1430 1212 majorem
1510 1138 1947 1209 propositionem
2007 1152 2037 1191 a

468 1235 982 1303 blaspliemantibus
1032 1248 1288 1295 sumens,
1344 1233 1610 1287 minorem
1665 1239 1846 1285 autem
1899 1246 1929 1285 a
1982 1245 2040 1285 se

468 1342 680 1396 ponens
713 1326 793 1393 (ut
823 1326 948 1394 ipsi,
983 1334 1038 1377 et
1068 1324 1284 1378 veritati
1321 1324 1563 1392 videtur)
1594 1324 1673 1377 sic
1708 1322 2040 1376 ratiocinan-

468 1430 596 1474 tur:
632 1438 650 1469 ι
694 1416 1152 1486 Quandoquidem
1205 1432 1301 1471 vos
1346 1418 1570 1487 quidem
1609 1416 1799 1470 Ariani
1853 1415 2039 1470 dicitis

466 1523 587 1563 esse
620 1508 817 1562 Filium
874 1523 939 1560 ex
991 1507 1174 1572 Patre,
1225 1522 1427 1559 nomen
1478 1516 1661 1560 autem
1711 1506 1875 1560 Pater
1906 1505 2037 1559 sub-

470 1599 724 1653 stantiam
762 1598 1057 1668 siguiiicat,
1090 1598 1342 1668 quamvis
1374 1596 1643 1666 quidquid
1678 1596 1898 1650 tandem
1946 1595 2035 1659 sit,

471 1707 579 1744 non
620 1691 930 1760 exprimat;
966 1705 1063 1744 vos
1097 1691 1265 1758 igitur
1304 1689 1469 1744 etiam
1506 1688 1779 1751 nolentes,
1806 1703 1874 1743 ex
1905 1686 2038 1741 sub-

471 1783 670 1837 stantia
708 1782 884 1836 Patris
915 1796 1040 1833 eum
1073 1780 1309 1834 dixistis.
1348 1798 1365 1830 ι
1407 1779 1561 1843 Quod
1590 1778 1850 1831 nimirum
1885 1776 2037 1847 pium
2069 1768 2112 1827 Β

470 1884 574 1938 est,
593 1874 741 1943 juxta
770 1881 1006 1926 mentem
1038 1872 1212 1926 sancti
1238 1870 1448 1933 Patris;
1476 1869 1529 1924 id
1555 1868 1702 1924 enim
1732 1884 1829 1939 per
1857 1867 2041 1922 omnia

473 1980 689 2017 summo
721 1963 904 2017 studio
954 1962 1168 2033 agebat,
1201 1971 1257 2017 et
1287 1963 1446 2033 cujus
1479 1976 1642 2015 causa
1692 1959 1890 2014 multas
1928 1973 2044 2012 mo-

471 2054 659 2108 lestias
686 2053 753 2106 ab
788 2052 1008 2107 Arianis
1036 2068 1231 2122 passus
1259 2062 1368 2107 est.
1400 2052 1552 2117 Quod
1593 2051 1783 2120 igitur.
1815 2050 1909 2120 qui
1942 2063 2043 2102 uc-

471 2153 602 2213 gant
631 2159 696 2196 ex
724 2143 1049 2205 substantia,
1096 2141 1218 2196 fidei
1264 2141 1530 2211 principia
1577 2127 1791 2206 tollant,
1858 2148 1915 2193 et
1944 2138 2045 2193 do-

472 2234 718 2289 ctoribus
773 2233 1155 2292 adversantur,
1207 2232 1615 2301 deterioresquc
1658 2230 1913 2291 Arianis,
1971 2245 2035 2284 ac

476 2324 647 2394 magis
709 2312 1057 2378 lrFationales
1101 2337 1160 2376 se
1212 2323 1524 2387 ostendant,
1575 2331 1632 2376 et
1685 2320 1880 2391 dignos
1928 2318 2042 2375 risu

475 2414 617 2484 apud
666 2428 761 2468 eos
791 2412 884 2482 qui
915 2421 1196 2482 utcunque
1231 2410 1529 2481 prudentes
1573 2420 1723 2476 sunt,
1762 2410 1875 2465 imo
1913 2424 2044 2464 vero

483 2506 987 2569 commiseratione,
1022 2515 1081 2560 ut
1129 2505 1317 2560 mitius
1367 2505 1569 2567 dicam,
1616 2518 1726 2557 non
1780 2518 1918 2573 opus
1962 2511 2046 2557 est

475 2599 632 2667 plura
665 2596 883 2661 dicere,
927 2612 1054 2651 cum
1109 2597 1379 2651 suliiciant
1424 2612 1489 2650 ea
1533 2611 1653 2665 quae
1704 2594 1848 2649 dicta
1895 2605 2043 2649 sunt.

484 2688 562 2742 Ex
592 2688 795 2757 quibus
830 2688 998 2742 etiam
1038 2688 1141 2743 hoc
1191 2697 1446 2757 tanquam
1492 2688 1763 2757 quoddam
1800 2688 2046 2743 corolla-

480 2781 621 2833 rium
648 2778 1069 2847 addatur,.quod
1121 2778 1551 2833 substantialitas
1581 2779 1698 2833 Filii
1731 2779 1795 2833 ad
1824 2781 2037 2834 Patrem

477 2887 586 2925 non
637 2869 857 2923 aliunde
907 2869 1207 2937 colligitur,
1248 2884 1409 2937 quam
1472 2868 1615 2937 quod
1651 2869 1723 2922 sit
1769 2884 1836 2923 ex
1882 2869 2043 2925 Patre

480 2972 735 3030 tanquam
768 2976 832 3015 ex
866 2961 1103 3014 naturali
1160 2975 1258 3014 sua
1297 2975 1482 3015 causa.
1525 2961 1687 3014 Juxta
1734 2961 1883 3014 enim
1931 2977 2045 3015 ma-

475 3067 641 3125 gnum
669 3050 926 3105 Basilium
976 3049 1315 3105 identitatem
1347 3050 1666 3105 substantia:
1697 3049 2042 3120 confitemur,
2069 3097 2114 3159 ο

477 3139 924 3213 quandoquidem
959 3140 1132 3195 Filius
1169 3156 1199 3195 a
1236 3141 1396 3195 Patre
1436 3155 1544 3194 non
1589 3140 1801 3204 factus,
1839 3140 1935 3195 sed
1975 3155 2041 3195 ex

479 3243 672 3289 natura
696 3234 915 3305 genitus
942 3242 1049 3288 est.
1078 3232 1249 3288 Divus
1277 3234 1405 3287 item
1445 3230 1683 3298 Cyrillus
1734 3231 1867 3286 ixit:
1908 3249 1927 3283 ‹
1965 3230 2041 3284 Ex

480 3327 640 3382 Patre
684 3326 929 3396 genitum
985 3339 1105 3379 esse
1159 3322 1389 3387 Filium,
1438 3330 1596 3393 coget
1638 3337 1771 3377 sane
1821 3323 2048 3377 omnino

482 3418 652 3473 etiam
686 3416 882 3473 invitos
915 3415 964 3471 ei
996 3416 1295 3471 attribuere
1326 3414 1974 3471 consubstantialitatem.
2022 3432 2041 3466 ι

479 3512 553 3567 Et
599 3524 835 3564 rursus:
875 3526 895 3561 ι
932 3507 1215 3578 Siquidem
1244 3517 1329 3565 est
1354 3508 1526 3564 Filius
1559 3506 2048 3563 consubstantialis

478 3600 662 3665 Patri,
707 3615 773 3653 ex
822 3599 941 3670 ipso
971 3610 1056 3656 est
1109 3600 1575 3666 substantialiter,
1619 3606 1785 3670 atque
1832 3599 1886 3653 in
1928 3598 2048 3669 ipso

480 3693 785 3747 secundum
819 3699 1091 3746 naturam.
1123 3709 1145 3745 ι

1061 3803 1287 3861 CAPUT
1328 3803 1467 3860 Vill.

548 3895 721 3961 Quod,
782 3907 1027 3961 quanam
1085 3897 1299 3949 tandem
1360 3893 1553 3962 fuerint
1615 3892 1742 3961 ipsis
1802 3909 1979 3949 causa:

1100 3963 1439 4033 deceptionis.

552 4057 725 4112 Porro
769 4072 868 4112 eos
916 4054 1155 4123 decepit,
1195 4051 1433 4122 primum
1469 4054 1691 4122 quidem
1740 4053 1885 4123 quod
1938 4069 2045 4108 non

485 4147 762 4215 potuerint
792 4146 1116 4214 intelligere,
1143 4157 1381 4211 quonam
1421 4159 1582 4199 sensu
1619 4144 1873 4199 doctores
1896 4143 2049 4199 dixe-

486 4237 616 4298 rint,
646 4235 795 4288 aliud
822 4244 906 4288 est
940 4232 1269 4298 substantia,
1300 4232 1444 4286 aliud
1472 4233 1802 4303 liypostasis,
1838 4248 1902 4288 ac
1933 4248 2043 4287 nou

494 4325 660 4377 idem.
693 4323 1029 4388 Secundum,
1065 4320 1211 4391 quod
1262 4321 1539 4378 audierint
1578 4324 1816 4393 aliquem
1854 4339 1921 4378 ex
1953 4325 2049 4377 do-

2142 502 2213 554 τὰ
2244 502 2441 563 πάντα,
2478 498 2573 551 καὶ
2603 496 2660 550 ἓν
2690 498 2914 567 Πνεῦμα
2954 495 3131 564 ἅγιον,
3164 497 3220 548 ἑν
3250 492 3295 564 ᾧ
3326 497 3391 548 τὰ
3426 497 3600 550 πάντα.
3634 517 3643 548 ι

2219 676 2341 729 Ἔτι
2370 675 2622 728 τοσοῦτον
2648 677 2760 736 τοῖς
2784 673 2959 743 ἁγίοις
2997 674 3407 742 ἀνωμολόγηται
3432 674 3487 725 τδ
3506 675 3560 727 ὲκ
3580 675 3649 742 τῆς

2143 770 2333 832 οὐσίας
2384 770 2477 822 τοῦ
2514 769 2728 837 Πατρδς
2758 765 2899 822 εἷναι
2944 768 3035 821 τὸν
3063 768 3212 832 Υίδν,
3240 766 3381 820 ὥστε
3417 768 3507 820 καὶ
3529 769 3577 833 ἑξ
3598 763 3651 821 ὧν
3684 792 3691 803 ι

2143 862 2194 913 oi
2265 861 2532 929 αἱρετικοὶ
2598 861 2986 929 ἐϐλασφήμουν
3041 859 3202 911 τοῦτο
3253 858 3651 927 ἀπαρνούμενοι,

2144 956 2342 1007 ἐκείνοι
2376 955 2440 1005 ἐκ
2464 953 2781 1021 περιουσίας
2827 951 3316 1020 συμπεραίνουσιν.
3366 948 3453 1009 ὀς
3498 951 3654 1017 γὲρὲκ

2143 1045 2251 1097 τῶν
2284 1042 2657 1113 προτεθέντων
2686 1041 2843 1111 δῆλον
2889 1042 3136 1109 γέγονεν,
3185 1043 3211 1092 ὁ
3265 1040 3436 1109 μέγας
3476 1039 3655 1092 Ἀθανά-

2145 1154 2261 1200 σιος
2283 1138 2384 1205 τὴν
2420 1134 2521 1203 μὲν
2552 1133 2774 1201 μείζονα
2810 1134 3078 1201 πρότασιν
3125 1132 3278 1200 παρά
3311 1132 3417 1183 τῶν
3462 1131 3657 1198 βλασφη-

2148 1228 2394 1296 μούντων
2442 1224 2772 1293 λαμϐάνων,
2830 1224 2929 1293 τὴν
2956 1224 3001 1275 δ’
3047 1222 3308 1276 ἐλάττονα
3338 1222 3465 1292 παρ’
3508 1222 3657 1274 ἑαυτοῦ

2143 1320 2338 1384 τιθεὶς,
2364 1319 2437 1382 ὡς
2473 1320 2623 1387 αὐτῷ
2658 1318 2752 1372 καὶ
2782 1320 2849 1387 τῇ
2881 1317 3111 1388 ἀληθείᾳ
3151 1318 3319 1382 δοκεῖ,
3352 1317 3488 1369 οὕτω
3514 1316 3660 1367 συλλο-

2144 1412 2359 1482 γίζεται
2385 1427 2401 1443 ο
2440 1431 2458 1462 ι
2507 1410 2726 1479 Ἐπειδὴ
2776 1410 2933 1477 ὑμεῖς
2969 1410 3069 1478 μὲν
3114 1411 3161 1461 οί
3207 1407 3474 1477 Ἀρειανολ⁵
3512 1408 3660 1473 λέγετε

2143 1506 2235 1558 τὸν
2266 1505 2395 1556 Υἱὸν
2441 1506 2506 1556 ἐκ
2535 1501 2628 1553 τοῦ
2672 1502 2885 1569 Πατρδς
2934 1497 3098 1564 εἶναι,
3133 1501 3191 1552 τὸ
3235 1500 3292 1551 δὲ
3326 1500 3505 1567 Πατὴρ
3530 1499 3661 1563 δνομι

2143 1596 2330 1651 οὐσίαν
2351 1595 2630 1664 σημαίνει,
2662 1594 2709 1644 εί
2742 1593 2927 1662 καὶμὴ
2957 1593 2984 1645 ὃ
3012 1592 3067 1644 τί
3095 1590 3213 1643 ποτ’
3246 1592 3363 1644 ἐστὶ
3391 1592 3659 1658 παρίστησι,

2146 1690 2239 1743 καὶ
2266 1689 2422 1757 ὑμεῖς
2450 1687 2557 1754 ἄρα
2577 1687 2674 1738 καὶ
2697 1687 2921 1747 ἄκοντες
2943 1686 3008 1736 ὲκ
3029 1684 3129 1749 τῆς
3159 1683 3349 1743 οὐσίας
3384 1680 3472 1733 τοῦ
3497 1680 3662 1749 [ἰατρὸς

2140 1780 2301 1834 αὐτὸν
2361 1780 2648 1849 εἰρήκατε.
2708 1797 2726 1830 ι
2787 1778 2965 1847 Ὅπερ
3010 1778 3158 1830 ἐστὶν
3216 1774 3439 1837 εὐσεϐὲς
3467 1772 3661 1842 δηλονότι

2142 1870 2284 1922 κατά
2315 1872 2406 1921 τὸν
2432 1867 2525 1921 τοῦ
2554 1869 2711 1937 ἁγίου
2744 1868 2969 1922 σκοπόν.
2994 1867 3167 1922 Τοῦτο
3202 1867 3313 1935 γάρ
3349 1862 3417 1935 ἦν
3450 1865 3505 1916 τδ
3535 1878 3662 1917 σπου·

2140 1961 2435 2030 δαζόμενον
2470 1960 2557 2013 διὰ
2608 1961 2825 2013 πάντων
2877 1958 3049 2028 αὐτῷ,
3092 1959 3187 2012 καὶ
3221 1956 3307 2026 ἐφ’
3344 1958 3373 2010 ὃ
3408 1956 3560 2009 πολλά
3582 1955 3663 2008 τῶν

2141 2050 2380 2121 ἀνιαρῶν
2416 2050 2566 2120 παρά
2598 2049 2709 2103 τῶν
2763 2050 3058 2120 ’Δρειανῶν
3092 2049 3406 2103 ἐπεπόνθει.
3447 2046 3558 2102 Ὀτι
3589 2046 3663 2113 μὶν

2142 2144 2234 2197 οὖν
2273 2145 2321 2195 οί
2347 2143 2408 2195 τὸ
2450 2144 2514 2195 ὲκ
2540 2144 2639 2205 τῆς
2671 2142 2859 2203 οὐσίας
2902 2141 3225 2211 ἀρνούμενοι
3258 2142 3361 2203 τὰς
3394 2138 3550 2209 ἀρχὰς
3588 2137 3664 2205 τῆς

2143 2234 2382 2294 πίστεως
2414 2231 2723 2303 ἀναιροῦσι,
2754 2233 2849 2286 καὶ
2888 2235 2999 2292 τοῖς
3031 2232 3382 2293 διδασκάλοις
3426 2232 3662 2300 μάχονται,

2142 2326 2359 2395 χείρους
2382 2342 2439 2377 τε
2467 2324 2574 2376 τῶν
2612 2322 2909 2393 ’Ᾱρειανῶν
2932 2324 3025 2375 καὶ
3053 2323 3387 2393 ἀλογώτεροι
3411 2326 3664 2389 φαίνονται,

2142 2417 2237 2469 καὶ
2260 2415 2494 2484 γέλωτος
2518 2412 2659 2476 ἄξιοι
2692 2414 2841 2484 παρά
2884 2416 2997 2476 τοῖς
3025 2414 3147 2466 νοῦν
3192 2412 3443 2466 ὁπωσοῦν
3473 2412 3663 2479 ἔχουσιν.

2144 2503 2294 2564 ὲλὲου
2320 2506 2521 2577 μᾶλλον
2546 2504 2645 2574 μὲν
2662 2500 2775 2567 οὖν,
2803 2504 2952 2557 εἰδεῖ
2979 2503 3490 2574 φιλανθρωπότερον
3505 2502 3662 2560 εἰπεῖν,

2144 2598 2203 2650 οὐ
2231 2599 2311 2649 δεῖ
2359 2596 2528 2649 πλείω
2573 2596 2756 2664 λέγειν
2786 2595 2893 2648 τῶν
2923 2595 3228 2667 εἰρημένων
3272 2592 3594 2663 ἀρκούντων·
3623 2589 3665 2652 ἐξ

2144 2686 2220 2744 ὧν
2254 2688 2348 2742 καὶ
2379 2689 2534 2741 τοῦτο
2558 2688 2744 2760 ὥσπερ
2784 2707 2834 2742 τι
2876 2690 3123 2759 πόρισμα
3157 2686 3489 2755 προκείσθω,
3526 2686 3597 2737 ὃτι
3622 2684 3666 2732 τί

2144 2780 2236 2835 τοῦ
2277 2779 2407 2833 Υίοῦ
2448 2780 2585 2849 πρὸς
2622 2782 2714 2833 τὸν
2749 2780 2967 2851 Πατέρα
3020 2780 3311 2848 ὀμοούσιον
3348 2779 3443 2832 οὐκ
3488 2774 3666 2829 ἄλλοθεν

2147 2871 2463 2941 συνάγεται,
2492 2873 2524 2943 ἥ
2550 2874 2631 2925 ὅτι
2664 2875 2726 2925 ὲκ
2751 2873 2844 2926 τοῦ
2870 2874 3083 2943 Πατρός
3110 2873 3257 2924 ἐστιν
3287 2872 3362 2933 ὡς
3394 2872 3452 2923 ἐκ
3474 2865 3666 2935 φυσικῆς

2144 2963 2326 3027 αίτίας
2363 2965 2582 3018 ἑαυτοῦ.
2621 2965 2778 3017 Κατὰ
2816 2964 2925 3033 γάρ
2971 2964 3062 3017 τὸν
3112 2964 3293 3032 μέγαν
3328 2963 3585 3015 Βασίλειον
3623 2958 3666 3008 τὸ

2144 3058 2242 3128 τῆς
2265 3058 2449 3121 οὐσίας
2471 3057 2665 3111 ταυτὸν
2687 3056 3076 3127 ὁμολογοῦμεν,
3100 3056 3291 3125 ἐπειδὴ
3310 3058 3371 3109 ὲκ
3390 3055 3477 3108 τοῦ
3498 3050 3666 3121 Πατρὸς

2146 3153 2175 3205 ὁ
2207 3151 2333 3212 Υίδς
2364 3152 2425 3204 οὐ
2458 3150 2726 3220 ποιηθεὶς,
2759 3149 2874 3203 ἀλλ’
2924 3151 2990 3202 ὲκ
3029 3148 3125 3218 τῆς
3162 3148 3381 3216 φύσεως
3412 3146 3662 3216 γεννηθεὲς.

2150 3242 2218 3294 Ὀ
2248 3257 2307 3293 τε
2336 3240 2478 3303 Θείος
2508 3240 2773 3308 Κύριλλος
2800 3238 2928 3309 ἔφη,
2980 3257 2999 3290 ι
3035 3239 3110 3291 Τὸ
3142 3240 3204 3289 ἐκ
3247 3239 3346 3292 τοῦ
3379 3238 3571 3306 Πατρός
3592 3250 3664 3300 για

2147 3332 2439 3402 γεννῆσθαι
2482 3332 2573 3386 τὸν
2605 3332 2732 3383 Υίὺν
2779 3330 3081 3399 ἀναγκάσει
3121 3330 3185 3401 δὴ
3243 3333 3459 3393 πάντως
3489 3328 3570 3382 καὶ
3590 3327 3663 3393 οὐχ

2148 3423 2375 3485 ἑκόντας
2401 3424 2551 3493 ἡμᾶς
2583 3423 2884 3475 ἀποδοῦναι
2914 3422 2974 3475 τὸ
3018 3422 3309 3491 όμοούσιον
3346 3421 3504 3491 αὐτῷ.
3536 3439 3553 3472 ι
3583 3418 3665 3471 Καὶ

2148 3512 2334 3577 πάλιν,
2367 3530 2386 3563 ι
2426 3513 2595 3582 Εἴπερ
2626 3512 2774 3566 ἔστιν
2800 3514 2829 3565 ό
2859 3512 2985 3576 Υἱὸς
3013 3511 3305 3582 όμοούσιος
3331 3514 3408 3583 τῷ
3438 3507 3663 3581 napi,“

2148 3603 2311 3659 αὐτοῦ
2341 3605 2488 3657 ἐστιν
2510 3603 2782 3667 οὐσιωδῶς
2833 3605 2929 3657 καὶ
2957 3605 3015 3657 ὲν
3044 3603 3193 3675 αὐτῷ
3225 3605 3372 3659 κατά
3396 3604 3561 3674 φύσιν.
3594 3620 3609 3652 ι

2740 3804 2993 3859 ΚΕΦΛΛ.
3033 3805 3115 3859 H'.

2148 3893 2275 3947 Ὀτι
2301 3894 2434 3948 τινα
2464 3892 2610 3948 ,ποτὲ
2636 3895 2745 3962 τῆς
2771 3894 3006 3963 ἀπάτης
3035 3896 3244 3962 αὐτοῖς
3264 3898 3428 3952 αιτια
3454 3894 3660 3966 ἐγένετο.

2230 4057 2508 4125 ’Ππάτησε
2550 4056 2609 4108 δὲ
2657 4056 2873 4119 αὐτοὺς,
2896 4056 3110 4125 πρῶτον
3149 4058 3247 4125 μὲν
3297 4058 3360 4109 τὸ
3388 4055 3461 4126 μὴ
3482 4052 3664 4121 δυνηθῆ-

2148 4164 2238 4199 ναι
2265 4146 2456 4213 νοῆσαι
2486 4148 2627 4198 κατά
2655 4145 2774 4197 τίνα
2799 4146 2898 4216 τὴν
2924 4145 3133 4199 ἔννοιαν
3159 4148 3453 4218 εἰρήκεσαν
3482 4147 3525 4199 οί
3554 4142 3663 4197 διδά-

2152 4236 2357 4299 σκαλοι,
2379 4236 2505 4289 ἀλλο
2533 4236 2688 4288 οὐσία
2709 4238 2802 4288 καὶ
2822 4236 2951 4289 ἀλλο
2973 4236 3298 4302 ὑπόστασις,
3317 4240 3409 4291 καὶ
3433 4238 3491 4290 οὐ
3515 4234 3644 4288 ταυεό

2149 4326 2398 4397 δεύτερον
2436 4328 2514 4380 ὅτι
2548 4328 2689 4389 τινὸς
2721 4327 2979 4394 λέγοντος
3041 4330 3148 4380 τῶν
3178 4329 3509 4382 διδασκάλων
3533 4324 3661 4379 dmi-

483 4416 731 4470 ctoribus
760 4416 1054 4478 dicentem,
1073 4415 1217 4483 quod
1240 4414 1446 4470 scilicet
1472 4414 1565 4469 Dei
1597 4414 1904 4470 substantia
1936 4431 2041 4468 non

2148 4434 2322 4482 ουσιν,
2368 4416 2442 4480 ὠς
2475 4418 2582 4486 ἀρα
2612 4419 2643 4486 ἡ
2691 4416 2784 4469 τοῦ
2832 4417 2968 4470 Θεοῦ
2997 4418 3155 4470 οὐσία
3184 4420 3246 4470 οὐ
3282 4421 3447 4489 γεννᾷ
3471 4418 3655 4470 οὐσίαν.

486 4516 712 4575 generat
746 4506 1135 4569 substantiam,
1168 4504 1484 4559 existimant
1532 4505 1675 4559 idem
1724 4522 1845 4562 esse
1895 4521 1956 4557 ac
2000 4507 2044 4558 si

486 4598 785 4661 diceretur,
820 4595 965 4666 quod
995 4594 1174 4649 Patris
1204 4595 1509 4649 substantia
1535 4612 1644 4649 non
1674 4607 1897 4664 generat
1926 4596 2045 4649 Filii

486 4687 878 4750 substantiam,
912 4685 964 4740 id
995 4694 1178 4739 autem
1230 4686 1462 4740 multum
1502 4685 1669 4740 habet
1695 4687 2043 4741 discriminis.

487 4778 604 4834 Non
656 4779 802 4833 enim
850 4785 1152 4847 potuerunt
1206 4776 1515 4846 perspicere
1560 4776 1859 4831 secundum
1924 4776 2047 4833 fidei

489 4870 779 4940 principia,
808 4868 957 4939 quod
988 4882 1185 4922 nomen
1238 4867 1381 4920 Deus
1425 4876 1506 4919 est
1535 4882 1601 4921 ex
1633 4866 1702 4921 iis
1732 4884 1852 4936 qum
1890 4869 2047 4920 abso-

488 4959 600 5014 luta
656 4967 822 5023 sunt,
873 4967 929 5013 et
976 4967 1226 5012 naturam
1283 4958 1452 5026 ipsam
1500 4956 1847 5027 singulariter
1888 4966 2048 5025 atque

488 5050 803 5105 indistincte
844 5050 1118 5119 (quamvis
1168 5048 1431 5118 quidquid
1487 5048 1703 5101 tandem
1772 5050 1883 5109 sit,
1939 5064 2045 5101 non

487 5142 783 5207 exprimat)
814 5139 1108 5216 signiﬁcat,
1148 5149 1202 5193 ut
1232 5140 1397 5193 etiam
1428 5140 1666 5207 sapiens,
1697 5148 1752 5191 et
1773 5141 2045 5200 conditor,

487 5245 654 5301 afquc
678 5230 889 5295 bonus;
926 5241 981 5284 et
1013 5232 1275 5299 quoniam
1311 5247 1416 5284 una
1446 5232 1751 5286 substantia
1774 5243 1829 5286 et
1855 5244 2046 5286 natura

490 5319 635 5375 Deus
667 5333 771 5383 est,
805 5336 915 5375 non
950 5330 1035 5375 est
1085 5324 1233 5390 pium
1268 5322 1453 5375 dicere
1504 5322 1749 5376 absolute
1794 5323 2048 5375 substan-

493 5410 623 5460 tiam
674 5410 764 5463 Iiei
806 5425 1075 5480 generare
1122 5412 1505 5476 substantiam,
1542 5427 1609 5465 ne
1644 5413 1889 5466 monadis
1940 5413 2049 5465 dis-

494 5496 690 5550 tinctio
720 5500 1085 5563 existimetur,
1116 5502 1358 5568 praecisis
1406 5518 1527 5570 (μιω
1582 5502 1803 5555 relative
1836 5510 1964 5555 sunt
1993 5512 2048 5556 et

490 5586 785 5641 dicuntur:
826 5607 1000 5659 neque
1040 5602 1150 5646 tres
1189 5594 1504 5647 substanlizc
1539 5593 1603 5645 ad
1641 5593 1811 5647 instar
1860 5595 2047 5647 multi-

493 5677 700 5731 tudinis
752 5679 978 5733 deorum
1041 5683 1288 5736 absolute
1358 5684 1426 5736 ab
1484 5685 1713 5738 invicem
1774 5684 2048 5738 distinctae.

2150 4507 2409 4576 ἡγοῦνται
2457 4508 2535 4576 τῷ
2566 4509 2766 4561 οὑτωσὶ
2797 4508 3078 4577 λεγομένῳ
3120 4510 3317 4562 ταυτὸν
3355 4506 3509 4573 εἶναι,
3553 4504 3658 4568 ὅτιὴ

2149 4592 2242 4645 τοῦ
2278 4592 2491 4663 Πατρός
2537 4595 2692 4647 οὐσία
2726 4596 2787 4646 οὐ
2835 4598 3000 4665 γεννᾷ
3045 4596 3145 4666 τὴν
3196 4596 3291 4649 τοῦ
3323 4598 3451 4650 Υίοῦ
3493 4595 3656 4648 οὐσίαν.

2148 4683 2191 4735 Τ
2194 4682 2317 4735 οὖτο
2364 4682 2422 4735 δὲ
2452 4683 2651 4750 πολλὴν
2686 4683 2784 4753 τὴν
2822 4684 3091 4754 διαφορὰν
3119 4686 3252 4756 ἔχει.
3286 4689 3361 4742 Οὐ
3406 4690 3505 4755 γὰρ
3547 4683 3660 4737 δεδύο

2148 4790 2337 4841 νηνται
2371 4775 2515 4826 κατά
2557 4774 2657 4835 τὰς
2692 4774 2865 4845 ἀρχὰς
2909 4777 3005 4844 τῆς
3048 4779 3287 4841 πίστεως
3344 4779 3577 4839 συνιδεῖν,
3600 4776 3656 4826 ὅτι

2148 4864 2209 4916 τὸ
2244 4864 2345 4932 μὲν
2375 4864 2505 4928 Θεὸς
2535 4865 2709 4934 ὄνομα
2735 4866 2843 4918 τῶν
2876 4868 3296 4938 άπολελυμὲνων
3320 4871 3454 4933 ἐστὶ,
3488 4868 3570 4920 καὶ
3587 4867 3656 4932 τὴν
3751 4890 3762 4911 .

2149 4956 2311 5024 φύσιν
2342 4957 2511 5027 αὐτὴν
2546 4958 2763 5020 ἑνιαίως
2795 4961 2890 5013 καὶ
2918 4960 3267 5030 ἁδιακρίτως,
3294 4965 3341 5014 εί
3368 4964 3461 5014 καὶ
3490 4962 3555 5029 μὴ
3577 4960 3599 5010 ὃ
3620 4958 3656 5006 τὲ

2150 5048 2266 5101 ποτ’
2289 5047 2403 5099 ἐστὶ
2424 5046 2742 5116 παρίστησι,
2770 5052 3042 5119 σημαίνει,
3067 5053 3313 5121 καθάπερ
3335 5052 3497 5105 καὶτὸ
3516 5048 3655 5114 σοφὸς.

2148 5140 2244 5191 καὶ
2262 5140 2612 5211 δημιουργὸς,
2644 5142 2739 5193 καὶ
2760 5142 2961 5209 ἀγαθός
2982 5161 2993 5171 ·
3030 5146 3125 5197 καὶ
3153 5147 3275 5198 ἐπεὶ
3301 5147 3399 5213 μία
3427 5146 3567 5197 οὐσία
3590 5140 3656 5191 καὶ

2149 5228 2309 5294 φύσις
2340 5229 2367 5279 ὁ
2396 5228 2527 5291 Θεὸς
2560 5230 2705 5281 ἐστιν
2725 5270 2740 5294 ,
2766 5234 2871 5284 οὐκ
2900 5234 3120 5297 εὐσεϐὲς
3176 5237 3354 5303 λέγειν
3392 5236 3559 5294 ἁπλῶς
3586 5234 3655 5294 τὴν

2148 5316 2241 5368 τοῦ
2273 5315 2407 5370 Θεοῦ
2431 5318 2617 5370 οὐσίαν
2644 5322 2837 5389 γεννᾷν
2862 5324 3069 5389 οὐσίαν,
3104 5325 3188 5377 ἴνα
3235 5327 3307 5394 μὴ
3340 5326 3433 5392 τῆς
3476 5320 3653 5391 μονάδος

2148 5408 2413 5477 διαίρεσις
2449 5410 2679 5479 νομισοῇ
2712 5413 2877 5480 χωρὶς
2913 5414 3019 5466 τῶν
3043 5416 3379 5485 ἀναφορικῶς
3410 5416 3564 5465 ὄντων
3588 5406 3655 5458 καὶ

2148 5499 2474 5568 λεγομένων,
2508 5499 2645 5568 μηδὲ
2673 5506 2820 5571 τρεῖς
2849 5504 3027 5557 οὐσίαι
3060 5506 3328 5566 πολυθέως
3353 5496 3655 5571 παραδεχθὼ·

2150 5610 2230 5642 σιν
2255 5591 2653 5662 ἀπολελυμέναι
2682 5594 2942 5662 ἀλλήλων·
2974 5598 3030 5648 τὸ
3060 5598 3115 5649 δὲ
3144 5599 3235 5649 τοῦ
3256 5598 3452 5663 Πεῖρος
3482 5592 3564 5643 καὶ
3584 5582 3654 5636 τώ

2152 5683 2281 5735 Ti";
2311 5683 2479 5753 ὃνθμα
2508 5686 2616 5737 τῶν
2645 5686 2777 5755 πρός
2814 5690 2862 5735 τί
2893 5689 3018 5751 εἴη,
3051 5688 3144 5738 καὶ
3164 5690 3417 5758 πρσίσωπι
3447 5682 3499 5745 ἐξ
3521 5677 3656 5740 avi‘i'
