3862 6218
286 276 393 340 905

1227 272 1324 332 DE
1364 270 1881 331 PROCESSIONE
1917 266 2278 328 SPIRlTUS
2313 264 2599 327 SANCTI.

3413 268 3519 330 906

284 405 389 460 κης
432 386 786 455 ἐμφαίνουσιν
841 384 1187 456 ἁναφορικῶς
1232 383 1369 454 πρὸς
1398 382 1604 453 ἄλληλα
1635 381 1850 453 ἔχοντα’

1978 378 2310 449 ecipiantur.
2346 377 2520 432 Patris
2553 384 2736 430 autem
2760 382 2814 428 rt
2848 372 2969 428 Filii
2996 388 3193 429 nomen
3223 390 3289 430 ex
3322 377 3389 432 iis
3416 391 3522 446 est,

282 481 380 536 καὶ
409 478 498 532 διὰ
529 479 688 530 τοῦτο
715 478 895 544 λέγειν
926 477 1027 548 τὴν
1065 475 1253 530 οὐσίαν
1282 474 1377 527 τοῦ
1412 474 1622 543 Πατρὸς
1655 474 1853 542 γεννᾷν

279 573 384 642 τὴν
420 569 513 627 τοῦ
556 570 685 623 Υίοῦ
716 570 904 623 οὐσίαν
933 569 1130 638 ἀληθές
1168 571 1341 621 ἐστιν’
1369 568 1403 637 ή
1429 566 1538 637 γὰρ
1565 566 1723 619 οὐσία
1757 564 1852 617 τοῦ

283 664 496 732 [ἰατρὸς
528 662 682 715 οὐδὲν
707 662 893 730 ἕτερον
926 661 1110 716 δίδωσι
1143 662 1286 716 νοεῖν
1317 659 1350 728 ἢ
1382 659 1481 730 τὴν
1514 655 1608 711 τοῦ
1640 656 1853 726 Ιιατρὸς

281 758 609 818 ὑπόστασιν,
642 756 673 823 ἢ
706 755 767 807 τὸ
794 753 1111 824 πρόσωπον.
1146 751 1485 813 ’Υπόστασις
1515 748 1573 803 δὲ
1597 748 1659 807 τὺ
1678 746 1855 802 κοινὸν

284 847 428 918 μετὰ
470 846 565 899 τοῦ
602 846 896 909 ίδιάζοντος
924 843 1213 897 δέδεικται·
1253 840 1413 911 καὶὴ
1460 840 1563 911 μὲν
1608 839 1767 893 οὐσία
1794 837 1857 891 τὸ

279 940 490 1002 κοινὸν,
516 937 577 989 τὸ
605 936 663 988 δὲ
693 935 883 1005 Πατὴρ
914 935 976 987 τὸ
1007 932 1209 997 ἰδιάζον
1245 933 1397 986 ἐστὶν
1433 932 1616 1002 (ειπερ
1656 931 1733 1000 μὴ
1776 930 1858 984 δεῖ

282 1029 507 1097 φρονεῖν
557 1024 687 1079 ἄλλο
730 1025 833 1093 μὲν
882 1024 1115 1095 πρᾶγμα
1149 1021 1247 1093 τὴν
1272 1021 1483 1084 οὐσίαν,
1514 1021 1642 1074 ἄλλο
1678 1019 1737 1073 δὲ
1759 1019 1856 1089 τὴν

279 1120 613 1181 ὑπόστασιν,
640 1115 828 1184 ἕτερον
868 1114 927 1167 δὲ
957 1114 1050 1167 τὸν
1078 1112 1323 1182 Πατέρα,
1350 1112 1447 1167 καὶ
1471 1111 1601 1165 ἄλλο
1622 1112 1723 1181 την
1751 1128 1857 1164 πα-

279 1212 549 1281 τρότητα,
577 1208 608 1261 δ
643 1208 785 1276 μετὰ
829 1207 930 1275 τῆς
951 1203 1210 1264 ἀσεϐείας
1250 1203 1386 1257 πολὺ
1413 1203 1511 1256 καὶ
1535 1202 1596 1255 τδ
1628 1202 1859 1271 ἀνόητον

282 1303 447 1373 ἔχει),
474 1302 585 1373 Καὶ
609 1301 796 1369 ὅμοιον
817 1296 1010 1367 ὥσπερ
1037 1297 1103 1351 ἂν
1125 1296 1175 1351 εί
1203 1296 1440 1364 ἐλέγετο,
1470 1297 1504 1366 ἡ
1530 1294 1622 1349 τοῦ
1648 1293 1861 1364 Πατρδς

286 1372 593 1453 ὑπόστασις
620 1391 789 1460 γεννᾷ
819 1389 919 1455 τὴν
945 1387 1247 1440 ὑπόστασιν
1277 1385 1373 1439 τοῦ
1396 1385 1553 1449 Υίοῦ,
1585 1385 1722 1454 ὅπερ
1745 1384 1861 1437 ἐστὶ

284 1484 432 1539 κατὰ
455 1484 556 1552 τὴν
584 1484 681 1551 τῆς
714 1483 951 1543 πίστεως
977 1480 1147 1534 θέσιν.
1176 1477 1363 1532 Ταῦτα
1382 1476 1563 1530 τοίνυν
1588 1476 1862 1546 ἠγνόησαν

286 1575 597 1637 παντελῶς,
622 1572 718 1635 οὓς
748 1572 919 1643 ὲχρῆν
941 1572 975 1642 ἢ
1012 1570 1231 1625 οἴκοθεν
1267 1568 1514 1639 έχοντας,
1545 1568 1578 1638 ἢ
1610 1568 1706 1621 καὶ
1727 1567 1860 1637 παρ’

287 1661 498 1733 ἑτέρων
526 1659 790 1723 λαϐόντας
823 1658 899 1728 μὴ
924 1656 1180 1711 τοσοῦτον
1202 1656 1301 1725 τῆς
1329 1654 1588 1723 ἀληθείας
1616 1654 1861 1707 ἁποπλα·

286 1721 512 1808 νεῖσθαι,
546 1748 688 1818 μηδὲ
726 1721 924 1815 σοφοὺς
953 1743 1094 1798 εἶναι
1130 1721 1459 1813 φάσκοντας,
1505 1739 1623 1796 εἶτα
1652 1742 1863 1813 μωραίο
1897 1721 1936 1773 Β

285 1860 429 1898 νιιν.
464 1843 659 1896 Καίτοι
691 1840 792 1913 τὴν
844 1838 938 1892 τοῦ
971 1837 1102 1892 Υίοῦ
1150 1836 1343 1889 οὐσίαν
1387 1833 1682 1902 γεννᾶσθαι
1710 1833 1864 1901 λεγο-

295 1935 461 2005 μένου
486 1935 552 1987 ὲκ
583 1932 684 2002 τῆς
708 1929 897 1992 οὐσίας
929 1928 1020 1983 τοῦ
1060 1927 1299 1996 Πατρὸς,
1330 1926 1560 1994 πότερον
1589 1924 1727 1993 πρὸς
1772 1924 1865 1977 τδν

292 2024 424 2080 νοῦν
451 2024 487 2093 ἢ
525 2021 623 2093 τὴν
650 2022 794 2087 λέξιν
817 2021 1181 2077 διενίστανται
1203 2036 1220 2085 ;
1254 2019 1319 2071 Εί
1354 2016 1455 2088 μὲν
1478 2015 1585 2087 γὰρ
1618 2014 1753 2083 πρὸς
1774 2016 1867 2067 τὸν

294 2112 445 2178 νοῦν,
474 2114 613 2182 μετὰ
642 2112 749 2165 τῶν
778 2110 1027 2164 ἀπίστων
1056 2108 1336 2179 τετάχθων
1361 2107 1464 2176 τὴν
1491 2103 1586 2159 τοῦ
1614 2102 1746 2157 Υίοῦ
1773 2104 1867 2156 οὺ-

298 2206 425 2258 σίαν
457 2204 557 2273 τῆς
608 2202 703 2256 τοῦ
752 2201 968 2271 Πατρὸς
1015 2200 1206 2263 οὐσίας
1256 2198 1693 2268 ἁλλοτριοῦντες’
1729 2198 1777 2250 εἰ
1810 2196 1868 2250 δὲ

298 2301 399 2367 τὴν
428 2296 528 2366 μὲν
552 2295 700 2359 λέξιν
729 2295 790 2345 οὐ
833 2293 1252 2362 παραδέχονται,
1288 2291 1425 2345 ἀλλὰ
1469 2292 1579 2344 τῶν
1608 2290 1867 2344 διδασκᾶ-

304 2386 410 2439 λων
437 2387 465 2437 6
489 2385 681 2464 λόγος..
699 2383 764 2437 El
793 2382 850 2436 δὲ
879 2383 978 2452 τὴν
1009 2381 1110 2451 μὲν
1140 2382 1283 2446 λέξιν
1328 2381 1403 2444 ὡς
1439 2380 1548 2434 τῶν
1584 2380 1755 2446 ἁγίων
1784 2376 1871 2434 οῦ-

305 2494 406 2530 σαν
448 2478 886 2547 ἀναγκαζόμενοι
916 2475 1274 2547 προσίενται,
1324 2475 1451 2527 νοῦν
1503 2475 1559 2528 δὲ
1609 2473 1756 2543 ἔχειν
1807 2475 1871 2526 ὲκ

299 2567 507 2639 ταύτης
554 2570 743 2623 οὐδένα
798 2568 1118 2639 βούλονται,
1172 2567 1525 2625 παντάπασιν
1580 2564 1874 2634 ἀδιανόητα

301 2660 655 2730 φθέγγονται,
708 2661 829 2713 κατ’
863 2660 1049 2714 ἐκεῖνα
1082 2658 1192 2711 τῶν
1240 2657 1396 2722 ζώων
1425 2656 1493 2710 τὰ
1538 2655 1730 2723 ἄλογα,
1761 2649 1874 2707 οἷον

300 2751 405 2821 τὴν
438 2753 626 2803 κίτταν
654 2751 749 2803 καὶ
780 2750 1054 2820 ἀκούομεν
1082 2749 1178 2802 καὶ
1202 2746 1421 2818 δρῶμεν
1445 2746 1631 2816 φωνὴν
1661 2744 1875 2815 ἀνθρωο

304 2842 469 2909 πίνην
500 2842 969 2911 προϐαλλομένην,
1003 2841 1032 2893 6
1063 2840 1122 2894 δὲ
1149 2839 1203 2893 τί
1234 2839 1353 2893 ποτ’
1399 2838 1468 2893 ἂν
1499 2839 1595 2891 καὶ
1618 2837 1766 2905 λέγοι
1798 2835 1875 2906 μὴ

308 2935 606 2997 συνιεῖσαν,
628 2932 689 2985 οὐ
720 2932 863 2986 κατὰ
911 2932 1115 2986 σκοπὸν
1160 2931 1271 2984 τῶν
1320 2930 1656 2985 διδασκάλων
1687 2931 1877 2999 ἀναγί-

1954 485 2076 539 quae
2105 478 2234 524 sunt
2276 472 2342 524 ad
2376 469 2581 538 aliquid
2601 507 2616 531 ,
2648 476 2704 521 et
2747 481 3011 535 personas
3037 469 3349 521 necessario
3381 469 3526 522 indi-

1953 566 2102 624 cant,
2131 572 2252 628 qua:
2295 572 2355 613 se
2386 557 2592 612 habent
2634 558 2868 611 relative
2898 557 2965 610 ad
2997 556 3228 611 invicem
3257 573 3271 621 ;
3318 557 3527 613 idcirco

1954 650 2137 705 dicere
2186 650 2545 705 substantiam
2597 649 2797 715 Patris,
2843 664 3110 718 generare
3154 649 3518 704 substantiam

1957 742 2106 809 Filii,
2130 756 2326 796 verum
2354 750 2460 806 est,
2491 742 2620 810 quia
2653 754 2752 809 per
2780 739 3145 796 substantiam
3177 738 3358 795 Patris
3386 740 3523 795 nihil

1956 832 2106 891 aliud
2150 831 2462 901 intelligere
2511 831 2674 897 licet,
2718 845 2883 899 quam
2929 830 3265 900 hypostasim
3318 831 3521 894 Patris,

1957 912 2061 983 seu
2099 939 2414 996 personam.
2457 924 2776 995 Hypostasis
2804 934 3025 987 autem,
3073 934 3354 979 ostensum
3404 933 3524 991 est,

1956 1033 2078 1075 esse
2105 1031 2397 1073 commune
2432 1030 2554 1070 cum
2579 1015 2842 1085 proprio;
2877 1023 2932 1070 et
2968 1008 3268 1071 substantia
3301 1017 3523 1087 quidem

1958 1122 2249 1164 commune
2291 1114 2419 1172 est;
2463 1105 2598 1159 illud
2631 1120 2765 1160 vero
2806 1106 2967 1161 Pater
2997 1108 3281 1175 proprium
3314 1118 3401 1163 est
3429 1109 3529 1179 (si-

1960 1199 2181 1270 quidem
2212 1213 2321 1253 non
2370 1207 2456 1251 est
2504 1212 2643 1266 opus
2674 1197 2901 1259 sentire,
2945 1196 3109 1251 aliam
3143 1198 3365 1267 quidem
3408 1213 3532 1253 esse

1960 1307 2075 1346 rem
2136 1289 2524 1353 substantiam,
2574 1288 2736 1342 aliam
2792 1303 2921 1343 vero
2973 1288 3333 1358 hypostasim,
3383 1290 3530 1344 aliud

1960 1391 2142 1435 autem
2174 1381 2415 1441 Patrem,
2447 1378 2594 1432 aliud
2636 1380 3046 1446 paternitatem,
3081 1380 3225 1447 quod
3267 1394 3371 1432 una
3406 1395 3534 1434 cum

1963 1472 2243 1541 impietate
2287 1472 2518 1525 multum
2547 1471 2711 1523 etiam
2746 1470 2911 1524 habet
2937 1471 3243 1539 stultitiae),
3274 1483 3329 1526 et
3356 1472 3534 1527 simile

1962 1576 2077 1630 est,
2135 1581 2199 1620 ac
2248 1565 2296 1619 si
2348 1565 2651 1629 diceretur,
2714 1563 2893 1617 Patris
2953 1564 3262 1633 hypostasis
3310 1574 3538 1635 generat

1966 1656 2299 1728 hypostasim
2327 1656 2472 1718 Filii,
2500 1654 2648 1724 quod
2685 1668 2817 1708 sane
2842 1654 2995 1724 juxta
3042 1654 3370 1723 positionem
3406 1656 3535 1710 ildci

1965 1759 2070 1804 est.
2102 1748 2228 1804 Haec
2257 1749 2424 1817 igitur
2460 1748 2679 1817 penitus
2706 1749 3047 1818 ignorarunt,
3082 1763 3220 1818 quos
3246 1750 3538 1817 oportebat

1967 1841 2050 1895 vel
2075 1856 2104 1893 a
2132 1840 2351 1908 seipsis,
2370 1839 2455 1892 vel
2487 1840 2554 1892 ab
2580 1839 2703 1893 aliis
2733 1839 2980 1900 edortos,
3015 1853 3123 1893 non
3156 1838 3293 1894 adeo
3328 1854 3357 1893 a
3388 1841 3537 1893 veri-

1966 1943 2077 1988 tate
2126 1934 2405 1999 aberrare,
2457 1946 2637 2000 neque
2691 1946 2749 1986 se
2799 1929 3076 2000 sapientes
3102 1946 3228 1986 esse
3276 1934 3402 1985 cuni
3454 1933 3537 1986 fa-

1969 2032 2207 2088 teantur,
2247 2022 2517 2090 desipere.
2550 2020 2810 2086 Quamvis
2840 2035 2964 2075 cum
3012 2020 3215 2075 dicitur
3248 2019 3366 2074 Filii
3408 2023 3541 2076 sub«

1968 2112 2170 2166 stantia
2206 2127 2275 2165 ex
2308 2111 2617 2166 substantia
2652 2109 2830 2163 Patris
2856 2108 3129 2178 generari,
3161 2124 3293 2162 num
3326 2108 3535 2169 sensui,

1968 2220 2034 2256 an
2071 2202 2253 2256 verbis
2284 2199 2707 2255 contradicunt?
2733 2198 2789 2253 Si
2821 2201 2967 2253 enim
2994 2199 3201 2262 sensui,
3227 2199 3279 2251 in
3312 2214 3541 2252 numero

1971 2292 2271 2348 inﬁdelium
2321 2291 2706 2354 collocentur;
2768 2289 2970 2359 quippe
3016 2288 3109 2357 qui
3178 2288 3538 2343 substantiam

1972 2383 2095 2436 Filii
2130 2397 2161 2435 a
2194 2382 2499 2436 subeuntia
2529 2380 2708 2435 Patris
2738 2380 3002 2434 alienant.
3037 2378 3134 2433 Sin
3185 2378 3408 2432 modum
3444 2378 3544 2431 di-

1972 2474 2132 2530 cendi
2160 2490 2269 2528 non
2296 2474 2610 2543 recipiunt,
2648 2472 2797 2541 atqui
2833 2472 3086 2526 doctores
3114 2470 3186 2525 ita
3218 2470 3542 2540 loquuntur.

1983 2564 2139 2632 Quod
2184 2565 2232 2618 si
2286 2566 2585 2623 dictionem
2633 2564 2857 2635 quidem
2905 2573 3164 2630 tanquam
3222 2572 3542 2617 sanctorum

1971 2656 2324 2711 exsistentem
2344 2656 2517 2711 coacti
2544 2657 2859 2717 admittunt,
2875 2670 3096 2709 sensum
3122 2662 3301 2708 autem
3330 2655 3542 2709 nullum

1972 2761 2040 2803 ex
2069 2746 2168 2802 hoc
2197 2747 2361 2801 modo
2390 2746 2649 2816 loquendi
2678 2746 2931 2811 eliciunt,
2973 2745 3291 2800 omnimodo
3324 2744 3544 2798 inintel-

1973 2838 2201 2909 ligibilia
2245 2839 2569 2908 loquuntur,
2610 2838 2678 2893 ad
2745 2839 2919 2892 instar
2962 2837 3185 2891 illorum
3228 2836 3547 2891 animalium

1977 2929 2459 2995 irrationabilium,
2484 2928 2666 2999 qualis
2693 2938 2779 2984 est
2818 2929 2965 2999 pica,
3001 2944 3163 2999 quam
3207 2927 3456 2982 audimus
3496 2937 3550 2983 et

304 3023 650 3101 6166x061“,
703 3025 753 3078 οἳ
796 3024 949 3077 ταῦθ’
981 3023 1120 3094 ὑπὲρ
1152 3022 1314 3093 ήμῶν
1350 3023 1875 3094 ἐπραγματεύσαντο

1978 3020 2228 3077 videmus
2251 3035 2442 3076 vocem
2470 3020 2766 3076 humanam
2792 3021 3183 3091 proferentem,
3207 3020 3338 3091 quid
3365 3029 3549 3075 autem

304 3112 509 3167 πάντα.
547 3113 607 3165 El
650 3112 697 3165 6‘
741 3112 816 3175 ὡς
859 3112 1139 3181 ἄνθρωποι
1190 3111 1285 3165 καί
1312 3127 1437 3165 τινα
1483 3110 1608 3166 νοῦν
1639 3110 1784 3181 ἔχειν
1812 3112 1877 3165 ὲκ

304 3205 411 3272 τῆς
462 3205 662 3271 λέξεως
715 3204 1034 3275 βούλονται,
1064 3202 1118 3256 τί
1149 3203 1228 3273 τῷ
1282 3201 1574 3273 γράμματι
1621 3201 1877 3271 καθάπερ

323 3296 572 3350 Ἰουδαῖοι
617 3296 1050 3368 προσπταίοντες
1098 3295 1439 3365 πάσχουσιν;
1492 3294 1634 3365 ὅπερ
1665 3295 1694 3348 6
1734 3294 1877 3355 θεῖος

309 3387 590 3448 Διονύσιος
636 3386 831 3452 ἄλογον
882 3384 978 3437 καὶ
1025 3383 1216 3436 σκαιὸν
1243 3378 1386 3437 εἶναι
1420 3381 1591 3450 λέγει,
1616 3382 1679 3435 τὸ
1706 3381 1786 3451 μὴ
1810 3383 1877 3452 τῇ

307 3476 543 3545 δυνάμει
576 3476 669 3529 τοῦ
702 3472 909 3527 σκοποῦ
958 3473 1272 3544 προσέχειν,
1326 3472 1462 3528 ἀλλὰ
1493 3476 1616 3537 ταῖς
1655 3472 1833 3539 λέξεσι
1862 3491 1876 3539 ;

310 3566 410 3618 καὶ
443 3566 634 3635 ὥσπερ
666 3566 841 3635 νήπια
874 3564 1166 3633 φοϐοῦνται
1220 3564 1407 3634 φόϐον,
1435 3565 1571 3618 ὅπου
1614 3565 1716 3619 οὐκ
1764 3566 1881 3618 ἐστι

310 3658 519 3727 φόϐος;
573 3656 710 3711 ἀλλὰ
752 3656 834 3729 μὴ
870 3656 1007 3724 πρὸς
1031 3656 1123 3708 τὸν
1156 3654 1282 3709 νοῦν
1327 3656 1577 3726 ἀφορῶσι
1604 3657 1711 3709 τῶν
1738 3656 1884 3710 διδα-

312 3750 554 3813 σκάλων,
588 3748 648 3814 ἐξ
679 3743 754 3801 ὧν
809 3747 993 3809 αὐτοῖς
1045 3744 1111 3799 ἂν
1143 3746 1331 3800 εἵπετο
1370 3749 1521 3801 πᾶσα
1570 3746 1882 3815 καθαρότης

309 3839 425 3891 τῶν
458 3826 669 3905 λογωνξ
698 3837 811 3891 Νῦν
842 3838 952 3907 γὰρ
982 3838 1119 3906 πρὸς
1155 3838 1355 3901 αὐτοὺς
1403 3840 1740 3908 ἀφορῶντες,
1790 3841 1885 3893 καὶ

309 3925 429 3983 οἷον
460 3931 646 3992 αὐτοῖς
675 3929 898 3983 κανόσιν
945 3928 1065 3983 οὖσι
1098 3931 1222 3992 τοὺς
1266 3930 1457 3999 λόγους
1490 3932 1884 4002 προσάγοντες,

313 4018 419 4077 τὰς
453 4018 629 4088 ἀρχὰς
676 4019 775 4087 τῆς
811 4018 1050 4081 πίστεως
1083 4016 1391 4088 ἀναιροῦσι,
1439 4020 1536 4072 καὶ⁵
1589 4018 1886 4090 βλάσφημα

316 4108 453 4177 περὶ
477 4107 570 4159 τοῦ
596 4106 730 4159 Θεοῦ
767 4106 1251 4177 συμπεραίνουσιν.
1285 4109 1361 4162 Οὐ
1391 4108 1501 4180 γὰρ
1542 4108 1808 4180 δήπουθεν
1836 4110 1887 4164 οἱ

316 4197 633 4251 διδάσκαλοι
658 4199 752 4251 δύο
779 4198 967 4260 οὐσίας
999 4200 1064 4251 ἐκ
1094 4197 1190 4252 τοῦ
1216 4198 1379 4268 λόγου
1410 4200 1550 4251 νοεῖν
1578 4198 1885 4270 βούλονται,

317 4290 821 4359 ἁπεσχοινισμένας
872 4288 1156 4357 ἀλλήλων,
1217 4287 1437 4359 ἀριθμῷ
1488 4288 1886 4358 διαφερούσας,

1980 3112 2075 3176 sit,
2103 3112 2251 3181 quod
2276 3111 2433 3175 dicit,
2471 3125 2580 3165 non
2619 3111 3015 3182 intelligentem
3056 3128 3069 3162 :
3102 3127 3210 3166 non
3244 3112 3550 3167 secundum

1979 3213 2220 3258 mentem
2269 3202 2561 3258 doctorum
2610 3201 2873 3272 legentes,
2913 3205 3007 3271 qui
3052 3203 3170 3257 haec
3214 3203 3399 3257 omnia
3448 3218 3550 3272 pro

1978 3292 2140 3347 nobis
2177 3299 2504 3347 tractarunt.
2521 3291 2679 3357 Quod
2706 3292 2752 3345 si
2785 3299 2845 3346 ut
2879 3292 3131 3347 homines
3158 3292 3397 3362 aliquem
3426 3309 3553 3348 sen-

1979 3397 2101 3437 sum
2138 3397 2205 3438 ex
2237 3382 2506 3438 vocabulo
2552 3392 2777 3447 eruunt,
2812 3398 2986 3452 quare
3020 3384 3225 3448 littera,
3274 3393 3335 3438 ut
3376 3385 3551 3440 .luda-i

1980 3471 2342 3528 offenduntur
2363 3474 2386 3527 ?
2411 3474 2655 3545 illudque
2684 3473 2969 3543 patiuntur
2992 3476 3141 3543 quod
3178 3475 3399 3530 divinus
3422 3477 3554 3531 Dio-

1981 3564 2175 3635 nysius
2198 3564 2539 3634 irrationale,
2578 3581 2644 3621 ac
2690 3566 2919 3621 stultum
2962 3583 3093 3622 esse
3131 3568 3377 3622 asserit?
3405 3569 3555 3638 quod

1982 3670 2094 3711 non
2116 3656 2183 3711 ad
2214 3656 2325 3711 vim
2352 3672 2566 3723 sensus,
2594 3656 2691 3713 sed
2720 3658 2787 3712 ad
2816 3658 3087 3713 dictiones
3115 3661 3361 3714 animum
3390 3660 3556 3714 adhi-

1983 3747 2192 3804 beant?
2219 3757 2275 3803 et
2317 3747 2464 3803 sicut
2505 3749 2719 3818 parvuli
2756 3750 3006 3804 timorem
3036 3750 3283 3813 timeant,
3318 3753 3411 3807 ubi
3446 3768 3556 3807 non

1984 3846 2069 3893 est
2098 3838 2296 3895 timor?
2324 3854 2503 3909 neque
2533 3837 2603 3893 ad
2635 3848 2872 3895 mentem
2900 3839 3184 3895 doctorum
3217 3841 3560 3910 respiciant?

1985 3944 2051 3983 ex
2078 3930 2282 4000 quibus
2314 3939 2641 4001 sequeretur
2673 3930 2808 3999 ipsis
2834 3932 3124 3987 verborum
3151 3933 3558 4002 perspicuitas?

1985 4023 2145 4079 Nunc
2193 4035 2326 4076 vero
2377 4020 2444 4075 ad
2504 4022 2654 4090 ipsos
2718 4021 3112 4090 respicientes,
3164 4034 3329 4093 atque
3383 4025 3556 4080 veluti

1988 4114 2205 4184 regulas
2253 4128 2481 4168 suorum
2548 4113 2825 4167 dictorum
2876 4114 3241 4179 adhibentes,
3293 4117 3562 4187 principia

1990 4204 2114 4259 ﬁdei
2143 4204 2361 4270 tollunt,
2390 4215 2557 4273 atque
2600 4203 2919 4273 blasphema
2958 4206 3025 4259 de
3065 4206 3176 4261 Deo
3202 4210 3561 4264 concludunt.

1989 4295 2109 4349 Non
2157 4296 2305 4349 enim
2351 4294 2600 4364 profecto
2636 4296 2891 4350 doctores
2940 4299 3077 4352 duas
3121 4298 3459 4367 substantias
3486 4314 3556 4354 ex

316 4380 437 4433 ἀλλ’
464 4382 549 4433 ὅτι
580 4381 690 4437 τῶν
739 4380 1048 4450 προσώπων
1091 4379 1322 4435 ἕκαστον
1349 4379 1614 4446 ἐνούσιον,
1647 4382 1743 4433 καὶ
1766 4382 1877 4435 καθ

1997 4384 2092 4439 illo
2130 4399 2385 4440 sermone
2433 4386 2740 4456 intelligere
2771 4387 2963 4441 volunt
2992 4388 3270 4458 sejunctas
3309 4390 3378 4444 ab
3422 4390 3563 4444 invi-

320 4472 457 4524 αὖτδ
501 4471 749 4540 ὑφεστὼς
781 4472 953 4537 ἴσασι,
980 4472 1075 4524 καὶ
1110 4471 1234 4525 οὗτε
1271 4472 1371 4543 τὴν
1401 4472 1701 4526 ὑπόστασιν
1732 4472 1892 4526 ἀνού-

323 4580 460 4629 σιον,
489 4563 597 4615 οὐδ’
626 4559 695 4616 αὖ
743 4563 933 4616 οὐσίαν
959 4565 1337 4619 ἀνυπόστατον
1370 4564 1572 4617 ἐκεῖνοι
1602 4564 1737 4633 φασί
1759 4581 1774 4596 ο
1798 4565 1892 4618 διὰ

324 4652 428 4723 μὲν
457 4653 554 4706 τοῦ
602 4653 729 4716 Υἱὸς
760 4653 857 4725 τὴν
889 4653 1188 4707 ὑπόστασιν
1219 4654 1251 4723 ἢ
1284 4654 1347 4706 τὸ
1390 4655 1685 4725 πρόσωπον
1733 4672 1895 4725 παρι-

320 4743 583 4809 στῶντες,
636 4745 723 4797 διὰ
774 4745 830 4797 δὲ
858 4745 957 4813 τῆς
1005 4745 1195 4808 οὐσίας
1236 4746 1486 4799 ἐνούσιον
1535 4748 1630 4800 καὶ
1679 4746 1895 4800 τελείαν

318 4833 518 4888 οὐσίαν
547 4836 957 4906 σαφηνίζοντες,
989 4837 1086 4890 καὶ
1110 4835 1299 4889 οὐσίαν
1328 4837 1458 4890 Υίοῦ
1487 4838 1610 4891 ἀντὶ
1634 4837 1732 4906 τῆς
1767 4838 1899 4890 ὐπο-

317 4927 571 4989 στάσεως
614 4927 778 4979 αὐτοῦ
838 4926 1314 4995 ἐκλαμϐάνοντεςσ
1360 4925 1502 4979 ὥστε
1553 4927 1655 4997 τῆς
1700 4926 1899 4991 λέξεως

318 5018 436 5070 τῶν
483 5017 819 5070 διδασκάλων
874 5017 1014 5085 μετὰ
1042 5019 1143 5086 τῆς
1179 5017 1502 5087 πρεπούσης
1541 5018 1751 5081 ἑννοίας
1782 5019 1900 5087 ἑχό-

327 5124 504 5179 μενοι,
561 5108 679 5178 μεθ’
709 5107 869 5177 ἡμῶν
900 5124 958 5160 τε
1005 5108 1275 5161 κάκείνων
1313 5109 1652 5162 ἐστάτωσαν.
1687 5108 1900 5177 Ὠσπερ

326 5199 438 5267 γὰρ
461 5198 554 5252 τὸν
584 5197 710 5250 Υἱὺν
742 5200 808 5249 ὲκ
838 5196 931 5249 τοῦ
966 5197 1103 5250 Θεοῦ
1134 5192 1275 5250 εἶναι
1301 5196 1556 5266 λέγομεν⁹
1604 5199 1699 5250 καὶ
1726 5199 1784 5249 οὐ
1812 5198 1902 5267 δή-

326 5304 435 5341 που
468 5289 601 5341 διότὶ
629 5292 657 5341 6
703 5289 829 5351 Υίὸς
862 5289 994 5351 Θεός
1038 5292 1176 5353 ἐστι,
1219 5290 1313 5342 καὶ
1338 5292 1365 5343 ὁ
1399 5289 1588 5359 Πατὴρ
1619 5290 1771 5351 Θεὸς,
1812 5290 1905 5341 καὶ

327 5377 393 5430 τὸ
428 5376 650 5443 Πνεῦμα
688 5378 748 5430 τὸ
780 5376 934 5445 ἅγιον
969 5378 1124 5441 Θεὸς,
1160 5377 1223 5430 τὸ
1269 5380 1419 5447 ῥῆμα
1456 5377 1902 5449 ἀποϐαλλόμεθςι,

330 5469 421 5520 ἵνα
457 5469 535 5537 μὴ
562 5466 1008 5537 ἀναγκαζώμεθα
1055 5466 1218 5535 δῆθεν
1247 5467 1280 5537 ἢ
1327 5468 1419 5520 τὸν
1451 5466 1578 5519 Υίὸν
1600 5466 1661 5532 ἐξ
1708 5467 1904 5521 ἑαυτοῦ

329 5559 515 5627 λέγειν
544 5558 695 5621 δντος
724 5558 882 5622 Θεοῦ,
923 5558 957 5627 ἢ
989 5560 1054 5611 ἐκ
1083 5556 1177 5611 τοῦ
1212 5559 1370 5625 ἁγίου
1409 5557 1753 5628 Πνεῦματος,
1787 5559 1907 5612 ἀλλ’

335 5649 540 5713 εἰδότες
567 5648 661 5702 δύο
712 5648 970 5719 προόδους
998 5650 1057 5703 ἐν
1084 5646 1162 5715 τῷ
1190 5647 1308 5717 Θεῷ
1340 5646 1504 5711 οῦσας
1541 5649 1779 5717 φυσικὰς
1809 5650 1904 5703 καὶ

580 5744 854 5803 ΡΑτιοι..
893 5744 1011 5804 Gn.
1056 5736 1259 5801 CLIV.

1994 4490 2113 4529 cem
2155 4474 2472 4531 diﬂ‘erentes
2519 4492 2774 4544 numero,
2799 4478 2893 4533 sed
2918 4479 3066 4548 quod
3117 4494 3565 4549 unamquamque

1994 4580 2281 4635 personam
2332 4568 2732 4633 exsistentem,
2787 4577 2844 4627 et
2892 4585 2989 4639 per
3047 4584 3107 4625 se
3169 4570 3561 4627 subsistentem

1996 4669 2235 4723 norunt;
2265 4666 2323 4712 et
2368 4674 2550 4728 neque
2579 4659 2913 4729 hypostasim
2945 4659 3064 4715 sine
3102 4660 3436 4725 substantia,
3464 4676 3563 4714 nc-

1997 4763 2105 4818 que
2136 4749 2506 4804 substantiam
2534 4751 2653 4805 sine
2680 4752 2958 4822 hypostasi
2984 4767 3108 4806 esse
3138 4753 3241 4821 ipsi
3268 4762 3520 4827 asserunt
3549 4770 3562 4805 :

1998 4844 2097 4909 per
2125 4841 2272 4917 illam
2298 4856 2515 4906 vocem,
2550 4842 2742 4905 Filius,
2778 4844 3108 4913 hypustasim
3151 4860 3243 4895 seu
3272 4859 3561 4912 personam

2000 4930 2349 4996 indicantes;
2400 4946 2497 5000 per
2541 4933 2900 4987 substantiam
2932 4942 3139 4997 autem,
3171 4934 3563 4988 subsistentem

2001 5019 2410 5091 perfectamque
2440 5022 2799 5076 substantiam
2834 5024 3191 5090 explicantes,
3232 5034 3397 5091 atque
3428 5025 3563 5077 sub-

2004 5114 2258 5167 stantiam
2308 5113 2431 5167 Filii
2486 5115 2608 5168 loco
2654 5116 2775 5185 ejus
2804 5116 3157 5186 hypostaseos
3202 5117 3559 5185 accipientes.

2004 5204 2193 5273 Itaque
2242 5205 2469 5260 dictioni
2507 5205 2791 5263 doctorum
2842 5223 2966 5262 cum
3020 5208 3365 5261 convenienti
3401 5223 3568 5263 sensu

2005 5294 2349 5348 adhmrentes
2395 5296 2705 5359 nobiscum,
2740 5306 2797 5351 et
2830 5313 2954 5352 cum
3006 5298 3138 5368 ipsis
3176 5309 3342 5353 stent.
3375 5300 3575 5362 Quem-

2006 5383 2300 5437 admodum
2348 5384 2542 5440 Fiiium
2603 5403 2672 5441 ex
2721 5388 2832 5442 Deo
2874 5404 2996 5444 esse
3024 5390 3281 5453 dicimus,
3312 5400 3367 5445 et
3421 5403 3574 5446 certe

2010 5488 2117 5526 non
2143 5484 2453 5542 propterea,
2475 5476 2602 5545 quia
2632 5477 2801 5532 Filius
2822 5478 2967 5534 Deus
2997 5488 3100 5541 est,
3129 5490 3184 5533 et
3211 5481 3370 5535 Pater
3406 5480 3576 5545 Deus,

2008 5575 2063 5617 et
2111 5561 2354 5631 Spiritus
2393 5574 2617 5620 sanctus
2650 5568 2813 5633 Deus,
2866 5569 2969 5624 hoc
3006 5570 3233 5625 verbum
3273 5570 3572 5640 nejicimus,

2011 5669 2081 5709 ne
2113 5668 2375 5723 cogamur
2404 5671 2534 5711 sane
2568 5659 2651 5711 vel
2698 5659 2897 5714 Filium
2929 5676 2959 5715 a
2990 5677 3049 5717 se
3088 5662 3293 5730 dicere,
3337 5677 3463 5718 cum
3505 5661 3579 5721 sit

3063 5755 3143 5814 29
