3862 6218
462 247 561 309 907

462 363 628 428 l-‘eus,
658 363 741 417 vel
780 379 806 416 a
837 373 1025 419 saneto
1053 364 1281 435 Spiritu,
1337 365 1428 419 sed
1473 381 1593 419 cum
1628 364 1870 421 sciamus
1901 364 2038 418 duos

459 470 579 507 essv
614 470 904 523 proressus
956 456 1006 508 in
1040 457 1149 509 Deo
1180 456 1479 521 naturales,
1517 471 1579 510 ac
1613 456 2021 521 substantiales,

462 548 700 598 alterum
730 546 947 614 quidem
983 546 1285 601 secundum
1323 549 1758 618 generationem,
1792 547 2025 601 alterum

461 646 643 688 autem
686 634 989 691 secundum
1041 639 1468 705 processionem,
1517 646 1574 692 et
1629 638 1824 691 Filium
1873 638 2026 707 juxta

462 741 783 793 processum
834 727 1135 781 secundum
1194 731 1607 799 generationem
1652 729 2027 785 exsistentiam

462 818 699 881 habere;
727 826 783 871 et
835 834 958 872 cum
990 820 1247 875 audimus
1286 822 1481 875 Filium
1516 822 1697 876 statim
1725 830 1781 876 et
1812 823 2028 876 Patrem

464 908 840 976 intelligimus,
873 909 939 962 ad
974 925 1098 964 eum
1130 913 1331 981 quippe
1364 914 1622 975 refertur,
1650 922 1706 966 et
1738 920 2028 981 propterea

461 996 592 1049 illud
645 1012 709 1049 ex
775 998 887 1050 Deo
946 998 1177 1062 Filium,
1216 1016 1315 1069 pro
1364 1016 1429 1053 ex
1476 1001 1637 1054 Patre
1686 999 2026 1069 accipimus,

396 1140 405 1163 λ
462 1089 697 1157 indeque
732 1100 786 1143 et
823 1090 1049 1143 dictioni
1089 1092 1454 1155 adlueremus,
1487 1101 1540 1146 et
1572 1108 1599 1145 a
1649 1102 1797 1146 recta
1830 1092 2032 1145 intelli-

460 1181 640 1246 gentia
692 1194 798 1233 non
849 1180 1187 1239 aberramus.
1234 1181 1325 1236 Sic
1369 1184 1533 1235 etiam
1570 1184 1905 1236 conveniens
1946 1191 2031 1235 est

402 1324 406 1333 ι
461 1269 528 1320 de
560 1268 625 1321 iis
654 1267 796 1322 ferre
821 1269 1116 1338 judicium.
1152 1279 1211 1324 ut
1240 1279 1293 1325 et
1324 1272 1591 1339 principia
1638 1272 1786 1336 fidei,
1820 1282 1875 1323 et
1909 1270 2032 1323 uni-

461 1359 704 1413 versales
741 1360 981 1414 rationes
1024 1375 1330 1427 servemus,
1366 1370 1420 1415 et
1464 1362 1847 1416 conclusiones
1876 1360 2031 1430 prin-

462 1450 620 1515 cipiis
661 1450 976 1503 consentire
1008 1450 1331 1519 contiugat.,

532 1541 721 1609 Neque
750 1556 879 1595 vero
907 1540 1265 1596 substantiam
1292 1556 1357 1593 ex
1384 1540 1683 1595 substantia
1712 1556 1832 1596 esse
1858 1540 2034 1595 omni-

462 1648 534 1684 no
576 1631 885 1701 negaudum
924 1640 1050 1687 est:
1093 1632 1256 1685 modo
1301 1643 1605 1701 apponatur
1647 1632 2032 1687 determinatio

462 1724 825 1789 conveniens,
883 1739 1003 1793 qua:
1060 1724 1424 1794 intelligatur,
1480 1724 1565 1778 vel
1622 1725 1854 1779 dicatur.
1915 1722 2037 1776 Non

464 1817 608 1869 enim
644 1816 696 1868 in
724 1816 1058 1878 nominibus,
1086 1817 1179 1870 sed
1215 1816 1267 1869 in
1303 1816 1471 1869 animi
1501 1817 1754 1871 sensibus
1783 1817 2034 1872 consistit

466 1906 621 1960 nobis
669 1906 859 1975 religio
908 1905 1061 1976 juxta
1111 1907 1355 1960 divinum
1399 1905 1744 1976 Gregorium.
1799 1906 1933 1960 Nam
1982 1916 2035 1961 et

465 1998 599 2051 il-lud
650 1998 739 2066 pie
782 1997 890 2049 dici
936 2008 1137 2066 potest,
1184 1997 1481 2051 dummodo
1530 2012 1629 2051 nos
1670 1998 2036 2067 intelligamus

464 2106 560 2155 per
590 2089 949 2143 substantiam
986 2089 1229 2156 quidem,
1257 2090 1515 2143 videlicet
1549 2090 1768 2154 Filium,
1798 2106 1865 2144 ex
1900 2091 2031 2145 sub-

462 2179 660 2231 stantia
688 2193 818 2231 vero
853 2178 1098 2243 Patrem;
1126 2194 1191 2232 eo
1217 2178 1361 2247 quod
1400 2189 1628 2248 uterque
1658 2180 1876 2235 illorum
1906 2180 2034 2235 sub-

464 2272 661 2325 sistens
718 2270 808 2336 sit,
856 2280 910 2324 et
955 2269 1195 2339 perfecta
1245 2272 1569 2336 substantia,
1620 2279 1924 2341 totumque,
1977 2279 2034 2325 ut

465 2363 517 2414 di
556 2372 665 2415 tum
691 2370 793 2415 est.
830 2362 965 2415 Nam
998 2370 1051 2415 et
1088 2360 1256 2415 Deum
1294 2378 1482 2416 verum
1511 2363 1579 2416 de
1604 2361 1714 2417 Deo
1741 2380 1871 2417 vero
1906 2379 2036 2418 con-

467 2455 709 2521 litemur;
760 2468 870 2506 non
926 2462 1104 2507 tamen
1165 2461 1454 2523 propterea
1518 2456 1653 2509 duas
1702 2456 2034 2510 substantias

464 2545 623 2599 fateri
648 2545 914 2616 cogimur,
934 2554 994 2600 ut
1016 2561 1195 2616 neque
1221 2547 1359 2602 duos
1382 2547 1512 2603 deos
1533 2546 1684 2618 juxta
1708 2549 2032 2618 positionem

466 2636 613 2691 fidei.

535 2726 690 2791 Quod
746 2735 928 2782 autem
985 2710 1209 2798 prorsus
1267 2744 1373 2784 non
1422 2731 1495 2785 sit
1531 2730 1686 2786 nefas
1734 2733 1807 2787 ita
1861 2734 2030 2803 loqui,

467 2833 694 2885 magnus
738 2817 1069 2873 Athanasius
1122 2820 1284 2873 tradit
1330 2820 1383 2873 in
1429 2820 1821 2889 disputatione,
1871 2839 2034 2892 quam

466 2910 636 2961 edidit
659 2907 945 2963 0rlhodoxi
973 2926 1035 2964 ac
1069 2909 1374 2977 Dissimilis,
1403 2912 1481 2966 sic
1516 2912 1705 2967 dicens
1731 2932 1745 2968 :
1783 2934 1801 2965 ι
1833 2915 2033 2971 Natura

472 3002 562 3053 Dei
594 3012 675 3054 est
715 3017 875 3057 causa
919 3010 974 3056 et
1014 3001 1133 3057 Filii
1184 3011 1239 3057 et
1275 3002 1514 3071 Spiritus
1546 3005 1742 3069 sancti,
1772 3021 1835 3060 ac
1867 3006 2034 3061 totius

467 3101 750 3146 creatum.
785 3112 803 3143 ι
838 3095 993 3158 Quod
1030 3109 1162 3149 sane
1192 3110 1382 3149 rursus
1424 3110 1548 3149 cum
1578 3095 2033 3153 determinatione

468 3192 685 3250 oportet
724 3184 1055 3254 intelligere.
1096 3186 1219 3241 Filii
1252 3188 1474 3256 quidem
1511 3198 1566 3244 et
1594 3192 1769 3245 sancti
1799 3193 2037 3258 Spiritus

470 3276 926 3339 substantialiter,
953 3291 1017 3330 ac
1044 3278 1391 3343 naturaliter,
1411 3288 1466 3332 et
1496 3282 2037 3338 consubstantialiter

468 3376 593 3421 ante
638 3367 819 3420 omnia
866 3369 1083 3434 satcula,
1126 3379 1185 3424 ut
1222 3369 1427 3425 dictum
1472 3383 1580 3436 est,
1616 3385 1671 3429 et
1710 3376 1825 3445 ipse
1874 3379 2038 3446 paulo

469 3458 607 3511 infra
657 3460 909 3527 exponit;
963 3469 1227 3515 creaturae
1282 3477 1412 3517 vero
1470 3465 1680 3520 ratione
1742 3470 2037 3524 creationis

469 3560 631 3619 atque
655 3550 707 3603 in
738 3559 1001 3619 tempore.
1031 3552 1232 3606 Deinde
1261 3553 1316 3607 in
1341 3558 1806 3626 consequentibus
1834 3560 1996 3614 infert
2020 3578 2033 3614 :

480 3662 495 3692 ι
541 3642 656 3695 Non
688 3650 772 3696 est
804 3652 985 3696 autem
1018 3643 1316 3711 ingenitum
1358 3646 1451 3700 Dei
1490 3663 1651 3703 causa
1696 3652 1883 3718 geniti.
1917 3652 2036 3707 Non

468 3732 611 3783 enim
649 3747 753 3783 non
790 3732 1041 3801 generari
1072 3733 1241 3786 Deum
1271 3734 1701 3791 substantiarum
1738 3747 1822 3792 est
1851 3755 2035 3807 causa,

470 3824 562 3876 sed
610 3823 915 3878 substantia
962 3840 1124 3880 causa
1155 3836 1240 3880 est
1271 3828 1721 3884 substantiarum.
1756 3849 1772 3881 ι
1808 3831 2036 3886 Tantum

472 3914 637 3982 igitur
663 3916 815 3969 abest
850 3926 905 3968 ut
941 3916 1011 3969 sit
1036 3917 1414 3985 blasphemqu
1445 3919 1576 3973 illud
1610 3921 1812 3987 dicere,
1841 3924 2037 3978 Filium

470 4023 533 4058 ex
565 4007 867 4059 substantia
896 4007 1073 4060 Patris
1102 4022 1245 4070 esse,
1271 4018 1328 4061 ut
1353 4009 1516 4062 etiam
1545 4011 1691 4079 quod
1718 4011 2042 4081 simpliciter

470 4095 767 4148 absurdum
800 4110 920 4147 esse
962 4095 1200 4158 videtur,
1230 4104 1374 4150 recte
1416 4112 1476 4151 se
1525 4099 1723 4153 habere
1757 4100 2038 4155 inventum

470 4183 564 4246 sit,
612 4182 775 4235 modo
828 4190 886 4234 ut
930 4181 1087 4234 decet
1123 4181 1482 4237 intellectum.
1530 4183 1685 4250 Quod
1736 4185 1781 4238 si
1825 4186 1929 4239 hoc
1971 4186 2040 4240 ab

474 4273 616 4325 illius
664 4272 1015 4341 intelligentia
1049 4273 1403 4340 denudatum,
1447 4276 1535 4344 pie
1576 4290 1632 4329 se
1678 4276 1861 4337 habet.
1904 4292 2040 4345 quo-

472 4365 634 4415 modo
675 4381 780 4416 non
815 4366 985 4435 magis
1017 4368 1177 4419 etiam
1216 4367 1345 4419 illud
1381 4377 1437 4420 ut
1488 4368 1634 4435 pium
1668 4368 2042 4437 recipiendum

471 4472 589 4508 csee
623 4458 873 4523 oportet?
906 4457 1095 4510 Dicere
1124 4461 1263 4511 enim
1303 4460 1664 4512 substantiam
1692 4474 1758 4513 ex
1790 4461 2042 4514 substan-

476 4551 567 4612 tia,
602 4563 707 4599 non
739 4546 897 4600 aliter
931 4558 1075 4601 recte
1106 4563 1163 4601 se
1194 4548 1466 4613 habuerit,
1503 4551 1607 4604 nisi
1650 4552 2041 4606 subaudiamus

483 4639 840 4693 substantiam
885 4639 1004 4692 Filii
1049 4654 1113 4692 ex
1158 4639 1464 4692 substantia
1506 4655 1623 4693 esse
1665 4640 1864 4706 Patris;
1896 4642 2041 4710 quod

473 4731 619 4783 enim
670 4729 979 4783 subsistens
1015 4738 1118 4795 est,
1164 4729 1579 4783 subsistentium
1631 4745 1793 4784 causa
1838 4742 1942 4796 est,
1981 4748 2045 4788 ac

476 4821 701 4887 perinde
726 4830 809 4874 est
836 4830 999 4890 atque
1030 4822 1074 4875 si
1110 4821 1389 4874 diceretur
1418 4839 1431 4873 :
1477 4821 1794 4891 llypostasis
1823 4823 1943 4876 Filii
1980 4838 2045 4877 ex

476 4913 751 4981 liypostasi
800 4912 975 4967 Patris
1021 4921 1333 4983 generatur,
1385 4914 1501 4967 sive
1557 4914 1724 4967 Filius
1773 4928 1838 4967 ex
1884 4915 2046 4969 Patre

476 5014 581 5059 εει.

1081 5206 1308 5262 CAPUT
1349 5206 1441 5261 IX.
1493 5226 1501 5233 ·

480 5312 1023 5387 Ουοιι-εοηινη-ᾴίςενο
1067 5315 1131 5365 iis
1174 5316 1262 5384 qui
1290 5316 1472 5387 dicunt
1516 5314 1778 5387 Spiritum
1808 5329 2045 5373 sanctum

548 5397 611 5433 ea:
640 5382 802 5457 Putre
834 5380 1080 5457 Filioque
1107 5380 1404 5457 procedere,
1441 5380 1606 5457 coegit
1636 5404 1719 5441 eos
1754 5404 1852 5442 non
1885 5390 2047 5457 conﬁ-

548 5453 646 5503 teri
675 5468 739 5503 ex
769 5451 1065 5508 substantia
1100 5451 1281 5521 Patris
1313 5472 1419 5508 esse
1452 5451 1671 5513 Filium.

550 5627 680 5692 Qua:
727 5628 889 5701 igitur
935 5632 1065 5701 ipsis
1112 5647 1218 5687 una
1265 5648 1388 5687 cum
1429 5635 1747 5703 deceptione
1793 5647 2051 5692 crearunt

1724 248 2107 310 DEMETRII
2149 246 2457 307 CYDONII

3550 247 3638 311 908

2068 368 2113 424 Α
2142 362 2444 424 οὐσιὼδεις,
2477 360 2577 427 τὴν
2616 360 2713 429 μὲν
2757 360 2902 414 κατὰ
2931 360 3201 428 γέννησιν,
3227 362 3321 431 τὴν
3343 361 3395 416 δὲ
3435 365 3540 415 κατ’
3572 366 3642 417 ἔκ-

2130 452 2414 521 πόρευσιν,
2474 452 2569 505 καὶ
2622 451 2713 503 τὸν
2775 451 2902 504 Υἱὸν
2932 453 3074 505 κατὰ
3122 452 3236 520 τὴν⁶
3266 452 3400 506 κατὰ
3429 455 3643 524 γέννησιν

2130 545 2357 611 πρὲοδον
2385 542 2482 611 τὴν
2517 541 2753 613 ὓπαρξιν
2782 545 2948 611 ἒχειν,
2986 545 3080 596 καὶ
3109 545 3199 597 τὸν
3230 543 3352 599 Υίὸν
3380 547 3640 610 ἀκούοντες,

2129 634 2330 686 αὐτίκα
2387 634 2481 685 καὶ
2539 634 2630 686 τὸν
2681 635 2904 705 Πατέρα
2950 636 3196 706 νοοῦμεν,
3226 638 3358 707 πρὸς
3402 641 3501 709 γὰρ
3520 640 3644 693 αὐτὸν

2129 725 2462 794 ἀναφέρεται
2491 739 2504 755 ·
2538 726 2633 779 καὶ
2660 725 2748 779 διὰ
2777 725 2935 780 τοῦτο
2959 727 3022 781 τὸ
3051 729 3115 780 ὲκ
3158 728 3250 782 τοῦ
3278 730 3407 782 Θεοῦ
3440 732 3521 784 τὶν
3551 733 3644 784 Υίὸν

2129 814 2251 867 ἀντὶ
2276 812 2371 866 τοῦ
2397 814 2461 867 ὲκ
2512 814 2606 867 τοῦ
2660 815 2877 885 Πατρὸς
2924 816 3366 886 ὲκλαμϐάνομεν,
3400 822 3644 874 κάντεῦθεν

2130 904 2229 973 τῆς
2260 921 2320 957 τε
2371 904 2571 969 λέξεως
2602 906 2867 975 ἐχόμεθα,
2897 908 2995 960 καὶ
3022 908 3122 975 τῆς
3169 908 3338 978 ὀρθῆς
3363 911 3551 973 ἐννοίας
3572 913 3645 980 οὐχ

2131 996 2542 1065 ἁμαρτάνομεν·
2582 996 2728 1050 οὐτω
2779 999 2877 1050 καὶ
2926 1002 3058 1068 περὶ
3097 999 3175 1052 τὰ
3215 1001 3437 1054 τοιαῦτα
3478 998 3646 1072 διαιτᾷν

2130 1088 2414 1157 προσῆκον
2442 1089 2745 1160 πανταχοῦ,
2770 1088 2848 1153 ὡς
2876 1089 2944 1143 ἂν
2981 1093 3081 1154 τὰς
3124 1093 3298 1163 ἀρχὰς
3323 1094 3419 1163 τῆς
3459 1094 3647 1157 πίστεως

2131 1182 2227 1232 καὶ
2255 1181 2381 1243 τοὺς
2410 1181 2641 1233 καθόλου
2676 1181 2871 1249 λόγους
2900 1182 3181 1254 τηρῶμεν.
3209 1185 3280 1238 τά
3305 1202 3363 1239 τε
3397 1201 3649 1256 συμπεραι-

2133 1270 2337 1340 νόμενα
2367 1274 2485 1335 ταῖς
2519 1273 2715 1343 ἀρχαῖς
2747 1273 3016 1329 ἀκόλουθα
3056 1276 3350 1347 συμϐαίνῃ.

2206 1540 2316 1593 Καὶ
2342 1539 2450 1611 μὴν
2475 1540 2595 1593 οὐδὲ
2632 1541 2694 1594 τὸ
2722 1542 2911 1596 οὐσίαν
2940 1542 2998 1608 ἐξ
3027 1544 3217 1608 οὐσίας
3252 1542 3388 1599 εἶναι
3421 1548 3648 1611 παντελῶς

2143 1632 2462 1701 ἀπείρηται,
2482 1634 2879 1702 προσκειμένου
2914 1635 3073 1703 μόνον
3105 1635 3384 1706 διορισμοῦ
3413 1638 3496 1690 τοῦ
3524 1654 3648 1707 προσο

2066 1716 2109 1771 Β
2138 1724 2365 1794 ήκοντος
2430 1725 2718 1795 νοουμένου
2746 1725 2777 1795 ἢ
2804 1725 3121 1794 λεγομένου.
3159 1729 3233 1781 Οὐ
3267 1729 3373 1798 γὰρ
3405 1731 3453 1781 ἐν
3496 1729 3647 1799 ὀνόμα-

2137 1830 2241 1876 σιν,
2278 1812 2395 1865 ἀλλ’
2434 1813 2492 1866 ἐν
2537 1813 2807 1882 νοήμασιν
2859 1815 2992 1884 ἡμῖν
3036 1816 3069 1884 ἡ
3116 1815 3367 1868 εὐσέϐεια
3418 1815 3543 1867 κατὰ
3580 1818 3647 1867 τὸν

2136 1904 2280 1957 θετον
2339 1904 2661 1975 Γρηγόριον.
2722 1906 2958 1967 Κάκεϊνο
3015 1907 3129 1975 γὰρ
3184 1906 3421 1969 εὐσεϐῶς
3470 1905 3647 1959 δύναται

2134 1994 2410 2062 λέγεσθαι,
2446 1994 2604 2064 μόνον
2651 1996 2975 2049 ὲννοούντων
3021 1996 3180 2067 ἡμῶν
3229 1998 3461 2068 δηλονότι
3505 1997 3647 2049 οὐσίαν

2138 2086 2235 2157 μὲν
2280 2086 2371 2140 τὸν
2425 2086 2573 2153 Υίδν,
2620 2088 2679 2152 ὲξ
2726 2088 2914 2152 οὐσίας
2970 2089 3027 2142 δὲ
3076 2090 3172 2141 τὸν
3225 2091 3455 2159 Πατέρα,
3496 2089 3568 2141 διὰ
3604 2089 3646 2139 τὸ

2136 2178 2395 2248 ἑκάτερον
2419 2178 2623 2248 αὐτῶν
2658 2179 2906 2248 ὑφεστὼς
2936 2175 3097 2243 εἶναι,
3126 2181 3220 2233 καὶ
3254 2182 3457 2233 τελείαν
3482 2181 3643 2243 οὐσίαν,

2136 2271 2231 2322 καὶ
2265 2247 2386 2322 ὅλον
2411 2247 2515 2332 ’ὡς
2562 2247 2798 2341 εἴρηται.
2854 2271 2974 2323 ἐπεὶ
3034 2270 3130 2324 καὶ
3176 2272 3321 2324 Θεὸν
3350 2270 3569 2340 ἀληθινὸν
3600 2269 3644 2320 ἐκ

2136 2360 2271 2414 Θεοῦ
2316 2361 2570 2431 ἀληθινοῦ
2618 2362 3009 2432 ὁμολογοῦμεν.
3068 2365 3144 2417 Οὐ
3203 2367 3381 2434 μέντοι
3420 2363 3497 2416 διὰ
3530 2360 3645 2414 τοῦτο

2134 2452 2226 2505 δύο
2268 2454 2459 2516 οὐσίας
2495 2454 2919 2523 ἀναγκαζόμεθα
2972 2456 3174 2522 λέγειν,
3207 2456 3394 2525 ὥσπερ
3441 2455 3543 2509 οὐδὲ
3578 2452 3645 2506 δύο

2135 2544 2321 2610 Θεοὺς,
2359 2549 2498 2600 κατὰ
2527 2548 2625 2616 τὴν
2652 2550 2752 2619 τῆς
2790 2547 3029 2611 πίστεως
3056 2548 3230 2603 θέσιν.

2209 2724 2331 2777 Ὀτι
2356 2723 2414 2776 δὲ
2453 2722 2733 2787 παντελῶς
2776 2726 2878 2779 οὐκ
2927 2725 3249 2797 ἀπείρηται,
3280 2727 3647 2799 παραδίδωσινὸ

2140 2815 2315 2885 μέγας
2368 2816 2686 2881 Ἀθανάσιος
2735 2818 2795 2871 ὲν
2912 2818 3193 2874 ἐκτίθεται.
3243 2821 3463 2886 διαλέξει
3503 2820 3651 2887 Ὀρθο-

2136 2905 2318 2969 δόξου
2344 2906 2439 2959 καί
2474 2907 2809 2976 Ἀνομοίου,
2834 2907 3005 2976 λέγων
3035 2909 3262 2963 οὑτωσί·
3292 2929 3310 2962 ι
3331 2912 3474 2964 Attia
3494 2909 3648 2974 ἐστὶνή

2136 2996 2231 3048 τοῦ
2281 2997 2416 3050 Θεοῦ
2464 2997 2626 3066 φύσις
2668 2998 2884 3052 καὶτοῦ
2917 3000 3046 3053 Υίοῦ
3102 3004 3201 3055 καὶ
3243 3005 3335 3055 τοῦ
3372 3003 3645 3072 ΙΙνεύματος,

2138 3091 2233 3143 καὶ
2266 3092 2365 3159 τῆς
2398 3090 2629 3153 κτίσεως
2660 3091 2899 3161 ἁπάσης.
2930 3111 2947 3144 ι
2988 3094 3057 3148 Ὀ
3083 3094 3147 3163 δὴ
3188 3097 3348 3149 πάλιν
3374 3100 3496 3166 μετὰ
3525 3109 3647 3163 ripas.

2136 3182 2419 3254 διορισ’μοῦ
2468 3184 2607 3237 νοεῖν
2654 3186 2784 3255 χρή.
2837 3184 2942 3239 Τοῦ
2996 3187 3093 3255 μὲν
3140 3190 3258 3256 γὰρ
3300 3189 3424 3242 Υίοῦ
3476 3184 3646 3240 καὶτοῦ

2140 3274 2295 3343 ἁγίου
2327 3274 2643 3345 Πνεύματος
2678 3276 2951 3339 οὐσιωδῶς
2976 3281 3067 3331 καὶ
3103 3280 3353 3348 φυσικῶς
3382 3282 3464 3332 καὶ
3502 3282 3646 3345 ὁμοθυ-

2143 3367 2267 3429 σίως
2321 3366 2429 3437 πρὸ
2488 3368 2704 3420 πάντων
2757 3369 2866 3423 τῶν
2920 3369 3156 3436 αἰώνων,
3209 3371 3286 3435 ῶς
3340 3372 3547 3442 εἴρηται,
3581 3365 3647 3418 καὶ

2143 3458 2306 3519 αὐτὸς
2355 3458 2672 3511 ὐποκατιὼν
2728 3460 3016 3530 ἐκτίθησι·
3065 3462 3161 3531 τῆς
3222 3463 3278 3517 δὲ
3341 3466 3543 3523 κτίσεως
3583 3459 3647 3523 δη·

2145 3550 2477 3620 μιουργικῶς
2498 3551 2590 3603 καὶ
2610 3550 2751 3604 κατά
2770 3552 2978 3622 χρόνον.
2992 3548 3124 3606 Είτχ
3143 3556 3208 3609 ἐν
3224 3556 3332 3619 τοῖς
3356 3554 3467 3622 ἑξῆς
3485 3551 3645 3618 ἐπάγει·

2147 3660 2163 3689 ι
2204 3640 2317 3693 Οὐκ
2364 3640 2477 3695 ἔστι
2531 3642 2586 3695 δὲ
2623 3642 2683 3694 τὸ
2729 3642 2822 3694 τοῦ
2871 3643 3008 3696 Θεοῦ
3058 3645 3359 3717 ἀγέννητον
3395 3646 3541 3699 αἴτιον
3578 3638 3645 3692 τοῦ

2141 3731 2425 3799 γεννητοῦ.
2462 3733 2538 3785 Οὐ
2591 3733 2701 3800 γὰρ
2750 3734 2813 3785 τὸ
2860 3734 2935 3803 μὴ
2982 3737 3288 3803 γεννᾶσθαι
3316 3738 3400 3790 τὸν
3433 3730 3645 3788 Θεὺντὼν

2142 3824 2343 3875 οὐσιῶν
2391 3825 2581 3887 αἴτιον,
2619 3826 2735 3878 ἀλλ’
2784 3828 2817 3896 ἡ
2871 3828 3028 3880 οὐσία
3072 3829 3181 3883 τῶν
3233 3829 3420 3883 οὐσιῶν
3462 3826 3639 3880 uitia.)

2143 3915 2409 3970 Τοσοῦτον
2440 3916 2549 3985 ἄρα
2591 3917 2784 3986 ἀπέχει
2832 3917 3154 3989 βλάσφημον
3214 3917 3351 3975 εἶναι
3402 3918 3458 3972 τὸ
3493 3920 3545 3969 ἐκ
3578 3913 3646 3980 τῆς

2142 4009 2329 4070 οὐσίας
2356 4006 2451 4060 τοῦ
2476 4008 2688 4077 Πατρὸς
2712 4010 2889 4076 λέγειν
2916 4006 3054 4062 εἶναι
3073 4012 3167 4065 τὸν
3197 4013 3342 4077 Υίὺν,
3374 4012 3496 4063 ὥστε
3520 4002 3647 4059 καὶτὸ

2141 4099 2331 4154 δοκοῦν
2365 4102 2548 4163 ἁπλῶς
2574 4102 2777 4155 ἄτοπον
2820 4102 2993 4171 ὀρθῶς
3031 4102 3155 4173 ἔχον
3182 4104 3423 4175 εὓρηται,
3443 4101 3574 4169 μόνον
3594 4094 3646 4153 ὡς

2144 4192 2416 4260 προσήκει
2453 4190 2764 4260 νοούμενον.
2797 4191 2860 4244 El
2904 4191 2960 4244 δὲ
3000 4192 3159 4244 τοῦτο
3203 4192 3299 4262 τὴν
3342 4190 3526 4243 ἐκείνου
3552 4186 3648 4236 tim-

2142 4283 2400 4351 δυόμενον
2453 4282 2665 4335 ἔννοιαν
2713 4281 2955 4345 εὐσεϐῶς
3014 4283 3147 4352 ἔχει,
3212 4282 3329 4345 πῶς
3375 4282 3431 4334 οὐ
3479 4274 3645 4330 κάκεῖνο

2076 4370 2119 4425 Ι)
2152 4374 2353 4444 μᾶλλον
2412 4375 2486 4437 ὡς
2543 4374 2765 4437 εὐσεϐὲς
2826 4374 3233 4443 παραδέχεσθαι
3285 4373 3427 4443 χρής
3472 4369 3533 4421 Τὸ
3570 4365 3644 4431 γάρ

2144 4466 2329 4518 οὐσίαν
2363 4466 2548 4533 λέγειν
2596 4465 2653 4529 ἐξ
2696 4466 2883 4527 οὐσίας
2925 4467 3026 4518 οὐκ
3074 4466 3250 4527 ἄλλως
3282 4466 3347 4518 ἂν
3374 4459 3527 4531 ὀρθῶς
3550 4458 3642 4523 ἔχων

2061 3044 2103 3101 C

2056 4550 2065 4557 ’
2144 4558 2191 4609 εί
2250 4558 2323 4627 μὴ
2378 4557 2897 4626 προσυπακούοιμεν
2940 4556 3036 4627 τὴν
3083 4558 3273 4609 οὐσίαν
3319 4554 3408 4609 τοῦ
3460 4548 3567 4604 Υίοῡ
3606 4547 3685 4602 Ei:

2144 4648 2334 4709 οὐσίας
2390 4642 2527 4698 εἶναι
2583 4646 2678 4697 τοῦ
2742 4646 2972 4716 Πατρός.
3020 4648 3090 4699 Τὸ
3138 4647 3247 4716 γὰρ
3304 4641 3529 4714 ὑφεστὼς
3569 4633 3644 4685 τῶν

2147 4736 2475 4805 ὑφεστώτων
2516 4737 2710 4803 αἴτιον,
2742 4736 2835 4789 καὶ
2865 4737 3049 4807 ὅμοιοί
3080 4738 3269 4806 ῶσπερ
3298 4736 3362 4790 ἂν
3390 4738 3433 4788 εἰ
3462 4730 3642 4796 έλέῖετθο

2160 4829 2226 4881 Ἦ
2252 4829 2345 4881 τοῦ
2377 4828 2505 4881 Υίοῦ
2536 4829 2829 4891 ὑπόστασις
2863 4829 2925 4881 ὲκ
2955 4830 3052 4897 τῆς
3088 4829 3181 4882 τοῦ
3232 4828 3435 4897 Harpe;
3470 4816 3643 4876 ὑποστὰ-

2150 4936 2285 4984 σεως
2325 4922 2601 4988 γεννᾶται,
2633 4920 2665 4990 ἢ
2699 4924 2727 4973 ό
2756 4920 2884 4984 Υίὺς
2916 4924 2977 4974 ἐκ
3004 4920 3096 4974 τοῦ
3126 4920 3337 4989 Πατρός
3358 4920 3509 4970 ἐστιν.

2740 5207 2966 5260 ΚΕΦΛΛ
2979 5250 2991 5261 .
3035 5207 3110 5260 θ’.

2154 5317 2284 5373 ..Οτι
2328 5318 2394 5371 τὸ
2443 5317 2798 5387 ἐνίστασθαι
2850 5318 3001 5384 πρὸς
3051 5317 3188 5387 τρὺς
3234 5314 3308 5387 ξδ’
3345 5289 3639 5387 ursam—ard

2220 5368 2391 5456 ἀνάσιὸρ
2411 5368 2482 5439 ἐκέ
2502 5368 2608 5439 τοῦ
2634 5368 2862 5453 Πατρός
2885 5368 2994 5437 21a!-
3010 5384 3115 5456 τοῦ
3133 5368 3268 5456 fici),
3284 5368 3637 5456 emt-0126.560

2221 5443 2516 5526 λέγοντας
2570 5443 2930 5526 ,ἡνάγὲαὸ-ε-
2974 5455 3057 5523 μὴ
3103 5446 3429 5526 »ὁμολογεῖν
3466 5443 3525 5495 ἐκ
3567 5448 3638 5496 της

2224 5520 2438 5591 οὺονίιις
2476 5520 2578 5579 τοῦ
2615 5520 2842 5592 Πατρός
2878 5520 3157 5579 εἶναιτὸν
3194 5520 3340 5574 Υιόν.

2232 5642 2296 5692 "A
2329 5640 2425 5708 μὲν
2470 5634 2561 5692 οὖν
2607 5640 2788 5701 αὐτοῖς
2834 5638 3114 5703 ἐνεποίησε
3169 5633 3301 5702 μετὰ
3352 5628 3440 5693 τῆς
3476 5619 3637 5680 ἀπάτῖἶ
