3862 6218
366 279 475 343 90.)

1270 280 1368 343 DE
1410 280 1936 343 PROCESSIONE
1982 280 2344 342 SI‘llllTUS
2384 279 2681 341 SANCTI.

3480 278 3589 345 910

364 397 462 467 τὴν
500 393 728 462 πλάνην,
770 392 940 450 ταῦτά
1002 396 1171 453 ἐστιν.
1218 397 1432 465 Ἤγαγε
1477 398 1535 449 δέ
1593 396 1789 459 αὐτοὺς
1829 396 1918 448 ἐπὶ

2026 410 2267 450 errorem
2300 397 2414 450 haec
2449 406 2601 458 sunt,
2631 404 2793 463 atque
2826 393 2881 448 in
2914 393 3056 450 hanc
3083 386 3300 461 nov'aiii,
3330 405 3388 453 et
3414 396 3591 467 inopi-
3660 375 3676 393 ⁸

366 488 467 558 τὴν
495 486 803 559 παράλογον
830 488 1083 542 ἔνστασιν
1109 488 1336 559 ταύτην,
1365 488 1506 542 ὥστε
1534 488 1610 558 μὴ
1637 488 1921 556 ὁμολογεῖν

362 579 427 631 ἐκ
457 580 555 646 τῆς
584 577 773 639 οὐσίας
802 576 894 630 τοῦ
935 578 1144 647 [ἰατρὸς
1176 574 1317 632 εῐναι
1363 577 1455 630 τὸν
1502 576 1656 639 Υίὸν,
1688 576 1750 627 τὸ
1795 574 1924 641 σφό-

360 674 463 741 δρα
505 669 820 722 ἐνίστασθαι
844 656 1003 742 ρτρδς
1035 670 1161 733 τοὺς
1196 670 1259 724 τὸ
1298 670 1523 737 Πνεῦμα
1568 667 1631 721 τδ
1672 667 1827 733 ἆγιον
1857 668 1923 717 ἐκ

357 758 455 811 τοῦ
510 759 719 828 Πατρὸς
750 761 845 811 xui.
889 761 987 808 τοῦ
1042 758 1173 811 Υίοῦ
1225 756 1624 828 ἐκπορεύεσθαι
1674 753 1923 824 διομολο-

359 850 608 915 γοῦντας.
639 840 795 901 Οὗτοι
824 848 933 917 γὰρ
960 830 1150 916 σαφῶς
1184 847 1250 900 ἐκ
1303 846 1516 899 πολλῶν
1540 846 1717 899 ἄλλων
1742 843 1925 897 πειθό-

298 946 301 947 ⁷
360 958 513 1012 μενοι
564 940 891 1010 βεϐαιότατα
935 938 996 993 τὸ
1053 940 1274 1007 Πνεῦμα
1303 940 1363 993 τὸ
1405 940 1561 1005 ἅγιον
1609 939 1667 1006 ἐξ
1716 939 1923 1008 ἀμφοῖν

358 1031 776 1101 ἐκπορεύεσθαι,
809 1033 902 1086 καὶ
946 1031 1011 1101 δὴ
1041 1032 1288 1085 καὶηάπὸ
1320 1030 1512 1083 τούτου
1554 1031 1637 1083 ὅτι
1680 1028 1741 1081 τὺ
1789 1028 1923 1082 αὐτὸ

358 1125 450 1178 καὶ
478 1123 537 1175 ἓν
565 1123 721 1191 άγιον
751 1123 979 1193 Πνεῦμα
1007 1125 1070 1176 ἐκ
1096 1122 1193 1192 τῆς
1234 1123 1421 1185 οὐσίας
1448 1121 1545 1174 τοῦ
1572 1121 1784 1190 Πατρὺς
1824 1120 1921 1173 καὶ

354 1215 450 1268 τοῦ
482 1215 613 1268 Υίοῦ
640 1216 757 1276 τοῖς
802 1213 1074 1281 θεολόγοις
1101 1215 1335 1285 εἴρηται,
1362 1213 1660 1267 κάντεῦθεν
1706 1212 1917 1283 ἐπιχει-

358 1306 578 1375 ροῦντες
607 1306 699 1358 καὶ
728 1306 967 1368 εὐσεϐῶς
998 1306 1464 1375 συμπεραίνοντες
1492 1305 1556 1357 ἐκ
1583 1303 1678 1357 τοῦ
1707 1304 1923 1374 Πατρδς

356 1396 452 1448 καὶ
492 1395 587 1448 τοῦ
622 1394 754 1448 Υίοῦ
804 1395 904 1466 τὴν
958 1394 1196 1465 ὕπαρξιν
1242 1394 1407 1464 ἔχειν,
1454 1395 1622 1448 ταυτὸ
1675 1396 1820 1449 κατὰ
1861 1395 1924 1449 τὸ

358 1488 590 1556 πρᾶγμα
621 1485 968 1548 πιστεύοντες
997 1486 1187 1539 οὐσίαν
1234 1490 1332 1540 καὶ
1378 1487 1703 1551 ὑπόστασιν,
1732 1487 1827 1540 καὶ
1859 1486 1921 1539 τὸ

353 1578 450 1631 τοῦ
479 1578 691 1647 Πατρὸς
720 1577 889 1648 ῦνομα
918 1577 1105 1630 οὐσίαν
1147 1578 1512 1631 ἐνυπόστατον
1564 1578 1659 1632 καὶ
1706 1576 1923 1648 πρόσω-

357 1686 458 1723 πον
490 1670 799 1739 σημαίνειν,
837 1668 933 1721 καὶ
956 1669 1071 1721 [σον
1101 1668 1396 1739 ἡγούμενοι
1427 1669 1487 1721 τδ
1507 1669 1573 1721 ἐκ
1600 1669 1699 1738 τῆς
1726 1668 1919 1730 οὐσίας

356 1759 453 1813 τοῦ
485 1760 780 1831 προσώπου
803 1759 882 1830 τῷ
905 1759 1086 1828 λέγειν
1118 1761 1182 1813 ἐκ
1206 1759 1304 1830 τῆς
1332 1760 1703 1824 ὑποστάσεως,
1730 1758 1920 1829 ὥσπερ

356 1849 454 1904 καὶ
497 1850 560 1903 τὸ
599 1851 695 1904 τὸν
729 1850 855 1904 Υίδν
906 1852 971 1904 ἐκ
1019 1851 1117 1921 τῆς
1166 1850 1262 1903 τοῦ
1312 1851 1528 1920 Πατρδς
1572 1849 1919 1912 ὑποστάσεως

355 1943 451 1996 καὶ
483 1942 583 2011 τῆς
615 1944 804 2007 οὐσίας
852 1944 1017 1998 αὐτοῦ
1053 1942 1349 2009 γεννᾶσθαι
1399 1941 1674 2009 λέγεσθαι,
1701 1940 1763 1993 οὐ
1799 1941 1919 1993 δια-

359 2035 546 2102 φέρειν
600 2033 903 2103 ἡγούμεθα.
948 2036 1180 2088 Ἐκεῖνοι
1237 2033 1377 2102 πρὸς
1437 2033 1499 2087 τὸ
1549 2034 1920 2102 συναγόμενον

355 2122 533 2192 ἀηδῶς
576 2121 813 2193 ἔχοντες,
849 2124 931 2177 ὅτι
973 2125 1034 2177 οὐ
1085 2122 1388 2193 βούλονται,
1424 2123 1512 2175 ἵνα
1557 2124 1632 2190 μὴ
1676 2124 1918 2191 ἀναγκά-

355 2210 577 2273 ζωνται,
614 2210 868 2281 καθάπερ
919 2212 980 2264 τὸ
1031 2211 1123 2265 τδν
1152 2212 1279 2264 Υίδν
1330 2212 1393 2264 ἐκ
1436 2214 1535 2280 τῆς
1565 2210 1661 2265 τοῦ
1702 2212 1917 2282 Πατρδς

354 2294 495 2353 εἶναι
526 2300 900 2367 ὑποστάσεως,
919 2304 1017 2357 καὶ
1044 2302 1105 2355 τὺ
1133 2303 1195 2355 ἐκ
1227 2301 1329 2370 τῆς
1357 2302 1549 2365 οὐσίας
1576 2302 1743 2357 αὐτοῦ
1779 2303 1919 2373 πρὸς

353 2388 560 2459 ἄλληλα
626 2391 725 2460 οὐχ
788 2391 1069 2461 ἡγούμεθα
1116 2391 1433 2462 διαφέρειν,
1490 2391 1635 2445 οὕτω
1693 2393 1792 2447 καὶ
1854 2393 1917 2445 τὸ

355 2479 579 2550 Πνεῦμα
613 2481 674 2533 τὸ
709 2480 862 2549 ἅγιον
901 2482 969 2535 ἐκ
1005 2484 1103 2551 τῆς
1147 2481 1495 2545 ὑποστάσεως
1543 2482 1636 2537 τοῦ
1665 2480 1791 2536 Υίοῦ
1821 2481 1919 2535 καὶ

354 2573 454 2641 τῆς
480 2571 670 2643 οὐσίας
696 2572 862 2625 αὐτοῦ
890 2572 1070 2640 λέγειν
1098 2566 1239 2625 εἶναι
1260 2571 1579 2641 ἀδιάφορον,
1622 2570 1937 2653 κάντεῦθεν

361 2661 498 2730 μετὰ
528 2663 621 2714 τοῦ
652 2662 864 2733 Πατρὸς
892 2662 985 2715 τὸν
1014 2661 1146 2717 Υίὸν
1174 2662 1233 2716 ἓν
1264 2664 1359 2715 τοῦ
1390 2662 1709 2731 Πνεύματος
1728 2648 1917 2717 ¹αι’τιον

355 2751 829 2822 συνομολογοῦσιν,
879 2750 941 2805 οῦ
992 2770 1125 2820 φασι
1169 2752 1261 2806 τὸν
1301 2752 1430 2806 Υίὸν
1476 2753 1542 2805 ἐκ
1581 2751 1683 2820 τῆς
1730 2753 1916 2816 οὐσίας

355 2834 497 2893 εἶναι
548 2841 644 2893 τοῦ
681 2841 915 2911 Πατρδς,
946 2843 1009 2895 ἐκ
1061 2840 1118 2893 δέ
1171 2841 1270 2910 τῆς
1318 2841 1671 2902 ὑποστάσεως
1730 2841 1912 2910 μόνον,

354 2930 511 2999 κακῷ
544 2931 607 2983 τὸ
655 2932 829 2986 κακδν
868 2932 1110 3002 ἰώμενοι,
1154 2933 1254 3000 τὴν
1300 2933 1401 3003 μὲν
1442 2934 1629 2986 οὐσίαν
1670 2933 1813 2985 κατὰ
1853 2933 1915 2985 τὸ

2026 496 2207 541 natam
2239 487 2553 541 instantiam
2584 501 2687 542 eos
2721 486 2957 551 induxit,
2990 494 3052 541 ut
3084 501 3191 542 non
3226 487 3591 545 conﬁteantur

2024 592 2090 631 ex
2132 578 2440 632 substantia
2470 578 2646 632 Patris
2670 592 2792 633 esse
2825 577 3048 642 Filium.
3070 577 3214 646 quod
3241 579 3399 634 valde
3420 595 3593 650 oppu-

2022 675 2255 736 gnarent
2271 682 2367 721 eos
2388 667 2479 735 qui
2507 666 2770 736 Spiritum
2797 677 3048 723 sanctum
3073 683 3137 723 ex
3160 670 3321 725 Patre
3343 668 3591 741 Filioque

2023 755 2322 825 procedere
2370 756 2663 809 aiﬁrmant.
2720 755 2784 810 Ili
2831 758 2975 811 enim
3024 758 3310 814 manifeste
3358 774 3482 814 cum
3524 774 3592 814 ex

2024 846 2211 900 multis
2230 846 2350 900 aliis
2375 845 2623 913 adducti,
2644 856 2705 901 ut
2729 846 3041 903 ﬁrmissime
3065 850 3308 914 credant,
3328 849 3588 920 Spiritum

2022 942 2270 987 sanctum
2300 948 2367 988 ex
2394 934 2661 989 ambobus
2684 937 3000 1004 procedere,
3032 946 3144 991 tum
3173 939 3337 993 etiam
3371 954 3435 993 ex
3462 940 3587 1003 hoc,

2022 1025 2167 1094 quod
2207 1024 2349 1079 idem
2391 1036 2446 1080 et
2474 1042 2617 1081 unus
2657 1037 2882 1083 sanctus
2913 1028 3154 1097 Spiritus
3186 1044 3252 1083 ex
3284 1030 3588 1085 substantia

2024 1113 2201 1169 Patris
2229 1123 2283 1169 et
2313 1115 2432 1169 Filii
2460 1131 2487 1168 a
2522 1115 2788 1186 theologis
2819 1117 2998 1173 dictus
3030 1119 3121 1173 sit.
3154 1118 3391 1189 indeque
3429 1135 3591 1190 argu-

2022 1212 2347 1266 mentantcs,
2378 1204 2465 1273 pie
2499 1206 2845 1269 concludent,
2874 1223 2937 1260 cx
2976 1206 3135 1262 Patre
3167 1208 3412 1279 Filioque
3441 1210 3588 1265 exsi-

2023 1295 2278 1349 stentiam
2302 1296 2534 1361 habere;
2569 1297 2711 1351 idem
2749 1301 3051 1354 secundum
3084 1315 3193 1354 rem
3226 1301 3586 1357 substantiam

2021 1393 2077 1438 et
2106 1385 2438 1455 liypostasim
2462 1387 2767 1453 credentes,
2796 1402 2852 1443 et
2887 1404 3084 1444 nomen
3120 1391 3296 1445 Patris
3333 1393 3591 1446 substan-

2024 1477 2151 1531 tiam
2196 1476 2581 1533 subsistentem
2626 1489 2682 1533 et
2726 1494 3014 1549 personam
3064 1481 3387 1551 signiﬁcare,
3427 1495 3591 1551 atque

2020 1570 2231 1639 aequale
2262 1570 2588 1626 arbitrantes
2613 1586 2757 1635 esse,
2780 1572 2825 1627 si
2856 1574 2979 1642 quis
3001 1572 3221 1639 dixerit,
3241 1590 3307 1629 ex
3336 1576 3590 1630 substan-

2024 1663 2099 1717 tia
2144 1676 2417 1732 persona,
2459 1670 2514 1718 et
2558 1677 2623 1717 ex
2670 1664 2966 1734 liypostasi.
3011 1664 3482 1731 Quemadmodum
3534 1676 3591 1723 et

1953 1737 1993 1793 Β
2021 1750 2193 1806 Filius
2232 1768 2299 1806 ex
2351 1752 2629 1822 hypostasi
2677 1754 2878 1820 Patris,
2924 1765 2981 1810 et
3008 1770 3075 1811 ex
3121 1757 3241 1826 ejus
3283 1758 3590 1813 substantia

2021 1842 2270 1914 generari
2304 1843 2349 1898 si
2388 1843 2623 1909 dicatur,
2654 1844 2791 1898 nihil
2823 1844 3045 1901 differre
3075 1845 3474 1901 existimamus.
3505 1848 3587 1901 llli

2020 1935 2428 1991 conclusionem
2448 1952 2588 2007 aegre
2605 1937 2865 2003 ferentes,
2883 1954 3047 2008 quam
3066 1939 3296 2006 nollent,
3316 1956 3384 1995 ne
3400 1956 3590 2011 quem-

2017 2024 2314 2079 admodum
2363 2024 2565 2080 Filium
2604 2041 2727 2082 esse
2770 2042 2838 2081 ex
2879 2028 3156 2098 hypostasi
3203 2028 3397 2090 Patris.
3427 2040 3483 2085 et
3517 2044 3589 2084 ex

2018 2114 2327 2171 substantia
2351 2116 2472 2184 ejus
2494 2116 2638 2169 inter
2656 2131 2715 2171 se
2747 2116 2964 2172 ditl‘erre
2988 2133 3096 2172 non
3127 2118 3481 2182 arbitramur,
3513 2118 3588 2173 ita

2018 2205 2181 2260 etiam
2235 2214 2501 2276 cogantur
2544 2206 2867 2262 indiderens
2912 2221 3034 2261 esse
3080 2207 3265 2263 dicere
3320 2206 3585 2279 Spiritum

2018 2306 2267 2352 sanctum
2283 2311 2349 2351 ex
2368 2295 2645 2367 bypostasi
2670 2296 2879 2362 Filii,et
2894 2312 2962 2352 ex
2985 2297 3286 2353 substantia
3303 2299 3353 2369 ej
3362 2314 3425 2354 us
3441 2314 3583 2367 esse,

2019 2390 2257 2458 indeque
2294 2404 2403 2442 una
2437 2402 2560 2442 cum
2594 2389 2754 2444 Patre
2784 2389 2984 2444 Filium
3008 2407 3171 2445 unam
3201 2404 3325 2446 esse
3364 2406 3585 2447 causam

2018 2479 2322 2535 concedant
2345 2490 2398 2535 et
2421 2479 2715 2547 fateantur,
2741 2491 2942 2552 negant
2964 2481 3160 2536 Filium
3181 2497 3248 2537 ex
3264 2482 3584 2538 substantia

2017 2586 2137 2626 esse
2175 2571 2385 2638 Patris,
2424 2572 2521 2627 sed
2567 2580 2778 2626 tantum
2823 2588 2891 2628 ex
2940 2554 3239 2644 bypostasi,.
3283 2574 3586 2630 absurdum

2016 2660 2255 2716 absurdo
2288 2672 2565 2729 curantes,
2596 2662 2727 2716 dum
2754 2663 3113 2718 substantiam
3143 2665 3446 2720 secundum
3471 2681 3585 2721 rem

2017 2751 2165 2805 aliud
2184 2766 2305 2807 esse
2329 2752 2399 2807 ab
2426 2752 2705 2822 hypostasi
2729 2763 2962 2823 ponunt.
2980 2754 3164 2811 Multis
3189 2764 3373 2811 autem
3395 2757 3590 2812 absur-

2017 2843 2104 2897 dis
2134 2853 2264 2898 sunt
2290 2843 2580 2913 implicati.
2623 2843 2890 2909 Quoniam
2918 2856 3142 2916 apparet
3192 2847 3587 2903 consideranti-

2016 2936 2139 2999 bus,
2170 2936 2315 3004 quod
2341 2936 2509 2991 multa
2541 2951 2608 2991 ex
2635 2936 2740 2991 hoc
2771 2937 3097 3008 colligantur
3128 2937 3392 3003 absurda,
3418 2939 3588 2994 multa

354 3021 588 3089 πρᾶγμα
618 3020 716 3089 τῆς
745 3020 1099 3085 ὑποστάσεως
1139 3023 1328 3092 ἕτερον
1362 3024 1660 3094 τιθέμενοι,
1688 3023 1905 3087 πολλοῖς

2021 3041 2152 3080 vero
2185 3020 2305 3094 quae
2337 3038 2464 3081 sunt
2508 3028 2565 3081 in
2610 3027 2861 3083 confesso
2912 3029 3200 3097 tollantur;
3242 3039 3300 3085 et
3345 3045 3587 3100 quonam

352 3113 409 3164 δὲ
458 3113 678 3174 ἀτόποις
720 3112 1051 3182 ἐνεχόμενοι.
1107 3114 1169 3167 Εί
1219 3115 1285 3183 δὴ
1344 3114 1594 3183 φαίνεται
1649 3115 1914 3184 θεωροῦσι

356 3202 527 3257 ⁴ιιολλὰ
573 3202 671 3272 μὲν
716 3202 781 3256 ὲκ
820 3204 1009 3257 τούτου
1052 3204 1384 3273 συνάγεσθαι
1429 3205 1630 3269 ἄτοπα,
1657 3204 1831 3258 πολλὰ
1857 3206 1915 3257 δὲ

353 3294 464 3346 τῶν
504 3293 954 3362 ὁμολογουμένων
1007 3294 1378 3363 ἀναιρεῖσθαι,
1437 3295 1533 3348 καὶ
1588 3297 1737 3359 ὅπως
1787 3288 1916 3350 ἄλλο

353 3385 509 3438 οὐσία
556 3385 650 3439 καὶ
683 3386 809 3439 ἄλλο
849 3385 1145 3448 ὑπόστασις
1190 3387 1427 3456 εἴρηται,
1456 3387 1490 3457 ἦ
1525 3403 1584 3439 τε
1635 3387 1792 3440 οὐσία
1821 3388 1917 3440 καὶ⁵

353 3476 656 3539 ὑπόστασις
707 3477 801 3530 καὶ
846 3480 881 3548 ἠ
928 3477 1128 3548 ίδιότης
1167 3476 1335 3530 ταυτδ
1382 3477 1523 3531 κατὰ
1568 3478 1629 3530 τὸ
1681 3478 1918 3547 πρᾶγμά

352 3570 494 3631 ἐστι,
528 3570 621 3621 καὶ
646 3569 729 3622 ὅτι
758 3568 821 3620 τὸ
855 3568 920 3621 ἐκ
957 3569 1055 3639 τῆς
1089 3567 1279 3630 οὐσίας
1309 3568 1404 3620 τοῦ
1436 3568 1653 3637 Πατρὸς
1692 3568 1806 3620 [σον
1837 3567 1916 3637 τῷ

351 3662 417 3714 ἐκ
471 3660 570 3729 τῆς
625 3659 981 3722 ὑποστάσεως
1039 3650 1230 3724 αὐτοῦ,
1286 3660 1374 3713 ἴνα
1430 3660 1506 3730 μὴ
1552 3660 1634 3721 εἰς
1680 3659 1916 3722 ἀτόπους

352 3751 766 3821 ἐκκυλισθῶμεν
808 3749 1039 3817 ἐννοίας,
1066 3750 1304 3820 φανερὸν
1358 3751 1452 3805 καὶ
1485 3752 1545 3804 τὸ
1578 3751 1642 3803 ἐκ
1687 3750 1786 3817 τῆς
1833 3750 1917 3802 οὐ.

354 3845 478 3907 σίας
504 3842 601 3897 τοῦ
634 3843 765 3896 Υίοῦ
799 3843 993 3896 ταυτὸν
1038 3838 1181 3896 εἶναι
1225 3843 1302 3910 τῷ
1330 3844 1393 3895 ἐκ
1422 3842 1522 3912 τῆς
1561 3842 1914 3907 ὑποστάσεως

352 3933 515 3986 αὑτοῦ
538 3948 552 3962 ·
584 3932 677 3986 καὶ
734 3931 887 3984 οὐδὲν
937 3931 1137 3984 ἄτοπον
1188 3932 1302 3994 τοῖς
1348 3932 1414 3985 ἐκ
1447 3929 1542 3983 τοῦ
1574 3931 1787 4001 Πατρὸς
1820 3932 1917 3983 καὶ

307 4006 333 4059 ί
353 4023 487 4076 Υίοῦ
517 4024 577 4075 τὸ
605 4025 751 4077 θεῖον
781 4022 1007 4109 Πνεῦμα
1046 4020 1145 4092 τὴν
1173 4020 1414 4109 ὐπαρξιη
1450 4021 1596 4091 ἔχειν
1625 4021 1919 4091 ὁμολογοῦ-

354 4132 437 4169 σιν
491 4114 793 4169 ἁκολουθεί.
842 4106 973 4177 ⁸Τοῖς
1050 4113 1158 4184 γὰρ
1228 4106 1791 4183 τοῦτο’άρνουμένοις
1848 4111 1919 4165 τὰ

352 4211 730 4281 προειρημένα
774 4210 950 4263 ἄτοπα
978 4210 1193 4261 ἕπεται.
1232 4208 1346 4261 υύκ
1377 4208 1442 4261 ἂν
1476 4208 1534 4261 δέ
1577 4208 1734 4260 τοῦτο
1766 4207 1920 4260 σννέ-

352 4298 556 4363 6αινεν,
580 4300 629 4349 si
656 4297 734 4367 μὴ
762 4297 823 4349 τὸ
848 4296 1236 4365 ὑποτιθέμενον
1265 4296 1462 4349 ἄτοπον
1488 4294 1583 4349 καὶ
1614 4294 1805 4363 ψεῦδος
1826 4289 1914 4363 ἦν.

2018 3120 2180 3172 modo
2232 3117 2381 3172 aliud
2421 3119 2493 3173 sit
2535 3119 2863 3183 substantia,
2909 3118 3062 3174 aliud
3105 3134 3233 3174 vero
3282 3120 3589 3190 liypostasis

2012 3208 2226 3264 dictum
2256 3218 2358 3263 est.
2399 3208 2555 3274 Quod
2599 3209 2760 3263 etiam
2807 3210 3132 3276 substantia,
3161 3219 3218 3264 et
3257 3211 3587 3285 bypostasis,

2017 3308 2181 3367 atque
2213 3298 2540 3366 preprietas,
2569 3298 2714 3352 idem
2739 3308 2825 3353 est
2850 3300 3151 3354 secundum
3182 3316 3325 3369 rem;
3357 3312 3413 3356 et
3440 3302 3586 3371 quod

2020 3388 2154 3442 illud
2185 3404 2254 3442 ex
2296 3389 2604 3443 substantia
2635 3388 2830 3453 Patris,
2871 3390 3218 3458 aaquipolleat
3245 3392 3294 3445 ei
3326 3392 3473 3461 quod
3503 3403 3589 3447 est

2017 3493 2083 3533 cx
2129 3478 2405 3549 hypostasi
2456 3478 2648 3548 ipsius,
2700 3494 2769 3533 ne
2817 3481 2872 3533 in
2917 3480 3184 3536 absurdus
3227 3482 3588 3551 cogitationes

2020 3569 2393 3623 devolvarnur.
2446 3568 2668 3624 Clarum
2712 3578 2797 3625 est
2841 3580 2898 3626 et
2944 3571 3100 3636 illud,
3155 3588 3224 3627 ex
3277 3575 3585 3629 substantia

2021 3658 2167 3722 Filii,
2196 3658 2340 3721 idem
2371 3672 2510 3722 esse,
2536 3658 2678 3726 quod
2712 3674 2776 3712 ex
2808 3660 2927 3729 ejus
2960 3661 3263 3731 bypostasi,
3285 3678 3348 3717 ac
3374 3664 3585 3718 nullum

2018 3748 2315 3801 absurdum
2349 3736 2600 3815 sequitur
2625 3761 2722 3802 eos
2752 3748 2845 3816 qui
2887 3764 2953 3803 ex
2982 3749 3141 3803 Patre
3178 3750 3424 3820 Filioque
3452 3751 3589 3804 divi-

2020 3852 2151 3891 num
2171 3835 2434 3905 Spiritum
2459 3836 2835 3891 exsistentiam
2862 3839 3060 3893 habere
3086 3840 3347 3897 fatentur.
3372 3840 3586 3911 Quippe

2018 3941 2115 3981 eos
2151 3925 2245 3994 qui
2279 3925 2383 3980 hoc
2428 3924 2741 3981 inﬁciantur
2782 3927 3039 3996 praedicta
3069 3928 3303 3984 absurda
3339 3946 3585 4000 sequun-

2020 4025 2133 4070 tur.
2165 4015 2285 4070 Non
2325 4024 2506 4069 autem
2535 4014 2589 4069 id
2619 4015 2977 4085 contingeret,
3009 4016 3114 4071 nisi
3143 4017 3288 4087 quod
3326 4021 3589 4091 supponi-

2022 4115 2111 4158 tur
2142 4104 2441 4159 absurdum
2470 4113 2528 4160 et
2558 4104 2753 4160 falsum
2785 4115 2951 4161 esset.
2985 4105 3057 4160 Ut
3084 4108 3231 4162 enim
3263 4110 3589 4167 universalis

2025 4195 2191 4251 tradit
2221 4196 2431 4266 regula,
2459 4196 2613 4261 illud,
2649 4212 2759 4266 quo
2797 4197 2976 4266 posito
3010 4199 3261 4269 sequitur
3286 4200 3587 4256 absurdum

2022 4288 2241 4358 aliquod
2269 4297 2325 4343 et
2357 4287 2575 4353 falsum,
2604 4295 2661 4343 et
2700 4288 2879 4356 ipsum
2910 4287 3180 4359 ejusmodi
3206 4300 3312 4347 est.
3337 4292 3393 4347 Si
3423 4292 3590 4362 igitur

363 4389 451 4452 Ὠς
482 4390 593 4458 γὰρ
618 4389 646 4441 ὁ
675 4386 907 4441 καθόλου
951 4386 1284 4454 παραδίδωσι
1330 4386 1510 4453 λόγος,
1544 4382 1753 4448 οὗτινος
1785 4386 1914 4439 ὑπο-

2021 4380 2114 4449 qui
2150 4395 2217 4433 ex
2265 4379 2569 4435 substantia
2602 4379 2778 4433 Patris
2816 4394 2937 4435 esse
2982 4380 3201 4445 Filium,
3231 4391 3286 4437 ct
3315 4397 3420 4438 una
3461 4398 3590 4439 cum

349 4479 593 4540 τεθέντος
634 4479 835 4532 ἄτοπον
866 4478 959 4531 καλ⁸
983 4477 1176 4545 ψεῦδος
1209 4478 1424 4538 ἕπεται,
1461 4478 1556 4529 καὶ
1586 4478 1718 4530 αὐτὸ
1739 4477 1919 4530 τοιοῦ-

347 4568 440 4620 τόν
470 4568 636 4623 ἐστιν.
672 4567 733 4619 Ei
784 4566 882 4634 μὲν
921 4560 1015 4618 οὖν
1050 4566 1079 4616 ό
1114 4564 1173 4618 τὸ
1210 4567 1272 4617 ἐκ
1318 4565 1416 4634 τῆς
1446 4565 1634 4627 οὐσίας
1673 4565 1765 4617 τοῦ
1803 4566 1917 4617 Πα-

348 4661 477 4727 τρὸς
521 4653 661 4711 εἶναι
712 4657 803 4709 τὸν
834 4657 961 4709 Υίὸν
1016 4657 1153 4725 μετὰ
1200 4655 1295 4707 τοῦ
1340 4657 1406 4708 ἐκ
1449 4655 1547 4724 τῆς
1593 4655 1781 4716 οὐσίας
1821 4654 1915 4708 τοῦ

351 4749 563 4820 Ματρὸς
617 4747 708 4800 καί
756 4745 850 4798 τοῦ
904 4743 1031 4796 Υίοῦ
1081 4740 1222 4797 εἶναι
1273 4743 1335 4795 τὸ
1383 4744 1604 4811 Πνεῦμα
1649 4742 1711 4795 τὸ
1760 4744 1916 4811 ἅγιον

351 4840 681 4910 ἀρνούμενος
726 4836 1150 4905 συναπαρνεῖται
1204 4833 1293 4887 καὶ
1339 4834 1398 4886 τὸ
1452 4836 1515 4886 ἐκ
1563 4832 1656 4885 τοῦ
1705 4834 1917 4903 Πατρὸς

351 4934 445 4984 καὶ
486 4930 579 4984 τοῦ
623 4928 753 4981 Υίοῦ
796 4927 893 4998 τὴν
938 4925 1171 4998 ὓπαρξιν
1201 4926 1347 4994 ἔχειν
1390 4925 1451 4977 τὸ
1481 4925 1637 4992 ἆγιον
1671 4926 1914 4995 Πνεῦμα,

351 5020 663 5089 παράλογος
720 5019 816 5087 μὲν
844 5018 911 5070 ἂν
961 5017 1046 5085 εἴη
1097 5016 1217 5068 κατ’
1255 5015 1439 5067 ἐκεῖνα
1470 5014 1578 5067 τῶν
1616 5014 1842 5084 θηρίων,
1882 5014 1917 5067 ἃ

350 5110 698 5181 πληττόμενα
752 5108 951 5178 μᾶλλον
982 5108 1073 5159 ἐπὶ
1102 5106 1162 5159 τὸ
1200 5106 1353 5174 ξίφος
1384 5106 1573 5168 ἵενται,
1611 5105 1724 5174 ἔχοι
1767 5106 1811 5157 δ’
1852 5108 1916 5159 ἄν

350 5221 471 5255 τινα
518 5204 614 5271 τὴν
664 5201 1009 5270 παραίτησιν,
1066 5198 1280 5267 ψυχρὰν
1325 5197 1508 5265 μέντοι
1563 5197 1655 5248 καὶ
1707 5197 1918 5247 ἐπικίν-

352 5295 505 5347 δυνον
535 5293 622 5346 διὰ
640 5293 701 5345 τὸ
731 5293 830 5362 τῆς
863 5291 1146 5361 συνηθείας
1175 5289 1387 5356 ἄλογον.

426 5387 487 5440 El
544 5386 600 5439 δέ
647 5404 729 5448 τις
780 5387 842 5439 τὸ
897 5389 963 5438 ἐκ
1014 5384 1107 5437 τοῦ
1146 5384 1358 5454 Πατρδς
1399 5386 1492 5436 καὶ
1537 5382 1628 5435 τοῦ
1680 5382 1807 5436 Υίοῦ
1857 5384 1917 5434 τὸ

356 5475 576 5544 Πνεῦμα
612 5476 671 5527 τὸ
700 5476 854 5544 ἅγιον
880 5476 1155 5543 ὁμολογῶν
1186 5473 1603 5543 ἐκπορεύεσθαι,
1632 5474 1691 5525 τὸ
1716 5475 1782 5527 ἐκ
1817 5475 1916 5543 τῆς

352 5567 540 5629 οὐσίας
581 5566 676 5619 τοῦ
718 5569 932 5637 Πατρὸς
973 5568 1188 5622 καὶτοῦ
1230 5568 1361 5621 Υἰοῦ
1393 5567 1525 5620 αὐτὸ
1558 5563 1722 5630 εἶναι,
1760 5567 1792 5636 ἢ
1824 5566 1918 5619 τὸν

355 5654 488 5709 Υίὺν
523 5658 588 5709 ἐκ
610 5658 707 5726 τῆς
741 5660 927 5721 οὐσίας
965 5658 1059 5712 τοῦ
1085 5659 1299 5728 Πατρδς
1334 5657 1629 5726 γεννᾶσθαι
1654 5657 1918 5727 ἀπαρνεί-

2024 4470 2129 4524 hoc
2156 4484 2222 4523 ex
2252 4469 2559 4525 substantia
2585 4469 2765 4524 Patris
2789 4478 2844 4524 et
2876 4470 2995 4524 Filii
3020 4487 3139 4526 esse
3172 4471 3435 4541 Spiritum
3461 4489 3590 4528 san-

2018 4569 2169 4615 ctum
2216 4571 2397 4631 negat,
2439 4560 2600 4615 simul
2648 4562 2813 4616 etiam
2846 4572 3010 4631 negat
3054 4578 3119 4619 ex
3150 4562 3309 4619 Patre
3344 4564 3589 4635 Filioque

2019 4661 2269 4707 sanctum
2344 4651 2607 4719 Spiritum
2674 4654 3050 4708 exsistentiam
3118 4655 3339 4721 habere,
3398 4657 3587 4725 utique

2018 4754 2173 4799 extra
2202 4744 2468 4798 terminos
2496 4742 2693 4811 fertur,
2727 4746 2956 4815 perinde
2984 4756 3146 4817 atque
3180 4748 3283 4802 illa:
3323 4750 3455 4819 fera:
3493 4750 3589 4805 be-

2020 4835 2159 4901 stim,
2196 4852 2317 4906 quae
2353 4852 2621 4905 percussa:
2652 4837 2831 4907 gladio
2864 4853 2923 4891 se
2958 4839 3127 4908 magis
3158 4838 3445 4908 objiciunt.
3481 4840 3583 4896 lia-

2022 4927 2215 4980 berent
2271 4935 2454 4980 autem
2506 4927 2798 4994 quamdam
2855 4928 3284 4991 excusationem,
3335 4930 3587 5001 frigidam

2021 5023 2223 5077 tamen,
2255 5024 2417 5082 atque
2448 5014 2812 5082 periculosam
2841 5014 2911 5067 ob
2945 5014 3318 5071 irrationalern
3352 5031 3584 5074 consue-

2018 5107 2282 5158 tudinem.

2090 5383 2161 5438 At
2191 5399 2321 5438 vero
2346 5383 2389 5437 si
2423 5382 2547 5453 quis
2576 5398 2641 5435 ex
2681 5382 2839 5436 Patre
2877 5383 3119 5453 Filioque
3163 5384 3427 5455 Spiritum
3460 5400 3584 5440 san-

2020 5485 2168 5531 ctum
2198 5477 2495 5546 procedere
2526 5476 2869 5540 conﬁteatur,
2900 5492 2967 5531 ex
2992 5476 3292 5534 substantia
3324 5480 3498 5535 Patris
3524 5495 3588 5537 ac

2023 5569 2144 5623 Filii
2173 5584 2297 5623 eum
2328 5583 2469 5634 esse,
2502 5569 2586 5622 vel
2620 5569 2813 5623 Filium
2854 5585 2919 5623 ex
2949 5569 3254 5625 substantia
3282 5572 3461 5626 Patris
3489 5586 3586 5641 ge—

2024 5659 2206 5714 nerari
2241 5667 2424 5726 neget.
2470 5657 2815 5727 alterutrum,
2860 5657 2961 5714 iste
2994 5659 3115 5714 talis
3149 5659 3233 5715 vel
3261 5660 3583 5716 Arianorum
