3862 6218
364 272 471 339 911

1636 269 2013 330 DEMETRII
2054 270 2140 330 CY
2151 270 2367 329 DONII
3464 278 3558 347 912

302 380 309 387 ’
365 390 563 447 inorbo
597 397 804 445 temere
851 389 1087 456 laborat,
1119 398 1179 443 ut
1227 396 1507 443 ostensum
1555 396 1663 451 est,
1704 399 1945 455 eumque

2055 403 2151 450 rat,
2185 388 2327 442 δυοῖν
2378 389 2604 459 θάτερον
2633 391 2662 443 ὁ
2690 389 2952 457 τοιοῦτος,
2996 392 3028 462 ἦ
3060 393 3127 446 τά
3170 393 3273 447 τῶν
3309 394 3563 463 ’Ᾱρειανῶν

366 501 492 539 cum
537 486 740 553 pudeat
768 482 1038 538 manifesti
1071 480 1297 535 absurdi
1344 495 1444 549 per
1488 478 1649 533 aliam
1682 479 1825 533 viam
1869 478 1939 536 ad

367 576 512 631 idem
546 574 758 629 tendit:
791 576 872 628 vel
905 574 1127 627 omnino
1158 572 1359 627 stultus
1387 583 1491 637 est,
1524 572 1939 642 quomodocun-

270 687 277 693 ·
367 683 475 737 que
503 682 633 723 vero
660 681 748 723 res
775 680 833 722 se
865 664 1137 731 habuerit,
1166 664 1419 719 falsitatis
1441 664 1625 719 evadit
1664 663 1940 735 magister.

985 863 1209 920 CAPUT
1247 864 1317 918 Χ.

368 961 511 1025 Quas
533 958 764 1031 tandem,
784 970 899 1028 qum
916 960 1155 1031 videntur
1175 958 1485 1031 obiectiones
1507 976 1618 1014 esse
1637 962 1939 1031 prmcipum,

433 1033 499 1083 iis
524 1030 777 1092 inferant,
802 1031 893 1098 qui
917 1045 981 1081 ea:
1005 1028 1167 1082 Patre
1195 1028 1441 1098 Filioque
1464 1028 1742 1098 procedere
1770 1028 1940 1093 aiunt,

434 1110 485 1152 et
516 1100 743 1169 primunt
781 1116 844 1152 ea:
874 1098 1441 1163 consubstantialitate,
1471 1109 1627 1170 atque
1660 1101 1944 1157 solutiones

435 1170 737 1238 hujusmodi
772 1171 1061 1223 rationum.

433 1278 704 1333 Caeterum
735 1279 837 1332 hoc
868 1280 989 1333 loco
1023 1278 1147 1348 quis
1187 1279 1382 1332 horum
1414 1279 1726 1349 elegantum
1768 1280 1944 1335 homi-

2044 478 2276 547 ἀλόγως,
2301 479 2376 544 ῶς
2404 481 2694 550 δέδεικται,
2724 485 2895 547 νοσεῖ,
2931 483 3071 552 πρὸς
3120 485 3218 554 μὲν
3270 485 3327 539 τδ
3361 488 3565 558 φανερὸν

2041 570 2244 624 ἄτοπον
2273 571 2688 641 αἰσχυνόμενος,
2734 574 2803 626 δι’
2856 575 3054 646 ἑτέρας
3101 574 3155 629 δὲ
3199 574 3331 646 πρὸς
3365 577 3421 629 τὺ
3460 578 3568 631 αὐτὸ

2045 655 2385 725 φερόμενος’
2424 656 2457 728 ἢ
2506 657 2855 714 παντάπασιν
2902 662 3130 731 μάταιός
3176 664 3338 718 ἐστιν.
3375 662 3568 719 Ὀποτέ-

2045 741 2153 817 ρως
2188 748 2235 802 δ’
2265 748 2331 802 ἀν
2358 748 2498 822 έχοι,
2534 750 2629 803 τοῦ
2663 751 2896 822 ψεύδους
2916 754 3240 820 διδάσκαλος
3264 756 3479 824 γίνεται.

2646 867 2900 921 ΚΕΦΑΑ.
2955 866 3012 924 I'.

2050 950 2223 1033 Τίνας
2272 953 2418 1033 recte
2481 955 2791 1033 ξοκρύσας
2844 958 3210 1033 ἀντιθέσεις⁸
3236 961 3570 1033 καιριῳτέεηας

2114 1024 2240 1098 τοῖς
2290 1025 2357 1075 ἐκ
2407 1024 2514 1098 τοῦ
2570 1028 2802 1098 Πατρός
2848 1029 2947 1083 καί
3003 1030 3142 1084 Υἱοῦ
3159 1024 3571 1098 ἐκπορεύεσθαι

2113 1091 2408 1180 ,ξένγουσιις
2474 1091 2809 1180 exdrooo't,
2836 1098 2958 1180 ,καί
3010 1091 3259 1180 νπρῶίογ
3301 1091 3429 1180 ’ἀπὸ
3484 1100 3572 1168 τῆς

2118 1164 2606 1232 όμοουσιότητος,
2641 1166 2741 1220 καί
2772 1168 2988 1234 λύσεις
3011 1164 3129 1223 τῶν
3157 1171 3447 1224 τοιούτων.

2130 1278 2269 1331 Ἀλλ’
2297 1279 2531 1333 ἐνταῦθα
2574 1281 2660 1343 τίς
2691 1281 2759 1337 ἂν
2788 1283 2899 1338 τῶν
2929 1284 3155 1355 κομψῶν
3189 1286 3287 1349 τὰς
3312 1288 3573 1350 ἀντιθέσεις

364 1384 497 1423 num
547 1370 883 1437 objectioncs
928 1370 1102 1423 ferat?
1149 1368 1445 1439 Opponunt
1486 1370 1656 1433 enim,
1702 1371 1847 1440 quod
1898 1372 1945 1426 si

2055 1369 2299 1437 ίνέγκαι;
2360 1372 2721 1427 Ἀντιτιθέασι
2775 1377 2920 1445 γὰρ.
2980 1376 3055 1440 ὡς
3116 1380 3169 1431 εί
3224 1378 3308 1433 διὰ
3361 1379 3419 1432 τὸ
3470 1379 3575 1449 μίαν

366 1469 659 1531 propterea
687 1460 926 1529 Spiritus
960 1469 1186 1516 sanctus
1211 1472 1297 1517 est
1327 1476 1392 1515 ex
1426 1461 1731 1517 substantia
1767 1462 1946 1517 Patris

2055 1459 2236 1514 οὐσίαν
2274 1453 2416 1516 εἶναι
2468 1463 2559 1516 τὸν
2597 1465 2819 1537 Πατέρα
2872 1468 2967 1522 καὶ
3001 1469 3096 1522 τὸν
3133 1468 3281 1535 Υίδν,
3307 1471 3367 1523 ὲκ
3394 1472 3479 1541 τῆς
3502 1472 3574 1522 οὗ·

365 1562 422 1608 et
465 1552 611 1617 Filii,
657 1553 802 1622 quod
838 1553 1000 1607 Pater
1043 1563 1098 1607 et
1137 1553 1309 1609 Filius
1349 1568 1457 1608 non
1503 1555 1576 1609 sit
1619 1556 1943 1617 substantia.

2055 1548 2167 1611 σίας
2223 1551 2318 1605 τοῦ
2380 1554 2592 1626 Πατρός
2647 1556 2743 1609 καὶ
2802 1556 2898 1610 τοῦ
2951 1559 3082 1612 Υίοῦ
3136 1556 3279 1614 εἶναι
3333 1561 3389 1615 τὸ
3443 1560 3574 1630 ἄγων

364 1646 615 1715 profecto
677 1645 982 1699 secundum
1038 1644 1286 1700 eamdem
1342 1646 1633 1711 rationem,
1681 1648 1944 1715 quoniam

2055 1644 2299 1714 Πνεῦμα,
2346 1647 2489 1700 κατά
2537 1649 2630 1701 τὸν
2686 1650 2856 1704 αὑτὸν
2899 1653 3073 1722 δήπου
3124 1653 3303 1723 λόγον,
3342 1656 3454 1708 ἐπεὶ
3495 1656 3574 1725 μία

367 1752 475 1791 una
504 1746 589 1792 est
619 1738 929 1793 substantia
957 1738 1138 1792 Patris
1161 1753 1225 1792 ac
1249 1737 1508 1807 Spiritus,
1530 1740 1731 1794 merito
1754 1754 1943 1809 seque-

2055 1736 2202 1789 )ῦσία
2247 1737 2343 1790 τοῦ
2378 1740 2592 1810 Πατρὺς
2626 1744 2721 1795 καὶ
2766 1741 2864 1796 τοῦ
2906 1743 3253 1816 Πνεῦμα-τος,
3282 1747 3486 1808 εἰκότως
3516 1746 3575 1799 ἂν

363 1836 518 1883 retur
543 1828 707 1882 etiam
740 1828 937 1882 Filium
969 1845 1035 1884 ex
1074 1829 1377 1883 substantia
1408 1830 1586 1885 Patris
1616 1842 1669 1886 et
1703 1830 1941 1900 Spiritus

2055 1828 2234 1882 ἕποιτο
2254 1831 2351 1883 καὶ⁵
2382 1831 2474 1886 τὸν
2505 1832 2634 1885 Υίὺν
2660 1834 2727 1887 ὲκ
2760 1835 2861 1905 τῆς
2910 1837 3100 1901 οὐσίας
3134 1837 3233 1891 ’τοῦ
3279 1838 3473 1908 Πατρδς
3501 1838 3575 1891 καὶ

362 1934 506 1973 esse.
553 1918 655 1984 Qui
688 1920 855 1989 igitur
902 1921 1017 1974 haec
1056 1919 1344 1988 objiciunt,
1388 1921 1644 1975 videntur
1688 1922 1940 1991 ignorare

364 2010 634 2079 principia
679 2011 839 2076 ﬁdei;
874 2026 1012 2080 quos
1043 2011 1332 2081 oportebat
1367 2013 1433 2065 ad
1480 2012 1661 2067 minus
1690 2028 1754 2066 ea
1800 2013 1943 2067 didi-

364 2101 749 2165 cisserdeinde
781 2101 1092 2171 theologum
1138 2117 1322 2172 agere.
1352 2102 1421 2158 Ut
1448 2103 1595 2158 enim
1626 2102 1763 2158 dixit
1788 2105 1928 2173 quis-

363 2193 510 2262 piam
540 2208 571 2247 e
598 2194 772 2247 sacris
792 2192 1112 2250 doctoribus
1134 2196 1203 2262 (is
1229 2194 1524 2265 Gregorius
1544 2198 1680 2265 est),
1704 2198 1942 2265 optimus

365 2286 503 2339 ordo
538 2286 773 2355 primum
811 2286 1047 2349 discere,
1072 2296 1259 2355 postea
1292 2288 1509 2343 docere.
1534 2290 1794 2356 Quamvis
1816 2305 1940 2345 cum

366 2379 542 2433 sancti
592 2394 660 2433 ex
693 2379 998 2434 substantia
1033 2380 1209 2435 Patris
1253 2389 1309 2435 et
1348 2380 1467 2435 Filii
1512 2382 1775 2452 Spiritum
1821 2401 1942 2441 esse

366 2470 670 2539 disserunt,
707 2472 842 2525 nihil
877 2473 943 2527 ad
978 2487 1080 2528 nos
1111 2482 1358 2543 spectare
1397 2476 1760 2545 objectionem
1790 2478 1943 2535 dice-

366 2575 508 2626 mus,
545 2554 900 2616 nihilominus
928 2561 1220 2616 dicendum
1260 2574 1345 2617 est
1371 2581 1384 2616 :
1414 2564 1783 2619 necessarium
1823 2580 1943 2622 esse

370 2672 476 2709 una
508 2670 633 2709 cum
669 2655 795 2709 ﬁdei
821 2656 1125 2727 principiis,
1156 2664 1215 2711 ut
1243 2658 1348 2713 hoc
1371 2660 1536 2714 etiam
1561 2659 1940 2726 conﬁteamur,

367 2746 653 2801 Monadem
695 2748 748 2800 in
786 2748 1005 2813 Triade,
1040 2763 1105 2802 ac
1136 2748 1391 2803 Triadem
1427 2750 1481 2804 in
1516 2751 1744 2806 Monade
1778 2767 1943 2805 vene-

370 2839 478 2893 rari
499 2879 512 2901 ,
545 2848 709 2908 atque
735 2854 875 2908 opus
904 2853 1025 2894 esse
1055 2839 1185 2894 dum
1223 2840 1568 2909 disputamus
1602 2858 1777 2911 neque
1810 2842 1945 2897 Uni-

372 2938 537 2984 tateni
570 2940 794 3000 propter
819 2930 1143 2985 Trinitatem
1177 2930 1535 3000 distinguere,
1562 2948 1740 3002 neque
1758 2933 1946 3010 .Trini-

2046 1914 2140 1967 τοῦ
2179 1917 2500 1987 Πνεῦματος
2532 1915 2693 1975 εἶναι.
2729 1922 2868 1986 Τοὺς
2913 1924 3007 1978 οὖν
3046 1924 3225 1980 ταῦτα
3253 1926 3576 1988 ἀντιτιθέντας

2049 2006 2265 2073 ἀγνοεῖν
2306 2009 2408 2072 τὰς
2452 2012 2630 2092 ἀρχάς
2658 2015 2758 2085 τῆς
2791 2015 3029 2079 πίστεως
3077 2018 3360 2087 φαίνεται·
3390 2020 3471 2077 οὓς
3494 2021 3575 2072 αὑ-

2048 2097 2149 2162 τάς
2176 2099 2532 2172 τούλάχιστον
2560 2105 2727 2176 ἐχρῆν
2750 2106 3124 2179 διδαχθέντας,
3167 2105 3288 2165 εἶτα
3325 2111 3574 2180 θεολογεῖν.

2060 2189 2149 2255 Ὠς
2181 2194 2291 2263 γὰρ
2325 2194 2431 2264 ἔφη
2473 2212 2559 2258 τις
2590 2197 2697 2250 τῶν
2727 2196 2888 2269 ἱερῶν
2918 2200 3263 2256 διδασκάλων
3296 2203 3577 2274 (Γρηγόριος

2049 2276 2203 2346 οὗτός
2231 2284 2398 2353 ἐστι),
2428 2284 2579 2350 τάξις
2628 2286 2825 2359 ἀρίστη
2880 2290 3175 2359 μανθάνειν
3224 2292 3451 2361 πρῶτον,
3484 2287 3577 2342 εἶτα

2049 2372 2344 2429 διδάσκειν.
2379 2375 2573 2429 Καίτοι
2628 2377 2741 2431 τῶν
2792 2379 2973 2446 άγίων
3025 2382 3093 2436 ὲκ
3146 2383 3246 2453 τῆς
3295 2382 3469 2443 οὐσίας
3504 2380 3578 2432 sui:

2051 2466 2268 2535 Πατρδς
2332 2468 2430 2521 καὶ
2478 2468 2577 2523 τοῦ
2628 2469 2759 2523 Υίοῦ
2814 2470 2874 2525 τὸ
2917 2470 3147 2544 Πνεῦμα
3201 2472 3577 2543 θεολογοῦντων,

2050 2561 2203 2613 οὐδὲν
2258 2556 2399 2615 εἶναι
2453 2565 2553 2633 τὴν
2615 2565 2891 2620 ἀντίθεσιν
2951 2569 3087 2639 πρὸς
3143 2572 3293 2641 ἡμᾶς
3338 2572 3570 2640 φήσομεν.

2053 2650 2198 2721 Πλὴν
2234 2653 2331 2705 καὶ
2363 2651 2509 2705 οὔτω
2540 2653 2736 2725 ῥητέον
2760 2655 3008 2725 ἀνάγκην
3037 2652 3181 2711 εἷναι
3215 2659 3349 2728 μετά
3374 2657 3470 2711 τῶν
3499 2655 3579 2724 τῆς

2053 2743 2289 2807 πίστεως
2335 2744 2520 2814 ἀρχῶν
2563 2747 2659 2800 καὶ
2709 2747 2868 2801 τοῦτο
2924 2749 3236 2819 ὁμολογεῖν,
3294 2749 3492 2805 Μονάδα
3534 2751 3581 2800 ἐν

2053 2837 2265 2905 Τριάδι,
2297 2839 2394 2891 καὶ
2427 2840 2632 2908 Τριάδα
2678 2843 2737 2895 έν
2785 2843 2993 2897 Μονάδι
3046 2845 3331 2900 σέϐεσθαι·
3366 2848 3452 2899 καὶ
3493 2843 3580 2896 δεῖν

2057 2929 2193 2998 μήτε
2244 2929 2666 2999 διαλεγομένους
2715 2932 2817 3005 τὴν
2871 2935 3095 2989 Μονάδα
3146 2936 3236 2990 διά
3286 2939 3379 3007 τὴν
3407 2934 3577 3005 Τριάδι

370 3029 535 3076 tatem
568 3032 795 3091 pr0pter
838 3023 1110 3078 Unitatem
1139 3021 1497 3078 confundere.
1534 3023 1639 3078 Sed
1672 3024 1777 3078 hoc
1823 3025 1945 3078 loco

2055 3021 2303 3092 διαιρεῖν,
2344 3025 2483 3094 μήτε
2510 3026 2610 3095 τὴν
2644 3026 2850 3097 Τριάδα
2875 3028 2965 3081 διά
2993 3030 3092 3099 τὴν
3124 3031 3343 3084 Μονάδα
3372 3029 3577 3097 συγχεῖν.

373 3114 678 3169 clarissime
704 3113 956 3169 confusio
980 3123 1263 3183 sequetur.
1295 3114 1350 3169 Si
1379 3115 1576 3169 Filium
1603 3130 1665 3168 ex
1699 3115 1947 3170 substan-

2063 3086 2201 3167 Ἀλλ’
2251 3086 2482 3168 ἐνταῦθα
2531 3086 2791 3187 σῦγχυσις
2815 3086 3138 3189 περιφανῶς
3167 3121 3371 3190 ἕψεται,
3418 3086 3577 3171 είιδτὸν

373 3209 450 3263 tia
500 3208 678 3262 Patris
724 3215 779 3262 et
828 3206 1065 3274 Spiritus
1108 3223 1230 3262 esse
1277 3208 1479 3283 aliquis
1522 3208 1755 3274 dixerit;
1803 3218 1949 3263 esset

372 3300 519 3356 enim
546 3299 784 3368 Spiritus
808 3299 990 3362 Pater,
1023 3298 1427 3368 quippe'Ftlius
1459 3299 1525 3353 ad
1557 3300 1774 3354 Patrem
1815 3300 1952 3354 dici-

375 3403 484 3446 tur.
514 3392 702 3459 Itaque
732 3389 842 3443 duo
868 3391 1056 3444 Patres
1084 3398 1268 3444 essent
1295 3390 1348 3443 in
1376 3389 1665 3451 Trinitate,
1694 3398 1749 3443 et
1787 3390 1951 3445 Pater

374 3499 483 3540 non
529 3494 675 3539 esset
720 3484 938 3555 proprie
981 3483 1161 3538 Pater.
1196 3483 1326 3548 Quae
1371 3496 1402 3536 a
1438 3480 1543 3536 ﬁde
1582 3482 1757 3536 aliena
1800 3490 1949 3535 sunt.

375 3577 699 3647 Quanquam
752 3591 863 3630 non
921 3576 1119 3630 desunt
1168 3573 1273 3627 alia
1328 3571 1581 3634 nomina,
1635 3586 1699 3624 ex
1750 3570 1952 3640 quibus

375 3669 641 3739 suspicari
683 3667 958 3738 quispiam
1012 3666 1241 3719 minime
1291 3672 1498 3733 posset,
1530 3662 1797 3731 Spiritum
1831 3677 1952 3716 esse

377 3762 591 3816 Patrem
625 3760 771 3826 Filii,
815 3759 985 3813 veluti
1017 3757 1218 3813 Filium
1251 3770 1372 3811 esse
1414 3754 1655 3810 Verbum
1687 3753 1950 3824 Spiritus,

376 3852 702 3920 potentiam,
747 3851 949 3915 vivam,
997 3858 1052 3903 et
1101 3846 1510 3901 substantialem
1550 3845 1950 3913 operationem,

378 3942 892 4006 sanetiﬁeationem,
938 3939 1239 3992 naturalem
1270 3937 1462 3996 vitam.
1496 3949 1697 3999 rosam,
1729 3949 1949 3989 suavem

379 4036 627 4097 odorem,
669 4032 987 4101 imaginem,
1034 4038 1089 4084 et
1141 4027 1472 4098 huiusmodi,
1520 4041 1642 4095 quae
1688 4026 1951 4095 Spiritum

381 4141 501 4181 esse
530 4124 649 4178 Filii
687 4138 717 4177 a
753 4122 1070 4176 doctoribus
1105 4120 1384 4173 dicuntur.
1420 4118 1608 4187 Neque
1648 4118 1951 4172 secundum

384 4226 500 4273 haec
550 4218 767 4272 nomina
818 4214 987 4270 Filius
1047 4212 1154 4267 dici
1202 4211 1441 4281 Spiritus
1487 4212 1660 4266 sancti
1714 4226 1951 4281 unquam

384 4319 634 4380 repertus
679 4317 784 4363 est.
828 4307 944 4362 Hoc
986 4316 1166 4360 autem
1213 4320 1319 4359 non
1369 4305 1588 4359 aliunde
1636 4306 1952 4374 contingere

2049 3206 2180 3259 Υίδν
2205 3207 2269 3259 ἐκ
2299 3207 2398 3276 τῆς
2431 3207 2621 3271 οὐσίας
2650 3208 2745 3262 τοῦ
2776 3210 2992 3280 Πατρὸς
3020 3213 3117 3265 καὶ
3158 3211 3258 3266 τοῦ
3306 3211 3578 3281 Πνεῦματος

2049 3297 2199 3365 λέγει
2227 3315 2312 3362 τις
2340 3293 2480 3352 εῖναι
2506 3313 2524 3329 ⁹
2567 3299 2653 3369 εῖη
2698 3300 2807 3372 γὰρ
2851 3301 2918 3354 ἀν
2960 3302 3023 3356 τὸ
3070 3302 3297 3374 Πνεῦμα
3334 3299 3577 3371 Πατήρ⁶ὃ

2052 3392 2160 3460 γὰρ
2198 3391 2327 3455 Υίδς
2364 3392 2501 3459 πρδς
2542 3392 2637 3446 τὸν
2667 3392 2891 3463 Πατέρα
2920 3394 3141 3464 λέγεται
3168 3412 3181 3427 ο
3217 3395 3382 3467 ταύτῃ
3414 3411 3489 3447 τοι
3507 3390 3578 3443 δύο

2052 3483 2287 3553 πατέρες
2321 3480 2526 3537 ἃνεῖεν
2568 3483 2626 3535 ὲν
2668 3486 2737 3554 τῇ
2778 3484 2989 3554 Τριάδι,
3027 3487 3128 3539 καὶ
3157 3487 3186 3539 ὁ
3216 3488 3396 3554 Πατὴρ
3422 3483 3474 3535 οὗ
3500 3498 3576 3532 xu-

2053 3574 2184 3646 ρίως
2229 3575 2441 3643 Πατήρ.
2483 3575 2550 3625 'A
2592 3575 2743 3643 παρά
2784 3573 2885 3643 τῆς
2928 3574 3170 3639 πίστεως
3227 3573 3574 3645 ἀπηγόρευται.

2053 3667 2244 3720 Καίτοι
2289 3682 2355 3734 γε
2402 3664 2650 3719 ἐστικαὶ
2695 3665 2812 3719 ἀλλ’
2853 3667 2989 3721 ἄττα
3039 3667 3155 3720 τῶν
3210 3668 3485 3739 ὀνομάτων,
3532 3661 3575 3724 ἐξ

2051 3752 2126 3812 ὧν
2174 3758 2274 3812 οὒκ
2319 3758 2383 3812 ἄν
2433 3774 2515 3820 τις
2556 3758 2936 3827 ὑπερνοήσειε,
2968 3758 3028 3811 τὸ
3074 3759 3303 3828 Πνεῦμα
3346 3756 3436 3810 ’τοῦ
3475 3751 3575 3806 Tini

2053 3846 2194 3904 εἶναι
2226 3849 2466 3920 Πατέρα,
2492 3844 2603 3902 οἷον
2638 3849 2730 3902 τὸν
2760 3849 2893 3903 Υἱὸν
2923 3850 3097 3917 Λόγον
3135 3847 3278 3905 εἶναι
3319 3849 3404 3903 τοῦ
3442 3843 3577 3900 Πνεῦ-

2057 3959 2245 4012 ματος,
2308 3940 2556 4011 δύναμιν,
2617 3940 2798 4004 ζῶσαν
2862 3942 2957 3994 καὶ
3009 3941 3248 4013 οὑσιώδη
3312 3942 3573 4011 ἐνέργειαν,

2055 4032 2356 4101 ἀγιασμδν,
2402 4030 2637 4102 φυσικὴν
2686 4029 2863 4102 ζωὴν,
2919 4033 3112 4102 ῥόδον,
3154 4033 3368 4097 ⁴ἄνθος,
3416 4026 3575 4096 ὀσμὴν.

2055 4124 2262 4187 είκόνα,
2299 4124 2396 4176 καὶ
2444 4124 2511 4177 τὰ
2566 4122 2790 4176 τοιαῦτα
2842 4124 2943 4176 ὅσα
2988 4124 3082 4177 τοῦ
3132 4123 3265 4178 Υίοῦ
3296 4124 3352 4177 τὸ
3394 4119 3575 4186 Πνεῦμα

2053 4212 2194 4269 εἶναι
2249 4215 2399 4285 παρά
2458 4216 2571 4278 τοῖς
2622 4214 2963 4278 διδασκάλοις
3016 4215 3256 4285 λέγεται.
3296 4209 3575 4269 Οὐδὲ’κατὶ

2054 4308 2225 4361 ταῦτα
2255 4309 2361 4360 τῶν
2413 4307 2692 4378 ὀνομάτων
2736 4310 2764 4361 ὁ
2817 4307 2944 4371 Υἱὸς
2990 4304 3086 4361 τοῦ
3125 4307 3430 4378 Πνεῦματος
3458 4304 3577 4367 λεγό-

385 4408 576 4469 ιεοιεει,
611 4414 775 4470 quam
818 4414 884 4453 ex
921 4398 1038 4467 ipso
1070 4396 1284 4460 ordine,
1322 4406 1376 4451 ct
1412 4406 1671 4467 pra'terea
1704 4412 1947 4452 necessa-

2062 4418 2218 4470 μενος
2244 4399 2473 4471 εὕρηται
2521 4400 2762 4453 πώποτε.
2790 4399 2965 4453 Τοῦτο
2996 4399 3043 4452 δ’
3080 4400 3184 4454 οὒκ
3224 4401 3289 4453 ἂν
3330 4398 3486 4457 ἄλλως
3508 4391 3575 4459 είη

390 4495 530 4545 rimn
571 4500 653 4545 est
695 4504 845 4555 eum,
872 4489 963 4559 qui
1002 4488 1090 4542 illa
1129 4491 1467 4558 opposuerit,
1502 4503 1610 4542 non
1645 4499 1855 4543 tantum
1895 4490 1952 4543 in

391 4587 503 4640 lucc
532 4584 838 4647 incurrere,
862 4581 957 4636 sed
982 4581 1144 4635 etiam
1168 4579 1415 4633 ordinem
1442 4579 1493 4633 in
1523 4579 1788 4634 Trinitate
1815 4580 1957 4635 inter

389 4698 445 4735 se
470 4679 780 4734 divinarum
806 4689 1162 4747 personarum
1189 4673 1453 4742 contingit
1476 4673 1766 4726 invertere.
1785 4672 1955 4729 Filius

386 4776 530 4828 enim
553 4771 737 4827 Patris
763 4784 882 4826 esse
922 4768 1145 4831 dicitur,
1180 4765 1417 4836 Spiritus
1449 4778 1580 4818 vero
1610 4764 1750 4827 Filii,
1782 4774 1835 4818 et
1867 4766 1956 4819 hic

387 4864 608 4934 quidem
640 4864 786 4917 solus
819 4875 883 4915 ex
912 4860 1026 4913 solo
1054 4856 1366 4928 unigenitus
1388 4855 1609 4917 dicitur,
1628 4862 1788 4923 atque
1817 4855 1954 4908 huc-

388 4969 562 5023 uSque
617 4960 699 5005 est
746 4951 847 5021 ipsi
891 4951 1216 5020 proprietas,
1248 4945 1393 5016 quod
1431 4954 1665 5000 estesse
1694 4958 1759 4997 ex
1799 4944 1955 4998 Patre

388 5045 721 5109 immediate,
749 5055 803 5097 ct
834 5042 979 5113 quod
1009 5038 1301 5111 appellatio
1327 5038 1472 5105 Filii,
1495 5052 1615 5091 esse
1646 5035 1954 5090 immediate

386 5154 450 5191 ex
488 5151 647 5190 causa
692 5133 982 5204 signiﬁcat,
1027 5131 1326 5185 secundum
1381 5130 1568 5183 divum
1609 5126 1953 5182 Anastasinm

389 5229 443 5280 in
479 5241 575 5279 sua
608 5224 914 5293 dogmatica
948 5222 1216 5285 oratione,
1261 5228 1319 5272 ut
1362 5217 1789 5288 procedentibus
1817 5233 1955 5271 con-

389 5316 591 5371 stabit:
624 5315 889 5385 Spiritum
922 5327 1053 5367 vero
1089 5320 1333 5365 sanetum
1369 5310 1559 5363 ordine
1590 5308 1808 5361 tertium
1837 5322 1954 5360 esse

387 5426 415 5463 a
471 5410 628 5463 Patre
680 5406 957 5462 communi
1007 5418 1277 5458 consensu
1339 5420 1367 5457 a
1419 5400 1621 5456 sanctis
1676 5404 1954 5468 receptum

386 5509 492 5566 est,
514 5516 621 5554 non
646 5510 827 5554 tamen
855 5507 1048 5551 natura
1079 5497 1296 5550 tertium
1322 5512 1335 5549 :
1363 5504 1415 5548 et
1444 5510 1565 5547 eum
1591 5495 1683 5561 qui
1708 5492 1952 5545 ordinem

386 5593 473 5645 vel
511 5592 776 5644 tantulum
814 5590 1032 5659 quidem
1076 5594 1393 5649 commutat,
1441 5584 1795 5637 inticiatorem
1837 5597 1954 5635 esse

388 5683 538 5749 ﬁdei,
563 5696 625 5734 ac
654 5681 893 5749 Spiritus
914 5679 1247 5733 exsistentize
1276 5676 1694 5739 destructorem,
1730 5688 1955 5744 magnus

2059 4492 2353 4563 συμϐαῖνον
2387 4492 2418 4562 ἢ
2447 4491 2533 4544 διὰ
2572 4490 2669 4562 τὴν
2693 4491 2846 4556 τάξιν
2897 4492 3088 4562 αὐτὴν.
3122 4494 3234 4546 Καὶ
3269 4494 3371 4563 μὴν
3397 4491 3450 4543 οὐ
3481 4485 3576 4540 τού-

2054 4598 2168 4643 τοις
2209 4581 2369 4650 μόνον
2411 4580 2763 4649 περιπίπτειν
2813 4583 3027 4649 ἀνάγκη
3062 4582 3156 4634 τὸν
3204 4584 3379 4635 ἐκεῖνα
3409 4581 3575 4631 ἀντιτι-

2057 4670 2239 4735 θέντα,
2266 4669 2402 4721 ἀλλὰ
2427 4669 2522 4723 καὶ
2548 4669 2646 4739 τὴν
2669 4670 2725 4720 ὲν
2754 4670 2940 4738 Τριάδι
2979 4669 3091 4723 τῶν
3115 4671 3274 4724 θείων
3312 4666 3577 4738 προσώπων

2057 4755 2190 4826 πρὸς
2219 4742 2431 4825 ἄλληλα
2477 4755 2635 4819 τάξιν
2677 4759 3034 4825 περιτρέπειν
3077 4758 3380 4828 συμϐαίνει.
3418 4756 3467 4806 Ὀ
3497 4751 3577 4821 μὲν

2057 4848 2166 4916 γὰρ
2199 4844 2324 4907 Υίδς
2379 4843 2474 4897 τοῦ
2524 4845 2735 4912 Πατρὸς
2765 4840 2904 4898 εἶναι
2954 4844 3195 4913 λέγεται,
3226 4845 3287 4899 τὸ
3313 4845 3366 4898 δὲ
3391 4840 3575 4906 Πνεῦμα

2056 4934 2150 4985 τοῦ
2196 4933 2326 4985 Υίοῦ
2356 4948 2369 4961 ·
2418 4933 2513 4985 καὶ
2566 4934 2593 4984 ὀ
2642 4933 2742 5002 μὲν
2801 4933 2959 5001 μόνος
3019 4935 3083 4986 ἐκ
3132 4935 3290 5003 μόνου
3322 4927 3576 5002 μονογενὴς

2056 5028 2295 5097 λέγεται,
2332 5026 2425 5078 καὶ
2475 5025 2643 5095 μέχρι
2689 5026 2878 5079 τούτου
2929 5027 3077 5081 ἐστὶν
3115 5026 3265 5098 αὐτῷ
3308 5026 3363 5078 τὸ
3395 5023 3573 5088 ίδίωμαι

2063 5122 2090 5174 ὅ
2120 5122 2266 5173 ἐστιν
2316 5120 2379 5171 ὲκ
2412 5118 2505 5171 τοῦ
2547 5117 2760 5186 Πατρὸς
2790 5119 3011 5186 ἀμέσως
3035 5136 3051 5151 ·
3081 5120 3174 5173 καὶ
3198 5120 3278 5172 ὅτι
3305 5121 3333 5187 ἠ
3363 5114 3445 5170 τοῦ
3472 5107 3574 5165 Υίοῦ

2057 5210 2346 5278 ἐπίκλησις
2372 5209 2431 5262 τὸ
2465 5210 2686 5278 ἀμέσως
2713 5211 2778 5262 ἐκ
2807 5209 2899 5262 τοῦ
2936 5210 3117 5264 αἰτίου
3147 5211 3298 5282 δηλοῖ
3339 5206 3464 5261 κατὰ
3504 5201 3574 5252 τὸν

2058 5303 2200 5355 θεῖον
2249 5302 2603 5356 Ἀναστάσιον
2646 5305 2704 5355 ὲν
2748 5303 2825 5373 τῷ
2869 5303 3185 5373 δογματικῷ
3232 5299 3387 5355 αὑτοῦ
3436 5295 3570 5361 λόγῳ.

2056 5395 2131 5457 ὡς
2164 5394 2415 5463 προϊοῦσι
2452 5394 2790 5464 φανήσεται·
2820 5394 2881 5446 τὸ
2913 5395 2968 5446 δὲ
3010 5394 3236 5464 Πνεῦμα
3277 5391 3334 5444 τὸ
3360 5389 3495 5455 ἅγιον
3517 5383 3569 5449 τῇ

2056 5486 2207 5551 τάξει
2269 5485 2450 5554 τρίτον
2510 5486 2616 5539 ἀπὸ
2683 5485 2774 5537 τοῦ
2826 5485 3041 5554 Harpe;
3099 5485 3427 5554 ὡμολόγηται
3476 5475 3569 5530 τοῖς

2060 5580 2258 5644 ἁγίοις,
2303 5578 2363 5629 οὐ
2417 5578 2524 5646 μὴν
2565 5580 2631 5647 τῇ
2662 5577 2818 5646 φύσει
2856 5580 3038 5648 τρίτον
3062 5594 3075 5607 ·
3101 5578 3191 5631 καὶ
3219 5577 3305 5627 τὸν
3333 5572 3418 5640 τὴν
3445 5564 3567 5625 τάξιν

2060 5669 2424 5741 μετατιθέντα
2484 5670 2578 5723 καὶ
2628 5671 2875 5722 ὁπωσοῦν
2928 5669 3167 5739 ἀρνητὴν
3206 5668 3300 5737 τῆς
3348 5662 3562 5715 πίστεως.
