3862 6218
391 418 497 482 923

1310 432 1406 491 DE
1448 428 1973 493 PROCESSIONE
2008 432 2369 497 SPIRITUS
2409 436 2705 498 SANCTI.

2288 290 2342 297 UH

3518 432 3624 493 9H

391 532 485 583 καὶ
535 530 635 600 τῆς
679 531 771 586 τοῦ
838 535 1154 606 Πνεύματος
1209 541 1493 613 ὑπάρξεως
1540 544 1878 617 καθαιρέτην
1924 545 1952 596 6

2076 544 2287 602 Basilius
2338 549 2391 602 in
2436 550 2670 619 epistola
2735 546 2801 601 ad
2848 548 3140 602 canonicas
3190 544 3442 599 affirmat.
3490 545 3635 598 Item

391 620 565 690 μέγας
607 621 886 689 Βασίλειος
932 628 992 681 ἐν
1033 629 1289 701 ἐπιστολῇ
1319 638 1384 705 τῇ
1423 635 1565 705 πρὸς
1597 637 1698 700 τάς
1727 654 1950 691 κανόνι-

386 716 487 773 κάς
515 714 811 783 διορίζεται
837 732 853 749 ο
895 719 987 779 καὶ
1014 721 1079 791 ἥν
1104 722 1257 788 τάξιν
1301 725 1413 795 ἔχει
1445 728 1473 779 6
1515 727 1643 791 Υἱὸς
1684 728 1821 798 πρὸς
1858 730 1951 783 τὸν

387 801 630 873 Πατέρα,
657 805 756 875 τὴν
789 807 958 878 αὐτὴν
991 811 1126 879 πρὸς
1152 814 1243 868 τὸν
1288 816 1413 870 Υίὺν
1447 818 1559 888 ἔχει
1589 819 1649 872 τὸ
1688 819 1948 891 Πνεῦμα·

386 893 482 943 καὶ
532 894 561 945 6
610 895 708 963 μὲν
756 897 884 961 Υἱὸς
934 899 1030 953 τοῦ
1079 903 1293 973 Πατρὸς
1345 907 1600 977 ἐνέργεια
1649 909 1802 972 ζῶσα
1856 912 1954 965 καὶ

388 982 655 1054 οὐσιώδης
713 992 807 1041 καὶ
857 991 1254 1061 ἐνυπόστατος,
1314 997 1410 1051 τοῦ
1472 1001 1529 1055 δὲ
1588 1002 1719 1056 Υῑοῦ
1777 1004 1954 1060 ταῦτα

391 1074 568 1128 πάντα
618 1076 679 1131 :6
721 1079 981 1151 Πνεῦμα’
1014 1087 1113 1140 καὶ
1140 1089 1168 1140 6
1206 1088 1306 1157 μὲν
1337 1091 1529 1163 Πατὴρ
1559 1094 1646 1148 διὰ
1678 1097 1772 1151 τοῦ
1819 1097 1951 1150 Υἰοῦ

388 1165 624 1257 ἐνεργεῖ,
654 1170 681 1221 6
721 1168 779 1223 δὲ
821 1172 947 1236 Υίδς
992 1176 1081 1229 διά
1127 1178 1223 1232 τοῦ
1275 1181 1631 1251 Πνεύματος·
1664 1186 1760 1240 καὶ
1794 1190 1822 1242 6
1855 1188 1955 1257 μὲν

389 1254 517 1318 Υἱὸς
540 1258 604 1310 ἐκ
628 1256 725 1311 τοῦ
754 1260 967 1333 Πατρδς
996 1264 1285 1336 λαμϐάνει,
1320 1272 1379 1324 τὸ
1403 1272 1460 1325 δὲ
1495 1274 1720 1345 Πνεῦμα
1752 1279 1819 1331 ἐκ
1856 1254 1953 1331 τοῦ

390 1345 541 1402 Υίοῦ.
584 1367 604 1400 ι
648 1348 743 1402 Ἐκ
785 1352 879 1405 τοῦ
920 1356 1058 1425 ἐμοῦ
1100 1359 1232 1429 γὰρ,
1276 1364 1430 1433 φησὶ,
1463 1366 1717 1435 λήψεται,
1756 1388 1774 1420 ι
1813 1369 1957 1424 κατὰ

390 1438 482 1491 τὸν
518 1440 689 1508 μέγαν
721 1442 1070 1502 ’Δθανάσιοψ
1103 1453 1199 1505 καὶ
1240 1457 1618 1525 παραιτοῦμαι
1659 1461 1726 1514 τὰ
1760 1462 1952 1529 πλείω,

392 1529 580 1623 ἵνα-μή
612 1532 731 1623 καθ’
765 1534 993 1591 ἕκαστον
1036 1542 1288 1613 ἀριθμῶν
1334 1546 1600 1618 διατρίϐω
1628 1568 1643 1583 ’
1682 1554 1820 1621 πρὸς
1847 1556 1957 1623 γὰρ

393 1616 600 1713 εἰδότας
622 1620 792 1678 ταῦτα
817 1623 1053 1694 λέγεται.
1084 1632 1172 1684 Διὸ
1193 1632 1257 1705 δὴ
1288 1616 1475 1690 ταῦτα*
1494 1641 1589 1693 καὶ
1614 1642 1710 1713 τὴν
1728 1616 1959 1700 ἀἰώνιον

395 1705 627 1806 ῦπαρξιν
656 1712 786 1767 Υίοῦ
812 1719 904 1770 καὶ
937 1719 1251 1791 Πνεύματος
1284 1729 1341 1780 ἐν
1370 1732 1483 1792 τοῖς
1524 1705 1960 1806 Ἀντιρῤητικοῖς

393 1800 422 1853 6
439 1800 665 1898 Piliam];
705 1809 1060 1898 παραδιδοὺς,
1102 1833 1122 1869 ι
1156 1817 1229 1870 Τὸ
1264 1818 1365 1887 μὲν
1419 1822 1547 1893 γὰρ,
1577 1800 1730 1891 φησι,
1759 1800 1958 1898 προσεέ

394 1888 507 1957 χῶς
534 1893 598 1944 ἐκ
638 1893 731 1948 τοῦ
779 1900 1020 1968 πρώτου,
1046 1903 1074 1955 6
1106 1904 1235 1970 Υἱὸς
1267 1888 1539 1976 δηλονότι,
1558 1888 1617 1965 :6
1640 1888 1724 1968 ’66
1750 1888 1839 1971 διά
1866 1920 1959 1974 τοῦ
1994 1892 2034 1947 Β

398 1982 785 2076 προσεχῶςέκ
825 1987 921 2042 τοῦ
956 1992 1175 2063 πρώτου
1203 2009 1218 2025 ’
1248 2014 1276 2076 ἰ
1311 1997 1501 2069 ῶσπερ
1548 2002 1613 2057 ἂν
1652 2008 1700 2059 εί
1751 2008 1962 2076 ἔλεγεν,

407 2068 592 2166 ὈΔμὲν
622 2074 751 2140 Υίὺς
801 2079 865 2132 ἐκ
894 2080 987 2134 τοῦ
1020 2066 1361 2159 Πατρδςδτὴν
1394 2066 1627 2162 ὕπαρξιν
1650 2095 1763 2165 ἔχει
1793 2066 1962 2166 προσἐ

395 2162 535 2232 εχῶς
578 2167 672 2218 καὶ
726 2169 986 2238 ἀμέσωςο
1047 2175 1109 2229 :6
1160 2176 1217 2231 δὲ
1272 2180 1497 2251 Πνεῦμα
1553 2186 1641 2239 διὰ
1682 2162 1777 2240 τοῦ
1833 2162 1964 2243 Ῠίοῦ

397 2256 497 2326 τὴν
546 2256 777 2328 ὕπαρξιν
823 2262 959 2333 ἔχει,
990 2267 1086 2319 τοῦ
1143 2275 1490 2341 γεννωμένου
1525 2278 1588 2330 ἐκ
1624 2278 1718 2332 τοῦ
1756 2282 1966 2350 Πατρὸς

397 2350 681 2419 προσεχῶς
744 2355 840 2406 καὶ
899 2356 1145 2427 ἀμέσως.
1210 2363 1322 2416 Καὶ
1384 2367 1516 2436 περὶ⁵
1577 2369 1679 2437 τῆς
1743 2370 1964 2425 αἰωνίου

400 2438 686 2530 ύπὰρξεως
721 2444 901 2497 αὐτῶν
938 2448 966 2499 6
998 2446 1154 2516 λόγος
1184 2452 1333 2507 ἐστὶν
1375 2453 1543 2525 αὐτῷ.
1583 2458 1747 2510 Ὅθεν
1773 2460 1836 2530 δὴ
1869 2461 1966 2513 καὶ

398 2529 710 2595 ἀκολούθοις
758 2533 821 2587 τὸ
852 2534 1081 2606 Πνεῦμα
1108 2539 1173 2592 :6
1196 2540 1354 2610 ἅγιον
1401 2545 1465 2596 ἐκ
1511 2545 1605 2600 τοῦ
1640 2529 1850 2619 Πατρὸς
1880 2551 1969 2606 διὰ

400 2621 495 2713 τοῦ
540 2618 671 2713 Υἱοῦ
712 2626 1114 2696 ἐκπορεύεσθαι
1164 2634 1560 2704 παραδιδόασι,
1596 2638 1695 2709 τὴν
1737 2618 1969 2713 ὕπαρξιν

403 2711 570 2766 αὐτοῦ
601 2715 912 2785 βουλόμενοι
952 2718 1172 2788 δηλοῦν,
1210 2723 1306 2776 καὶ
1349 2725 1410 2778 :6
1457 2727 1787 2797 ἐκπορευτὸν
1816 2711 1969 2787 οῦδὲν

401 2803 590 2874 ἕτερον
632 2806 664 2876 ἢ
706 2806 855 2861 τοῦτ’
901 2803 1078 2874 εἶναι,
1141 2814 1235 2868 καὶ
1289 2815 1377 2869 διὰ
1426 2818 1521 2871 τοῦ
1578 2822 1821 2875 τοιούτου
1870 2824 1970 2894 τὴν

402 2896 614 2949 ἑαυτῶν
658 2897 946 2968 ὑφαίνουσι
1004 2901 1287 2972 θεολογίαν
1330 2908 1377 2959 οι
1429 2908 1536 2962 ἀπὸ
1592 2911 1691 2981 τῆς
1746 2913 1970 2984 πρώτης

405 2988 569 3057 μέχρι
602 2989 703 3058 τῆς
742 2990 976 3063 ἑϐδόμης
1017 2995 1239 3051 συνόδου
1264 3003 1585 3069 περιφανεῖς
1608 3002 1706 3071 τῆς
1741 3004 1972 3077 Ἐκκλη-

404 3078 526 3141 σίας
568 3079 879 3136 διδάσκαλοι
930 3087 1239 3153 γεγονότες.
1270 3088 1329 3142 '0
1382 3092 1563 3146 τοίνυν
1614 3094 1707 3148 τὸν
1732 3092 1971 3154 Υίὸν’ὲκ

438 3168 464 3181 η

404 3258 634 3315 ἕπεσθαι
682 3265 905 3334 ἐπάγων
954 3268 1130 3322 πάντα
1168 3271 1325 3325 ταῦθ’
1369 3276 1492 3329 ὅσον
1530 3278 1591 3331 :6
1636 3279 1759 3333 καθ’
1812 3281 1973 3337 αὐτὸν

408 3353 643 3444 ἀναιρεῖ.
678 3357 883 3412 Τούτου
935 3361 1043 3430 γὰρ
1089 3363 1450 3433 ὑποκειμένου
1487 3372 1804 3427 τούναντίον
1840 3377 1977 3444 μᾶλ-

403 3436 497 3495 λον
535 3442 602 3498 ἂν
630 3446 937 3514 συμϐαίνοι.
978 3449 1037 3501 '0
1064 3450 1161 3518 μὲν
1179 3451 1306 3516 Υἱὸς
1338 3454 1431 3506 τοῦ
1470 3455 1790 3526 Πνεύματος
1834 3436 1975 3515 εἶναι

404 3534 602 3604 λέγοιτ’
634 3538 720 3601 ἀν,
768 3540 861 3595 καὶ
900 3541 959 3595 οὐ
1010 3542 1169 3611 μόνος
1208 3546 1273 3597 ἐκ
1302 3546 1628 3615 μόνου,ούδὲ
1657 3550 1973 3620 μονογενὴς,

406 3625 527 3679 οὺδέ
549 3628 615 3697 τῇ
650 3627 800 3691 τάξει
828 3629 1081 3701 δεύτερος
1112 3632 1221 3686 ἀπὸ
1250 3632 1346 3687 τοῦ
1393 3635 1628 3707 Πατρὸς,
1678 3636 1815 3692 ἀλλά
1852 3640 1975 3711 τρι-

403 3733 497 3781 τος
518 3733 532 3748 ο
559 3717 621 3770 :6
648 3718 703 3771 δὲ
737 3719 959 3790 Πνεῦμα
986 3722 1241 3793 δεύτερον
1264 3724 1359 3778 ἀπ’
1391 3726 1627 3794 ἐκείνου,
1652 3728 1748 3782 καὶ
1779 3730 1845 3783 ἐκ
1881 3729 1975 3783 τοῦ

409 3811 624 3881 Πατρός
652 3811 739 3865 διὰ
780 3814 874 3867 τοῦ
925 3815 1245 3885 Πνεύματος
1286 3818 1599 3886 γεννᾶσθαι.
1629 3822 1739 3876 Καὶ
1786 3823 1977 3876 σιωπῶ

407 3904 579 3957 τᾶλλα
620 3905 729 3957 τῶν
769 3904 1052 3976 ὀνομάτων
1084 3908 1209 3962 καθ’
1236 3909 1338 3962 ὅσα
1365 3910 1431 3964 ἂν
1453 3912 1481 3963 6
1511 3912 1642 3976 Υἱὸς
1668 3914 1763 3967 καὶ
1803 3914 1977 3982 Λόγος

410 3995 545 4065 πρὸς
576 3996 635 4048 :6
669 3996 893 4066 Πνεῦμα
928 3988 1149 4067 ἐλέγετο
1175 4015 1190 4031 ο
1222 4000 1345 4054 καθ’
1383 4001 1420 4057 ἀ
1456 4002 1657 4072 μᾶλλον
1706 4004 1844 4076 πρὸς
1887 4006 1981 4060 τὸν

408 4087 539 4140 Υἰδν
570 4089 629 4141 τὸ
671 4088 894 4159 Πνεῦμα
923 4092 1279 4162 ἀναφέρεται.
1310 4094 1475 4149 Ἀλλὰ
1503 4097 1676 4149 ταῦτα
1720 4097 1982 4168 σύγχυσιν

407 4180 517 4232 τῶν
568 4181 874 4251 ἰδιωμάτων
924 4184 1245 4253 περιφανῶς
1292 4186 1542 4255 εἰσάγει,
1581 4189 1678 4243 καὶ
1724 4190 1825 4259 τὴν
1876 4192 1983 4261 τῆς

411 4271 645 4343 Τριάδος
694 4273 951 4344 ἀκίνητον
991 4276 1282 4348 μεθίστησι
1323 4279 1496 4345 τάξιν.
1532 4281 1648 4335 Ἵνα
1686 4282 1867 4335 τοίνυν
1905 4285 1982 4358 μὴ

408 4365 571 4418 τοῦτο
608 4366 903 4441 συμϐαίνῃ,
934 4368 963 4421 6
999 4368 1127 4433 Υἱὸς
1168 4369 1263 4424 τοῦ
1292 4370 1635 4441 Πνεύματος,
1669 4376 1765 4428 καὶ
1803 4375 1984 4429 πάντα

409 4457 479 4526 δὴ
514 4458 656 4527 λέγω
701 4460 836 4513 τάπὶ
894 4460 1128 4525 τούτοις,
1164 4462 1291 4516 οῦτε
1340 4462 1511 4528 ἐστιν,
1563 4463 1686 4518 οὔτε
1736 4466 1979 4533 λέγεται,

2058 653 2219 708 quem
2262 639 2511 695 ordinem
2556 641 2721 695 habet
2769 638 2941 694 ﬁlius
2988 638 3053 692 ad
3102 638 3340 700 Patrem,
3374 639 3641 691 eumdem

2058 732 2225 786 habet
2253 730 2490 802 Spiritus
2517 733 2582 787 ad
2622 733 2855 797 Filium;
2894 740 2947 785 et
2987 731 3159 784 Filius
3195 729 3415 799 quidem
3451 726 3645 782 Patris,

2060 820 2306 889 Operatio
2347 820 2467 874 viva
2514 830 2623 883 est,
2661 835 2724 874 ac
2772 818 3169 882 substantialis,
3204 829 3260 873 et
3295 818 3624 889 subsistens.

2060 910 2181 965 Filii
2213 918 2393 965 autem
2428 910 2545 965 haec
2576 910 2758 965 omnia
2809 910 3046 980 Spiritus
3089 920 3213 976 est;
3237 920 3290 964 et
3320 908 3481 963 Pater
3506 907 3631 977 qui-

2060 1001 2186 1057 dem
2226 1017 2326 1071 per
2355 1002 2551 1056 Filium
2594 1010 2873 1070 operatur,
2906 1000 3076 1055 Filius
3108 1010 3288 1055 autem
3322 1015 3420 1069 per
3461 997 3633 1067 Spiri-

2062 1100 2199 1148 tum.
2228 1093 2296 1148 Et
2328 1093 2498 1148 Filius
2538 1092 2758 1162 quidem
2806 1108 2872 1146 ex
2914 1092 3075 1146 Patre
3127 1091 3355 1159 accipit;
3392 1089 3633 1159 Spiritus

2062 1195 2245 1237 autem
2266 1199 2333 1238 ex
2360 1183 2534 1237 Filio:
2575 1201 2594 1234 ι
2622 1182 2703 1243 De
2736 1196 2857 1236 meo
2887 1183 3057 1243 enim,
3090 1180 3285 1250 inquit,
3317 1180 3568 1249 accipiet,
3606 1197 3623 1227 ι

2059 1273 2211 1344 iuxta
2258 1290 2513 1345 magnum
2573 1273 2950 1329 Athanasium.
3009 1273 3075 1327 Et
3142 1274 3403 1342 pleraque
3465 1272 3633 1325 missa

2062 1364 2227 1441 facio,
2273 1380 2345 1420 ne
2391 1365 2600 1434 singula
2650 1378 2982 1420 enumerans
3040 1378 3253 1427 morer;
3308 1366 3511 1432 quippe
3563 1362 3631 1415 ad

2063 1456 2271 1526 peritos
2314 1455 2430 1510 haec
2470 1455 2750 1509 dicuntur.
2782 1454 3128 1523 Quapropter
3169 1454 3335 1508 etiam
3372 1463 3633 1508 aeternam
3676 1482 3691 1501 .

2064 1546 2435 1601 exsistentiarn
2464 1546 2611 1610 Filii,
2637 1555 2693 1601 et
2726 1545 2964 1616 Spiritus
2990 1545 3044 1599 in
3073 1544 3452 1601 conlutatoriis
3480 1543 3642 1598 libris

2064 1635 2341 1709 Nyssenus
2365 1639 2583 1693 tradens
2612 1638 2726 1710 (4):
2768 1657 2787 1691 ι
2825 1639 3043 1693 Etenim
3072 1651 3239 1691 unum
3273 1636 3518 1706 quidem.
3552 1635 3640 1688 in-

2065 1728 2206 1796 quit,
2230 1728 2541 1783 immediate
2573 1744 2639 1784 ex
2668 1729 2867 1798 primo,
2893 1728 3150 1783 nimirum
3177 1727 3377 1790 Filius;
3402 1726 3643 1781 alterum.

2066 1835 2198 1874 vero
2230 1836 2328 1889 per
2360 1820 2414 1874 id
2463 1819 2608 1889 quod
2646 1818 2962 1874 immediate
2987 1828 3072 1874 est
3115 1834 3181 1874 ex
3227 1817 3427 1887 primo,
3464 1835 3482 1868 ι
3522 1827 3639 1870 tau-

2064 1926 2227 1980 quam
2253 1911 2299 1965 si
2333 1910 2574 1965 diceret:
2612 1909 2782 1964 Filiu‘s
2812 1908 3030 1977 quidem
3060 1907 3433 1963 exsistentiam
3472 1907 3639 1962 habet

2066 2005 2415 2061 continenter
2452 2019 2519 2059 ex
2576 2004 2759 2069 Patre,
2814 2012 2977 2073 atque
3024 2003 3356 2066 immediate,
3396 2002 3639 2071 Spiritus

2066 2103 2249 2149 autem
2284 2109 2382 2164 per
2409 2094 2606 2148 Filium
2649 2094 3028 2149 exsistentiam
3066 2094 3250 2157 habet,
3288 2095 3381 2163 qui
3416 2096 3636 2164 genitus

2066 2194 2245 2240 estex
2290 2185 2453 2239 Patre
2486 2185 2836 2240 continenter
2868 2193 3031 2253 atque
3078 2184 3416 2239 immediate.
3455 2184 3635 2252 Deque

2067 2284 2270 2330 aeterna
2314 2276 2562 2343 ipsorum
2609 2275 2928 2329 exsistentia
2980 2283 3063 2329 est
3111 2276 3186 2329 illi
3233 2289 3433 2329 sermo.
3480 2275 3638 2329 Unde

2068 2384 2200 2423 sane
2225 2352 2627 2437 consequenter
2652 2367 2918 2437 Spiritum
2960 2377 3207 2422 sanctum
3252 2382 3318 2421 ex
3353 2367 3512 2421 Patre
3540 2382 3639 2435 per

2068 2460 2265 2515 Filium
2310 2459 2605 2529 procedere
2648 2459 3020 2526 tradiderunt,
3051 2460 3424 2514 exsistentiam
3467 2458 3639 2527 ipsius

2069 2552 2316 2607 volentes
2344 2551 2672 2622 significare,
2703 2560 2760 2606 et
2805 2550 2939 2605 illud
2972 2551 3270 2620 procedere
3311 2551 3450 2603 nihil
3491 2549 3639 2603 aliud

2069 2657 2190 2698 esse
2225 2657 2387 2711 quam
2417 2643 2544 2707 hoc,
2573 2651 2734 2712 atque
2760 2658 2858 2711 per
2886 2645 2989 2696 hoc
3014 2658 3165 2697 suam
3194 2649 3386 2696 texunt
3414 2650 3470 2696 et
3496 2642 3642 2696 ordi-

2071 2745 2241 2792 untur
2271 2735 2624 2804 theologiam,
2657 2736 2749 2805 qui
2786 2750 2816 2788 a
2847 2734 3022 2804 prima
3055 2750 3226 2803 usque
3259 2735 3324 2788 ad
3353 2735 3639 2804 septimam

2072 2829 2339 2900 synodum
2400 2828 2642 2883 illustres
2687 2826 2946 2883 Ecclesiae
2992 2829 3245 2882 doctores
3291 2829 3642 2883 exstiterunt.

2072 2920 2176 2987 Qui
2207 2920 2374 2992 igitur
2409 2919 2607 2975 Filium
2649 2935 2714 2974 ex
2742 2919 3049 2975 substantia
3089 2919 3267 2974 Patris
3310 2928 3362 2974 et
3407 2918 3647 2988 Spiritus

2072 3014 2227 3082 sequi
2265 3013 2577 3068 necessario
2608 3010 2793 3073 infert,
2829 3011 2944 3065 haec
2974 3010 3177 3078 omnia,
3208 3020 3471 3081 quantum
3506 3011 3646 3065 inse

2072 3112 2176 3175 est,
2211 3102 2373 3155 tollit.
2420 3101 2534 3155 Hoc
2568 3100 2714 3154 enim
2756 3100 3039 3169 supposito
3091 3100 3426 3154 contrarium
3467 3102 3663 3169 potius

402 3170 502 3269 τῆς
523 3170 710 3269 ούσίας
739 3174 831 3226 τοῦ
853 3175 1064 3246 Πατρδς
1081 3181 1174 3231 καὶ
1199 3179 1293 3233 τοῦ
1314 3183 1633 3255 Πνεύματος
1655 3188 1971 3257 ἀναγκαίως

2076 3170 2366 3262 contingit.
2398 3190 2576 3245 Filius
2609 3189 2832 3258 quidem
2871 3189 3111 3258 Spiritus
3146 3189 3320 3244 sancti
3352 3205 3472 3243 esse
3504 3189 3652 3244 dice-

2077 3291 2254 3346 retur,
2300 3297 2362 3337 ac
2407 3297 2516 3336 non
2564 3281 2715 3335 solus
2762 3295 2829 3334 ex
2876 3280 2993 3335 solo
3034 3294 3139 3334 nec
3186 3280 3521 3350 unigenitus,
3549 3296 3651 3333 nec

2076 3372 2267 3426 ordine
2298 3370 2575 3425 secundus
2603 3384 2634 3423 a
2668 3369 2851 3433 Patre,
2881 3366 2977 3422 sed
3020 3368 3235 3422 tertius.
3271 3368 3508 3436 Spiritus
3549 3384 3649 3421 au-

2078 3472 2184 3515 tem
2216 3458 2491 3515 secundus
2540 3459 2610 3513 ab
2654 3458 2747 3512 illo
2790 3457 2997 3527 (Patre)
3037 3465 3200 3524 atque
3238 3470 3305 3509 ex
3343 3456 3503 3509 Patre
3554 3471 3653 3523 per

2078 3552 2343 3623 Spiritum
2374 3549 2650 3621 generari,
2678 3557 2735 3604 et
2770 3548 2989 3603 silentio
3018 3562 3210 3617 premo
3234 3547 3440 3616 reliqua
3475 3548 3653 3600 nomi-

2078 3657 2168 3705 na,
2198 3640 2398 3710 quibus
2443 3638 2613 3693 Filius
2659 3646 2715 3691 et
2767 3635 3002 3691 Verbum
3038 3635 3105 3690 ad
3142 3636 3409 3705 Spiritum
3462 3636 3654 3705 utique

2078 3735 2394 3789 diceretur:
2428 3731 2632 3801 quibus
2660 3730 2845 3799 potius
2876 3728 3118 3798 Spiritus
3149 3729 3216 3782 ad
3246 3728 3444 3781 Filium
3477 3727 3653 3781 refer—

2081 3835 2189 3881 tur.
2222 3824 2326 3881 Sed
2361 3824 2477 3879 hzec
2511 3822 2893 3878 confusionem
2930 3820 3326 3890 proprietatum
3361 3820 3651 3889 perspicue

2081 3918 2380 3979 inducunt,
2435 3925 2600 3985 atque
2653 3908 2939 3968 Trinitatis
2998 3913 3392 3966 immutabilem
3440 3921 3675 3965 mutant.

2080 4012 2348 4067 ordinem.
2379 4011 2458 4065 Ne
2495 4009 2659 4079 igitur
2690 4007 2745 4061 id
2778 4006 3018 4069 eveniat,
3060 4004 3230 4059 Filius
3260 4004 3497 4074 Spiritus
3528 4020 3678 4055 sun--

2082 4103 2175 4165 eti,
2196 4112 2251 4157 et
2281 4101 2466 4155 omnia
2493 4115 2615 4169 qua:
2641 4098 2775 4152 inde
2798 4106 3124 4166 sequuntur,
3147 4110 3323 4165 neque
3346 4104 3449 4158 est,
3477 4111 3654 4164 neque
3672 4124 3684 4131 ~

2083 4193 2307 4255 dicitur,
2327 4206 2510 4259 neque
2540 4190 2917 4258 reciprocatur
2936 4186 3164 4241 relativa
3193 4187 3294 4241 ista
3316 4201 3658 4253 consequent.-

2084 4284 2157 4339 tia
2210 4282 2516 4336 secundum
2575 4280 2882 4351 Nyssenum
2935 4278 3258 4348 Gregorium
3318 4278 3540 4332 homilia
3602 4278 3656 4331 in

2085 4374 2249 4427 Pater
2285 4381 2481 4426 noster.
2518 4370 2624 4425 Sed
2658 4384 2839 4438 neque
2873 4370 3050 4424 Patris
3086 4368 3354 4433 definitio,
3392 4368 3661 4422 terminus

2085 4475 2141 4521 et
2190 4464 2454 4530 Verbum,
2496 4476 2599 4516 nec
2650 4461 2831 4531 imago
2895 4460 3359 4516 incommutabilis
3424 4459 3661 4528 Spiritus

410 4549 534 4603 οὐδὲ
570 4550 920 4620 ἀντιστρέφει
978 4553 1011 4622 ή
1072 4554 1295 4622 σχετικὴ
1340 4554 1480 4625 αῦτη
1521 4555 1813 4609 ἀκολουθία
1842 4558 1972 4609 κατά

2084 4556 2307 4619 dicitur,
2339 4552 2589 4624 quamvis
2629 4567 2736 4605 una
2769 4566 2893 4605 cum
2930 4551 3116 4617 Patre,
3144 4551 3392 4621 Filioque
3439 4550 3663 4619 conglo~

408 4640 502 4693 τὸν
534 4640 760 4709 Νύσσης
810 4641 851 4693 Γ
856 4640 1113 4712 ρηγόριον
1153 4643 1210 4696 ἐν
1248 4646 1314 4713 τῇ
1346 4644 1427 4707 εἰς
1477 4644 1540 4697 :6
1586 4643 1780 4715 Πάτερ
1816 4643 1987 4715 ἡμῶν

2095 4645 2361 4707 rilicetur,
2392 4652 2448 4697 et
2476 4641 2956 4697 consubstantialis
2984 4640 3231 4694 exsistat.

411 4731 617 4801 ὁμιλίᾳ.
644 4730 778 4784 Ούδέ
821 4746 886 4797 γε
942 4731 1051 4800 μὴν
1092 4730 1187 4784 τοῦ
1224 4734 1439 4804 Πατρδς
1484 4736 1609 4804 ὄρος
1653 4736 1749 4790 καὶ
1794 4736 1975 4805 λόγος,
2011 4735 2121 4789 οὐδ’
2149 4735 2315 4790 εἰκὼν
2344 4735 2764 4806 ἀπαράλλακτος
2792 4733 2854 4787 :6
2912 4731 3135 4801 Πνεῦμα
3197 4730 3438 4798 λέγεται,
3485 4731 3665 4784 καίτοι

408 4822 488 4892 τῷ
519 4823 697 4890 Πατρὶ
716 4822 809 4875 καὶ
835 4821 915 4893 τῷ
939 4821 1056 4891 Υἱῷ
1082 4823 1539 4895 συνδοξαζόμενον
1568 4828 1662 4880 καὶ
1688 4827 1977 4897 ὁμοούσιον
2017 4828 2284 4899 ὑπάρχον.

497 4915 661 4967 Ἀλλὰ
714 4915 820 4984 μὴν
880 4912 1001 4966 ούδέ
1046 4914 1191 4969 τοῦτ’
1245 4916 1468 4985 εὔλογον
1497 4956 1513 4982 ,
1576 4919 1670 4971 τοῦ
1738 4918 1871 4973 Υἱοῦ
1933 4919 1994 4973 τὸ

413 5006 641 5075 Πνεῦμα
664 5005 760 5058 καὶ
786 5004 960 5059 ταῦτα
999 5007 1177 5061 πάντα
1201 5006 1434 5075 φάσκειν
1464 5008 1718 5076 λέγεσθαι
1750 5010 1841 5065 διὰ
1887 5012 1987 5081 τὴν

412 5098 827 5169 ὁμοουσιότητα.
882 5097 1106 5168 Πρῶτον
1164 5101 1262 5167 μὲν
1320 5100 1402 5153 ὃτι
1447 5100 1517 5153 τὰ
1545 5100 1810 5169 όμοούσια
1855 5105 1993 5171 πρὸς

413 5190 620 5261 ἄλληλα
648 5190 1015 5261 ἀντιστρέφει,
1051 5190 1225 5245 ταῦτα
1254 5190 1309 5244 δὲ
1337 5191 1586 5262 οὐδαμῶς
1609 5209 1622 5224 ο
1657 5193 1851 5248 ἔπειτα
1898 5196 1994 5247 οὺ-

412 5280 472 5333 δὲ
505 5281 643 5334 κατὰ
673 5282 771 5352 τὴν
796 5282 986 5335 οὐσίαν
1024 5279 1195 5334 ταῦτα
1216 5281 1457 5349 λέγεται.
1505 5282 1620 5336 Μία
1650 5283 1759 5354 γὰρ
1786 5286 1817 5353 ἡ
1849 5285 1985 5355 αὐτή

414 5373 564 5425 ἐστιν
591 5373 769 5439 οὐσία,
795 5375 890 5428 καὶ
911 5372 970 5425 οὐ
1001 5372 1119 5425 τόδε
1144 5372 1299 5426 τοῦδε
1329 5376 1471 5428 κατά
1499 5375 1700 5446 ταύτην
1731 5376 1982 5443 λέγεται·

413 5464 591 5528 ἄλλως
615 5464 721 5538 γὰρ
739 5467 885 5534 τρεῖς
908 5465 988 5530 ἂν,
1017 5460 1155 5537 ἦσαν
1175 5465 1351 5519 οὐσίαι
1389 5454 1788 5535 ἀπολελυμέναι
1827 5468 1989 5536 ἀλλή-

415 5558 545 5622 λων,
561 5556 682 5608 οὐδὲ
719 5556 854 5609 καθὸ
873 5556 1131 5627 όμοούσια
1154 5556 1291 5627 πρὸς
1314 5556 1518 5627 ἄλληλα
1544 5557 1809 5626 λέγονται.
1830 5560 1988 5612 Κατὰ

492 5695 568 5763 (4)
598 5694 773 5750 Locus
791 5695 1020 5768 Nysseni
1041 5710 1203 5765 quem
1228 5697 1361 5753 citat
1382 5697 1695 5768 Demetrius
1719 5702 1990 5768 reperitur
2018 5738 2025 5743 ο

423 5768 477 5821 in
504 5762 753 5819 oratione
791 5762 860 5839 ad
912 5762 1224 5839 Ablabium,
1257 5783 1379 5836 qua:
1425 5762 1535 5822 non
1591 5779 1675 5823 est
1727 5762 1868 5839 typis
1896 5787 1991 5825 ex-

424 5850 585 5891 cussa
622 5850 746 5891 cum
773 5836 895 5891 aliis
925 5837 1043 5907 ejus
1076 5838 1357 5906 Operibus,
1387 5849 1442 5893 et
1470 5849 1643 5893 exstat
1699 5836 1975 5896 ἱιιᾜίυιιυ-

2164 4919 2269 4974 Sed
2299 4934 2474 4989 neque
2531 4918 2730 4972 rationi
2786 4924 3213 4970 consentaneum
3249 4926 3368 4982 est,
3408 4930 3661 4970 asserere

2091 5010 2214 5065 Filii
2239 5010 2527 5080 Spiritum,
2557 5020 2613 5063 et
2642 5011 2757 5064 haec
2784 5010 2968 5062 omnia
2997 5006 3105 5060 dici
3145 5016 3369 5075 propter
3397 5008 3654 5061 consub-

2090 5102 2525 5157 stantialitatem.
2557 5102 2801 5155 Primum
2835 5098 3081 5167 quidem,
3114 5098 3261 5167 quod
3295 5098 3661 5152 consubstan-

2090 5193 2241 5247 tialia
2270 5192 2417 5246 inter
2446 5207 2505 5247 se
2546 5192 2984 5260 reciprocantur,
3034 5189 3150 5243 hzec
3182 5204 3313 5241 vero
3358 5188 3509 5243 nullo
3541 5202 3661 5241 mo—

2094 5284 2185 5339 do.
2237 5284 2442 5338 Deinde
2513 5298 2690 5352 neque
2761 5281 3065 5335 secundum
3116 5280 3477 5335 substantiam
3545 5280 3662 5332 haec

2094 5376 2390 5442 dicuntur;
2430 5390 2537 5428 una
2568 5374 2714 5427 enim
2754 5373 2947 5427 eadem
2980 5379 3064 5425 est
3097 5373 3424 5433 substantia,
3456 5381 3511 5424 et
3552 5386 3660 5423 non

2094 5468 2200 5521 hoc
2234 5467 2397 5537 hujus
2448 5464 2749 5519 secundum
2790 5480 2909 5518 eam
2975 5463 3199 5529 dicitur,
3266 5462 3507 5531 alioquin
3551 5470 3663 5513 tres

2094 5567 2280 5614 essent
2336 5557 2659 5611 substantiae
2718 5556 2979 5610 absolutae
3032 5555 3101 5608 ab
3160 5553 3418 5608 invicem.
3471 5552 3663 5621 Neque

2098 5702 2255 5755 theca
2284 5701 2561 5760 Vaticana.
2596 5714 2701 5753 non
2737 5709 2919 5753 autem
2950 5698 3004 5752 in
3053 5698 3208 5754 libris
3258 5699 3662 5761 confutatoriis,

2096 5774 2190 5840 qui
2221 5781 2350 5825 sunt
2383 5781 2571 5825 contra
2602 5769 2967 5831 Eunomium;
3000 5784 3170 5837 quare
3203 5770 3515 5828 Demetrius
3536 5785 3663 5840 pas“

2094 5858 2186 5898 sus
2225 5851 2309 5897 cst
2347 5841 2675 5912 μνημονικὸν
2714 5840 3038 5911 ἁμάρτημα.
