3862 6218
340 178 409 193 Ἃ

409 384 515 448 915
1674 402 2055 466 DEMETRII
2095 407 2404 483 CYDOle
3500 408 3588 472 916

406 502 679 565 quatenus
710 500 954 570 ejusdem
984 500 1301 561 ε’ὒῖἲξαῑπιῖὡ
1343 519 1472 563 sunt
1501 520 1690 566 mutuo
1715 515 1949 570 referun-

2063 520 2221 572 τοῦτο
2253 523 2361 588 γάρ
2382 521 2521 571 εἰσιν
2547 519 2627 583 ἓν,
2652 520 2744 572 καὶ
2770 520 2830 572 οὖ
2857 519 3104 586 λέγονται
3146 517 3278 588 πρός
3314 536 3383 572 τι.
3414 518 3471 572 Ἠ
3499 522 3587 591 γὰρ

407 598 520 645 tur.
552 592 763 661 Quippe
800 597 1099 649 secundum
1130 596 1232 652 hoc
1274 616 1438 654 unum
1469 614 1619 668 sunt,
1644 616 1698 659 et
1736 622 1841 660 non
1874 609 1949 661 di-

2060 610 2312 678 ἀναφορὰ
2342 612 2433 663 ἐπὶ
2458 610 2551 663 δύο
2581 611 2899 679 θεωρεῖταισ
2930 612 3025 664 καὶ
3053 612 3114 664 τὸ
3137 612 3216 675 ἒν,
3257 612 3437 676 Eadem
3466 612 3589 664 ἐστὶν

401 691 605 738 cuntur
624 685 689 737 ad
722 685 950 753 aliquid.
992 685 1208 742 Etenim
1244 691 1437 746 relatio
1476 695 1620 748 inter
1644 696 1753 751 duo
1783 699 1965 752 consi-

402 774 653 837 deratur;
687 782 850 843 atque
876 793 1065 842 unum,
1088 790 1362 848 quatenus
1395 799 1451 837 re
1492 802 1657 838 unum
1692 797 1798 853 est,
1824 791 1963 843 rela-

403 867 510 920 live
549 866 614 918 ad
672 882 731 920 se
781 884 887 920 non
938 870 1162 932 dicitur,
1218 873 1315 925 sed
1375 875 1633 930 nimirum
1690 891 1961 946 quatenus

399 971 643 1022 persona:
673 968 823 1016 sunt.
867 960 1157 1027 quemdam
1183 964 1427 1017 ordinem
1462 966 1603 1019 inter
1638 983 1697 1022 se
1732 969 1957 1034 habent,

395 1048 621 1117 ctjuxta
647 1049 1042 1104 immutabilem
1069 1061 1232 1119 atque
1262 1062 1525 1107 atternum
1561 1057 1704 1111 inter
1729 1074 1788 1113 se
1815 1060 1963 1114 ordi—

396 1154 541 1199 nem,
568 1138 674 1193 hoc
702 1139 886 1211 hujus,
917 1152 973 1196 et
1008 1142 1112 1197 hoc
1151 1144 1299 1197 illius
1323 1160 1445 1200 esse
1472 1147 1697 1214 dicitur,
1732 1150 1835 1205 hoc
1864 1152 1963 1206 ali-

395 1227 526 1295 quid
560 1242 701 1291 esse,
732 1230 1045 1299 imaginem,
1074 1231 1159 1285 vel
1184 1234 1505 1302 potentiam,
1539 1238 1620 1292 vel
1654 1242 1958 1296 naturalem

2057 701 2117 753 ἒν
2146 701 2223 771 τῷ
2253 702 2561 770 πραγματι,
2588 701 2937 770 ἁναφορικῶς
2963 702 3100 769 πρὸς
3118 703 3275 754 ἑαυτὸ
3306 702 3364 752 οὐ
3384 700 3590 768 λέγεται,

2058 793 2196 844 ἀλλὰ
2247 792 2428 861 δῆλον,
2459 794 2542 845 ὅτι
2595 793 2731 844 καθὸ
2762 793 3029 860 πρόσωπα
3081 792 3217 859 πρὸς
3264 790 3458 859 ἄλληλά
3500 807 3592 854 πως

2059 882 2265 946 τάξεως
2316 884 2524 953 έχουσι,
2571 883 2668 937 καὶ
2716 884 2859 936 κατὰ
2882 886 2980 951 τὴν
3009 883 3209 935 τούτων
3241 882 3483 950 ἀκίνητον
3520 882 3593 934 καὶ

2060 976 2236 1027 ἀΐδιον
2265 976 2405 1043 πρὸς
2436 975 2606 1028 ἑαυτὰ
2628 976 2783 1039 τάξιν
2809 977 2927 1028 τάδε
2954 975 3111 1027 τοῦδε
3138 974 3369 1040 λέγεται,
3400 974 3484 1024 καὶ
3501 972 3592 1024 τόδε

2061 1063 2236 1127 τοῦδε,
2264 1066 2325 1117 τὸ
2351 1066 2409 1119 δέ
2438 1083 2491 1117 τι
2521 1061 2683 1129 εἶναι,
2713 1066 2920 1127 εἰκόνα,
2968 1065 3000 1133 ἦ
3030 1064 3280 1129 δύναμιν,
3328 1063 3361 1131 ἦ
3396 1062 3592 1130 φυσικὴν

2059 1154 2227 1224 ζωὴν,
2253 1157 2288 1226 ἦ
2314 1173 2370 1208 τι
2403 1156 2664 1210 τοιοῦτον.
2712 1156 2802 1220 Ἐξ
2828 1151 2902 1209 ὧν
2931 1156 3026 1209 καὶ
3059 1157 3091 1223 ή
3127 1154 3349 1219 πρόοδος
3379 1154 3505 1222 μετᾶ
3520 1152 3595 1220 τῆς

2057 1245 2417 1314 προσωπικῆς
2435 1245 2616 1298 αὐτῶν
2646 1247 2935 1317 ὑπάρξεως
2965 1243 3454 1313 καταλαμϐάνεται.
3480 1278 3489 1287 σ

396 1324 585 1389 vitam,
617 1325 700 1380 vel
731 1325 934 1394 aliquid
962 1329 1164 1383 simile.
1200 1331 1279 1385 Ex
1316 1334 1511 1401 quibus
1536 1336 1702 1389 etiam
1737 1353 2028 1405 processus
2041 1357 2148 1396 una
2183 1357 2306 1397 cum
2329 1345 2598 1413 personati
2625 1344 2821 1396 horum
2840 1342 3157 1398 exsistentia
3180 1338 3591 1408 deprehenditur-

466 1418 754 1483 Praeterea,
800 1434 831 1473 a
860 1423 1066 1475 sanctis
1096 1433 1372 1480 ostensum
1416 1437 1521 1491 est,
1550 1440 1837 1499 propterea
1869 1434 1949 1488 Fi-

2139 1438 2257 1490 Ἔτι
2291 1438 2444 1508 παρὰ
2488 1439 2597 1490 τῶν
2642 1438 2814 1501 ἁγίων
2864 1436 3133 1490 δέδεικται
3173 1434 3263 1487 διὰ
3292 1432 3443 1486 τοῦτο
3486 1425 3598 1482 εἶναι

409 1508 545 1560 lium
590 1523 711 1562 esse
739 1511 1257 1568 censubstantialem
1310 1514 1481 1580 Patri,
1522 1519 1669 1587 quod
1723 1536 1789 1574 ex
1835 1523 1949 1577 sub-

2070 1526 2162 1579 τὸν
2189 1527 2318 1580 Υἰὺν
2347 1528 2634 1598 ὀμοούσιον
2670 1528 2747 1595 τῷ
2803 1527 3003 1597 Πατρὶ,
3038 1526 3172 1577 διότι
3211 1526 3276 1576 ὲκ
3324 1523 3418 1589 τῆς
3443 1520 3599 1578 οὐσίας

395 1599 595 1651 stantia
628 1609 931 1671 naturaque
962 1603 1140 1658 Patris
1175 1617 1492 1675 generetur.
1518 1610 1673 1675 Quod
1712 1614 1949 1681 profectc

2068 1618 2290 1687 καὶτῆς
2344 1620 2558 1686 φύσεως
2610 1618 2702 1671 τοῦ
2746 1618 2958 1687 Πατρὸς
3010 1616 3287 1683 γεννᾶται.
3329 1614 3393 1663 Ὃ
3432 1610 3490 1678 δὴ
3525 1608 3599 1659 καὶ

392 1697 450 1741 et
478 1687 551 1742 ab
581 1690 694 1757 ipsa
739 1693 1057 1760 operatione
1106 1696 1463 1751 manifestum
1496 1712 1602 1755 est.
1642 1703 1778 1768 Quia
1811 1707 1949 1760 enim

394 1778 588 1804 11.1-..-
625 1796 683 1804 ι...
731 1790 922 1804 ..-ι--..-
967 1783 1123 1804 l--__-
1171 1801 1252 1804 _-_
1359 1788 1372 1804 ι

2064 1706 2154 1759 ἐπ’
2180 1707 2347 1774 αὐτῆς
2375 1707 2475 1775 τῆς
2513 1708 2791 1777 ἐνεργείας
2840 1706 3094 1774 φανερόν.
3148 1704 3301 1804 Διῦτι-
3325 1701 3484 1804 γξρ.ὁ

394 1778 591 1833 Petrus
620 1796 686 1833 ex
731 1790 926 1835 natura
959 1783 1130 1839 Joana
1166 1788 1471 1843 secundum
1504 1806 1724 1846 causam
1771 1810 1949 1850 essen-

396 1868 579 1893 ιΞΑΙΑ---
612 1870 980 1893 ---2-ι-...2-..⁴
1016 1875 1037 1893 ι
1060 1876 1113 1893 -L
1135 1886 1175 1893 -.
1230 1876 1243 1889 ο
1267 1878 1279 1893 I
1322 1878 1334 1889 ο
1504 1880 1518 1893 ο
1610 1881 1622 1893 ι

2056 1815 2183 1867 τρος
2210 1800 2273 1852 ἐκ
2307 1800 2408 1866 τῆς
2439 1800 2654 1868 φύσεως
2676 1799 2771 1852 τοῦ
2811 1800 3008 1853 Ἰωανᾶ
3032 1798 3157 1851 κατ’
3190 1796 3370 1849 αἰτίαν
3394 1789 3594 1893 οὖσιώξη

396 1868 580 1922 tialem
606 1870 986 1926 exsistentiam
1016 1875 1202 1939 habet,
1230 1876 1436 1932 idcirco
1469 1880 1715 1949 ejusdem
1750 1892 1949 1939 natura

2070 1890 2171 1957 τὴν
2201 1889 2432 1959 ὕπαρξιν
2454 1890 2588 1959 ἔχει,
2616 1890 2705 1942 διὰ
2733 1889 2891 1942 τοῦτο
2918 1888 3017 1958 τῆς
3049 1885 3219 1955 αὐτῆς
3243 1883 3391 1953 αὖτῷ
3421 1876 3598 1948 φύσεώς

391 1975 516 2011 cum
545 1964 660 2029 ipso
686 1971 792 2029 est,
807 1974 862 2017 et
898 1964 1041 2019 illius
1073 1967 1194 2036 ejus
1211 1982 1329 2021 esse
1352 1969 1475 2037 jure
1506 1971 1715 2039 optimo
1743 1973 1949 2028 dicitur

400 2049 643 2073 ΔΕΑ---2-
667 2069 767 2073 ___
799 2064 930 2073 _-__.
960 2056 1061 2073 l-I',,
1081 2071 1095 2073 _
1158 2072 1165 2073 κ
1192 2072 1197 2073 ,
1229 2058 1243 2073 I
1266 2058 1287 2073 ρ
1351 2067 1363 2073 -
1517 2061 1532 2073 1
1776 2065 1789 2073 .

2070 1980 2207 2043 ἔστι,
2244 1982 2338 2031 καὶ
2366 1981 2479 2041 υίὸς
2518 1980 2683 2032 αὑτοῦ
2716 1975 2853 2032 εἶναι
2898 1979 3113 2045 λέγεται
3154 1976 3398 2073 εἰκότωςἐ
3426 1971 3599 2073 ἰξξξως

388 2049 645 2118 Alioquin
667 2069 772 2106 non
790 2064 934 2108 esset
960 2056 1123 2122 tilius,
1150 2058 1244 2112 sed
1265 2058 1432 2113 frater
1448 2061 1532 2116 vel
1551 2065 1949 2131 quomodocun‘

390 2154 498 2168 -.Ι-Λ
524 2140 684 2168 Αιῖιη..
706 2144 1009 2168 -Α-....,1---.
1037 2146 1412 2168 ,ξμςιεμ-αεμρ,
1485 2167 1488 2168 ,
1637 2153 1681 2168 m
1731 2155 1763 2168 ._
1812 2155 1844 2168 ,ι
1944 2157 1949 2168 .

2067 2070 2174 2139 γὰρ
2202 2070 2301 2122 οὐκ
2329 2070 2396 2124 ἄν
2420 2066 2489 2141 ἦν
2511 2071 2645 2133 υἱὸς,
2678 2070 2795 2121 ἀλλ’
2831 2069 3080 2137 ἀδελφὸς,
3119 2068 3153 2137 ἢ
3183 2064 3438 2168 ὁπωσοῦν.
3457 2061 3598 2168 ἄλλος

389 2154 498 2203 que
523 2140 684 2195 aliter
704 2144 1011 2199 secundum
1034 2146 1440 2213 similitudinis,
1476 2167 1572 2207 seu
1598 2153 1878 2211 aliinitatis
1892 2157 1949 2212 ad

2066 2160 2209 2221 κατὰ
2257 2161 2354 2230 τὴν
2382 2161 2481 2230 τῆς
2511 2162 2827 2232 ὁμοιότητος
2897 2162 2930 2231 ἢ
2962 2159 3295 2226 οἰκειότητος
3349 2154 3476 2226 πρὸς
3502 2151 3599 2212 τοὺς

389 2229 596 2282 similes
622 2232 1054 2301 reciprocantem
1095 2240 1575 2304 consequentiam.
1605 2242 1863 2308 Quamvis
1908 2246 1949 2300 in

2063 2249 2283 2318 ὁμοίους
2306 2229 2773 2322 ἄντιατρέφουααν
2812 2229 3154 2305 ἀκολουθίαν.
3191 2248 3384 2301 Καίτοι
3412 2245 3495 2298 ἐπὶ
3520 2242 3598 2311 μὲν

399 2315 485 2379 iis,
518 2333 639 2387 qure
681 2330 810 2375 sunt
865 2338 960 2390 per
992 2328 1404 2391 generationem
1464 2343 1514 2385 et
1546 2336 1958 2404 corruptionem

387 2408 556 2461 etiam
581 2410 784 2481 absque
806 2429 870 2467 eo
902 2416 1046 2483 quod
1075 2416 1309 2471 alterum
1354 2419 1424 2473 ab
1451 2422 1627 2477 altero
1656 2430 1958 2484 naturalem

393 2513 614 2552 causam
644 2503 981 2559 exsistentia:
1018 2507 1236 2573 habeat,
1270 2510 1388 2565 ﬁeri
1420 2523 1628 2581 potest,
1662 2527 1722 2571 ut
1758 2533 1956 2574 secun-

390 2591 522 2644 dum
574 2594 866 2659 quamdam
909 2601 1149 2655 materiae
1196 2603 1513 2661 aﬂiuitatem
1565 2609 1668 2665 hoc
1703 2612 1867 2683 hujus
1902 2625 1959 2670 et

391 2679 592 2743 simile,
630 2684 711 2737 vel
757 2688 1219 2747 consubstantiale
1261 2695 1582 2764 simpliciter
1616 2679 1867 2766 dicatur;
1901 2715 1959 2759 at

389 2785 524 2826 vero
565 2773 617 2827 in
651 2774 786 2840 Deo,
812 2778 902 2832 ubi
931 2794 1036 2833 uon
1066 2790 1150 2835 est
1181 2786 1432 2850 materia,
1466 2798 1522 2842 et
1549 2800 1747 2845 cuncta
1784 2804 1955 2849 mate-

390 2868 544 2921 rialia
582 2867 800 2931 absunt,
844 2883 1022 2939 neque
1056 2876 1356 2930 secundum
1396 2893 1705 2947 excessum,
1743 2892 1799 2937 et
1856 2884 1956 2940 de-

392 2959 620 3025 rectum,
653 2974 832 3029 neque
898 2969 958 3014 ut
1006 2966 1436 3032 possessionem,
1470 2985 1650 3038 neque
1681 2983 1741 3026 ut
1789 2990 1948 3044 opus,

387 3063 564 3118 neque
603 3050 1103 3122 quomodocunque
1140 3056 1301 3110 aliter
1335 3058 1452 3113 ﬁeri
1496 3070 1674 3124 potest
1705 3073 1765 3118 ut
1801 3066 1946 3121 dica-

390 3150 478 3191 tur
507 3141 809 3195 secundum
840 3143 1001 3197 talem
1054 3146 1396 3214 alﬁnitatem,
1430 3153 1679 3221 profecto
1719 3172 1829 3211 non
1860 3175 1949 3214 se-

2062 2341 2171 2392 τῶν
2191 2342 2249 2392 ἐν
2275 2342 2491 2408 γενέσει
2523 2343 2617 2395 καὶ
2649 2343 2847 2413 φθορᾷ,
2872 2343 2963 2396 καὶ
2992 2341 3160 2412 χωρὶς
3190 2339 3378 2393 τούτου
3420 2336 3475 2389 τὸ
3502 2336 3596 2387 ἓτε-

2063 2446 2155 2498 ρον
2179 2430 2238 2494 ὲξ
2260 2430 2451 2499 ἑτέρου
2495 2432 2595 2501 τὴν
2644 2434 2881 2502 φυσικὴν
2908 2433 3091 2485 αἰτίαν
3127 2430 3277 2498 ἔχειν
3326 2427 3423 2495 τῆς
3446 2424 3597 2501 ’5πάρρ

2061 2520 2219 2584 ξεως,
2268 2522 2495 2575 δυνατὸν
2524 2523 2665 2576 κατὰ
2691 2540 2810 2576 τινα
2861 2523 2959 2589 τῆς
2990 2523 3124 2591 ὕλης
3159 2520 3461 2588 οἰκειότητα
3501 2514 3597 2568 τόδε

2058 2610 2211 2664 τοῦδε
2266 2611 2518 2681 λέγεσθαι
2550 2614 2644 2666 καὶ
2681 2614 2865 2683 ὅμοιον
2909 2613 2941 2681 ἢ
2972 2610 3257 2682 ὀμοούσιον
3288 2609 3498 2670 ἀπλῶςο
3524 2603 3599 2657 ἐπὶ

2055 2702 2112 2754 δὲ
2146 2703 2239 2757 τοῦ
2267 2702 2423 2771 Θεοῦ,
2455 2704 2581 2757 ἐπεὶ
2616 2706 2675 2757 ἐν
2705 2705 2851 2773 αὐτῷ
2881 2705 2914 2774 ή
2947 2702 3047 2774 ὕλη
3079 2704 3177 2756 καὶ
3223 2703 3402 2757 πάντα
3425 2699 3487 2751 τὰ
3519 2696 3600 2765 τῆς

2058 2792 2189 2864 ὕλης
2243 2796 2459 2861 ἄπεστι,
2496 2796 2589 2849 καὶ
2618 2795 2741 2849 οὔτε
2771 2794 2895 2849 καθ’
2925 2796 3200 2866 ὑπεροχήν
3228 2811 3289 2846 τε
3322 2791 3412 2846 καὶ
3450 2789 3596 2842 ma.

2054 2885 2167 2953 ψινν
2192 2885 2313 2937 οὕτε
2344 2885 2421 2949 ὡς
2449 2887 2656 2955 κτῆμα,
2679 2886 2714 2956 ἢ
2746 2886 2977 2955 ποίημα,
3012 2885 3125 2938 οὔθ’
3155 2883 3405 2938 ὁπωσοῦν
3453 2879 3599 2939 ἄλλως

2053 2976 2276 3029 δύναται
2308 2977 2559 3044 λέγεσθαι
2586 2979 2749 3039 Ῐκατὰ
2774 2977 3029 3045 τοιαύτην
3062 2978 3392 3043 οἰκειότητα,
3416 2972 3471 3024 οὐ
3496 2966 3597 3021 καθ’

1981 3115 2022 3171 C
2052 3068 2240 3138 ἕτερον
2284 3069 2457 3139 δήπου
2510 3069 2666 3136 λόγον
2707 3069 2825 3121 τόδε
2855 3067 3008 3121 τοῦδε
3064 3067 3321 3134 λέγεσθαι
3355 3061 3595 3171 “dixeris:

2056 3162 2153 3213 καὶ
2177 3161 2467 3230 ὀμοούσιον
2508 3161 2809 3231 ὑπάρχειν,
2860 3160 2894 3231 ἢ
2949 3162 3033 3214 ὅτι
3081 3158 3181 3228 τὴν
3217 3157 3398 3209 αἰτίαν
3424 3154 3524 3222 ἔχει
3548 3148 3597 3213 ἐξ

386 3230 630 3285 cundum
661 3232 823 3287 aliam
869 3236 1139 3292 rationem
1177 3239 1283 3294 hoc
1317 3240 1481 3311 hujus
1514 3244 1631 3300 fieri
1664 3259 1843 3315 potest
1891 3258 1949 3305 ut

2053 3251 2245 3305 αὐτοῦ.
2283 3253 2439 3307 Κατὰ
2463 3253 2555 3305 τὸν
2589 3230 2753 3307 αὑτὸν
2798 3250 2977 3303 τοίνυν
3022 3250 3204 3317 λόγον.
3260 3250 3360 3301 οὐκ
3402 3238 3595 3313 ἄροιτοῦ

385 3318 627 3384 dicatur,
681 3332 736 3377 et
764 3327 1235 3384 consubstantiale
1263 3330 1356 3395 sit,
1409 3334 1513 3388 nisi
1542 3337 1671 3404 quia
1728 3354 1795 3393 ex
1833 3341 1949 3410 ipso

2058 3342 2184 3394 Υἰοῦ
2215 3342 2276 3395 τὸ
2325 3342 2549 3413 Πνεῦμα
2578 3338 2717 3395 εῖναι
2750 3342 2987 3410 λέγεται,
3034 3341 3128 3393 καὶ
3148 3340 3215 3410 δὴ
3246 3339 3343 3393 καὶ
3372 3338 3592 3433 δύναμιῗο

384 3426 607 3465 causam
645 3413 867 3469 habeat.
905 3416 1108 3472 Eadem
1155 3420 1322 3488 igitur
1366 3424 1577 3480 ratione
1620 3442 1729 3484 non
1779 3429 1949 3499 Spiri-

2054 3437 2146 3488 καί
2175 3433 2377 3504 φυσικὴ
2418 3436 2510 3487 καὶ
2562 3434 2827 3504 οὐσιὼδης
2871 3434 2983 3501 ζωὴ
3029 3434 3123 3485 καὶ
3156 3431 3408 3499 ἐνέργεια
3439 3422 3593 3486 αὑτοῦ,

386 3509 474 3556 tus
495 3517 615 3557 esse
649 3504 769 3558 Filii
802 3505 1029 3571 dicitur,
1061 3518 1117 3562 et
1144 3510 1309 3565 etiam
1343 3517 1613 3581 potentia,
1648 3526 1704 3572 et
1729 3532 1949 3575 natura-

2056 3527 2150 3580 καὶ
2188 3527 2252 3578 ὲκ
2280 3526 2377 3594 τῆς
2402 3526 2591 3586 οὐσῖας
2620 3521 2762 3577 εἶναι
2794 3522 2980 3587 αὑτοῦ,
3008 3524 3111 3585 ὅτι,
3144 3523 3224 3585 ὡς
3256 3522 3408 3575 αὐτοί
3438 3530 3591 3586 φασιν,

384 3592 451 3647 lis
486 3602 652 3663 atque
700 3597 1012 3651 cssentialis
1041 3598 1173 3665 vita,
1221 3610 1277 3655 et
1323 3604 1443 3671 ejus
1493 3609 1760 3674 Operatio,
1801 3619 1858 3663 et
1883 3625 1949 3665 ex

2057 3592 2341 3685 ὁμοούσιον
2372 3612 2511 3670 εἰναι
2536 3617 2702 3686 αὐτῷ,
2736 3615 2871 3669 ἀλλὰ
2916 3615 3050 3667 διότι
3098 3616 3162 3666 ὲκ
3190 3614 3285 3668 τοῦ
3315 3610 3511 3681 Πατρὸς
3540 3605 3591 3659 δι’

380 3682 683 3738 substantia
712 3686 833 3755 ejus
861 3702 1004 3752 esse,
1061 3691 1317 3756 quoniam
1364 3703 1423 3746 ut
1472 3694 1572 3764 ipsi
1601 3698 1777 3763 aiunt,
1821 3716 1951 3755 con-

381 3775 756 3831 substantialis
780 3788 864 3835 est
890 3779 1027 3849 ipsi;
1067 3783 1163 3837 sed
1191 3784 1319 3853 quia
1346 3801 1413 3840 ex
1446 3786 1607 3843 Patre
1645 3806 1742 3859 per
1766 3792 1945 3861 ipsum

380 3864 578 3919 Filium
623 3870 925 3935 personalis
963 3886 1076 3925 sua:
1117 3874 1446 3931 exsistentia:
1492 3892 1710 3933 causam
1761 3881 1947 3945 habet,

381 3965 671 4025 propterea
696 3958 810 4013 hazc
830 3974 950 4014 esse
969 3960 1208 4030 Spiritus
1239 3964 1359 4020 Filii
1390 3966 1617 4034 dicitur,
1640 3980 1695 4022 et
1727 3984 1794 4024 ex
1818 3973 1948 4027 sub-

380 4047 574 4099 stantia
592 4048 711 4117 ejus
732 4064 877 4113 esse,
906 4060 963 4105 et
993 4054 1475 4112 consubstantialis
1505 4072 1625 4115 esse
1654 4059 1781 4130 ipsi,
1812 4078 1949 4131 prae-

380 4137 569 4189 sertim
617 4152 740 4191 cum
785 4153 895 4192 non
956 4151 1312 4196 convertatur
1368 4145 1566 4199 horum
1625 4150 1820 4205 relatio
1873 4153 1943 4207 ad

381 4227 671 4294 Spiritum.
725 4231 857 4296 Qua:
900 4245 1032 4287 sane
1062 4236 1349 4301 oportebat
1397 4246 1456 4291 ut
1499 4249 1942 4311 converteretur,

2056 3709 2222 3761 αὐτοῦ
2269 3709 2362 3761 τοῦ
2411 3709 2540 3762 Υἰοῦ
2590 3708 2690 3779 τὴν
2753 3708 2933 3761 αἰτίαν
2965 3708 3077 3776 ἔχει
3128 3707 3233 3772 τῆς
3274 3698 3592 3775 προσωπικῆς

2056 3799 2343 3867 ὑπάρξεως
2374 3800 2564 3862 αὑτοῦ,
2594 3800 2682 3852 διὰ
2711 3799 2869 3852 τοῦτο
2890 3798 3061 3851 ταῦτα
3110 3792 3255 3850 εἶναι
3284 3797 3489 3863 λέγεται
3515 3806 3591 3843 του

2052 3890 2183 3943 Υἰοῦ
2213 3891 2275 3943 τὸ
2307 3890 2552 3960 Πνεῦμα,
2580 3893 2677 3944 καὶ
2707 3893 2771 3943 ἐκ
2801 3891 2899 3960 τῆς
2921 3889 3107 3952 οὐσίας
3132 3890 3304 3943 αὐτοῦ
3328 3881 3479 3948 εῖναι,
3517 3879 3591 3934 καὶ

2047 3982 2329 4053 ὀμοούσιον
2356 3982 2529 4053 αὐτῷ,
2590 3982 2806 4052 μάλισθ’
2857 3985 2939 4036 ὅτι
2983 3982 3077 4035 καὶ
3124 3982 3250 4035 οὐδὲ
3278 3975 3591 4048 ἀντιστρέφει

2046 4074 2253 4127 τούτων
2279 4076 2312 4139 ἡ
2335 4074 2517 4144 σχέσις
2538 4075 2644 4128 ἀπὸ
2672 4074 2764 4129 τοῦ
2782 4074 2913 4128 Υἰοῦ
2945 4073 3083 4145 πρὸς
3105 4073 3166 4128 τὸ
3197 4075 3447 4144 Πνεῦμα’
3473 4070 3591 4134 ἅπερ

2045 4165 2234 4234 ἐχρῆν,
2265 4166 2315 4218 εἰ
2366 4166 2506 4219 κατά
2535 4166 2624 4219 τὸν
2655 4166 2832 4219 κοινὸν
2874 4167 3000 4237 ὅρον
3028 4166 3126 4236 τῆς
3171 4165 3319 4220 κατὰ
3342 4164 3438 4235 τὴν
3464 4163 3591 4215 ἀντι.

2049 4256 2290 4326 στροφὴν
2316 4256 2640 4320 ἀκολουθίας
2653 4257 2953 4311 ἁπεδίδοτω
2980 4258 3057 4320 ὡς
3077 4256 3317 4327 εἴρηται,
3355 4256 3499 4325 εἴπερ
3520 4247 3589 4305 διὰ

378 4318 425 4371 si
456 4320 757 4375 secundum
793 4338 1141 4381 communem
1180 4326 1557 4386 deﬁnitionem
1598 4347 1945 4405 consequen-

2053 4318 2429 4416 ιδ’ὁιιοούσιον
2457 4318 2641 4403 ἐκεῖνα
2670 4349 2852 4403 πάντα
2883 4318 3128 4418 ἐλέγετο.

378 4417 485 4483 tiae,
515 4433 637 4487 quae
667 4429 751 4474 est
797 4420 1100 4476 secundum
1143 4423 1660 4497 reciprocationem,
1730 4434 2151 4506 assignaretur:
2196 4450 2257 4496 ut
2318 4443 2529 4499 dictum
2557 4452 2678 4511 est,
2734 4444 2781 4499 si
2848 4452 3077 4514 propter
3137 4435 3589 4499 consubstantiali-

378 4518 545 4565 tatem
584 4511 673 4566 illa
713 4514 897 4569 omnia
933 4516 1272 4571 dicerentur.

450 4603 740 4671 Praeterea,
770 4605 815 4658 si
853 4606 968 4660 lucc
995 4607 1179 4662 omnia
1223 4609 1345 4663 Filii
1381 4626 1504 4667 esse
1541 4612 1783 4684 Spiritus
1808 4616 1945 4673 dici-

380 4706 489 4763 tttr,
519 4696 780 4767 quoniam
823 4708 907 4753 est
933 4698 1033 4767 ipsi
1071 4701 1578 4769 consubstantialis,
1618 4708 1943 4763 alterutrum

377 4802 601 4843 necesse
625 4797 728 4851 est,
757 4790 840 4843 vel
864 4806 929 4845 ex
954 4791 1071 4845 solo
1097 4793 1253 4848 Patre
1280 4795 1441 4849 ambo
1459 4811 1580 4851 esse
1606 4798 1940 4866 immediate,

374 4881 527 4934 nullo
559 4881 774 4944 ordine,
816 4898 879 4936 ac
910 4883 1177 4938 relatione
1205 4885 1554 4941 considerata
1588 4890 1644 4943 in
1686 4889 1846 4956 Filio,
1889 4904 1944 4949 et

378 4967 611 5038 Spiritu,
643 4971 725 5023 vel
755 4970 987 5024 alterum
1009 4988 1076 5026 ex
1132 4972 1304 5027 altero
1340 4976 1714 5033 exsistentiam
1762 4981 1936 5037 habe-

375 5076 454 5115 re.
482 5057 588 5113 Sed
624 5060 668 5113 si
700 5060 957 5128 primum.
992 5060 1186 5118 fratres
1232 5074 1394 5118 erunt
1419 5066 1562 5122 inter
1598 5084 1655 5121 se
1687 5069 1857 5125 Filius
1888 5080 1942 5125 et

375 5150 652 5220 Spiritus;
688 5167 808 5221 qum
846 5152 992 5205 enim
1040 5167 1105 5207 ex
1144 5170 1249 5208 una
1286 5170 1520 5224 persona
1560 5169 1707 5225 sunt,
1760 5178 1941 5233 neque

377 5241 547 5295 ullum
580 5242 783 5296 habent
821 5242 1067 5297 ordinem
1133 5244 1280 5299 inter
1329 5261 1387 5300 se
1448 5264 1561 5303 suze
1608 5251 1942 5309 exsistentite

377 5332 573 5389 fratres
613 5344 742 5389 sunt
794 5335 938 5389 inter
974 5350 1067 5400 se;
1097 5336 1181 5389 vel
1246 5338 1740 5412 quomodocunque
1782 5344 1942 5399 aliter

375 5425 678 5479 secundum
702 5426 972 5496 ejusmodi
1013 5426 1355 5484 aﬂ‘mitatcm.
1390 5428 1503 5486 lloc
1537 5442 1719 5487 autem
1749 5436 1941 5491 absur-

375 5518 505 5569 dum
540 5525 647 5571 est.
675 5516 871 5572 Essent
899 5516 1045 5570 enim
1082 5517 1193 5571 duo
1246 5519 1339 5573 lilii
1373 5520 1430 5574 in
1474 5521 1744 5579 Trinitate
1773 5543 1787 5591 ;
1818 5526 1928 5581 imo

372 5622 506 5659 vero
543 5622 649 5661 non
682 5617 829 5663 esset
870 5608 1134 5663 Trinitas.
1180 5608 1394 5680 Quippe
1440 5614 1636 5667 merito
1667 5627 1940 5684 quzererct

375 5696 598 5765 aliquis,
622 5713 732 5765 quo
760 5698 930 5752 Filius
968 5700 1315 5755 discernatur
1337 5718 1365 5756 a
1398 5703 1630 5775 Spiritu.
1663 5707 1932 5772 Quoniam

2122 4619 2262 4682 Ἔτι,
2307 4622 2355 4674 εἰ
2406 4622 2581 4675 πάντα
2626 4620 2800 4676 ταῦτα
2832 4620 2928 4675 τοῦ
2966 4620 3098 4675 Υίοῦ
3128 4620 3190 4674 rb
3221 4618 3438 4677 Πνεῦμα
3471 4609 3587 4669 εἶναι

2046 4710 2282 4776 λέγεται,
2338 4711 2470 4765 διότι
2504 4712 2651 4766 ἐστὶν
2680 4714 2965 4781 ὀμοούσιον
2998 4713 3148 4784 αὐτῷ
3170 4728 3185 4743 ⁶
3217 4715 3364 4767 δυοῖν
3404 4711 3583 4777 ἀνάγκη

2047 4802 2270 4872 θάτερον
2289 4843 2303 4867 ,
2336 4803 2367 4873 ἦ
2397 4804 2461 4857 ὲκ
2515 4804 2679 4874 μόνου
2718 4803 2812 4856 τοῦ
2850 4805 3064 4874 Πατρδς
3089 4800 3227 4857 εἶναι
3252 4806 3481 4872 ἀμέσως,
3510 4798 3584 4851 καὶ

2046 4896 2212 4965 ἄμφω
2243 4897 2512 4966 μηδεμιᾶς
2544 4896 2747 4960 τάξεως
2794 4896 2889 4948 καὶ
2914 4897 3147 4965 σχέσεως
3178 4890 3583 4964 ἐνθεωρουμένης

2045 4987 2158 5056 Υἰῷ
2200 4987 2295 5041 καὶ
2320 4988 2617 5057 Πνεῦματι,
2654 4988 2687 5057 ἢ
2742 4988 2800 5040 τὸ
2833 4987 2892 5040 ἒν
2924 4990 2983 5053 ἐξ
3020 4987 3206 5058 ἐτέρου
3250 4987 3349 5059 τὴν
3382 4981 3582 5051 ὕπαρξιν

2045 5078 2209 5147 ἔχειν.
2251 5079 2392 5131 ’Λλλ’
2428 5081 2476 5132 εἰ
2506 5079 2605 5147 μὲν
2637 5079 2697 5131 τὸ
2750 5078 2985 5148 πρῶτον,
3020 5078 3224 5147 ἀδελφὰ
3265 5077 3504 5147 ἀλλήλοις
3529 5071 3581 5124 ἂν

2044 5169 2127 5237 εἴη
2153 5172 2180 5222 ὁ
2199 5169 2324 5233 Tib;
2356 5172 2448 5224 καὶ
2471 5170 2531 5222 τὸ
2559 5170 2807 5240 Πνεῦμα’
2827 5170 2895 5224 τὰ
2921 5171 3031 5239 γὰρ
3061 5171 3121 5235 ἐξ
3143 5170 3259 5233 ἐνὸς
3288 5170 3413 5264 ὅῌντα
3434 5179 3578 5264 προς·

2041 5259 2214 5321 ὡττου,
2264 5261 2537 5329 μηδεμίαν
2597 5262 2654 5315 δὲ
2702 5263 2837 5331 πρὸς
2881 5261 3082 5331 ἄλληλα
3110 5261 3261 5326 τάξιν
3303 5261 3481 5330 ἔχοντα
3502 5259 3579 5322 τῆς

2043 5349 2328 5419 ὑπάρξεως
2354 5352 2557 5418 αὐτῶν,
2586 5352 2791 5420 ἀδελφά
2818 5354 2954 5406 εἰσιν
2986 5353 3264 5423 ἀλλήλοις·
3296 5352 3327 5419 ἧ
3356 5343 3576 5402 ὁπωσοῦν

2044 5440 2217 5504 ἄλλως
2242 5442 2381 5496 κατὰ
2415 5444 2513 5512 τὴν
2543 5443 2798 5512 τοιαύτην
2829 5445 3157 5513 οἰκειότητα.
3198 5441 3364 5493 Τοῦτο
3398 5439 3449 5489 δὲ
3474 5435 3580 5488 ἆτο-

2046 5548 2167 5584 πον.
2204 5533 2324 5585 Υἰοὶ
2356 5533 2463 5602 γὰρ
2492 5532 2584 5585 δύο
2612 5529 2722 5587 εἷεν
2757 5533 2823 5587 ἂν
2862 5536 2921 5587 ἐν
2949 5536 3012 5605 τῇ
3072 5533 3255 5603 Τριάδι
3281 5547 3297 5561 ο
3331 5522 3579 5598 μᾶλλονδὲ

2042 5624 2161 5675 οὐδὲ
2192 5623 2360 5693 Τριὰς
2407 5624 2512 5690 εἴη.
2535 5625 2796 5694 Ζητήσειε
2828 5626 2937 5697 γὰρ
2979 5626 3047 5703 dy
3078 5642 3161 5686 τις
3188 5622 3416 5682 εἰκότως.
3439 5617 3529 5668 τίνι
3554 5612 3576 5662 δ

2047 5712 2169 5767 Hb;
2203 5712 2292 5764 τοῦ
2329 5714 2637 5783 Πνεύματος
2660 5716 3017 5780 διακρίνεται·
3077 5715 3197 5769 ἐπεὶ
3228 5715 3286 5766 ὲν
3310 5712 3416 5774 τοῖς
3433 5704 3573 5762 θείοις
