3862 6218
215 486 318 539 οὐκ
348 485 476 540 ἄλλο
520 486 618 556 τῆς
649 491 978 562 διακρίσεως
1030 499 1204 554 αίτιόν

215 579 328 632 τῶν
357 579 560 649 ταύτης
609 584 858 641 ἀπόντων
905 589 938 660 ἢ
991 593 1051 645 τὸ
1083 593 1184 662 μὲν
1228 598 1399 651 αἴτιον
1453 579 1710 668 simus-6
1740 604 1797 660 δὲ

214 669 476 722 αίτιατόν.
510 672 768 728 Λείπεται
821 677 1000 732 τοίνυν
1023 682 1092 760 ’τὸ
1122 683 1398 756 δεύτερον,
1425 689 1665 760 δηλονότι
1701 693 1797 746 66t-

212 775 376 828 τερον
404 761 462 826 ἐξ
494 763 680 834 ἐτέρου
709 768 808 838 τὴν
841 768 1076 841 ὓπαρξιν
1106 774 1269 845 ἔχειν.
1305 779 1460 833 Ἐπεὶ
1509 785 1604 837 καὶ
1634 783 1799 836 δέδει-

217 867 348 904 κται
375 853 436 905 τὸ
485 856 769 924 όμοούσιον
806 859 1058 916 ἐντεῦθεν
1087 866 1178 918 ἐπὶ
1219 869 1326 922 τῶν
1369 870 1532 926 θείων
1569 873 1800 941 συνάγε-

215 943 365 1008 σθαι,
397 944 532 999 διότι
562 947 787 1022 θάτερον
807 953 866 1016 ἐξ
885 955 1071 1027 ἑτέρου
1094 960 1242 1012 ἐστὶν
1273 961 1348 1024 ὡς
1369 963 1550 1026 αἰτίας
1581 965 1798 1022 ἑαυτοῦ.

230 1034 374 1088 Ἀλλ’
400 1039 427 1090 6
454 1040 553 1106 μὲν
582 1040 710 1104 Υἱὸς
739 1043 837 1096 οὐκ
865 1044 932 1098 ἂν
955 1049 1019 1100 ἐκ
1060 1049 1158 1102 τοῦ
1209 1052 1528 1122 Πνεὺματος
1567 1055 1800 1122 λέγοιτο.

216 1126 298 1178 Οὐ
321 1127 431 1210 γὰρ
461 1129 530 1183 ἂν
565 1132 853 1200 συμϐαίνοι
883 1137 951 1190 τὰ
979 1140 1132 1210 παρὰ
1161 1142 1264 1211 τῆς
1293 1143 1516 1215 Γραφῆς
1547 1148 1684 1216 πρὸς
1711 1149 1804 1202 τὸν

221 1217 354 1270 Υίὸν
380 1220 740 1292 ἀποδιδόμενα
770 1226 846 1296 τῷ
879 1229 1158 1300 Πνεύματι
1191 1249 1205 1266 ο
1253 1235 1469 1303 μάλισθ’
1490 1239 1574 1290 ὅτι
1627 1241 1722 1292 καὶ
1747 1242 1806 1293 τδ

219 1311 450 1381 Πνεῦμα
479 1313 542 1366 ὲκ
576 1314 667 1367 τοῦ
716 1318 926 1386 Πατρὺς
975 1323 1062 1375 διὰ
1096 1323 1188 1375 τοῦ
1223 1325 1351 1378 Υίοῦ
1409 1329 1807 1398 ἐκπορεύεσθαι

220 1405 379 1474 παρὰ
405 1405 520 1458 τῶν
544 1407 879 1463 διδασκάλων
911 1412 1240 1482 θεολογεῖται
1265 1434 1279 1448 υ
1325 1413 1496 1488 οὗπερ
1550 1421 1808 1487 ἐναντίως

219 1495 440 1564 ἔχοντος
474 1499 508 1568 ἡ
538 1498 692 1563 τάξις
727 1505 866 1570 μετὰ
895 1506 997 1574 τῆς
1026 1509 1387 1580 προσωπικῆς
1415 1512 1597 1565 αὐτῶν
1628 1513 1808 1582 ὑπάρ-

225 1585 365 1650 ξεως
391 1589 835 1661 ἀναιρεθήσεται.
873 1595 986 1648 Οὐκ
1025 1597 1132 1666 ἄρα
1157 1598 1381 1668 Πνεῦμα
1407 1600 1538 1652 Υίοῦ
1568 1601 1809 1669 λέγεται,

221 1676 360 1730 διότι
379 1679 664 1747 δμοούσιόν
695 1683 840 1736 ἐστιν
866 1686 1037 1756 αὐτῷ,
1081 1688 1195 1742 ἀλλ’
1223 1691 1305 1744 ὅτι
1342 1691 1402 1756 ἐξ
1432 1691 1600 1745 αὐτοῦ
1635 1695 1806 1753 ἐστιν,

225 1771 311 1830 είς
340 1770 503 1824 αὐτὸν
535 1773 885 1845 ἀναφέρεται.
919 1779 1010 1831 Διὸ
1050 1781 1146 1832 καὶ
1184 1781 1249 1834 ὲκ
1285 1782 1385 1851 τῆς
1425 1784 1614 1847 οὐσίας
1645 1785 1810 1837 αὐτοῦ

221 1861 469 1930 λέγεται,
502 1865 597 1918 καὶ¹
625 1865 908 1934 ὀμοούσιον
935 1870 1081 1939 αὐτῷ
1111 1872 1276 1925 ἐστιν.

307 2039 430 2092 "Et:
457 2039 517 2094 τδ
541 2041 659 2095 τόδε
697 2043 852 2097 τοῦδε
901 2045 1160 2114 λέγεσθαι
1191 2049 1503 2121 πλεοναχῶς
1555 2053 1776 2121 λέγεται
1797 2071 1811 2086 ο

228 2131 328 2184 καὶ
351 2131 460 2202 γὰρ
508 2133 583 2194 ὠς
611 2134 820 2205 κτῆμα,
854 2139 946 2191 καὶ
980 2123 1210 2209 ποίημα,
1259 2144 1352 2195 καὶ
1398 2144 1667 2213 γέννημα,
1719 2148 1814 2198 καὶ

232 2225 421 2295 μέρος,
453 2227 546 2278 καὶ
565 2228 818 2296 ὄργανον,
853 2233 948 2283 καὶ
971 2232 1070 2284 ὅσα
1097 2234 1322 2288 τοιαῦτα
1343 2251 1356 2268 ο
1382 2237 1517 2288 ἀλλὰ
1541 2238 1601 2289 τὸ
1619 2238 1814 2308 όμοού-

233 2333 350 2371 σιον
393 2319 482 2371 ἐπ’
514 2320 844 2377 ὲλλαττόνων
885 2325 1127 2394 λέγεται.
1154 2327 1270 2396 Ἐφ’
1327 2323 1402 2383 ὧν
1460 2331 1559 2400 μὲν
1614 2333 1724 2401 γὰρ
1755 2333 1814 2385 τὺ

234 2409 517 2478 δμοούσιον
541 2411 779 2480 λέγεται,
820 2415 882 2468 τὸ
909 2417 1026 2470 τόδε
1058 2418 1209 2471 τοῦδε
1244 2421 1470 2474 δύναται
1518 2422 1770 2490 λέγεσθαι
1796 2441 1810 2456 ο

234 2500 320 2568 ἐφ’
349 2496 424 2556 ὧν
454 2504 508 2557 δὲ
539 2505 726 2570 ἁπλῶς
747 2508 807 2561 τὸ
831 2508 951 2561 τόδε
985 2509 1140 2563 τοῦδε
1164 2511 1401 2581 λέγεται,
1435 2515 1537 2567 οὐκ
1567 2517 1660 2568 ἑ.πὶ
1688 2516 1813 2569 τού-

230 2609 342 2644 των
370 2595 588 2648 πάντων
628 2599 688 2650 τι
709 2599 993 2669 όμοούσιον
1020 2602 1244 2658 δύναται
1277 2606 1532 2675 ῥηθῆναι.
1565 2609 1724 2662 Πᾶσα
1753 2609 1809 2660 δὲ

231 2687 382 2739 αἰτία
409 2687 442 2760 ἦ
473 2690 569 2742 ἐπὶ
599 2690 778 2757 πλέον,
809 2693 842 2763 ἦ
869 2696 1065 2766 ἐπίσης
1095 2699 1232 2766 πρὸς
1261 2698 1330 2752 τὰ
1361 2700 1580 2753 αἰτιατὰ
1619 2701 1810 2754 ἀποδε-

229 2775 416 2829 δοται⁹
447 2781 533 2832 ἐπ’
567 2780 785 2835 ἔλαττον
813 2783 870 2836 δὲ
900 2786 1172 2854 οὐδαμῶς.
1214 2788 1358 2858 Πρὸς
1406 2791 1515 2860 γὰρ
1549 2793 1638 2845 τὸν
1672 2793 1816 2862 ἐρω-

231 2869 436 2935 τῶντα,
480 2871 622 2926 διατι
651 2875 679 2926 6
709 2875 995 2946 ἅνθρωπος
1043 2878 1180 2942 ζῶόν
1212 2882 1348 2947 ἐστι,
1386 2882 1520 2936 διότι
1552 2885 1702 2937 ἐστὶν
1726 2887 1812 2938 αἱ·

237 2960 454 3028 σθητὺν,
487 2964 701 3042 οίκείως
745 2966 1162 3039 ἀποδοθήσεται.
1193 2973 1265 3024 T6
1294 2975 1404 3044 γὰρ
1430 2966 1692 3046 αἰσθητὸν
1722 2978 1816 3029 ἐπὶ

207 3052 498 3106 -ττλειόνων
528 3053 560 3126 ἢ
603 3056 631 3108 6
675 3055 960 3126 ἄνθρωπος
993 3060 1229 3127 λέγεται.
1287 3063 1429 3133 Πρὸς
1459 3065 1515 3118 δὲ
1549 3067 1640 3118 τὸν
1667 3068 1810 3136 ἐρω-

226 3141 411 3198 τῶντα
441 3143 583 3196 διατι
615 3146 953 3213 γελαστικὸν,
985 3149 1117 3203 διότι
1142 3151 1430 3222 ἄνθρωπός
1463 3156 1631 3219 ἐστιν,
1670 3157 1811 3210 ἀπο-

230 3236 536 3306 δοθήσεται.
563 3238 746 3291 Ταῦτα
766 3239 872 3308 γὰρ
901 3240 1143 3312 ἀλλήλων
1174 3245 1684 3316 ἁντικατηγορείται
1718 3249 1813 3300 καὶ

233 3329 497 3394 ὲξισάζει.
538 3332 635 3382 Ἂν
663 3330 720 3385 δὲ
756 3332 889 3404 λέγῃ
917 3352 1020 3401 τις,
1050 3336 1138 3389 διὰ
1173 3336 1332 3390 τοῦτό
1370 3338 1519 3392 ἐστιν
1549 3342 1575 3391 6
1605 3341 1814 3409 ἄνθρω-

232 3442 339 3490 πος
370 3427 526 3494 ζῶον,
557 3429 690 3481 διότι
722 3431 840 3482 ἐστὶ
861 3430 1206 3498 γελαστικὸν,
1233 3432 1293 3485 οὐ
1327 3433 1468 3486 κατὰ
1498 3432 1654 3498 λόγον
1686 3433 1818 3485 ἀποο

230 3518 416 3580 δώσει,
439 3520 500 3573 τὸ
530 3521 838 3588 γελαστικὸν
867 3523 1150 3588 ἀποδιδοὺς
1173 3524 1350 3578 αἰτίαν
1374 3524 1468 3577 τοῦ
1485 3524 1575 3578 τὸν
1612 3523 1820 3593 ἅνθρω-

233 3627 340 3664 πον
365 3607 503 3666 εἶναι
526 3613 685 3679 ζῶον,
732 3617 869 3685 ὅπερ
917 3617 1011 3669 ἐπὶ
1037 3617 1298 3671 πλειόνων
1335 3617 1537 3688 μᾶλλον
1570 3619 1601 3688 ἢ
1632 3617 1691 3671 τὸ
1719 3634 1815 3684 γε-

232 3700 488 3756 λαστικὸν
521 3709 923 3777 κατηγορεῖται.
957 3706 1026 3760 Εἴ
1074 3726 1126 3761 τι
1170 3708 1269 3778 μὲν
1326 3710 1435 3780 γὰρ
1474 3709 1816 3778 γελαστικὸν,

234 3795 401 3859 ζῶον,
430 3795 489 3849 οὐ
527 3797 631 3866 μὴν
660 3799 713 3852 εῐ
745 3815 798 3851 τι
837 3799 994 3863 ζῶον,
1027 3800 1374 3868 γελαστικόν.
1414 3801 1486 3854 Οὐ
1524 3803 1631 3871 γὰρ
1663 3805 1816 3856 ἅντι-

239 3886 483 3956 στρέφει,
540 3889 625 3942 διὰ
655 3891 716 3942 τὺ
767 3889 841 3960 μὴ
871 3892 1068 3962 ἐπίσης
1122 3894 1692 3964 ἀντικατηγορεῖσθαι.
1737 3895 1812 3947 Οὐ

232 3981 416 4033 τοίνυν
440 3980 531 4035 τοῦ
562 3981 693 4036 Υίοῦ
738 3983 800 4036 τὸ
833 3983 1056 4053 Πνεῦμα
1107 3985 1303 4052 λέγοιτ’
1340 3985 1404 4038 ἂν
1437 3985 1468 4056 ἣ
1500 3985 1744 4053 δύναμις,
1783 3985 1814 4055 ἢ

236 4072 510 4142 ἐνέργεια,
549 4072 581 4144 ἢ
611 4075 723 4144 ζωὴ
756 4077 958 4145 φυσικὴ
1003 4075 1098 4128 καὶ
1133 4076 1422 4145 οῦσιὼδηε,
1460 4075 1596 4129 διότι
1622 4075 1818 4145 ὁμοσύ-

239 4187 357 4224 σιον
383 4166 534 4237 αῦτῷ
563 4170 733 4223 ἐστιν.
782 4168 846 4220 '0
871 4168 982 4236 γὰρ
1011 4167 1070 4219 τδ
1101 4167 1386 4236 ὁμοοὺσιον
1416 4167 1508 4220 τοῦ
1530 4166 1704 4220 ταῦτα
1731 4166 1819 4220 λέ-

235 4263 436 4332 γεσθαι
461 4261 522 4315 τὸ
549 4261 772 4330 Πνεῦμα
807 4259 934 4314 Υξτῦ
967 4259 1247 4329 τιθέμενος
1283 4260 1462 4313 αἰτίαν
1489 4260 1817 4331 ἁμαρτάνει,

237 4359 300 4411 τὸ
327 4357 413 4410 ἐπ’
445 4354 665 4408 ἔλαττον
697 4352 789 4406 τοῦ
821 4353 914 4405 ἐπὶ
941 4354 1128 4404 πλεῖον
1161 4351 1456 4419 λεγομένου
1495 4351 1673 4403 αίτίαν
1696 4351 1819 4403 ὲπι-

243 4448 461 4518 σξαλῶς
490 4447 796 4508 ἀποδιδούς.
823 4447 883 4499 El
913 4447 970 4499 δὲ
1001 4446 1095 4499 καὶ
1124 4446 1217 4498 ἐπὶ
1235 4445 1346 4499 τῶν
1375 4443 1678 4514 όμοουσίων
1719 4445 1816 4514 μό⁴
1837 4505 1864 4535 ⁸

1144 385 1245 446 DE
1285 385 1806 454 PBOCESSIONE
1850 395 2211 460 SPIRITUS
2251 399 2544 461 SANCTI.

3362 403 3468 468 918

1253 503 1367 558 ἐστι
1416 508 1514 577 τῆς
1545 507 1680 580 ὕλης
1709 511 1802 564 καὶ

1921 518 1958 571 in
1978 517 2180 574 divinis
2202 535 2309 574 non
2332 522 2436 576 alia
2463 529 2547 576 est
2565 535 2728 576 causa
2754 519 3124 577 distinctionis
3147 521 3290 590 (cum
3310 532 3487 580 mate-

1901 607 2004 674 ria,
2035 617 2090 662 et
2117 609 2322 676 omnia,
2351 624 2472 680 quae
2489 626 2609 664 eam
2625 619 2932 681 sequuntur
2950 609 3109 681 longe
3129 609 3360 681 absint),
3381 610 3489 666 nisi

1901 715 2069 753 unum
2093 700 2312 770 quidem
2335 717 2456 757 esse
2483 717 2722 767 causam,
2754 703 2988 757 alterum
3023 717 3150 757 vero
3179 712 3484 759 causatum.

1901 793 2091 848 Restat
2129 794 2295 863 igitur
2336 793 2629 862 posterius,
2675 795 2886 848 scilicet
2938 794 3183 848 alterum‘
3207 810 3273 849 ex
3315 795 3491 849 altero

1902 887 2277 941 cxsistentiam
2314 886 2535 940 habere.
2569 886 2837 951 Quoniam
2887 897 3169 940 ostensum
3223 897 3331 950 est,
3357 904 3484 941 con-

1905 977 2423 1032 substantialitatem
2459 979 2586 1034 inde
2619 979 2673 1032 in
2702 979 2905 1034 divinis
2932 980 3134 1048 colligi,
3163 979 3309 1050 quod
3346 981 3486 1033 alte-

1909 1081 2030 1121 rum
2061 1069 2133 1123 sit
2191 1069 2260 1122 ab
2300 1069 2477 1124 altero
2522 1078 2782 1139 tanquam
2813 1085 2879 1124 ex
2915 1085 3012 1124 sua
3061 1085 3245 1124 causa.
3279 1071 3483 1124 Verum

1907 1159 2083 1214 Filius
2141 1160 2364 1228 quidem
2418 1177 2528 1214 non
2571 1177 2635 1215 ex
2693 1161 2898 1230 Spiritu
2934 1161 3041 1217 dici
3107 1171 3314 1231 posset.
3370 1162 3490 1215 Non

1909 1253 2056 1306 enim
2089 1251 2470 1320 {convenirent
2529 1253 2689 1316 Filio,
2738 1269 2858 1322 quae
2910 1269 2939 1307 a
2988 1269 3140 1308 saera
3205 1253 3491 1323 Scriptura

1911 1342 2141 1413 Spiritui
2166 1351 2171 1357 '
2199 1344 2577 1412 assignantur.
2636 1343 2949 1398 Praasertim
2988 1362 3110 1398 eum
3141 1355 3196 1399 et
3255 1345 3494 1414 Spiritus

1909 1449 1976 1488 ex
2008 1435 2166 1488 Patre
2200 1450 2296 1503 per
2341 1434 2538 1488 Filium
2580 1435 2881 1504 procedere
2918 1451 2945 1487 a
2985 1435 3253 1506 theOIOgis
3280 1452 3492 1490 assera-

1913 1535 2024 1580 tur.
2061 1525 2217 1592 Quod
2250 1527 2294 1580 si
2325 1526 2662 1579 contrarium
2701 1537 2869 1592 esset,
2893 1528 3037 1581 Ordo
3069 1543 3176 1581 una
3204 1544 3326 1582 cum
3367 1545 3493 1598 per-

1917 1617 2092 1671 sonali
2128 1617 2374 1685 ipsorum
2445 1618 2770 1671 exsislentia
2829 1619 3140 1673 tolleretur.
3196 1620 3314 1673 Non
3366 1636 3494 1690 ergo

1914 1707 2154 1775 Spiritus
2191 1703 2315 1761 Filii
2349 1707 2572 1773 dicitur,
2600 1709 2726 1778 quia
2759 1711 3245 1765 consubstantialis
3273 1711 3343 1765 sit
3369 1712 3492 1779 ipsi,

1915 1801 2010 1853 sed
2071 1801 2329 1870 quoniam
2363 1820 2429 1858 ex
2465 1805 2583 1874 ipso
2619 1811 2722 1866 est,
2779 1803 2846 1856 ad
2900 1804 3080 1872 ipsum
3117 1805 3376 1865 refertur,
3409 1804 3493 1856 id-

1917 1894 2065 1947 circo
2115 1905 2170 1947 et
2222 1909 2291 1948 ex
2356 1895 2660 1950 substantia
2724 1895 2844 1965 ejus
2887 1895 3109 1959 dicitur,
3171 1906 3225 1950 et
3256 1897 3495 1952 consub-

1915 1983 2186 2038 stantialis
2215 1995 2294 2039 est
2323 1985 2450 2054 ipsi.

1988 2075 2283 2142 Praeterea,
2322 2077 2426 2131 hoc
2473 2077 2634 2146 hujus
2683 2077 2791 2130 dici
2845 2078 3200 2132 multifariam
3255 2077 3492 2141 dicitur;

1915 2169 2118 2220 etenim
2187 2175 2246 2219 ut
2311 2167 2625 2234 possessio,
2688 2175 2742 2220 et
2790 2167 3113 2236 opiﬁcium,
3165 2175 3218 2220 et
3273 2168 3494 2234 proles,
3584 2165 3600 2183 '

1917 2274 2176 2328 parsque,
2232 2268 2288 2312 et
2346 2259 2794 2325 instrumentum,
2833 2269 2999 2328 atque
3054 2258 3108 2312 id
3148 2274 3321 2328 genus
3351 2276 3364 2311 :
3399 2259 3494 2312 sed

1915 2351 2390 2407 consubstantiale
2425 2367 2533 2406 non
2577 2353 2650 2407 ita
2683 2352 2791 2405 lato
2824 2358 2996 2420 patet.
3019 2351 3078 2404 ln
3107 2351 3311 2420 quibus
3346 2350 3494 2402 enim

1917 2443 2390 2497 consubstantiale
2438 2443 2664 2507 dicitur,
2706 2443 2782 2496 ibi
2813 2442 2976 2497 etiam
3032 2443 3136 2495 hoc
3191 2441 3355 2512 hujus
3389 2442 3493 2495 dici

1918 2543 2120 2605 potest.
2144 2534 2214 2588 At
2246 2535 2302 2588 in
2334 2535 2541 2604 quibus
2569 2535 2892 2601 simpliciter
2926 2533 3028 2588 hoc
3066 2534 3231 2603 hujus
3267 2534 3494 2597 dicitur,

1919 2642 2029 2680 non
2063 2627 2120 2680 in
2155 2626 2240 2680 his
2270 2627 2531 2681 omnibus
2579 2625 3127 2681 consubstantialitas
3153 2626 3261 2680 diei
3293 2633 3493 2695 potest.

1917 2717 2107 2773 Omnis
2156 2729 2337 2773 autem
2395 2734 2581 2783 causa,
2616 2719 2701 2773 vel
2755 2727 2812 2771 ut
2853 2717 3020 2771 latius
3070 2727 3283 2785 patens,
3325 2717 3405 2771 vel
3440 2729 3499 2772 ut

1918 2825 2073 2878 mque
2125 2810 2236 2864 late
2294 2820 2487 2879 patens
2523 2810 2590 2864 ad
2627 2821 2846 2865 causata
2906 2811 3166 2876 refertur,
3217 2825 3497 2879 nunquam

1921 2911 2104 2956 autem
2143 2912 2204 2956 ut
2248 2903 2437 2970 minus
2480 2902 2588 2957 late
2627 2911 2845 2972 patens.
2883 2900 3097 2970 Quippe
3144 2902 3210 2955 ad
3261 2902 3497 2958 interro.

1918 3001 2162 3062 gantem,
2195 3007 2366 3061 quare
2398 2993 2563 3046 homo
2586 2992 2658 3046 sit
2689 2993 2917 3056 animal,
2945 2994 3075 3061 quia
3101 3001 3186 3046 est
3212 2994 3494 3055 sensibile,

1921 3083 2318 3140 convenienter
2365 3083 2746 3153 respondebit.
2780 3082 3053 3138 Sensibile
3082 3084 3229 3137 enim
3271 3083 3339 3137 de
3378 3085 3499 3153 plu-

1841 3196 1884 3255 ο
1921 3174 2092 3238 ribus,
2125 3189 2288 3244 quam
2338 3174 2504 3229 homo
2549 3175 2902 3245 praedicatur.
2953 3175 3033 3229 Ad
3067 3174 3496 3245 interrogantem

1923 3277 2131 3331 autem,
2162 3282 2333 3335 quare
2360 3267 2572 3321 risibile
2602 3269 2697 3331 sit,
2733 3268 2992 3336 quoniam
3031 3268 3197 3322 homo
3251 3268 3494 3322 dicetur.

1923 3353 2048 3407 [lare
2083 3353 2231 3407 enim
2297 3354 2438 3406 inter
2474 3368 2533 3407 se
2590 3364 2779 3406 mutuo
2813 3353 3202 3422 prmdicantur,
3246 3362 3303 3408 et
3355 3354 3496 3407 adat-

1922 3454 2185 3514 quantur.
2233 3443 2288 3498 Si
2327 3460 2457 3500 vero
2509 3445 2657 3498 dicat
2684 3446 2830 3516 quis,
2885 3455 3173 3516 propterea
3207 3445 3370 3500 homo
3412 3455 3496 3502 est

1921 3537 2143 3600 animal,
2163 3535 2289 3606 quia
2312 3545 2395 3591 est
2419 3537 2654 3603 risibile,
2681 3553 2792 3592 non
2825 3547 2973 3592 recte
3007 3535 3388 3605 respondebit,
3424 3536 3498 3588 ri-

1922 3630 2080 3684 sibile
2120 3631 2408 3701 assignans
2455 3645 2700 3696 causam,
2732 3629 2881 3699 quod
2942 3630 3107 3684 homo
3152 3631 3225 3685 sit
3271 3631 3498 3692 animal,
3601 3675 3614 3686 .

1922 3723 2066 3791 quod
2101 3722 2274 3794 magis
2311 3722 2380 3778 de
2441 3723 2717 3792 pluribus,
2770 3738 2934 3792 quam
2993 3723 3206 3777 risibile
3236 3723 3497 3793 praedica-

1921 3819 2031 3865 tur.
2066 3809 2126 3864 Si
2157 3811 2287 3880 quid
2313 3811 2458 3866 enim
2500 3811 2711 3867 risibile
2743 3820 2846 3876 est,
2889 3810 3090 3866 animal
3123 3821 3227 3876 est,
3260 3827 3369 3865 non
3417 3820 3496 3866 ta:

1922 3915 2046 3954 men
2084 3900 2129 3954 si
2173 3900 2306 3970 quid
2357 3900 2585 3962 animal,
2619 3899 2850 3955 risibile.
2882 3899 3002 3954 Non
3059 3900 3210 3952 enim
3270 3915 3498 3953 conver-

1923 4001 2137 4054 tuntur,
2164 4006 2231 4046 eo
2260 3993 2403 4060 quod
2430 4007 2538 4046 non
2566 4005 2720 4061 mque
2740 4005 2804 4046 ac
2835 3990 3077 4046 vicissim
3107 3990 3494 4059 pradicantur.

1920 4082 2039 4136 Non
2077 4082 2243 4153 igitur
2278 4080 2520 4151 Spiritus
2558 4081 2682 4136 Filii
2714 4082 2906 4150 utique
2944 4081 3248 4147 diceretur,
3282 4081 3366 4135 vel
3401 4097 3497 4150 po-

1922 4175 2115 4238 tentia,
2143 4174 2228 4228 vel
2253 4173 2522 4244 operatio,
2553 4189 2651 4228 seu
2679 4173 2790 4227 vita
2822 4173 3115 4239 natm'alis,
3146 4188 3210 4227 ac
3236 4173 3494 4227 substan~

1925 4265 2088 4326 tialis,
2123 4263 2382 4333 quoniam
2411 4263 2900 4318 consubstantialis
2933 4273 3015 4318 est
3049 4262 3173 4331 ipsi.
3213 4261 3315 4328 Qui
3344 4267 3495 4316 enim
3516 4297 3522 4299 --

1921 4354 2562 4408 consubstantialitatem
2596 4354 2751 4423 ponit
2779 4367 3002 4408 eau5am
3060 4363 3119 4406 ut
3151 4353 3251 4406 ista
3281 4354 3497 4408 dicatur

1921 4446 2160 4516 Spiritus
2210 4447 2357 4510 Filii,
2403 4456 2575 4510 errat,
2629 4461 2752 4501 cum
2785 4445 2916 4500 illud
2950 4443 3094 4514 quod
3158 4446 3339 4499 minus
3392 4458 3494 4508 est,

240 4562 349 4596 νων
383 4540 734 4609 θεωροῦντες,
770 4539 829 4592 οὐ
872 4539 1148 4600 παντελῶς
1194 4539 1500 4610 εὑρήσομεν
1551 4538 1813 4607 ἑπόμενον

1926 4539 2166 4607 assignet
2196 4541 2713 4607 perverse'causam
2769 4539 2915 4607 ejus,
2947 4539 3095 4608 quod
3125 4539 3290 4593 latius
3324 4549 3496 4607 patet.

240 4635 359 4686 τόδε
387 4633 540 4686 τοῦδε
570 4631 843 4699 λέγεσθαι,
883 4630 1002 4684 ἀλλ’
1030 4631 1298 4684 ἐλλείπειν
1358 4631 1454 4684 καὶ
1493 4631 1586 4683 ἐπὶ
1615 4629 1820 4683 τούτων

242 4727 311 4778 τὰ
359 4727 622 4777 πλεῖστα’
670 4723 954 4794 ὁμοούσιος
1008 4721 1116 4793 γὰρ
1176 4721 1380 4790 Πέτρος
1437 4721 1660 4791 Παύλῳ,
1727 4719 1822 4774 καὶ

246 4818 456 4888 Παῦλος
481 4818 694 4888 Πέτρφέ
727 4817 844 4870 ἀλλ’
866 4815 990 4868 οὕτε
1016 4814 1109 4868 τοῦ
1144 4814 1360 4868 Παύλου
1387 4817 1413 4868 6
1444 4815 1670 4882 Πέτρος,
1695 4813 1820 4866 οὒτε

242 4911 270 4961 ὁ
294 4887 505 4970 Παῦλος
533 4887 625 4958 τοῦ
653 4907 858 4974 Πέτρου
906 4906 1128 4974 λέγεται
1160 4923 1175 4936 ο
1237 4906 1417 4973 πολλῷ
1449 4905 1612 4958 πλέον
1642 4907 1823 4975 ἀμαρο

243 5001 426 5054 τάνειν
456 4999 617 5052 αὐτὸν
667 4999 932 5070 ἐροῦμενο
979 4997 1159 5067 πολλῷ
1201 4999 1312 5068 γὰρ
1344 4997 1506 5050 πλέον
1541 4997 1627 5050 ἐπ’
1661 4998 1817 5050 ἔλατ-

244 5107 337 5144 τον
364 5091 431 5162 ᾰκν
455 5092 540 5158 εῐη
576 5089 638 5143 τὸ
661 5089 944 5160 ὀμοούσιον
980 5092 1115 5160 πρὸς
1160 5089 1218 5141 τὸ
1247 5089 1363 5141 τόδε
1389 5089 1542 5142 τοῦδέ
1563 5105 1705 5151 τινος
1727 5087 1820 5141 καὶ

247 5180 388 5236 εἶναι
420 5184 512 5235 καὶ
537 5181 816 5249 λέγεσθαι.

325 5363 531 5417 Ἐτιτδ
559 5363 817 5434 ἐγχρονον
867 5365 968 5418 οὐκ
1006 5363 1072 5417 ἂν
1116 5362 1331 5418 δύναιτο
1361 5364 1509 5417 αἰτία
1548 5364 1642 5416 τοῦ
1683 5364 1824 5431 ὑπὲρ

249 5457 441 5526 χρόνον
479 5454 648 5510 εἶναι·
683 5456 819 5510 ἀλλὰ
840 5457 901 5510 τὸ
936 5457 1035 5526 μὲν
1058 5458 1406 5528 χορηγεῖσθαι
1436 5458 1530 5510 καὶ
1557 5455 1818 5519 δίδοσθαι,

253 5555 351 5604 καὶ
379 5551 802 5605 ἀποστέλλεσθαι
851 5551 943 5604 τὸν
985 5540 1342 5620 Παρακλητον
1369 5551 1518 5618 παρὰ
1560 5549 1654 5601 τοῦ
1694 5548 1823 5600 Υίοῦ

250 5645 362 5705 τοῖς
395 5642 564 5708 ἀξίοις
585 5642 728 5696 κατὰ
754 5643 945 5712 χρόνον
974 5641 1198 5709 γέγονεν
1217 5656 1232 5669 ο
1265 5641 1326 5693 τὸ
1345 5640 1399 5692 δὲ
1438 5639 1564 5691 Υἱοῦ
1601 5639 1825 5706 Πνεῦμα

256 5732 509 5800 λέγεσθαι
544 5733 640 5786 καὶ
674 5732 901 5801 δύναμιν
942 5733 1034 5785 καὶ
1078 5731 1312 5804 φυσικὴν
1362 5731 1524 5784 αὑτοῦ
1557 5730 1702 5799 ζωὴν
1733 5732 1827 5783 καὶ

257 5823 513 5894 οὑσιώδη,
545 5825 643 5879 καὶ
671 5824 735 5878 ἐκ
779 5825 879 5894 τῆς
915 5824 1102 5888 οὐσίας
1138 5823 1300 5878 αὐτοῦ
1343 5817 1507 5892 εῖναι,
1551 5823 1646 5878 καὶ
1676 5821 1826 5892 παρὰ

1884 4691 1887 4693 _
1924 4630 2093 4696 Quod’
2115 4631 2161 4686 si
2190 4630 2245 4684 in
2280 4629 2849 4686 consubstantialibus
2871 4633 3035 4686 etiam
3076 4632 3210 4686 solis
3238 4629 3496 4685 conside-

1924 4738 2131 4786 remus,
2179 4737 2291 4776 non
2352 4722 2580 4775 omnino
2641 4723 3006 4791 reperiemus,
3043 4723 3187 4791 quod
3235 4731 3518 4789 sequatur.

1927 4813 2031 4869 hoc
2063 4815 2227 4885 hujus
2259 4813 2392 4879 dici,
2423 4815 2516 4868 sed
2547 4816 2599 4868 in
2625 4815 2714 4869 his
2737 4831 2958 4885 quoque
2978 4815 3212 4869 deiicere
3238 4813 3496 4882 plurima.

1924 4906 2143 4961 Etenim
2169 4907 2367 4960 Petrus
2394 4907 2563 4960 Paulo
2600 4905 3089 4960 consubstantialis
3119 4914 3223 4969 est,
3267 4912 3322 4957 et
3357 4905 3496 4958 Pau-

1924 5001 2009 5054 lus
2044 5001 2225 5062 Petro,
2276 4998 2370 5052 sed
2415 5013 2593 5067 neque
2638 4997 2791 5052 Pauli
2847 4997 3060 5062 Petrus,
3114 5012 3315 5067 neque
3345 4996 3494 5049 Petri

1927 5091 2128 5146 Paulus
2157 5089 2379 5143 dicitur.
2410 5087 2575 5142 Multo
2609 5088 2784 5158 magis
2813 5103 2937 5142 eum
2971 5102 3196 5157 peccare
3229 5087 3494 5147 dicemus;

1927 5185 2101 5238 multo
2165 5181 2313 5236 enim
2369 5180 2553 5233 minus
2603 5179 2710 5234 late
2767 5180 2975 5250 patebit
3029 5177 3504 5234 eonsubstantiale.

1927 5282 2182 5343 respectu
2212 5272 2355 5341 ejus,
2385 5269 2530 5340 quod
2559 5277 2659 5334 est,
2685 5285 2804 5324 esse
2842 5285 2905 5324 ac
2930 5270 3037 5323 dici
3075 5270 3176 5324 hoc
3205 5269 3454 5339 alicujus.

1999 5366 2288 5425 Praeterea,
2316 5363 2463 5432 quod
2501 5361 2559 5414 in
2593 5345 2838 5431 tempore
2872 5371 2978 5426 est,
3015 5376 3123 5414 non
3156 5371 3339 5429 posset
3376 5375 3497 5412 esse

1928 5473 2092 5512 causa
2143 5458 2284 5526 ejus,
2326 5455 2471 5524 quod
2532 5469 2695 5522 supra
2748 5470 2910 5506 omne
2965 5467 3181 5521 tempus
3228 5462 3354 5506 est:
3399 5454 3492 5506 scd

1929 5549 2063 5602 illud
2107 5546 2342 5616 erogari,
2377 5555 2542 5613 atque
2599 5545 2790 5608 tribui,
2822 5546 3070 5599 etmitli
3094 5543 3435 5598 Paracletutn
3466 5562 3496 5596 ιι

1929 5639 2064 5692 Filio
2119 5639 2297 5707 dignis
2356 5637 2410 5689 in
2462 5646 2706 5705 tempore
2760 5635 2901 5689 facta
2945 5644 3110 5701 sunt;
3157 5635 3266 5689 dici
3315 5645 3506 5690 autem.

1930 5730 2192 5800 Spiritum
2243 5729 2388 5794 Filii,
2428 5744 2491 5783 ac
2550 5728 2871 5798 potentiam,
2907 5736 2962 5782 et
3024 5727 3326 5780 naturalem
3378 5725 3500 5796 ejus

1928 5822 2117 5888 vitam,
2155 5830 2208 5874 et
2252 5820 2622 5887 essentialcm,
2655 5829 2708 5878 et
2752 5835 2819 5875 ex
2851 5819 3161 5877 substantia
3204 5821 3322 5890 ejus
3351 5833 3468 5873 esse
