3862 6218
408 255 513 319 919

1660 257 2032 318 DEMETRII
2080 260 2326 321 CYDON
2338 261 2359 320 Ι
2371 261 2396 320 Ι

3518 265 3595 327 920

411 381 465 426 et
496 389 562 425 ex
595 369 753 423 Patre
784 384 881 437 per
904 368 1101 423 Filium
1126 368 1423 437 procedere
1448 379 1577 424 ante
1628 377 1847 440 tempus
1873 368 1975 439 ipsi

2083 372 2173 426 τοῦ
2233 373 2444 443 nam;
2482 372 2569 426 διὰ
2613 368 2708 425 τοῦ
2762 370 2893 424 Υίοῦ
2943 369 3334 442 ἐκπορεύεσθαι
3394 371 3592 444 exponi;

409 448 808 519 attribuuntur.
834 462 1045 530 Quippe
1092 460 1351 532 temporis
1384 476 1580 531 expers
1624 472 1711 517 est
1749 462 1975 517 omnino

406 553 655 625 Spiritus
703 553 1005 624 processio,
1037 561 1092 608 et
1151 554 1376 607 omnino
1424 553 1561 608 ordo
1588 569 1753 623 quem
1810 553 1978 607 habet

412 645 651 716 Spiritus
681 645 746 715 ad
806 645 1024 699 Filium.
1070 644 1175 711 Qui
1218 645 1389 714 igitur
1448 645 1649 699 asserit
1681 656 1974 714 pr0pterea

407 746 667 817 Spiritum
702 745 809 800 dici
844 745 988 807 Filii,
1020 754 1075 801 et
1104 742 1218 801 haec
1244 746 1425 801 omnia
1451 745 1597 815 quod
1638 745 1706 800 ab
1748 746 1865 815 ipso
1892 744 1977 799 di-

408 838 527 906 gnis
563 836 831 900 mittatur,
885 836 1030 905 quod
1068 836 1122 890 in
1186 846 1432 908 tempore
1466 835 1667 891 factum
1699 845 1804 901 est,
1849 851 1979 890 cau-

407 944 523 982 sam
552 928 791 996 assignat
845 928 1011 991 illius,
1063 927 1208 997 quod
1241 935 1325 983 est
1369 937 1494 983 ante
1529 943 1692 983 omne
1742 938 1975 997 tempus.

410 1019 533 1088 ipse
573 1018 739 1089 igitur
768 1035 889 1073 cum
921 1017 1209 1088 imperitus
1241 1028 1343 1083 est,
1378 1021 1522 1073 circa
1553 1020 1977 1089 assignationem

408 1126 624 1171 errans,
652 1120 765 1165 tum
797 1112 959 1165 etiam
985 1109 1220 1178 Spiritus
1243 1111 1617 1166 exsistentiam
1650 1111 1703 1164 in
1733 1120 1979 1179 tempore

408 1201 717 1264 constituit,
754 1210 919 1269 atque
970 1200 1172 1255 divinis
1206 1201 1454 1269 personis
1482 1201 1738 1255 nonnulla
1767 1202 1981 1255 contin-

410 1307 537 1361 gere
586 1292 640 1345 in
681 1301 928 1360 tempore
983 1290 1297 1346 aflirmabit.
1355 1291 1476 1345 Non
1522 1300 1724 1355 tamen,
1753 1292 1879 1361 quia
1924 1291 1979 1346 in

414 1392 659 1451 tempore
691 1382 1009 1436 Paracletus
1046 1381 1225 1451 dignis
1255 1382 1397 1435 mitti
1432 1380 1655 1446 dicitur,
1690 1391 1980 1452 propterea

415 1473 523 1526 Deo
556 1474 608 1526 in
644 1482 888 1542 tempore
920 1473 1124 1543 aliquid
1157 1473 1377 1529 accidit.
1419 1472 1633 1528 Etenim
1679 1475 1982 1531 secundum

418 1580 673 1633 maguum
728 1565 989 1620 Basilium
1042 1566 1097 1619 in
1137 1574 1331 1634 quarto
1364 1565 1505 1619 lihro
1564 1565 1980 1621 confutatorio:

421 1676 441 1709 ι
488 1658 605 1711 Non
633 1659 684 1710 in
724 1666 970 1726 tempore
999 1656 1272 1725 provenit,
1304 1654 1448 1724 quod
1479 1671 1545 1709 ex
1578 1656 1686 1709 Deo
1712 1655 1979 1724 procedit,

413 1748 663 1817 quamvis
690 1747 742 1801 in
774 1759 1018 1817 tempore
1046 1747 1402 1815 operationes
1439 1755 1675 1815 promat.
1716 1766 1734 1797 ›

487 1839 760 1894 Przelerea
822 1839 962 1893 idem
1017 1839 1070 1893 in
1122 1838 1311 1893 eodem
1344 1838 1523 1892 libro:
1555 1856 1573 1890 ι
1618 1837 1806 1907 Neque
1836 1838 1981 1892 enim

414 1932 620 2000 aliquid
674 1932 857 1985 minus
890 1930 1132 1983 habituri
1163 1944 1382 1985 eramus
1444 1928 1507 1981 ad
1546 1930 1982 1999 cognoscendum

421 2020 688 2091 Spiritum
749 2033 873 2073 esse
935 2034 1000 2073 ex
1054 2019 1190 2086 Deo,
1231 2018 1361 2072 dttm
1402 2016 1656 2071 audimus
1718 2017 1982 2086 Spiritum

412 2108 527 2161 oris
548 2106 686 2173 ejus,
712 2108 808 2160 sed
845 2105 1121 2160 sufﬁciens
1172 2113 1256 2160 est
1297 2105 1400 2159 hoc
1438 2119 1637 2158 nomen
1672 2104 1737 2158 ad
1777 2105 1983 2177 signifi-

412 2198 642 2252 candam
691 2197 1069 2252 exsistentiam
1115 2196 1288 2266 ipsius
1318 2212 1384 2251 ex
1437 2198 1574 2254 Deo.
1623 2196 1678 2252 Si
1722 2198 1888 2267 igitur
1923 2198 1985 2252 il-

416 2289 532 2350 iud,
588 2288 831 2357 Spiritus
896 2286 1163 2341 exsistere
1213 2301 1277 2341 ex
1346 2289 1480 2353 Deo,
1531 2288 1847 2357 arquipoliet
1906 2288 1981 2353 ei,

414 2382 561 2451 quod
590 2382 826 2446 dicatur,
857 2380 975 2450 ipse
1025 2379 1261 2450 Spiritus
1291 2382 1405 2437 oris
1432 2382 1584 2448 ejus;
1620 2380 1753 2436 illud
1798 2389 1981 2436 autem

408 2474 787 2527 exsistentiam
824 2473 997 2527 sancti
1026 2472 1265 2542 Spiritus
1294 2490 1359 2529 ex
1389 2471 1499 2529 Deo
1530 2474 1820 2545 significat,
1854 2489 1984 2545 ergo

414 2564 674 2632 Spiritum
707 2563 814 2618 dici
855 2564 1002 2628 Filii,
1032 2564 1280 2619 eamdem
1319 2566 1693 2621 exsistentiam
1746 2564 1984 2635 Spiritus

413 2670 462 2711 et
504 2673 531 2710 a
569 2656 710 2710 Filio
762 2647 1002 2722 indicat';
1056 2658 1193 2712 satis
1246 2659 1416 2723 enim,
1455 2658 1655 2728 inquit,
1680 2666 1734 2712 et
1777 2660 1880 2712 hoc
1917 2656 1984 2711 ad

414 2742 759 2800 indicandam
788 2743 1159 2798 exsistentiam
1193 2744 1452 2813 Spiritus.
1499 2765 1516 2797 ι
1554 2746 1673 2799 Non
1713 2761 1842 2816 ergo
1877 2745 1983 2800 dici

415 2836 680 2906 Spiritum
709 2834 855 2901 Filii,
892 2843 952 2889 ut
991 2836 1214 2905 quidam
1259 2838 1467 2901 volunt,
1504 2837 1986 2893 consubstantiali-

415 2938 579 2983 tatem
631 2926 926 2999 significat,
958 2928 1051 2982 sed
1088 2927 1215 2997 quia
1249 2944 1341 2982 ‘ex
1397 2929 1516 2999 ipso
1550 2930 1657 2996 sit;
1700 2929 1903 2984 idcirco
1927 2937 1983 2984 et

2076 464 2382 518 ἀποδίδοται
2409 462 2584 533 αύτῷ·
2620 463 2845 534 ἀχρονος
2872 462 2979 532 γὰρ
3008 462 3043 532 ἡ
3080 462 3176 515 τοῦ
3209 461 3503 531 Πνεύμστος
3526 466 3592 517 ἐκ·

2079 558 2357 628 πόρευσις,
2390 557 2484 611 καὶ
2505 558 2643 620 ὅλως
2666 559 2699 625 ἠ
2720 556 2896 621 τάξις,
2920 556 2989 625 ἦν
3019 555 3133 625 εχει
3157 554 3292 623 πρὸς
3310 554 3398 607 τὸν
3425 554 3534 609 mu
3553 556 3595 609 τὸ

2078 648 2326 718 Πνεῦμα.
2376 648 2435 702 '0
2464 647 2640 701 τοίνυν
2686 646 2775 700 διὰ
2812 646 2971 698 τοῦτο
3023 643 3118 698 τοῦ
3149 642 3285 697 Υίοῦ
3317 642 3377 695 τὸ
3421 644 3594 713 Πνεῦμα

2077 739 2355 807 λέγεσθαι,
2408 739 2505 791 καὶ
2557 738 2739 792 πάντα
2794 736 2863 790 τά
2913 735 3140 789 τοιαῦτα
3178 733 3469 798 ἀποδιδοὺς,
3493 734 3592 787 διότι

2079 831 2210 899 παρ’
2226 827 2392 885 αὐτοῦ
2413 830 2524 892 τοῖς
2557 828 2729 893 ἀξίοις
2752 824 3173 889 ἀποστέλλεται,
3200 825 3264 877 τὸ
3286 823 3423 877 κατά
3446 825 3591 893 χρόνον

2079 922 2302 991 γεγονὸς
2345 922 2527 976 αἰτίαν
2577 918 2673 972 τοῦ
2718 919 2858 989 ὑπὲρ
2888 918 3077 989 χρόνον
3117 917 3273 981 ὄντος
3304 916 3594 971 ἀποδίδωσιν.

2078 1014 2249 1077 Αὐτός
2302 1030 2363 1066 τε
2394 1011 2485 1066 οῦν
2524 1010 2742 1081 ἀμαθής
2773 1010 2892 1063 ἐστι
2910 1011 3040 1080 περὶ
3058 1009 3162 1079 τὴν
3192 1008 3437 1062 ἀπόδοσιν
3457 1009 3596 1076 ἀμαρ-

2081 1106 2281 1168 τάνων,
2328 1106 2432 1175 τήν
2476 1122 2535 1158 τε
2592 1103 2687 1156 τοῦ
2746 1103 3064 1173 Πνεύματος
3114 1099 3349 1169 ὓπαρξιν
3400 1099 3597 1170 lupam

2082 1195 2402 1266 καθίστησι,
2428 1196 2524 1248 καὶ
2554 1198 2667 1255 τοῖς
2700 1194 2864 1258 θείοις
2911 1192 3224 1265 προσώποις
3255 1190 3598 1260 συμϐεϐηκέναι

2081 1292 2205 1344 τινὰ
2256 1288 2395 1343 κατά
2431 1287 2621 1359 χρόνον
2676 1286 3019 1358 ὁμολογήσει.
3076 1285 3155 1339 Ού
3211 1284 3393 1353 μέντοι
3425 1282 3536 1336 διότι
3555 1282 3597 1333 iv

2082 1381 2259 1452 χρόνῳ
2291 1382 2402 1444 τοῖς
2431 1380 2603 1447 ἀξίοις
2639 1382 2667 1435 ό
2691 1378 3050 1449 Παράκλητος
3090 1374 3499 1431 ἀποστέλλεσθαι
3536 1373 3598 1424 λίς

2084 1491 2263 1543 γεται,
2294 1472 2383 1527 διὰ
2405 1473 2564 1527 τοῦτο
2597 1474 2653 1526 ἐν
2689 1471 2769 1540 τῷ
2792 1469 2916 1540 Θεῷ
2942 1469 3086 1523 κατὰ
3114 1467 3310 1539 χρόνον
3338 1483 3388 1519 τι
3415 1463 3596 1534 συμϐαίο

2084 1585 2185 1621 νει.
2225 1565 2383 1620 Κατὰ
2409 1565 2518 1635 γὰρ
2546 1563 2635 1617 τὸν
2670 1563 2844 1631 μέγαν
2868 1560 3149 1614 Βασίλειον
3179 1560 3239 1612 ἐν
3264 1558 3486 1625 τετάρτῳ
3519 1554 3597 1605 τῶν

2086 1654 2537 1727 Ἀντιρρητικῶν,
2563 1672 2582 1707 ι
2613 1653 2727 1708 Οὐκ
2753 1653 2810 1705 ἐν
2837 1650 3013 1721 χρόνῳ
3030 1650 3094 1703 ’τὸ
3118 1647 3307 1719 προῖὺν
3327 1648 3388 1700 ἐκ
3409 1641 3597 1699 τοῦθεοῦ

2087 1746 2326 1814 πρόεισι,
2354 1744 2455 1797 κᾶν
2480 1745 2536 1795 ἐν
2559 1743 2736 1813 χρόνῳ
2758 1740 2856 1803 τὰς
2881 1737 3164 1808 ἐνεργείας
3201 1735 3444 1804 ἀποδιδῷ.
3473 1752 3490 1787 ι

2158 1837 2281 1891 Ἔτι
2315 1838 2343 1890 ό
2378 1834 2537 1898 αὐτὸς
2570 1835 2629 1885 ἐν
2660 1834 2737 1903 τῷ
2763 1830 2943 1901 αὐτῷ’
2986 1849 3005 1883 ς
3043 1829 3179 1883 Ούδέ
3208 1828 3314 1897 γὰρ
3360 1825 3594 1880 ἐλαττόντι

2084 1933 2227 1998 ἕξειν
2251 1929 2546 2000 ἐμέλλομεν
2568 1928 2647 1990 είς
2671 1926 2731 1980 τὸ
2758 1924 3047 1994 γινώσκειν
3066 1922 3129 1976 rb
3151 1920 3367 1988 Πνεῦμα
3388 1919 3594 1986 ὑπάρχειν

2086 2023 2148 2073 ἐκ
2170 2020 2262 2072 τοῦ
2285 2018 2443 2085 Θεοῦ,
2477 2015 2699 2087 Πνεῦμα
2724 2015 2987 2083 στόματος
3009 2010 3177 2067 αὑτοῦ
3198 2011 3467 2071 ἀκούοντες
3480 2006 3593 2071 αὐτὸ,

2084 2112 2197 2167 ἀλλ’
2228 2109 2409 2165 ίκανδν
2433 2108 2704 2163 καὶτοῦτο
2723 2109 2784 2161 τὸ
2809 2107 2977 2176 ὄνομα
3002 2106 3104 2176 τὴν
3127 2103 3359 2173 ὕπαρξιν
3375 2100 3514 2156 αὑτοῦ
3529 2101 3594 2166 δη·

2082 2199 2371 2269 λῶσαιπὴν
2398 2201 2462 2252 ἐκ
2482 2198 2638 2252 Θεοῦ.
2660 2198 2723 2253 Ei
2748 2197 2926 2250 τοίνυν
2951 2197 3010 2249 τ’)
3045 2196 3109 2249 τὸ
3140 2195 3358 2264 Πνεῦμα
3385 2191 3593 2261 ὑπάρχειν

2085 2298 2150 2348 ἐκ
2179 2293 2274 2348 τοῦ
2300 2292 2435 2347 Θεοῦ
2464 2294 2577 2347 ἴσον
2604 2292 2719 2344 ἐστὶ
2736 2290 2813 2361 τῷ
2844 2290 2906 2344 τὸ
2933 2287 3163 2357 Πνεῦμα
3195 2288 3445 2358 στόματος
3472 2281 3591 2337 αὑτοῦ

2086 2387 2336 2455 λέγεσθαι
2356 2385 2487 2441 ἀὺτό
2510 2401 2526 2416 ο
2554 2382 2668 2437 ἀλλ’
2695 2384 2874 2437 ἐκεῖνο
2904 2380 3004 2450 τὴν
3033 2383 3103 2434 ἐκ
3130 2381 3226 2435 τοῦ
3253 2378 3379 2433 Θεοῦ
3412 2374 3594 2443 ὕπαρξιν

2084 2480 2177 2533 τοῦ
2226 2478 2383 2547 ἁγίου
2434 2476 2750 2545 Πνεύματος
2812 2474 2996 2545 δηλοῖ·
3053 2473 3165 2543 ἀρα
3197 2473 3292 2526 καὶ
3336 2471 3393 2524 τὸ
3419 2468 3592 2534 Πνεῦμα

2086 2570 2216 2626 Υίοῦ
2264 2569 2517 2637 λέγεσθαι
2553 2567 2651 2637 τὴν
2702 2566 2870 2635 αὐτὴν
2914 2564 3157 2632 ὕπαρξιν
3190 2562 3284 2615 τοῦ
3333 2558 3592 2628 Πνεύματος

2085 2662 2180 2714 καὶ
2208 2661 2355 2731 παρά
2379 2659 2472 2713 τοῦ
2503 2656 2632 2711 Υίοῦ
2666 2655 2941 2725 ἐμφαίνει.
2984 2654 3201 2709 Ἰκανὸν
3232 2655 3355 2722 γὰρ,
3384 2652 3499 2719 ἐφη,
3522 2647 3592 2701 καὶ

2085 2753 2244 2808 τοῦτο
2268 2751 2365 2821 τὴν
2407 2749 2640 2821 ὓπαρξιν
2679 2747 2774 2801 τοῦ
2805 2746 3129 2815 Πνεύματος
3172 2743 3375 2815 δηλοῦν.
3406 2742 3502 2796 Οὐκ
3517 2738 3592 2808 ἄρα

2085 2845 2145 2898 τὸ
2182 2842 2404 2914 Πνεῦμα
2424 2842 2516 2895 τοῦ
2541 2840 2669 2893 Υίοῦ
2689 2839 2962 2907 λέγεσθαι,
2991 2838 3067 2903 ὥς
3096 2854 3246 2900 τινες
3268 2835 3531 2906 βούλονται,
3547 2829 3590 2881 τὸ

2084 2932 2368 3005 δμοούσιον
2407 2930 2679 3002 ἐμφαίνει,
2742 2928 2856 2983 ἀλλ’
2903 2929 2987 2982 ὅτι
3015 2928 3075 2993 ἐξ
3123 2926 3330 2980 ἐκείνου
3362 2921 3493 2983 ἐστὶ,
3526 2914 3589 2970 διὰ

414 3020 904 3077 consubstantialis
957 3028 1042 3074 est
1101 3019 1227 3088 ipsi.
1260 3019 1463 3075 Eadem
1490 3028 1574 3075 est
1606 3026 1786 3075 autem
1821 3020 1980 3085 ratio,

2085 3027 2243 3081 τοῦτο
2299 3026 2395 3080 καὶ
2438 3024 2721 3093 όμοούσιόν
2758 3021 2907 3075 ἐστιν
2932 3020 3103 3090 αύτῷ.
3157 3019 3218 3073 Ὀ
3246 3018 3289 3072 δ’
3312 3016 3454 3077 αὐτὸς
3472 3011 3589 3077 λόγος

413 3123 470 3167 et
503 3112 571 3168 de
597 3126 664 3167 eo
690 3111 836 3182 quod
864 3111 1075 3165 dicatur
1119 3109 1354 3179 Spiritus
1385 3109 1643 3179 proprius
1678 3110 1826 3165 Filii.
1854 3111 1985 3165 Pro-

415 3204 569 3273 prius
624 3218 863 3272 namque
910 3202 1078 3257 Filius
1128 3201 1330 3256 dicitur
1375 3201 1576 3267 Patris,
1628 3210 1685 3257 et
1746 3201 1984 3272 Spiritus

411 3294 590 3351 Patris
633 3305 689 3350 et
741 3293 890 3361 Filii,
941 3293 1087 3363 quod
1120 3303 1414 3363 utrumque
1442 3295 1508 3348 ad
1539 3309 1687 3360 eum,
1714 3293 1869 3363 cujus
1902 3302 1987 3349 est

418 3386 722 3457 pr0prium,
754 3394 815 3440 ut
866 3394 1149 3440 causatum
1211 3384 1517 3452 referatur;
1551 3392 1607 3438 et
1634 3383 1983 3438 manifestum

412 3491 518 3545 est,
551 3481 678 3550 quia
728 3497 837 3536 non
888 3481 1250 3537 convertitur.
1288 3480 1442 3547 Quod
1476 3481 1520 3535 si
1560 3481 1819 3550 proprius
1847 3477 1982 3533 dici-

414 3580 503 3623 tur
534 3578 595 3625 ut
639 3571 1146 3635 consubstantialis,
1208 3573 1362 3638 cujus
1414 3580 1497 3626 est
1549 3568 1828 3639 proprius,
1887 3567 1981 3622 sed

412 3663 956 3719 consubstantialitas
1019 3663 1394 3734 principaliter
1449 3677 1669 3717 causam
1706 3671 1761 3717 et
1794 3676 1984 3715 causa-

418 3766 530 3810 tum
572 3757 863 3827 significat,
890 3764 948 3810 ut
980 3765 1260 3811 ostensum
1313 3764 1430 3819 est;
1463 3765 1517 3808 et
1546 3769 1668 3810 esse
1701 3754 1982 3824 proprium

414 3865 547 3920 ergo
580 3865 801 3905 causam
833 3856 891 3902 et
945 3856 1229 3902 causatum
1279 3847 1553 3915 exprimit.
1592 3846 1755 3915 Atqui
1795 3861 1986 3914 proce-

416 3942 547 3995 dere
604 3940 741 3993 nihil
803 3937 974 4001 aliud,
1016 3954 1178 4006 quatn
1235 3937 1607 3990 exsistcnliatu
1652 3937 1856 3990 habere
1887 3953 1984 4005 per

416 4032 638 4086 modum
675 4029 1042 4100 proccssionis
1072 4025 1394 4098 significate,
1422 4042 1611 4082 omnes
1638 4029 1825 4096 utique
1848 4028 1983 4081 fate-

415 4125 658 4187 buntur;
714 4121 1169 4192 quemadmodum
1219 4130 1273 4173 et
1301 4120 1544 4189 generari
1592 4119 1812 4173 modum
1842 4116 1987 4173 exsi-

416 4212 595 4269 stendi
628 4212 750 4267 Filii
808 4211 1087 4280 exprimit,
1131 4210 1277 4281 quod
1337 4209 1547 4265 scilicet
1610 4223 1708 4280 per
1761 4210 1983 4264 modum

418 4304 811 4376 generationis.
863 4302 1033 4372 Igitur
1093 4286 1238 4373 quod
1284 4301 1352 4357 ab
1407 4298 1660 4357 omnibus
1718 4300 1985 4371 theologis

416 4402 701 4451 asseratur
728 4395 967 4466 Spiritus
999 4410 1095 4466 per
1122 4378 1321 4450 Filium
1347 4395 1663 4464 procedere,
1695 4394 1983 4449 manifesta

418 4488 667 4543 doctrina
700 4496 783 4542 est
841 4488 980 4559 ejus,
1027 4486 1175 4557 quod
1215 4504 1312 4557 per
1338 4487 1534 4541 Filium
1576 4502 1643 4542 ex
1675 4488 1835 4542 Patre
1870 4487 1985 4557 ipse

417 4579 620 4635 haheat
671 4578 1068 4635 exsistentiatn.
1120 4580 1237 4635 Hoc
1281 4588 1462 4633 autem
1516 4579 1686 4633 instar
1739 4578 1984 4633 omnium

415 4673 636 4738 squicit,
670 4681 728 4729 et
758 4672 893 4727 nihil
918 4686 1056 4741 opus
1098 4680 1184 4727 est
1228 4670 1464 4725 ulterius
1508 4684 1686 4738 neque
1720 4670 1985 4739 theolog's

417 4766 513 4837 qui
564 4768 632 4821 de
683 4763 1081 4820 subsistentiali
1140 4761 1494 4834 processione
1518 4762 1691 4817 divini
1747 4761 1986 4832 Spiritus

427 4861 723 4924 disserant,
779 4872 958 4927 neque
1016 4856 1250 4927 amplius
1302 4854 1371 4910 iis
1424 4853 1519 4924 qui
1576 4852 1744 4907 velint
1790 4852 1858 4907 de
1885 4852 1987 4909 hac

370 4970 373 4975 ί
432 4965 577 5007 reete
616 4950 821 5006 dcteri.
866 4949 986 5005 Non
1044 4963 1173 5018 ergo
1221 4957 1408 5002 carent
1435 4946 1692 5010 dictione,
1725 4946 1817 5016 qui
1844 4945 1987 4999 hanc

427 5050 701 5113 quarunt,
738 5057 864 5097 cum
917 5040 1138 5109 quidam
1173 5039 1419 5109 pritnarii
1471 5048 1784 5094 sanctorum
1808 5054 1875 5094 ex
1901 5038 1988 5094 Fi-

418 5136 515 5200 lio,
546 5135 638 5191 alii
665 5150 792 5190 vero
830 5150 926 5203 per
956 5132 1153 5188 Filium
1214 5132 1511 5201 procedere
1553 5131 1757 5188 dicant.
1782 5133 1989 5187 Distin-

419 5241 585 5298 guere
614 5226 757 5280 enim
792 5225 896 5280 hoc
946 5224 1067 5279 loco
1107 5222 1545 5293 praepositionem
1597 5241 1688 5293 per
1716 5225 1769 5278 in
1806 5225 1987 5279 diver-

420 5334 508 5375 sas
564 5317 989 5386 intelligentias,
1046 5325 1242 5385 praeter
1305 5329 1525 5369 omnem
1580 5315 1847 5370 rationem
1903 5324 1988 5371 est

420 5412 700 5481 assignare
745 5410 892 5464 hunc
942 5423 1163 5463 sensum
1190 5417 1394 5462 temere
1433 5407 1661 5463 dictioni
1716 5424 1807 5475 per
1834 5422 1897 5461 ac
1930 5423 1987 5462 se

424 5502 573 5571 ipsos
605 5501 844 5571 regulam
877 5500 1229 5555 constituere.
1261 5500 1337 5553 Ex
1386 5499 1588 5569 quibus
1636 5500 1990 5555 absurdiores

422 5593 491 5646 iis
546 5592 679 5644 mihi
709 5591 963 5645 videntur
1013 5592 1104 5659 qui
1141 5590 1297 5645 hirco
1343 5605 1533 5645 cervos
1569 5588 1796 5660 fingunt.
1833 5592 1988 5657 Quod

424 5681 469 5736 si
502 5680 616 5732 haec
645 5678 717 5732 ita
746 5693 801 5731 se
837 5678 1058 5741 habent,
1090 5679 1214 5746 quis
1246 5688 1427 5733 mente
1470 5678 1729 5748 praeditus
1751 5681 1985 5737 obsiste-

2087 3120 2182 3173 καὶ
2207 3119 2335 3190 περ)⁵
2367 3116 2462 3171 τοῦ
2495 3118 2623 3170 [διον
2658 3114 2913 3178 λέγεσθαι
2964 3112 3025 3166 τδ
3072 3109 3299 3178 Πνεῦμα
3344 3106 3427 3161 τοῦ
3474 3100 3585 3157 Υίοῦ.

2090 3213 2249 3273 Ἱδιος
2289 3210 2397 3278 γὰρ
2424 3208 2648 3277 λέγεται
2687 3207 2783 3260 καὶ
2826 3206 2855 3259 ὁ
2910 3205 3039 3268 Υίδς
3073 3204 3177 3256 τοῦ
3206 3201 3420 3269 Πατρὸς,
3447 3191 3587 3250 καὶτδ

2087 3300 2309 3370 Πνεῦμα
2341 3299 2469 3354 ίδιον
2498 3300 2593 3351 τοῦ
2630 3297 2844 3367 Πατρδς
2892 3296 2989 3349 καὶ
3031 3294 3133 3347 τοῦ
3166 3292 3313 3356 Υἱοῦ,
3336 3292 3408 3344 ὅτι
3445 3285 3584 3340 ἐκάτε·

2090 3411 2181 3462 ρον
2206 3391 2342 3463 πρὸς
2370 3392 2464 3445 τὸν
2484 3385 2544 3445 οὗ
2578 3391 2725 3443 ἐστιν
2756 3388 2886 3442 ίδιον
2914 3386 2989 3450 ὡς
3010 3386 3256 3441 αίτιατδν
3282 3382 3582 3450 ἀναφέρεται·

2086 3487 2182 3539 καὶ
2227 3486 2409 3554 δῆλον,
2464 3485 2546 3538 ὅτι
2592 3482 2714 3538 ούδέ
2769 3482 3149 3551 ἀντιστρέφει.
3190 3480 3250 3532 Εί
3295 3476 3349 3530 δέ
3399 3467 3581 3528 ίδιονῶς

2085 3577 2387 3647 ὁμοούσιον,
2418 3570 2479 3630 οῦ
2513 3579 2658 3630 ἐστιν
2689 3575 2840 3639 ίδιον,
2866 3574 3108 3642 λέγεται,
3135 3570 3269 3626 ἀλλὰ
3295 3567 3349 3621 τὸ
3362 3561 3580 3634 δμοούσιον

2086 3668 2328 3739 ἀρχικῶς
2348 3669 2409 3722 τὸ
2441 3669 2613 3721 αίτιον
2652 3667 2751 3721 καὶ
2792 3666 2853 3720 τὸ
2884 3665 3134 3719 αίτιατδν
3160 3661 3416 3733 ἐμφαίνει,

2084 3754 2326 3813 δεικται·
2364 3760 2458 3812 καὶ
2489 3760 2549 3812 τὸ
2570 3758 2698 3811 ίδιον
2726 3757 2835 3827 ἄρα
2864 3758 2927 3810 τὸ
2959 3758 3137 3811 αίτιον
3174 3756 3267 3809 καὶ
3309 3756 3364 3809 τὸ
3398 3744 3580 3805 αίτιατῦν

2089 3855 2406 3922 παρίστησι.
2440 3852 2550 3905 Καὶ
2590 3850 2695 3921 μὴν
2727 3850 2789 3904 τὸ
2822 3851 3220 3921 ἐκπορεύεσθαι
3263 3850 3356 3903 οὐκ
3383 3835 3577 3905 ἀλλοτιῆ

2085 3946 2183 4014 τὴν
2213 3943 2447 4014 ὕπαρξιν
2488 3943 2835 4012 ἐκπορευτῶς
2875 3942 3021 4012 ἐχείν
3046 3943 3328 4014 σημαίνειν
3352 3942 3512 3995 πάντες
3534 3930 3579 3982 ἂν

2086 4036 2476 4106 ὁμολογήσαιεν
2498 4051 2512 4065 ο
2539 4035 2730 4105 ὥσπερ
2760 4035 2934 4088 καὶτὸ
2960 4036 3254 4102 γεννᾶσθαι
3276 4034 3367 4101 τῆς
3385 4027 3463 4083 τοῦ
3486 4019 3579 4077 Υίοῦ

2088 4128 2373 4198 ὑπάρξεως
2405 4127 2701 4196 παρίστησι
2746 4126 2836 4178 τὸν
2865 4127 3087 4197 τρόπον,
3130 4126 3215 4179 ὅτι
3260 4125 3413 4193 δήπου
3436 4132 3578 4187 γεννη·

2087 4219 2215 4283 τῶς.
2242 4216 2448 4271 Ούκοῦν
2478 4217 2538 4272 τὸ
2566 4216 2654 4270 διὰ
2680 4216 2774 4270 τοῦ
2811 4218 2939 4271 Υίοῦ
2970 4214 3431 4288 ἐκπορεύεσθαιτδ
3457 4204 3577 4263 Πνεῦ-

2093 4329 2167 4382 μα
2196 4311 2255 4364 τὺ
2285 4310 2441 4378 ἅγιον
2466 4310 2619 4380 παρὰ
2668 4309 2885 4362 πάντων
2924 4308 3289 4376 θεολογείσθαι
3328 4294 3577 4358 διδασκαλία

2018 4374 2059 4430 ί)
2090 4374 2266 4473 σαφὴς
2298 4374 2389 4455 ea
2431 4401 2521 4454 διὰ
2549 4374 2661 4454 ’τοῦ
2696 4399 2829 4453 Υἱοῦ
2872 4401 2938 4452 ἐκ
2968 4398 3064 4453 τοῦ
3091 4374 3098 4376 ⁷
3126 4397 3331 4467 Πατρδς
3376 4389 3486 4446 αὒτδ
3507 4385 3574 4473 τὴν

2088 4492 2321 4562 ὕπαρξιν
2373 4492 2539 4562 ἔχειν.
2597 4490 2766 4544 Τοῦτο
2797 4491 2854 4543 δὲ
2906 4491 3028 4543 ἀντὶ
3074 4491 3287 4543 πάντων
3330 4484 3482 4554 ἀρκεῖ,
3511 4472 3576 4528 καὶ

2085 4582 2236 4634 οὐδὲν
2263 4582 2343 4635 δεῖ
2360 4581 2668 4650 περαιτέρω
2686 4579 2810 4632 οὔτε
2839 4582 2949 4641 τοῖς
2977 4580 3309 4641 διδασκάλοις
3333 4564 3575 4639 θεολογοῦσι

2086 4671 2335 4742 περὶτῆς
2363 4672 2709 4743 ὑπαρκτικῆς
2746 4672 2976 4742 προόδου
3009 4673 3102 4726 τοῦ
3137 4673 3281 4726 θείου
3308 4667 3572 4736 Πνεύματοςι

2085 4762 2209 4817 οὔτε
2238 4762 2345 4833 μὴν
2376 4766 2488 4827 τοῖς
2531 4763 2773 4815 ἐθέλουσι
2808 4765 2937 4832 περὶ
2958 4764 3161 4835 ταύτης
3190 4762 3352 4832 ὀρθῶς
3378 4750 3572 4823 διδαχθῆ

2085 4871 2171 4907 ναι
2217 4855 2400 4923 δεήσει
2442 4871 2495 4907 τι
2529 4853 2710 4908 πλέον.
2736 4855 2849 4907 Ούκ
2889 4854 2999 4925 ἀρα
3029 4855 3287 4925 ἀποροῦσι
3312 4853 3401 4921 τῆς
3430 4844 3573 4907 λέξεως

2087 4950 2136 5000 οί
2189 4947 2394 5016 ταύτην
2428 4945 2834 5016 ἐπιζητοῦντες,
2888 4947 2999 4999 τῶν
3042 4947 3140 5017 μὲν
3172 4937 3573 5015 περιφανεστάτω

2086 5038 2257 5106 ἁγίων
2289 5041 2353 5091 ἐκ
2381 5037 2474 5091 τοῦ
2510 5037 2639 5090 Υίοῦ
2693 5037 3089 5107 ἐκπορεύεσθαι
3129 5038 3405 5104 λεγόντων,
3431 5022 3570 5081 ἰὡνδὲ

2086 5132 2174 5184 διὰ
2206 5128 2298 5182 τοῦ
2348 5128 2478 5182 Υίοῦ
2520 5128 2916 5199 ἐκπορεύεσθαι
2943 5144 2959 5161 ο
2995 5130 3055 5181 τὸ
3101 5129 3205 5198 γὰρ
3238 5129 3310 5190 είς
3352 5119 3569 5188 διαφόρως

2086 5225 2293 5287 ἑννοίας
2347 5220 2582 5276 ἐνταῦθα
2632 5222 2731 5290 τὴν
2774 5220 2870 5274 διὰ
2900 5220 3127 5292 διαιρεῖν
3180 5212 3563 5284 ἀποκληρούντων

2088 5320 2261 5382 ἄλλως
2290 5319 2437 5389 παρὰ
2464 5318 2642 5371 πάντα
2689 5318 2844 5386 λόγον
2875 5319 3013 5384 ἐστὶ,
3046 5320 3136 5391 καὶ
3174 5316 3374 5375 ἑαυτοὺς
3394 5304 3570 5381 ﬂow?"

2088 5428 2193 5464 νων
2222 5410 2441 5465 κανόνα.
2487 5410 2578 5475 Ἐξ
2609 5404 2683 5464 ὧν
2714 5411 3048 5481 ἀτοπώτεροι
3073 5411 3332 5483 φαίνονται
3392 5404 3481 5455 τῶν
3506 5394 3569 5449 καὶ

2090 5504 2211 5566 τοὺς
2240 5503 2620 5572 τραγελάφους
2644 5504 3116 5557 ἁναπλαττόντων.
3138 5504 3195 5555 Εἰ
3225 5503 3276 5555 δέ
3303 5494 3432 5552 ταῦθ’
3448 5490 3567 5572 οὗτοι.

2089 5592 2172 5654 τίς
2203 5592 2266 5643 ἂν
2291 5590 2415 5643 νοῦν
2451 5592 2589 5662 ἔχων
2613 5594 2831 5664 ἐνσταίη
2866 5594 2940 5665 μὴ
2963 5597 3026 5648 ἐκ
3065 5592 3153 5646 τοῦ
3183 5589 3369 5659 Πατρδς
3404 5581 3479 5636 καὶ
3503 5571 3564 5665 τοῦ

2092 5683 2223 5738 Υίοῦ
2272 5687 2332 5737 τὸ
2388 5685 2608 5755 Πνεῦμα
2640 5686 2700 5739 τὸ
2727 5685 2881 5756 ἅγιον
3057 5684 3272 5754 ὓπαρξιν
3321 5680 3464 5748 ἔχεινς
3496 5664 3557 5717 καὶ
