3862 6218
338 327 432 389 921

1258 334 1354 394 DE
1392 332 1916 394 PROCESSIONE
1958 328 2320 393 SPIRITUS
2361 329 2659 392 SANCTI.

3475 323 3586 387 922

341 431 580 500 τοσούτῳ
617 433 838 501 μᾶλλον,
894 436 1004 508 ὅσῳ
1032 440 1125 496 καὶ
1170 439 1259 494 διὰ
1309 440 1404 493 τοῦ
1438 440 1611 506 Λόγου
1638 440 1667 493 6
1712 440 1902 510 Πατὴρ

2022 451 2113 505 'et,
2149 456 2257 502 non
2306 456 2374 496 ex
2422 438 2607 493 Patre'
2627 450 2725 507 per
2773 435 2974 490 Filium
3030 432 3295 505 Spiritum
3337 443 3589 488 sanctum

340 522 635 591 προὸολεύς
665 523 758 577 106
813 526 1126 597 Πνιύματος
1152 531 1236 602 τῷ
1273 530 1625 603 Δαμασκηνῷ
1656 533 1905 601 εἴρηται.

342 614 407 666 Εί
439 612 548 683 γὰρ
574 614 636 667 16
686 616 775 670 διὰ
805 618 896 672 τοῦ
940 621 1068 676 Υίοῦ
1122 623 1193 677 τὰ
1222 624 1399 683 πάγια
1444 622 1750 690 γεγονέναι,
1785 621 1910 675 ὅσον

340 706 462 775 ἥκει
486 709 569 770 είς
592 708 693 777 τὴν
722 709 842 777 διὰ,
873 715 1083 767 καὶτὸν
1107 716 1237 768 Υίὸν
1267 716 1366 770 ἱνα
1405 716 1737 787 δημιουργὸν
1772 714 1911 786 μετά

338 795 435 850 106
484 798 696 869 Πατρός
726 802 824 855 καὶ
851 804 1082 876 ποιητὴν
1114 806 1222 860 τῶν
1251 806 1422 860 ὄντων
1450 807 1804 879 παρίστησιν,
1835 806 1912 869 ὡς

343 890 377 957 ἡ
410 888 678 961 καθολικὴ
727 892 910 957 πίστις
942 895 1221 965 ὁμολογεῖ,
1253 896 1371 962 πῶς
1399 899 1494 951 ἐπὶ
1550 899 1651 969 τῆς
1682 899 1909 968 προόδου

340 976 435 1031 τοῦ
468 978 613 1033 θείου
638 981 958 1052 Πνεύματος
992 985 1091 1038 οὐκ
1111 985 1177 1039 ἂν
1211 988 1238 1040 6
1270 986 1395 1051 Υἱὸς
1427 985 1595 1041 αὐτοῦ
1638 989 1913 1053 συναίτιος

341 1069 427 1140 εἴη
448 1111 467 1136 ,
494 1072 590 1124 καὶ
612 1066 693 1135 εἷς
722 1074 917 1139 αἴτιος,
952 1075 1019 1128 δι’
1048 1076 1245 1131 ἑαυτοῦ
1275 1077 1367 1132 τὸν
1396 1079 1618 1149 Πατέρα
1642 1078 1913 1148 προϐολια

338 1161 435 1215 τοῦ
458 1162 771 1232 Πνεύματος
797 1166 933 1235 ἔχων
965 1167 1059 1221 τοῦ
1088 1170 1374 1237 όμοουσίου
1407 1171 1622 1241 ἑαυτῷς
1652 1170 1911 1224 Διδασκὲ-

339 1271 524 1309 τωσαν
543 1256 651 1326 γὰρ
672 1258 702 1325 ή
711 1257 841 1325 μᾶς,
870 1259 985 1317 πῶς
1014 1261 1073 1313 ὲν
1094 1259 1267 1316 ἅπασι
1300 1262 1400 1332 μὲν
1419 1265 1530 1325 τοῖς
1551 1262 1640 1317 διὰ
1664 1263 1757 1317 τοῦ
1778 1261 1909 1316 1'106

340 1344 679 1413 κτιζομένοις
696 1343 851 1412 οὗτος
885 1350 1086 1419 μᾶλλον
1106 1353 1311 1422 ἥνωται
1342 1354 1421 1422 τῷ
1448 1356 1645 1422 Πατρὶ,
1674 1356 1733 1408 ὲν
1756 1356 1812 1409 δὲ
1842 1358 1910 1427 τῇ

341 1434 428 1488 διὰ
446 1435 542 1487 τοῦ
574 1435 703 1488 Υῑοῦ
728 1438 1051 1505 ὲκπορεύσει
1075 1440 1363 1511 διῄρηται;
1396 1444 1455 1493 ἐν
1558 1459 1642 1506 τις
1668 1442 1735 1496 ἂν
1779 1442 1913 1505 εσως

339 1526 483 1580 εῐποι
505 1529 600 1581 καὶ
630 1529 802 1599 μείζω
830 1529 930 1599 τὴν
955 1532 1244 1587 κοινωνίαν
1275 1533 1457 1587 αὐτῶν
1497 1530 1638 1587 εἶναι
1675 1535 1808 1597 δεῖν,
1838 1534 1913 1597 ώς

337 1616 409 1671 ἂν
428 1619 491 1671 ἐκ
520 1619 621 1689 τῆς
648 1621 835 1691 κοινῆς
864 1623 1052 1687 οὐσίας
1102 1626 1198 1678 καὶ
1252 1625 1403 1689 θείας
1445 1626 1541 1679 106
1580 1626 1794 1694 Πατρδς
1819 1626 1916 1680 καὶ

337 1709 435 1763 τοῦ
466 1711 597 1763 Υίοῦ
621 1714 977 1783 προαγόντων
995 1715 1059 1768 16
1090 1716 1317 1785 Πνεῦμα
1347 1718 1409 1770 τδ
1432 1717 1589 1785 ἅγιον
1615 1720 1715 1789 τῆς
1743 1717 1914 1781 αὐτῆς

339 1800 404 1855 ὃν
427 1803 520 1856 καὶ
549 1804 679 1856 αὐτὸ
705 1805 916 1872 οὐσίας,
951 1806 984 1877 ἢ
1017 1808 1076 1859 ὲν
1103 1810 1168 1878 τῇ
1208 1808 1318 1862 τῶν
1364 1810 1684 1877 κτισμάτων
1734 1826 1909 1878 παρα·
1937 1789 1987 1850 Β

342 1895 496 1964 γωγῇ
530 1893 652 1948 οὕτε
683 1896 747 1949 ὲκ
778 1897 878 1967 τῆς
907 1897 1096 1967 κοινῆς
1133 1899 1322 1963 οὐσίας
1351 1900 1490 1953 αὐτὰ
1525 1900 1912 1969 παραγόντων,

339 1986 477 2040 ἀλλὰ
506 1988 730 2058 καὶτῆς
774 1989 990 2057 φύσεως
1032 1990 1213 2044 αὐτῶν
1240 1989 1406 2061 οὔσης
1444 1992 1579 2063 πρὸς
1610 1992 1711 2060 τὴν
1761 1992 1915 2045 θείαν

342 2076 689 2130 παντάπασιν
712 2077 1015 2148 ἀλλοτρίας.
1046 2078 1255 2133 Οὐκουν
1279 2079 1392 2150 ἔχοι
1425 2096 1510 2143 τις
1541 2080 1608 2133 ἂν
1638 2082 1836 2145 εἰπεῖν,
1866 2079 1917 2132 εί

342 2166 420 2237 μὴ
450 2173 773 2237 μαινόμενος
802 2170 911 2239 εἴη,
962 2169 1040 2232 ὠς
1087 2170 1196 2239 ἄρα
1241 2171 1302 2223 16
1332 2171 1419 2225 διὰ
1460 2171 1554 2224 106
1586 2171 1716 2224 Υίοῦ
1757 2173 1919 2224 1x110-

344 2257 597 2324 ρεύεσθαι
628 2258 688 2312 τὸ
713 2259 800 2312 διὰ
819 2260 912 2313 106
943 2260 1076 2315 Υἱοῦ
1108 2245 1349 2315 δίδοσθαι
1379 2263 1659 2332 σημαίνει.
1692 2262 1765 2314 Οὐ
1809 2262 1919 2331 γὰρ

343 2348 427 2401 διὰ
449 2348 543 2401 τοῦ
576 2349 706 2402 Υἱοῦ
731 2351 1000 2416 δίδοσθαι,
1028 2352 1059 2421 ἢ
1108 2348 1420 2421 πέμπεσθαι
1443 2392 1457 2418 ,
1491 2352 1524 2423 ἢ
1558 2353 1919 2423 χορηγεῖσθαι

346 2438 505 2506 μόνον
526 2440 677 2510 παρὰ
727 2441 836 2493 τῶν
861 2442 1198 2494 διδασκάλων
1226 2443 1465 2510 λέγεται,
1490 2444 1611 2496 οὐδὲ
1642 2445 1771 2513 περὶ
1798 2443 1920 2496 τού-

340 2543 449 2580 των
474 2529 835 2599 διαλεγόμεθα
870 2531 967 2585 νῦν
999 2533 1066 2602 (εί
1106 2534 1197 2586 καὶ
1229 2534 1363 2586 αὐτὸ
1414 2534 1751 2587 ἐνδεικτικόν
1800 2536 1919 2587 ἐστι

342 2622 441 2674 τοῦ
488 2623 574 2676 διὰ
606 2622 699 2675 τοῦ
745 2623 873 2676 Υίοῦ
925 2624 1324 2706 ἐκπορεύεσθαι
1381 2626 1477 2677 καὶ
1527 2625 1626 2695 τὴν
1678 2624 1917 2695 ὕπαρξιν

343 2714 511 2782 ἔχειν.
547 2714 625 2768 Οὐ
669 2716 777 2785 γὰρ
818 2715 989 2786 δήπου
1022 2718 1111 2771 διὰ
1147 2719 1239 2771 106
1275 2719 1404 2773 Υίοῦ
1438 2717 1791 2772 ἀπεστέλλετ’
1827 2717 1917 2779 ἂν,

347 2806 399 2856 εί
434 2804 511 2875 μὴ
533 2808 627 2859 καὶ
654 2807 721 2860 δι’
752 2806 918 2861 αὐτοῦ
951 2810 1215 2878 πρότερον
1244 2810 1341 2881 τὴν
1367 2810 1604 2880 ὓπαρξιν
1630 2806 1768 2879 εἶχε,
1794 2808 1920 2863 καθ’

350 2898 421 2965 ἢν
470 2898 654 2960 ἀῖδίως
706 2900 1171 2970 ἐκπορευόμενον,
1224 2902 1495 2971 χρονικῶς
1555 2900 1726 2964 οὕτως
1776 2900 1921 2970 ἔχειν

355 2991 508 3060 παρὰ
543 2991 650 3044 τῶν
701 2992 1006 3061 ἀνθρώπων
1046 2993 1377 3061 γινώσκεται
1402 3012 1418 3028 ο
1448 2995 1569 3064 ἥτις
1613 2994 1679 3065 δὴ
1718 2994 1921 3062 γνῶσις

346 3086 461 3186 τῆς.
484 3084 900 3186 μεγαλειότητος
958 3084 1123 3139 αὐτοῦ
1174 3088 1272 3140 καὶ
1314 3089 1413 3155 τῆς
1452 3087 1741 3158 ὑπάρξεως
1782 3088 1920 3139 ἀπο-
1946 3121 1995 3186 c

348 3175 513 3247 στολὴ
548 3176 685 3246 πρὸς
719 3176 846 3239 τοὺς
872 3176 1191 3248 ἀνθρώπους
1225 3179 1323 3231 καὶ
1352 3179 1505 3249 παρὰ
1543 3178 1653 3232 τῶν
1702 3176 1917 3248 ἀνθρώ-

349 3281 470 3317 πων
496 3265 904 3337 λέγεται),ἀλλὰ
921 3269 1049 3337 περὶ
1072 3270 1171 3337 τῆς
1187 3268 1278 3321 τοῦ
1300 3269 1695 3340 ἐκπορεύεσθαι
1720 3269 1920 3334 λέξεως

343 3356 373 3407 6
402 3355 557 3423 λόγος
588 3355 701 3421 νῦν,
737 3357 857 3410 καθ’
882 3359 948 3428 ἢν
971 3359 1034 3410 ὲκ
1061 3358 1156 3411 106
1191 3361 1401 3429 Πατρδς
1431 3360 1518 3413 διὰ
1542 3359 1634 3412 τοῦ
1668 3358 1797 3409 Υίοῦ
1830 3358 1924 3408 ὲκ-

345 3446 672 3515 πορεύεσθαί
700 3465 852 3517 φασι,
903 3451 997 3502 καὶ
1029 3451 1096 3521 ἢν
1140 3451 1444 3521 δηλωτικὴν
1496 3455 1596 3523 τῆς
1628 3452 1915 3521 ὑπάρξεως

342 3537 510 3590 αὐτοῦ
538 3540 735 3603 πάντες
762 3541 1103 3611 ὁμολογοῦσι.
1158 3544 1350 3596 Καίτοι
1392 3546 1487 3597 καὶ
1513 3545 1622 3600 τῶν
1660 3546 1918 3601 διδασκά-

342 3629 455 3684 λων
485 3631 626 3693 τινὲς
664 3630 764 3702 τὴν
794 3632 887 3685 τοῦ
919 3632 1076 3701 ἁγίου
1122 3635 1440 3704 Πνεύματος
1462 3640 1791 3708 ὲκπόρευσιν
1824 3642 1917 3696 ἔκιε

341 3722 552 3792 πεμψιν
584 3719 724 3778 εἶναι
770 3724 1112 3789 διδάσκουσιν
1146 3727 1335 3791 ἀΐδιον,
1381 3729 1540 3782 τοῦτο
1576 3731 1675 3800 μὲν
1704 3734 1732 3784 6
1763 3732 1912 3787 Θαυ-

345 3814 655 3885 ματουργὸς
679 3816 998 3887 Γρηγόριος,
1033 3818 1189 3872 τοῦτο
1219 3820 1277 3871 δὲ
1316 3820 1615 3891 Γρηγόριος
1654 3825 1683 3877 6
1725 3825 1917 3880 Θεολύ-

341 3923 462 3973 γος,
488 3909 516 3960 6
540 3909 638 3978 μὲν
655 3908 712 3959 ἐν
739 3908 903 3979 λόγῳ,
933 3902 993 3962 οὗ
1015 3913 1047 3980 ὴ
1070 3912 1235 3981 ἁρχὴ,
1271 3913 1583 3981 Ἔχθιστοι
1606 3917 1705 3970 καί
1728 3918 1920 3973 ἁλλό-

342 4015 515 4067 τριοι,
550 4000 793 4068 φάσκων,
824 4020 843 4053 ι
873 4002 1205 4072 ’Δγεννήτως
1239 4006 1336 4074 μὲν
1366 4006 1518 4069 6v10;
1554 4010 1646 4061 106
1678 4011 1917 4079 Πατρός,

342 4090 695 4160 γεννηθέντος
733 4092 789 4145 δὲ
841 4091 935 4144 106
978 4093 1108 4145 Υἱοῦ
1156 4095 1221 4146 ἐκ
1266 4095 1360 4147 τοῦ
1419 4098 1654 4167 Πατρός,
1714 4101 1810 4152 τοῦ
1860 4119 1921 4154 1s

341 4182 659 4251 Πνεύματος
692 4184 757 4235 ἐκ
785 4183 879 4253 τῆς
900 4183 1084 4246 οὐσίας
1109 4183 1202 4237 τοῦ
1240 4186 1451 4257 Πατρὸς
1474 4189 1540 4239 δι’
1568 4187 1696 4242 Υίοῦ
1734 4190 1919 4253 ἀῐδὲως

340 4273 785 4344 ὲκπεμφθέντος·
826 4292 842 4324 ι
875 4277 902 4327 6
931 4274 988 4329 δὲ
1016 4276 1075 4328 ἐν
1114 4276 1192 4346 τῷ
1222 4278 1359 4346 πρὸς
1391 4279 1617 4350 ’Ἥρωνα
1646 4284 1736 4335 τὸν
1766 4282 1919 4351 φιλό-

346 4380 537 4433 οοφον,
575 4364 705 4418 ἴδιον
744 4365 839 4418 106
884 4365 1042 4434 ἁγίου
1102 4368 1419 4436 Πνεύματος
1477 4372 1578 4442 τὴν
1635 4372 1918 4444 ἔκπεμψιν

2017 534 2392 592 exsistentiam
2433 531 2696 588 'habcre?
2753 537 2921 599 atque
2965 542 3024 583 σε
3083 527 3277 596 magis,
3333 541 3444 596 quo
3496 541 3595 594 per

2017 625 2257 681 Verbum
2322 623 2486 679 Pater
2536 621 2839 692 productor
2888 618 3129 687 Spiritus
3175 630 3207 670 ι
3257 609 3593 670 Damasceno

2018 717 2203 773 dictus
2248 725 2357 771 est.
2384 715 2441 769 Si
2487 713 2635 768 enim
2679 709 2813 765 illud
2875 725 2973 779 per
3025 707 3225 762 Filium
3274 721 3395 760 esse
3453 704 3590 757 facta

2018 809 2242 873 omnia,
2290 816 2555 877 quantum
2609 802 2807 857 attinet
2880 800 2947 855 ad
2997 797 3437 869 praepositionem
3502 811 3595 863 per

2016 901 2182 956 etiam
2212 898 2408 954 Filium
2446 910 2618 950 unum
2667 890 3014 948 conditorem
3064 898 3228 959 atque
3287 897 3589 943 creatorem

2020 1000 2204 1043 rerum
2237 1000 2362 1041 cum
2394 983 2577 1047 Patre,
2608 982 2786 1044 docet,
2821 988 2877 1035 et
2918 977 3193 1045 exprimit,
3228 986 3288 1031 ut
3321 975 3595 1031 catholica

2018 1079 2156 1136 ﬁdes
2195 1078 2420 1143 fatetur,
2457 1073 2738 1145 quomodo
2789 1071 2845 1126 in
2898 1084 3158 1140 processu
3214 1068 3383 1123 divini
3423 1067 3596 1138 Spiri-

2022 1183 2129 1234 tus,
2168 1186 2277 1226 non
2303 1170 2470 1225 etiam
2524 1166 2698 1222 Filius
2736 1165 2857 1234 ejus
2898 1176 3168 1218 concausa
3202 1160 3497 1225 exstiterit,
3537 1168 3594 1213 et

2019 1278 2126 1317 una
2158 1275 2322 1316 causa
2357 1260 2429 1314 sit
2461 1259 2678 1313 Patrem
2734 1255 3118 1325 productorem
3156 1249 3363 1305 habens
3391 1264 3491 1318 per
3532 1262 3595 1302 se

2020 1356 2199 1425 ipsum
2235 1352 2478 1427 Spiritus
2499 1349 2604 1404 sibi
2635 1343 3157 1403 consubstantialis?
3188 1340 3593 1396 Doceantenim

2018 1465 2141 1513 nos,
2170 1446 2450 1519 quomodo
2476 1446 2531 1500 in
2585 1441 2845 1498 omnibus
2887 1455 2991 1510 per
3040 1437 3240 1492 Filium
3277 1434 3475 1489 creatis
3510 1433 3597 1488 Fi-

2020 1542 2127 1597 lius
2166 1541 2339 1611 magis
2374 1539 2444 1594 sit
2496 1538 2828 1608 coniunctus
2882 1530 3029 1586 Patri
3077 1531 3182 1589 :in
3242 1526 3597 1599 processione

2020 1651 2152 1691 vero
2192 1649 2292 1703 per
2346 1632 2543 1687 Filium
2604 1629 2675 1683 sit
2711 1624 3054 1695 disjunctus?
3101 1623 3154 1676 in
3200 1635 3311 1691 quo
3350 1618 3599 1674 fortassis

2021 1726 2218 1797 aliquis
2265 1724 2488 1786 dixerit,
2539 1722 2703 1776 ctiam
2741 1719 3001 1789 majorem
3033 1712 3441 1785 conjuctionem
3475 1723 3597 1764 esse

2016 1828 2293 1889 oportere.
2320 1816 2455 1870 Cum
2496 1829 2563 1868 ex
2609 1808 2886 1867 communi
2950 1814 3007 1861 et
3067 1803 3250 1859 divina
3288 1801 3598 1858 substantia

2016 1913 2179 1967 Pater
2224 1919 2282 1964 et
2318 1907 2489 1962 Filius
2518 1904 2825 1975 producant
2877 1898 3140 1968 Spiritum
3192 1903 3464 1955 sanctum.
3499 1892 3593 1961 qui

2017 2012 2072 2057 et
2098 2002 2215 2071 ipse
2248 1998 2495 2069 ejusdem
2524 1994 2739 2050 exsistit
2772 1990 3114 2054 substantiae,
3141 1988 3195 2042 in
3233 1986 3598 2057 productione

2018 2102 2202 2147 autem
2253 2098 2635 2145 creaturarum
2696 2099 2808 2138 non
2863 2098 2929 2138 ex
2971 2080 3250 2136 communi
3290 2075 3599 2133 substantia

2018 2199 2112 2238 eas
2144 2180 2489 2251 producant;
2522 2190 2755 2248 quarum
2813 2181 3016 2228 natura
3067 2182 3149 2225 est
3179 2186 3207 2223 a
3238 2168 3421 2223 divina
3446 2164 3601 2236 peni-

2022 2286 2113 2329 tus
2146 2271 2376 2328 aliena?
2409 2269 2530 2325 Non
2563 2268 2733 2338 igitur
2785 2273 2970 2335 posset
3016 2262 3215 2331 aliquis
3252 2259 3460 2323 dicere,
3490 2254 3598 2309 nisi

2022 2363 2284 2425 insaniat,
2317 2359 2464 2431 quod
2526 2358 2790 2413 nimirum
2849 2353 2983 2409 illud
3041 2369 3138 2423 per
3171 2350 3368 2405 Filium
3404 2362 3599 2418 proce-

2021 2456 2174 2519 dere,
2210 2468 2307 2523 per
2361 2450 2561 2506 Filium
2615 2447 2867 2503 exhiberi
2925 2443 3215 2515 significat.
3268 2438 3598 2495 Non‘enim

2023 2518 2235 2603 tantum
2290 2560 2389 2615 per
2422 2543 2622 2599 Filium
2672 2541 2792 2595 dari
2844 2553 2942 2593 seu
2997 2535 3165 2598 mitti,
3195 2548 3289 2587 seu
3323 2529 3533 2599 erogari
3566 2541 3599 2583 α
3652 2518 3659 2525 ’

2022 2636 2342 2694 doctoribus
2376 2636 2601 2699 dicitur,
2634 2644 2815 2701 neque
2854 2629 2922 2683 de
2967 2628 3054 2680 his
3081 2639 3229 2679 nunc
3258 2622 3599 2691 disputamus

2024 2726 2297 2797 (quamvis
2322 2734 2378 2780 et
2409 2725 2589 2794 ipsum
2635 2720 2995 2781 demonstret,
3029 2730 3127 2785 per
3157 2714 3355 2768 Filium
3399 2723 3600 2780 proce-

2022 2820 2174 2882 dere,
2228 2826 2285 2873 et
2317 2814 2698 2871 exsistentiam
2732 2810 2961 2865 habere.
3002 2809 3123 2861 Non
3156 2806 3303 2859 enim
3355 2801 3599 2871 profecto

2023 2927 2121 2982 per
2160 2909 2358 2964 Filium
2412 2907 2744 2965 mitteretur,
2782 2901 2887 2956 nisi
2924 2915 3021 2970 per
3058 2899 3237 2967 ipsum
3270 2895 3424 2966 prius
3452 2889 3599 2947 exsi-

2024 3002 2281 3057 stentiam
2316 2998 2568 3060 haberet,
2600 2994 2904 3052 secundum
2948 3005 3113 3060 quam
3143 2988 3211 3042 ab
3235 2997 3439 3041 mterno
3477 2998 3600 3054 pro-

2026 3093 2227 3149 cedens
2271 3091 2329 3146 in
2381 3100 2649 3159 tempore,
2681 3089 2754 3143 ita
2792 3100 2851 3141 se
2899 3085 3104 3138 habere
3155 3081 3226 3135 ab
3284 3076 3601 3133 hominibus

2029 3184 2397 3257 dignoscitur.
2429 3181 2561 3248 Quae
2606 3194 2739 3235 sane
2773 3176 3014 3247 cognitio
3035 3170 3428 3244 magnitudinis
3458 3168 3601 3238 ejus,

2027 3286 2190 3342 atque
2221 3273 2557 3330 exsistentiae
2604 3269 2796 3325 missio
2841 3268 2909 3321 ad
2942 3266 3216 3326 homines,
3243 3273 3291 3318 et
3326 3262 3393 3317 ab
3420 3260 3602 3315 homi-
3642 3307 3666 3324 ,

2027 3367 2189 3421 nibus
2218 3363 2467 3421 dicitur).
2498 3361 2604 3415 Sed
2642 3374 2791 3414 nunc
2819 3373 3001 3413 sermo
3026 3366 3110 3412 est
3134 3356 3203 3409 de
3229 3353 3473 3407 dictione
3510 3349 3600 3403 illa

2028 3460 2353 3531 procedere,
2390 3454 2696 3511 secundum
2729 3466 2891 3524 quam
2928 3467 2997 3507 ex
3050 3450 3210 3504 Patre
3266 3462 3363 3514 per
3402 3442 3601 3498 Filium

2027 3551 2329 3625 procedere
2375 3551 2563 3609 aiunt.
2612 3556 2669 3603 et
2737 3560 2901 3616 quam
2950 3542 3414 3599 manifestativam
3478 3553 3603 3594 esse

2026 3644 2356 3703 exsistentia:
2386 3644 2504 3715 ejus
2533 3654 2723 3696 omnes
2748 3638 3006 3700 fatentur,
3048 3634 3301 3705 quamvis
3350 3630 3602 3687 nonnulli

2027 3738 2316 3793 doctorum
2354 3734 2763 3806 processionem
2797 3730 2972 3785 sancti
2996 3728 3229 3797 Spiritus
3251 3722 3603 3779 emissionem

2028 3844 2149 3883 esse
2177 3837 2435 3882 aeternam
2489 3825 2742 3887 doceant,
2772 3820 2973 3891 partim
3034 3816 3257 3887 quidem
3305 3811 3602 3885 Gregorius

2028 3922 2494 3989 Thaumaturgus,
2532 3914 2731 3986 partim
2764 3925 2896 3967 vero
2944 3909 3240 3980 Gregorius
3268 3905 3597 3974 Theologus.

2027 4012 2181 4065 Alter
2226 4008 2451 4079 quidem
2487 4006 2542 4060 in
2583 4004 2856 4067 oratione,
2897 4004 3054 4073 cujus
3090 4000 3304 4055 initium
3341 4017 3355 4053 :
3412 3997 3604 4053 Inimi-

2029 4101 2253 4165 cissimi,
2282 4108 2444 4168 atque
2494 4096 2680 4160 alieni,
2712 4094 2967 4164 inquiens
2994 4108 3009 4149 :
3055 4111 3073 4143 ι
3108 4091 3245 4147 Cum
3276 4089 3347 4146 sit
3379 4089 3603 4160 quidem

2026 4192 2186 4247 Pater
2214 4190 2512 4259 ingenitus,
2543 4187 2723 4258 Filius.
2758 4199 2890 4240 vero
2919 4199 2987 4239 ex
3016 4179 3178 4238 Patre
3208 4181 3453 4253 genitus,
3477 4180 3606 4248 Spi-

2027 4283 2169 4335 ritus
2195 4293 2416 4349 quoque
2466 4293 2536 4333 ex
2564 4275 2876 4333 substantia
2908 4274 3086 4329 Patris
3135 4288 3235 4344 per
3280 4272 3480 4335 Filium
3533 4271 3603 4327 ab

2026 4380 2233 4428 aterno
2267 4371 2525 4426 emissus.
2564 4387 2584 4422 ι
2617 4369 2771 4423 Alter
2792 4383 2925 4422 vero
2954 4368 3009 4422 in
3038 4366 3289 4421 oratione
3322 4364 3391 4419 ad
3424 4362 3603 4419 Hero-

342 4455 536 4510 είπών.
559 4457 621 4511 E1
653 4457 834 4510 τοίνυν
863 4457 955 4510 106
989 4458 1145 4525 ἁγίου
1172 4459 1487 4528 ιινεύματος
1509 4463 1608 4534 τὴν
1642 4464 1915 4535 ἔκπεμψιν

2024 4481 2150 4521 nem
2201 4464 2614 4534 philosophum,
2657 4461 2937 4530 prepriam
2972 4459 3148 4513 sancti
3181 4456 3418 4528 Spiritus
3441 4458 3607 4511 emis-

340 4548 515 4601 ἀΐδιον
543 4550 636 4602 καὶ
658 4548 895 4619 ἰδιότητα
926 4550 1017 4603 τοῦ
1042 4552 1355 4621 Πνεύματὸς
1390 4570 1546 4622 φασι,
1576 4554 1693 4618 πῶς
1724 4558 1822 4610 οὐκ
1850 4556 1917 4611 ἂν

342 4639 581 4708 εὐλόγως
622 4642 655 4710 ἠ
688 4639 986 4710 ἐκπεμψις,
1044 4643 1139 4695 καὶ
1198 4643 1337 4697 κατὰ
1390 4645 1550 4700 τοῦτο
1591 4649 1918 4718 ὲκπόρευσις

340 4730 431 4800 εἴη
466 4733 563 4785 καὶ
615 4732 860 4800 λέγοιτο;
904 4733 1056 4804 Πλὴν
1084 4736 1134 4786 εί
1169 4737 1244 4804 μὴ
1298 4738 1391 4791 καὶ
1426 4738 1526 4808 τὴν
1585 4742 1918 4812 ἐκπόρευσιν

338 4824 602 4896 χρονικὴν
632 4823 770 4879 εἶναι
797 4826 943 4895 λέγοι
975 4844 1087 4890 τις·
1117 4827 1149 4897 ἢ
1178 4830 1275 4882 καὶ
1296 4831 1355 4883 16
1379 4830 1634 4902 ἐγχρονον
1653 4834 1747 4887 τοῦ
1774 4834 1917 4906 ὑπὲρ

338 4916 534 4987 χρόνον
566 4917 772 4987 τίθησιν
796 4919 967 4973 αἴτιον
987 4934 1002 4949 ’
1033 4919 1127 4973 καί
1146 4937 1267 4973 τινα
1288 4924 1399 4985 τοῖς
1415 4923 1576 4986 θείοις
1606 4924 1916 4995 προσώποις

336 5008 760 5078 ὲπισυμόαίνειν
788 5012 972 5073 οῑοιτο,
1002 5013 1097 5064 καὶ
1143 5012 1298 5066 πάντ’
1320 5015 1402 5079 είς
1436 5016 1629 5071 ἑαυτὸν
1650 5018 1719 5070 τὰ
1761 5019 1916 5089 εἰρη-

343 5100 488 5169 μένα
525 5100 632 5154 τῶν
654 5103 872 5155 ἀτόπων
896 5102 1244 5173 ὲπισωρεύοι.

425 5366 584 5421 Ἀλλὰ
615 5366 709 5420 καὶ
736 5366 896 5420 τοῦτο
922 5365 1202 5432 παντελῶς
1228 5368 1411 5433 αὐτοῖς
1439 5370 1631 5434 ἕωλον,
1653 5373 1681 5425 ὃ
1712 5390 1906 5443 φασιν,

334 5459 411 5524 ὡς
438 5462 487 5513 εί
512 5461 572 5512 16
596 5461 819 5529 Πνεῦμα
852 5461 915 5513 16
944 5462 1099 5528 ἅγιον
1121 5463 1184 5515 ὲκ
1210 5463 1305 5532 τῆς
1338 5463 1528 5526 οὐσίας
1562 5464 1655 5518 τοῦ
1692 5467 1910 5536 Πατρός

335 5553 435 5604 καὶ
485 5551 581 5604 τοῦ
646 5552 774 5604 Υἱοῦ
816 5555 956 5617 ἐστι,
998 5553 1088 5605 διὰ
1138 5555 1198 5606 16
1246 5556 1377 5622 μίαν
1426 5551 1571 5607 εἶναι
1601 5557 1709 5609 τῶν
1740 5558 1910 5626 τριῶν

333 5639 549 5706 οὐσίαν,
590 5640 671 5693 δεῖ
704 5642 798 5695 καὶ
829 5642 963 5695 αὐτὸ
1014 5640 1073 5706 ἐξ
1117 5641 1311 5696 ἑαυτοῦ
1342 5644 1630 5716 ὑπάρχειν.
1682 5648 1908 5717 Πρῶτον

339 5729 440 5803 μὲι
465 5731 572 5801 γὰρ
600 5733 698 5785 οὐκ
735 5732 951 5805 ἀνάγκη
979 5733 1046 5787 τὰ
1075 5732 1169 5787 106
1207 5735 1422 5807 Πατρὸς
1451 5738 1545 5790 καὶ
1571 5736 1701 5791 Υίοῦ
1727 5740 1905 5795 πάντα

2023 4562 2233 4615 sionem
2269 4570 2542 4611 asserens.
2570 4554 2629 4609 Si
2677 4554 2843 4623 igitur
2872 4551 3111 4621 Spiritus
3141 4551 3314 4606 sancti
3355 4549 3608 4604 emissio~

2024 4665 2149 4705 nem
2212 4655 2495 4710 aeternam,
2548 4653 2605 4700 et
2667 4643 3060 4715 preprietatem
3118 4639 3359 4711 Spiritus
3422 4638 3604 4699 aiunt,

2025 4739 2306 4811 quomodo
2336 4753 2448 4793 non
2478 4735 2679 4791 merito
2707 4733 2933 4789 emissio
2954 4733 3122 4787 etiam
3148 4729 3454 4786 secundum
3501 4728 3607 4781 hoc

2019 4832 2299 4903 processio
2326 4838 2494 4893 esset,
2532 4842 2597 4882 ac
2631 4825 2944 4882 diceretur?
2971 4823 3085 4878 Nisi
3112 4822 3236 4893 quis
3264 4820 3429 4875 etiam
3472 4831 3601 4887 pro-

2018 4921 2327 4978 cessionem
2354 4917 2409 4970 in
2449 4925 2693 4983 tempore
2726 4926 2849 4967 esse
2880 4910 3123 4975 dixerit;
3155 4917 3212 4962 et
3248 4908 3395 4975 quod
3423 4913 3506 4958 est
3547 4904 3603 4960 in

2020 5022 2268 5078 tempore
2297 5006 2462 5069 illius,
2482 5003 2627 5073 quod
2658 5011 2742 5056 est
2776 5010 2901 5055 ante
2931 5014 3092 5054 omne
3124 5008 3360 5067 tempus,
3383 5009 3600 5049 causam

2014 5116 2136 5158 esse
2159 5101 2441 5171 posuerit;
2471 5107 2531 5151 et
2557 5095 2820 5150 nonnulla
2847 5091 3049 5147 divinis
3071 5089 3323 5160 personis
3347 5086 3600 5141 accidere

2015 5192 2313 5264 putaverit,
2344 5199 2507 5259 atque
2537 5187 2746 5253 omnia,
2786 5199 2909 5255 quae
2929 5183 3073 5239 dicta
3110 5190 3241 5239 sunt
3274 5179 3511 5236 absurda
3545 5180 3601 5234 in

2014 5297 2075 5338 se
2107 5284 2224 5353 ipse
2252 5280 2707 5336 accumulaverit.
3038 5348 3041 5351 _

2086 5373 2193 5430 Sed
2242 5381 2300 5428 et
2350 5371 2485 5426 illud
2537 5371 2701 5425 nimis
2752 5367 3012 5438 frigidum
3057 5376 3164 5431 cst,
3219 5365 3364 5436 quod
3400 5364 3600 5423 aiunt:

2016 5466 2247 5537 quodsi
2308 5465 2547 5535 Spiritus
2595 5474 2824 5519 sanctus
2872 5477 2941 5518 ex
3002 5461 3305 5514 substantia
3336 5459 3514 5513 Patris
3551 5466 3606 5511 et

2024 5560 2151 5614 Filii
2179 5565 2284 5622 est,
2310 5572 2378 5612 eo
2406 5556 2551 5625 quod
2592 5555 2664 5609 sit
2690 5570 2799 5609 una
2824 5552 3064 5608 essentia
3098 5551 3285 5614 trium,
3314 5558 3528 5619 oportet
3550 5556 3605 5602 et

2014 5651 2197 5721 ipsum
2222 5665 2288 5704 ex
2313 5666 2371 5705 se
2397 5649 2679 5703 exsistere.
2704 5647 2838 5702 Nam
2870 5646 3107 5714 primum
3139 5644 3359 5714 quidem
3384 5657 3489 5697 non
3520 5650 3604 5697 est

2012 5757 2256 5806 necesse,
2300 5751 2357 5795 ut
2389 5739 2588 5805 ;omnia
2648 5753 2769 5800 ariae
2828 5746 2959 5793 sunt
3017 5734 3332 5792 communia
3355 5733 3501 5790 Patri
3539 5748 3600 5787 ac
