3862 6218
432 303 541 368 923

1693 300 2079 365 DEMETRII
2121 298 2438 363 CYDON-lI
3535 300 3617 363 99$

434 416 598 480 Filio,
644 413 755 470 sint
790 411 957 469 etiam
1009 410 1261 483 Spiritui,
1304 413 1549 484 exceptis
1605 414 1676 470 iis
1723 430 1846 484 quae
1876 424 2012 470 sunt

2123 415 2280 468 κοινὰ
2319 406 2461 467 εἶναι
2504 412 2599 464 καὶ
2656 408 2735 477 τῷ
2790 406 3091 476 Πνεύματι,
3121 404 3257 475 πλὴν
3283 405 3384 459 τῶν
3409 406 3621 463 ἀπολελυ-

432 507 708 562 absoluta.
737 506 863 560 Haec
912 504 1058 558 enim
1109 504 1478 560 communiter
1506 512 1670 574 atque
1708 504 2013 561 incommu-

437 597 683 652 tabiliter
733 606 791 649 ut
829 593 922 648 uni
976 594 1055 648 rei
1087 596 1258 649 tribus
1298 594 1527 660 insunt;
1562 610 1684 664 qua:
1721 606 1905 651 autem
1933 612 2018 652 se-

434 697 685 757 quuntur
718 686 1051 753 personalia,
1079 696 1133 739 et
1181 684 1546 756 hypostatica,
1574 702 1680 740 non
1715 686 1795 740 sic
1825 701 1885 741 se
1917 686 2016 740 ba—

330 774 355 825 ζ
434 780 564 833 bere
611 792 841 831 necesse
897 786 999 830 est.
1048 776 1272 831 Clarum
1332 786 1518 831 autem
1575 786 1661 832 est
1718 778 1849 832 illud
1895 793 2017 834 esse

439 870 660 934 quidem
708 876 1022 931 causatum,
1073 868 1288 921 duabus
1353 876 1563 922 tantum
1622 869 1875 938 personis
1908 879 2013 932 est,

436 958 581 1012 l’alri
628 966 810 1011 autem
856 957 1125 1021 minime;
1182 966 1236 1010 et
1277 957 1412 1011 illud
1464 956 1687 1025 quidem
1741 957 1883 1022 dari,
1916 973 2015 1013 seu

434 1050 578 1104 mitti
615 1048 885 1118 Spiritum
930 1058 1207 1111 sanctum,
1232 1048 1380 1102 Patri
1412 1065 1476 1103 ac
1512 1049 1650 1103 Filio
1678 1049 2013 1118 assignatur,

431 1140 545 1209 ipse
576 1154 708 1193 vero
737 1139 977 1205 Spiritus
1031 1154 1141 1193 non
1174 1138 1380 1193 dicitur
1411 1154 1468 1193 se
1521 1139 1696 1208 ipsum
1732 1140 1883 1203 dare,
1922 1149 2016 1195 aut

432 1232 675 1285 mittere.
722 1230 932 1284 Deinde
977 1230 1440 1299 quemadmodum
1509 1232 1682 1286 Filius
1731 1247 1797 1285 ex
1856 1233 2015 1287 Patre

430 1326 683 1391 generari
753 1323 977 1385 dicitur,
1024 1334 1082 1376 et
1137 1339 1245 1376 una
1300 1325 1608 1378 substantia
1656 1336 1738 1379 est
1774 1326 1934 1379 Pater
1962 1331 2017 1378 et

432 1416 626 1475 Filius.
654 1431 763 1469 non
808 1425 987 1470 tamen
1024 1424 1315 1483 propterea
1356 1415 1579 1478 dicitur,
1608 1431 1785 1484 neque
1816 1415 2017 1485 reperi-

440 1518 530 1560 tur
566 1506 739 1561 Filius
773 1523 840 1561 ex
888 1507 1200 1561 substantia
1248 1522 1345 1562 sua
1398 1508 1666 1577 generari,
1706 1508 1801 1562 sed
1837 1523 2015 1576 neque

434 1600 651 1654 Patrem
683 1616 745 1654 ex
781 1600 1086 1654 substantia
1134 1615 1256 1654 esse
1292 1598 1437 1653 Filii.
1476 1599 1587 1653 Hoc
1627 1600 1775 1654 enim
1813 1606 1865 1653 in
1897 1600 2017 1654 Tri-

432 1695 603 1746 nitate
657 1691 965 1746 divinarum
1020 1706 1377 1760 personarum
1428 1691 1677 1744 ordinem
1721 1690 2010 1759 pervertit.

2108 507 2305 577 ,μένων
2350 503 2493 574 φημι
2543 503 2717 557 ταῦτα
2765 502 2874 571 γὰρ
2906 500 3099 562 κοινῶς
3132 500 3227 553 καὶ
3254 500 3621 568 ἀπαραλλάκτως

2125 599 2240 660 τοῖς
2276 597 2477 667 τρισὶν,
2522 596 2599 658 ὡς
2641 591 2724 647 ἑνὶ
2765 592 3051 662 πράγματι
3078 591 3326 660 ὑπάρχει.
3365 590 3438 643 Τὰ
3477 591 3622 656 δὲτοξ

2124 689 2501 759 προσωπικοῖς
2548 686 2645 741 καὶ
2690 685 3081 746 ὑποστατικοῖς
3114 685 3351 751 ἑπόμενα
3380 683 3469 752 οὐχ
3495 684 3621 747 οὕτως

2124 780 2271 851 ἔχειν
2297 779 2535 849 ἀνάγκη.
2577 778 2746 848 Δῆλον
2789 778 2847 831 δὲ
2870 778 2903 810 ’“
2926 776 2988 830 τὸ
3016 778 3112 845 μὲν
3151 776 3383 828 αἱτιατδν
3413 777 3509 837 τοῖς
3533 776 3621 827 δυσὶ

2123 870 2443 943 προσώποις
2478 871 2614 935 ἐστὶ,
2648 869 2727 939 τῷ
2752 870 2809 922 δὲ
2855 868 3032 940 Πατρὶ
3063 867 3334 936 οὐδαμῶςο
3365 866 3450 921 καὶ
3476 867 3526 918 τὸ
3554 867 3622 935 μὲν

2122 963 2386 1028 δίδοσθαι,
2411 963 2443 1034 ἢ
2475 962 2795 1033 πέμπεσθαι
2819 960 2881 1014 τὸ
2904 960 3125 1028 Πνεῦμα
3152 958 3213 1012 τὺ
3243 959 3392 1025 ἅγιον
3413 957 3481 1026 τῷ
3497 958 3623 1028 [largi

2128 1054 2225 1109 καὶ
2259 1054 2336 1124 τῷ
2370 1053 2485 1123 Υίῷ
2535 1053 2872 1106 ἁποδίδοται’
2905 1050 3039 1103 αὐτὸ
3084 1050 3139 1103 δὲ
3176 1052 3237 1102 οὐ
3273 1049 3477 1116 λέγεται
3508 1048 3625 1101 ἑαυτὸ

2123 1148 2323 1201 διδόναι
2354 1148 2386 1218 ἢ
2424 1146 2690 1215 πέμπειν.
2720 1146 2974 1207 Ἔπειτα,
3024 1141 3214 1211 ὥσπερ
3251 1142 3278 1193 6
3328 1140 3443 1201 Υίδς
3486 1140 3537 1191 ἐκ
3560 1138 3626 1190 τοῦ

2124 1240 2339 1310 Πατρδς
2387 1239 2683 1307 γεννᾶσθαι
2735 1237 2976 1305 λέγεται,
3034 1235 3126 1287 καὶ
3184 1234 3281 1303 μία
3338 1232 3481 1284 οὐσία
3521 1234 3627 1283 ἐστίν

2136 1331 2195 1383 '0
2227 1332 2417 1401 Πατὴρ
2448 1331 2543 1383 καὶ
2583 1334 2611 1382 6
2639 1329 2791 1392 Υἱὸς,
2820 1328 2882 1380 οὐ
2923 1326 3013 1379 διὰ
3044 1325 3202 1379 τοῦτο
3237 1325 3414 1394 μέντοι
3444 1324 3627 1390 λέγεται,

2124 1423 2246 1476 οὐδὲ
2276 1422 2505 1491 εὓρηται
2537 1421 2630 1474 τδν
2670 1419 2798 1473 Υἱὺν
2835 1420 2898 1471 ὲκ
2922 1418 3019 1488 τῆς
3042 1416 3229 1479 οὐσίας
3272 1413 3454 1468 ἑαυτοῦ
3490 1417 3631 1481 γεννᾶ-

2124 1512 2272 1575 σθαι,
2311 1510 2429 1564 ἀλλ’
2468 1510 2591 1563 οὐδὲ
2625 1510 2716 1563 τὸν
2766 1508 2990 1578 Πατέρα
3050 1507 3116 1558 ἐκ
3165 1507 3265 1574 τῆς
3318 1504 3488 1566 οὐσίας
3531 1498 3630 1555 εἶναι

2121 1602 2216 1656 τοῦ
2272 1602 2428 1667 Υἱοῦ,
2489 1601 2651 1655 τοῦτο
2701 1600 2809 1669 γὰρ
2874 1599 2975 1669 τὴν
3030 1599 3090 1651 ὲν
3138 1596 3329 1667 Τριάδι
3378 1595 3476 1647 τῶν
3514 1595 3631 1647 θείων

2123 1695 2430 1765 προσώπων
2486 1695 2639 1758 τάξιν
2698 1692 2993 1762 ἀνατρέπει
3020 1706 3033 1719 ·
3083 1689 3177 1742 τὸν
3222 1691 3336 1742 ἴσον
3372 1686 3631 1756 τρόπονκαὶ

432 1784 513 1838 Ad
545 1784 799 1839 eumdem
853 1783 1074 1838 modum
1118 1783 1283 1838 etiam
1314 1784 1383 1837 de
1425 1783 1660 1852 Spiritu,
1697 1784 1741 1837 si
1806 1783 2018 1836 dicatur

2125 1786 2255 1856 περὶ
2294 1785 2387 1838 τοῦ
2445 1783 2770 1854 Πνεύματος
2802 1822 2818 1846 ,
2876 1783 2925 1834 εί
2964 1780 3181 1847 λέγοιτο
3214 1775 3298 1831 ’ὲκ
3354 1776 3445 1846 τῆς
3490 1776 3632 1835 οὐσίας

439 1893 504 1929 rx
538 1876 845 1931 substantia
907 1891 1026 1930 esse
1069 1874 1244 1929 Patris
1297 1884 1352 1929 et
1396 1873 1541 1938 Filii,
1572 1885 1721 1928 certe
1755 1888 1858 1925 non
1896 1887 2019 1941 pro,-

435 1978 622 2037 pterea
652 1982 877 2022 necesse
908 1976 1014 2029 est,
1049 1975 1108 2019 ut
1132 1966 1298 2020 etiam
1341 1981 1405 2020 ex
1433 1965 1740 2019 substantia
1767 1979 1863 2017 sua
1888 1978 2017 2018 esse

434 2059 685 2123 dicatur;
716 2059 977 2128 quoniam
1012 2058 1160 2112 nulla
1192 2073 1427 2126 persona
1460 2057 1556 2110 dat
1578 2056 1685 2111 sibi
1714 2055 2021 2110 subsisten-

435 2152 564 2205 tiam
591 2168 604 2211 ;
644 2165 820 2218 neque
853 2150 967 2220 ipse
1000 2150 1083 2203 sui
1126 2150 1300 2219 ipsius
1329 2157 1415 2203 est
1460 2148 1819 2218 causa,juxta
1852 2162 2018 2217 quam

435 2258 569 2296 sane
601 2243 868 2296 rationem
931 2258 1109 2310 neque
1168 2241 1410 2310 Spiritus
1460 2256 1519 2294 se
1576 2240 1756 2309 ipsum
1788 2239 1903 2304 dat,
1934 2238 2018 2293 vel

441 2332 633 2386 mittit.
661 2332 799 2386 Mitti
825 2340 1007 2386 autem
1056 2346 1284 2385 necesse
1318 2340 1401 2385 est
1440 2330 1508 2385 ab
1530 2345 1618 2393 eo,
1654 2346 1684 2383 a
1717 2344 1827 2398 quo
1852 2326 2017 2384 etiam

435 2424 817 2479 exsistentiam
855 2423 1061 2487 habet;
1099 2423 1343 2493 alioquin
1398 2432 1607 2477 tantum
1644 2438 1675 2476 a
1702 2422 1840 2477 Filio
1883 2423 2017 2477 mis-

443 2530 562 2579 sus,
594 2530 703 2569 non
732 2524 913 2569 tamen
938 2523 994 2569 et
1023 2515 1093 2569 ab
1120 2516 1237 2585 ipso
1270 2515 1569 2585 accipiens,
1595 2516 1793 2571 Filium
1830 2526 2020 2572 osten-

440 2607 620 2672 deret,
666 2622 772 2659 nou
814 2607 1020 2673 omnia,
1069 2623 1192 2675 qua:
1227 2607 1403 2662 Patris
1460 2615 1610 2673 sunt,
1644 2624 1771 2663 eum
1817 2609 2019 2663 habere

436 2699 992 2764 incommutabiliter;
1049 2714 1227 2767 neque
1303 2715 1653 2753 communem
1734 2699 2019 2753 amborum

440 2793 712 2863 Spiritum
749 2802 999 2848 sanctum
1036 2793 1321 2862 aequaliter
1352 2794 1485 2862 ipsis
1525 2808 1671 2850 esse.
1697 2793 1849 2847 Itane
1890 2807 2022 2848 vero

440 2900 658 2954 aequum
687 2885 882 2939 esset?
914 2884 1007 2953 qui
1039 2894 1125 2939 est
1152 2886 1439 2939 character
1487 2886 1844 2957 byposraseos
1878 2887 2019 2955 ejus,

437 2986 604 3045 atque
636 2976 815 3046 imago
843 2976 1337 3040 incommutabilis,
1376 2978 1666 3048 Patrisque
1696 2977 1944 3033 deﬁnitio
1965 2988 2023 3032 et

2119 1875 2265 1931 εἶναι
2297 1876 2391 1929 τοῦ
2420 1878 2631 1945 Πατρὺς
2661 1874 2875 1929 καὶτοῦ
2911 1875 3066 1939 Υἱοῦ,
3099 1876 3161 1929 οὐ
3193 1876 3363 1945 δήπου
3401 1875 3476 1928 διὰ
3500 1874 3629 1926 ταῦτα

2118 1970 2335 2040 ἀνάγκη
2365 1971 2459 2023 καὶ
2488 1970 2555 2023 ἐκ
2600 1970 2702 2039 τῆς
2730 1969 2919 2031 οὐσίας
2972 1969 3170 2022 ἑαυτοῦ
3226 1969 3470 2037 λέγεσθαι
3508 1966 3628 2021 εἶναι*

2119 2065 2244 2116 ἐπεὶ
2290 2062 2442 2116 οὐδὲν
2488 2061 2783 2131 πρόσωπον
2839 2061 3131 2130 ὐφίστησιν
3172 2061 3361 2125 ἑαυτὸ,
3398 2060 3493 2112 οὐδ’
3516 2058 3631 2119 αὖτίς

2120 2155 2317 2210 ἑαυτοῦ
2363 2157 2514 2208 ἐστιν
2564 2153 2737 2216 αἰτία,
2783 2152 2909 2206 καθ’
2941 2153 3002 2205 ὃν
3048 2154 3114 2223 δὴ
3169 2154 3326 2221 λόγον
3372 2154 3426 2205 τὸ
3459 2151 3631 2218 Πνεῦμα

2119 2249 2241 2303 οὐδὲ
2267 2246 2427 2301 ἑαυτὸ
2452 2246 2670 2299 δίδωσιν
2694 2246 2728 2318 ἢ
2762 2245 2993 2315 πέμπει.
3030 2244 3357 2315 Πέμπεσθαι
3381 2244 3433 2296 δὲ
3464 2244 3629 2308 ἀνάγκη

2121 2341 2253 2411 παρ’
2282 2332 2343 2393 οὗ
2375 2340 2467 2393 καὶ
2497 2338 2594 2409 τὴν
2650 2338 2885 2409 ὕπαρξιν
2935 2337 3049 2409 ἔχει
3077 2354 3092 2370 ⁸
3141 2338 3317 2401 ἄλλως
3371 2338 3464 2407 γὰρ
3511 2336 3629 2405 μόνον

2120 2432 2270 2503 παρὰ
2326 2430 2420 2485 τοῦ
2456 2431 2586 2484 Υἱοῦ
2616 2430 2989 2500 πεμπόμενον,
3039 2429 3100 2483 οὐ
3144 2430 3255 2501 μὴν
3303 2430 3394 2483 καὶ
3434 2427 3485 2491 ἐξ
3510 2425 3631 2481 αὐτοῦ

2121 2524 2418 2595 λαμϐάνον,
2454 2524 2546 2577 τὸν
2596 2523 2723 2577 Υἱὸν
2755 2523 2821 2576 ἂν
2867 2522 3079 2575 ἐδείκνυ
3134 2524 3217 2593 μὴ
3257 2522 3427 2575 πάντα
3471 2521 3529 2573 τὰ
3568 2516 3633 2569 τοῦ

2122 2612 2337 2681 Πατρδς
2370 2612 2532 2665 αὐτὸν
2560 2610 2707 2681 ἔχειν
2737 2610 3205 2681 ἀπαραλλάκτως,
3241 2610 3373 2680 μηδὲ
3414 2608 3468 2660 τὸ
3499 2609 3632 2659 κοινὶν

2122 2703 2327 2771 ἀμφοῖν
2361 2702 2517 2769 ἆγιον
2567 2700 2795 2771 Πνεῦμα
2857 2701 3053 2768 ἐπίσης
3103 2702 3295 2765 αὐτοῖς
3332 2694 3480 2754 εἶναι.
3522 2698 3637 2750 Οὕτω

2123 2795 2171 2847 δ’
2202 2793 2269 2847 ἂν
2307 2794 2520 2856 δίκαιος
2545 2790 2632 2864 ἦν,
2664 2794 2722 2855 ὃς
2753 2794 2873 2846 ἐστι
2903 2792 3197 2863 χαρακτὴρ
3226 2793 3321 2860 τῆς
3349 2790 3637 2851 ὑποστάσεως

2124 2885 2315 2950 αὐτοῦ,
2352 2887 2448 2938 καὶ
2495 2884 2660 2939 εἰκὼν
2705 2884 3127 2953 ἀπαράλλακτος
3203 2882 3298 2936 καὶ
3347 2880 3435 2934 τοῦ
3480 2877 3637 2946 [lath

2123 2977 2249 3046 ὄρος
2278 2977 2370 3028 καὶ
2405 2976 2577 3044 Λόγος
2610 2992 2625 3041 ;
2674 2974 2765 3040 Ἐξ
2808 2968 2884 3029 ὧν
2913 2975 3073 3045 δῆλος
3109 2976 3210 3027 καὶ
3238 2977 3265 3028 6
3292 2972 3381 3026 τοῦ
3428 2971 3493 3041 μὴ
3537 2968 3638 3033 πέμ-

441 3069 717 3123 ὶότὺυηιῖ
752 3068 828 3123 Ex
861 3084 972 3139 quo
1023 3077 1176 3139 patet
1219 3069 1379 3133 ratio,
1416 3084 1585 3138 quare
1634 3085 1739 3124 non
1773 3070 2020 3124 mittatur

2126 3066 2325 3119 πεσοαι
2371 3065 2462 3119 τὸν
2495 3065 2716 3135 Πατέρα
2743 3065 2923 3133 λόγος.
2967 3064 3125 3118 Ἐπεὶ
3182 3066 3290 3133 γὰρ
3330 3064 3405 3125 ὡς
3450 3059 3637 3117 ἀναίτιος

437 3162 622 3221 Pater.
653 3159 921 3227 Quoniam
954 3162 1104 3215 enim
1138 3168 1400 3230 tanquam
1435 3162 1750 3217 incausatus
1798 3178 1905 3216 non
1936 3173 2021 3217 est

394 3318 401 3321 _
439 3250 508 3301 ab
539 3249 745 3318 aliquo,
778 3248 988 3304 idcirco
1031 3265 1209 3318 neque
1240 3251 1311 3305 ab
1343 3251 1529 3321 aliquo
1560 3252 1700 3331 mitti
1747 3250 1800 3305 in
1853 3252 2022 3307 sacris

440 3341 739 3411 Seripturis
763 3357 1022 3413 expresse
1054 3342 1280 3401 dicitur.

1036 3457 1265 3514 CAPUT
1324 3458 1418 3513 XI.

439 3547 591 3611 Quod
634 3548 866 3622 alterum
904 3550 1247 3620 objectionem
1290 3551 1475 3622 iisdem
1508 3551 1764 3620 inferunt,
1797 3569 1915 3622 qua:
1944 3562 2020 3607 est

648 3636 711 3671 ex
742 3620 942 3673 duobus
968 3622 1256 3691 principiis,
1294 3631 1343 3675 et
1375 3620 1533 3691 hujus
1562 3623 1777 3677 solutio.

508 3710 661 3776 Quod
692 3727 823 3765 vero
858 3728 1051 3767 rursus
1096 3714 1386 3783 objiciunt,
1433 3713 1680 3784 ejusdem
1721 3714 1913 3769 farinae
1938 3723 2025 3770 est

440 3812 823 3869 argumentum
851 3819 865 3866 ;
893 3817 1014 3857 esse
1044 3804 1190 3856 enim
1222 3802 1361 3858 duas
1396 3817 1588 3857 causas
1619 3803 1856 3873 Spiritus
1886 3804 2024 3858 falso

447 3894 810 3955 mentiuntur,
840 3892 885 3947 si
940 3893 1063 3962 quis
1107 3893 1253 3947 hunc
1301 3908 1369 3947 ex
1424 3893 1731 3960 substantia
1760 3893 1937 3947 Patris
1968 3902 2025 3948 et

443 3982 565 4037 Filii
597 3982 821 4038 dixerit.
850 3983 1057 4038 Verum
1087 3984 1192 4037 hoc
1237 4000 1347 4039 non
1383 3985 1565 4050 nobis,
1598 3986 1692 4039 sed
1724 3984 2025 4053 Scriptura:

442 4088 607 4147 atque
655 4079 978 4134 doctoribus
1032 4079 1272 4148 objicere
1303 4096 1403 4149 par
1454 4089 1559 4135 est.
1591 4080 1655 4133 lli
1689 4079 1835 4134 enim
1872 4090 2021 4144 sunt,

440 4172 535 4240 qui
597 4171 861 4240 Spiritum
905 4185 974 4225 ex
1024 4170 1334 4226 substantia
1386 4171 1569 4227 Patris
1629 4182 1686 4228 et
1738 4173 1859 4227 Filii
1900 4188 2024 4228 esse

443 4262 751 4332 theologice
782 4262 1099 4329 disserunt;
1133 4272 1190 4319 et
1220 4281 1287 4319 ex
1337 4265 1609 4321 ambobus
1638 4264 1805 4330 mitti,
1834 4273 1889 4320 et
1928 4280 2026 4335 per

442 4354 643 4409 Filium
671 4354 992 4424 procedere,
1017 4365 1179 4427 atque
1214 4372 1281 4411 ex
1313 4358 1474 4413 Patre
1515 4373 1580 4413 ac
1620 4358 1761 4413 Filio
1789 4373 1932 4423 esse,
1968 4366 2025 4413 et

2124 3159 2225 3211 οὐκ
2256 3157 2407 3211 ἐστιν
2432 3158 2497 3209 ἐκ
2525 3174 2690 3221 τινος,
2723 3156 2809 3210 διὰ
2843 3156 3006 3210 τοῦτο
3038 3157 3158 3210 οὐδὲ
3198 3156 3347 3223 παρά
3368 3170 3496 3216 τινος
3536 3152 3629 3203 ἀπο

2125 3248 2440 3304 στέλλεσθαι
2468 3248 2687 3317 λέγεται
2720 3250 2779 3302 ὲν
2810 3251 2930 3313 ταῖς
2955 3249 3209 3320 Γραφαῖς
3238 3246 3532 3321 διαρρήδην.

2726 3454 2978 3509 ΚΕΦΑΛ.
3014 3452 3120 3507 lA'.

2125 3549 2253 3602 Ὀτι
2291 3546 2389 3602 καί
2415 3547 2627 3616 ἑτέραν
2654 3547 2969 3603 ἀντίθεσιν
2992 3547 3119 3613 τοῖς
3152 3548 3360 3612 αὐτοῖς
3400 3543 3631 3616 ἐπάγουσι

2194 3620 2309 3685 τὴν
2340 3619 2459 3673 ἀπὸ
2495 3613 2614 3672 ἐῶν
2640 3618 2751 3671 δύο
2789 3616 3013 3685 ἀρχῶν,
3050 3619 3151 3671 καί
3182 3619 3362 3683 λύσις
3390 3613 3568 3680 αὐτῆς.

2200 3715 2265 3765 '0
2293 3712 2347 3766 δὲ
2387 3712 2580 3783 ἕτερον
2606 3712 2994 3779 ἀντεπάγουσι,
3022 3713 3124 3780 τῆς
3164 3712 3336 3780 αὐτῆς
3382 3710 3408 3760 ὃ
3433 3709 3487 3776 δὴ
3518 3704 3632 3769 λέγει

2122 3824 2213 3859 ται
2247 3804 2571 3874 κεραμείαςο
2613 3799 2757 3857 εἶναι
2794 3805 2902 3873 γὰρ
2932 3804 3026 3856 δύο
3060 3804 3215 3857 αἴτια
3242 3802 3337 3857 τοῦ
3376 3796 3633 3867 Πνεῦματπ

2123 3896 2596 3966 καταψεύδονται,
2654 3896 2705 3946 εί
2743 3893 2902 3947 τοῦτό
2940 3911 3026 3957 τις
3073 3896 3140 3947 ἐκ
3198 3895 3301 3963 τῆς
3358 3891 3523 3953 οὐσίας
3567 3884 3632 3938 τοῦ

2124 3988 2337 4058 Πατρὺς
2374 3989 2470 4041 καὶ
2516 3984 2619 4039 τοῦ
2658 3985 2793 4039 Υίοῦ
2846 3986 3018 4056 λέγοι.
3064 3986 3233 4041 Ἀλλὰ
3292 3984 3442 4039 τοῦτό
3489 3999 3538 4049 γε
3564 3978 3636 4045 οὐχ

2124 4082 2275 4151 ἡμῖν,
2308 4081 2374 4148 τῇ
2425 4078 2481 4132 δὲ
2521 4078 2710 4149 Γραφῇ
2755 4078 2849 4129 καὶ
2903 4079 3015 4140 τοῖς
3070 4077 3408 4140 διδασκάλοις
3441 4071 3636 4141 ἐγκαλεῖν

2125 4172 2291 4234 εἰκός.
2315 4164 2474 4224 Οὗτοι
2503 4172 2613 4239 γάρ
2650 4169 2789 4222 εἰσιν
2819 4170 2869 4222 oi
2920 4169 2982 4221 τὸ
3017 4169 3247 4247 Πνεῦμα
3291 4170 3354 4221 ὲκ
3385 4167 3472 4236 τῆς
3497 4160 3636 4219 οὐσίας

2122 4262 2216 4315 τοῦ
2269 4262 2485 4333 Πατρδς
2537 4262 2634 4315 καὶ
2684 4261 2778 4314 τοῦ
2810 4260 2942 4315 Υίοῦ
2990 4256 3139 4315 εἶναι
3172 4250 3651 4327 Θεολογοῦντες,καὶ-

2126 4353 2258 4425 παρ’
2303 4354 2506 4425 ἀμφοῖν
2558 4354 2897 4425 πέμπεσθαι,
2938 4356 3033 4408 καὶ
3075 4354 3166 4409 διὰ
3216 4354 3311 4409 τοῦ
3357 4349 3477 4406 Υἰοῦ
3516 4349 3638 4399 ixm-

445 4445 501 4499 id
554 4461 748 4515 genus.
794 4446 852 4502 Si
908 4447 1076 4518 igitur
1132 4448 1249 4502 haec
1300 4450 1438 4505 duos
1473 4450 1717 4516 datores,
1746 4452 1832 4506 vel
1881 4451 2020 4507 duos

2127 4443 2401 4515 petissem,
2438 4444 2532 4497 καὶ
2579 4446 2644 4498 ἐκ
2691 4443 2784 4497 τοῦ
2840 4444 3053 4513 [ἰατρὸς
3102 4445 3197 4498 καὶ
3238 4443 3329 4497 τοῦ
3371 4437 3486 4494 Υῐοῦ
3514 4431 3633 4491 εἶναι,

442 4550 737 4615 processus
792 4546 851 4593 et
902 4552 1098 4594 causas
1152 4540 1342 4595 volunt
1402 4542 1735 4612 signiﬁcare,
1791 4542 2023 4598 omnino

442 4642 621 4695 neque
654 4642 757 4684 nos
786 4629 910 4684 illos
946 4639 1002 4684 et
1030 4645 1221 4685 eorum
1254 4646 1416 4686 voces
1442 4634 1638 4697 secuti,
1661 4648 1788 4688 cum
1814 4633 2024 4687 nullum

442 4724 706 4785 sequatur
736 4717 1059 4784 absurdum,
1093 4720 1441 4789 arguentium
1475 4722 1674 4776 merito
1697 4721 2027 4777 criminibus

446 4804 674 4859 obnoxii
707 4807 935 4873 erimua,
968 4808 1065 4863 sed
1108 4809 1460 4865 manifestum
1509 4820 1614 4872 est,
1648 4814 1794 4879 quod
1838 4811 1909 4866 ab
1938 4826 2004 4866 ac

442 4900 821 4957 cusationibus
854 4902 1039 4970 liberi,
1070 4920 1196 4960 cum
1241 4904 1351 4960 illis
1384 4914 1704 4962 constanter
1732 4906 2023 4962 stabimus.

516 5167 671 5245 Quod
703 5170 747 5225 si
784 5186 928 5241 opus
972 5182 1055 5227 est
1099 5173 1192 5229 hic
1236 5174 1406 5229 etiam
1434 5175 1641 5245 aliquid
1674 5175 1881 5233 dicere.
1917 5177 2027 5233 Ne-

448 5242 739 5329 gamusoex
770 5260 932 5317 Patre
991 5279 1113 5320 esse
1170 5266 1463 5336 Spiritum,
1504 5242 1777 5335 quatenus
1816 5278 1899 5322 est
1924 5268 2028 5324 Pa-

451 5365 566 5417 ter;
601 5355 903 5409 secundum
926 5355 1071 5411 enim
1104 5367 1351 5412 sanctum
1380 5358 1700 5423 Maximum,
1731 5360 1785 5413 in
1809 5360 2026 5434 dialogo

450 5451 520 5502 ad
569 5450 893 5504 Dissimilem
944 5466 962 5505 :
1025 5470 1043 5504 ι
1108 5452 1347 5523 Spiritus
1405 5469 1515 5508 non
1565 5454 1729 5509 habet
1783 5456 2023 5511 Patrem.

455 5538 642 5609 Neque
678 5542 869 5597 rursus
904 5558 971 5597 ex
1007 5542 1165 5608 Filio,
1198 5552 1469 5614 quatenus
1496 5558 1580 5601 est
1607 5547 1796 5613 Filius,
1821 5548 2025 5618 quippe

454 5632 623 5685 Filius
655 5635 720 5687 ad
750 5634 966 5689 Patrem
1009 5636 1212 5691 dicitur
1244 5638 1449 5705 Filius;
1484 5640 1737 5707 quamvis
1757 5650 2027 5709 quatenus

452 5723 630 5778 Patris
660 5724 830 5779 Filius
889 5736 1082 5781 natura
1116 5744 1300 5795 verus,
1345 5740 1402 5786 ct
1455 5730 1599 5786 nulla
1638 5732 1901 5788 varietate
1956 5734 2026 5788 ab

2126 4537 2221 4589 καὶ
2251 4537 2427 4588 πάντα
2454 4536 2523 4587 τὰ
2550 4534 2799 4589 τοιαῦτα.
2833 4534 2895 4587 Et
2923 4536 3105 4589 τοίνυν
3140 4536 3210 4589 τά
3243 4552 3307 4602 γε
3341 4532 3542 4587 τοιαῦτα
3573 4524 3637 4578 δῦυ

2125 4628 2357 4698 δοτῆρας
2389 4628 2421 4698 ἢ
2452 4627 2545 4681 δύο
2598 4628 2866 4699 προόδους
2920 4628 3018 4680 καὶ
3058 4628 3212 4680 αῖτια
3245 4627 3483 4698 βούλεται
3512 4635 3637 4687 παρι·

2128 4723 2281 4792 στᾷνν
2313 4721 2375 4774 οὗ
2408 4721 2627 4783 πάντως
2649 4720 2758 4773 οὐδ’
2791 4720 2954 4790 ἡμεῖς
3001 4720 3248 4782 ἐκείνους
3283 4718 3377 4771 καὶ
3416 4717 3501 4778 τὰς
3530 4709 3636 4765 ἐκεί·

2126 4831 2233 4866 νων
2282 4812 2467 4882 φωνὰς
2505 4813 2811 4882 δεχόμενοι,
2857 4812 3083 4882 μηδενὸς
3128 4808 3530 4865 ἀκολουθοῦντος
3550 4800 3639 4854 51:6-

2127 4919 2231 4954 που
2270 4904 2383 4964 τοῖς
2432 4900 2540 4953 τῶν
2591 4901 2931 4970 αἰτιωμένων
2959 4899 3274 4969 ἐγκλήμασι
3309 4895 3514 4955 δικαίως
3539 4890 3639 4943 ὕπο·

2126 4993 2419 5063 κεισόμεθα
2440 5011 2455 5025 ·
2485 4992 2619 5045 ἀλλὰ
2646 4992 2829 5061 δῆλον,
2862 4991 2938 5054 ὡς
2981 4991 3092 5043 τῶν
3131 4989 3483 5059 ἐγκλημάτων
3527 4976 3635 5034 iisti-

2129 5086 2278 5154 θεροι
2311 5085 2432 5154 μετ’
2465 5084 2689 5137 ἐκείνων
2734 5081 3060 5151 ὲστήξομεν.

2203 5177 2263 5228 Εἰ
2291 5176 2347 5228 δὲ
2370 5176 2451 5230 δεῖ
2480 5194 2529 5229 τι
2575 5174 2855 5229 κάνταῦθα
2912 5177 3110 5239 εἰπεῖν,
3160 5175 3222 5227 οῦ
3278 5188 3448 5242 φαμεν
3484 5170 3537 5219 ὲκ
3568 5158 3633 5213 τοῦ

2128 5267 2341 5335 Πατρὸς
2376 5261 2517 5319 εἶναι
2546 5266 2609 5317 τὸ
2640 5266 2863 5335 Πνεῦμα
2907 5265 2993 5333 ἐφ’
3025 5267 3149 5319 ὅσον
3176 5266 3293 5318 ἐστὶ
3321 5262 3511 5329 Πατήρ’
3533 5248 3635 5304 κατά

2126 5361 2236 5429 γὰρ
2266 5358 2353 5411 τὸν
2383 5358 2534 5424 ἅγιον
2561 5358 2812 5427 Μάξιμον
2842 5359 2899 5410 ὲν
2932 5357 3009 5428 τῷ
3041 5357 3190 5425 πρὸς
3236 5354 3525 5421 ’.ἀνόμοιον
3551 5344 3634 5395 δια-

2127 5454 2287 5520 λόγῳ,
2312 5472 2331 5503 r
2370 5452 2441 5503 Τὸ
2468 5449 2693 5519 Πνεῦμα
2746 5451 2848 5503 οὐκ
2879 5450 2992 5519 ἔχει
3026 5449 3242 5517 Πατέρα
3264 5464 3278 5477 ·
3328 5464 3345 5497 ι
3379 5441 3479 5495 οὐδ’
3512 5435 3565 5489 αὖ
3590 5435 3634 5484 ἐκ

2126 5544 2220 5597 τοῦ
2254 5542 2408 5605 Υἱοῦ,
2462 5541 2657 5609 ἐφόσον
2705 5541 2853 5593 ἐστὶν
2882 5541 3030 5600 Titi,"
3062 5542 3090 5593 6
3114 5539 3219 5608 γὰρ
3260 5537 3382 5596 Υἱὸς
3418 5529 3539 5598 πρδς
3560 5522 3630 5571 τδν

2128 5636 2350 5705 Πατέρα
2373 5634 2592 5701 λέγεται
2624 5632 2774 5695 Υἱός·
2809 5633 2857 5684 εἰ
2889 5635 2984 5687 καὶ
3019 5632 3153 5684 καθὸ
3200 5628 3292 5681 τοῦ
3327 5620 3513 5689 Πατρύς
3538 5610 3633 5705 Tibi

2131 5700 2294 5798 φύσεὲ
2326 5724 2530 5799 ἀληθὴς
2570 5727 2667 5780 καὶ
2726 5723 3147 5797 ἀπαράλλακτος
3197 5718 3358 5788 αὐτῷ,
3398 5712 3549 5765 πάντα
3578 5700 3631 5753 τὰ
