3862 6218
1442 229 1626 245 -----ο--ο

181 353 284 420 925

1093 363 1192 423 DE
1231 362 1750 427 PROCESSIONE
1793 368 2154 432 SPIRITUS
2193 370 2492 434 SANCTI.

3318 377 3427 440 926

180 468 272 523 τοῦ
318 467 528 538 [ἰατρὸς
574 467 632 522 ἐν
672 466 753 538 τῷ
801 469 1097 536 γεννᾶσθαι
1151 473 1520 542 συνεπάγεται
1550 514 1565 538 ,
1611 476 1731 530 άλλὲ

1861 478 1955 533 illo
1977 478 2257 547 differens,
2288 481 2472 535 omnia
2507 495 2628 551 qua:
2659 488 2788 534 sunt
2823 478 2996 536 Patris
3035 497 3088 536 In
3117 479 3233 552 ipsa
3261 501 3428 555 gene-

179 559 406 614 καθόσον
432 559 581 613 ἐστὶν
613 560 641 613 6
678 560 870 632 Πατὴρ
903 563 999 616 καὶ
1037 564 1064 615 6
1097 563 1222 624 Υἱὸς
1251 563 1311 616 ἓν
1339 581 1354 595 ·
1402 567 1596 635 ἐφόσον
1636 567 1745 638 γὰρ

177 653 207 706 6
238 653 334 722 μὲν
363 651 478 707 ἐστι
507 653 717 724 Πατὴρ,
746 654 776 707 6
821 656 879 708 δέ
909 655 1060 722 Υίδς,
1093 659 1190 711 καὶ
1237 657 1360 711 οὕτε
1401 660 1429 712 6
1470 659 1597 726 Υἱὸς
1632 660 1745 713 Πα-

131 770 134 773 -
176 741 296 812 τὴρ,
344 740 459 795 οὔθ’
501 744 529 796 6
572 743 766 813 Πατὴρ
798 743 926 809 Υίδς
967 747 1106 799 κατὰ
1153 748 1246 800 τὸν
1283 751 1380 814 τῆς
1421 749 1746 812 ἀντιθέσεως

177 832 280 887 τῶν
312 834 449 903 πρός
479 851 532 887 τι
563 834 745 904 λόγον,
796 837 896 889 οὐκ
930 838 1070 890 είσὶν
1101 837 1185 901 ἓν,
1221 839 1467 906 δηλονότι
1519 839 1606 892 διὰ
1654 840 1744 893 τὸν

177 925 406 996 ἀριθμὸν
436 925 547 980 τῶν
591 929 920 997 προσώπων·
954 930 1150 997 ἐφόσον
1190 929 1245 982 δὲ
1285 929 1382 999 μία
1410 930 1568 984 οὐσία
1595 931 1742 982 ἐστὶν

177 1019 203 1070 6
231 1017 418 1089 Πατὴρ
453 1020 550 1071 καὶ
579 1018 606 1070 6
631 1019 779 1080 Υἱὸς,
819 1021 914 1073 καὶ
959 1021 1015 1073 ἒν
1052 1021 1194 1074 κατὰ
1245 1022 1342 1090 τὴν
1371 1022 1744 1092 προϐλητικήν

177 1108 422 1179 δύναμιν,
467 1109 536 1180 ἢν
563 1109 778 1180 ἀνάγκη
822 1113 1007 1181 κοινὴν
1033 1108 1192 1176 εῖναι,
1233 1112 1460 1182 μηδενὸς
1495 1113 1741 1180 ἀναγκά-

178 1203 357 1264 ζοντος
388 1200 738 1272 διῃρημένως
793 1203 932 1256 ίδίαν
989 1205 1083 1257 καὶ
1145 1207 1309 1273 μόνου
1374 1205 1467 1257 τοῦ
1526 1203 1742 1274 lia-:96;

177 1289 334 1357 εἶναι,
376 1294 568 1365 ὥσπερ
594 1295 652 1347 τδ
679 1297 876 1365 γεννᾷν
903 1297 963 1348 τὸ
994 1296 1091 1349 τοῦ
1131 1297 1345 1366 Πατρὺς
1376 1297 1740 1349 ύποστατικδν

173 1385 202 1436 6
224 1383 378 1451 λόγος
422 1384 520 1453 τῆς
545 1385 874 1450 ἀντιθέσεως
901 1387 962 1440 ού
1007 1390 1281 1457 συγχωρεί
1314 1387 1496 1440 κοινὸν
1541 1388 1635 1438 καὶ
1662 1385 1739 1454 τῷ

175 1475 288 1542 Υίῷ
317 1471 482 1530 εἶναι·
527 1476 608 1529 διὸ
653 1478 749 1531 καὶ
781 1477 1125 1548 ἀκοινώνητα
1159 1478 1412 1549 ἀλλήλοις
1457 1477 1650 1541 ταῦτα,
1677 1478 1738 1530 τὸ

173 1567 369 1637 γεννᾷν
413 1567 510 1620 καὶ
542 1567 840 1634 γεννᾶσθαι
865 1585 879 1598 -
915 1569 1108 1634 ἐφόσον
1137 1567 1192 1620 δὲ
1221 1567 1282 1620 ἓν
1315 1568 1462 1620 ἐστιν
1485 1569 1511 1620 6
1547 1569 1736 1634 Πατὴρ

173 1658 265 1712 ιιιὶ
295 1661 324 1711 6
356 1658 504 1724 Υἱὸς,
543 1660 604 1711 τὸ
644 1659 865 1729 Πνεῦμα
898 1661 958 1712 τὸ
983 1662 1136 1726 ἅγιον
1177 1661 1240 1712 ἐκ
1263 1660 1357 1713 τοῦ
1399 1661 1611 1730 Πατρδς
1643 1661 1737 1712 καὶ

169 1752 264 1804 τοῦ
299 1750 428 1805 Υἱοῦ
461 1746 600 1804 εἶναι
623 1751 860 1820 λέγεται.
891 1752 953 1805 El
991 1752 1049 1806 δὲ
1086 1753 1146 1806 τὸ
1185 1753 1262 1817 ἓν,
1294 1753 1322 1806 ὃ
1345 1752 1398 1805 τί
1427 1753 1558 1805 ποτέ
1585 1754 1734 1804 ἐστιν

168 1844 366 1907 αὐτῶν,
407 1843 503 1896 καὶ
537 1844 571 1913 ὴ
611 1842 840 1913 δύναμις
878 1844 1013 1913 αὕτη
1052 1845 1148 1915 μία
1185 1847 1275 1896 καὶ
1305 1847 1336 1914 ἠ
1367 1845 1522 1914 αὑτὴ,
1571 1844 1730 1914 £6611-

167 1937 258 1989 λον
311 1935 394 1988 ὅτι
438 1934 498 1987 ἐν
541 1935 635 1987 τοῦ
696 1935 1014 2003 Πνεύματος
1068 1935 1240 1989 αἴτιον
1287 1938 1314 1990 6
1367 1935 1554 2004 Πατὴρ
1587 1937 1679 1988 καὶ
1708 1937 1737 1987 6

166 2029 316 2094 Υἰδς,
340 2027 440 2081 οὐκ
472 2029 666 2096 ἐφόσον
707 2028 812 2081 εἰσὶ
843 2029 958 2090 δύο,
990 2029 1106 2082 ἀλλ’
1135 2028 1328 2096 ἐφόσον
1359 2028 1436 2080 ἐν.
1467 2030 1571 2080 Καὶ
1611 2027 1734 2080 οὔτε

177 2123 444 2191 σύγχυσις
514 2121 578 2173 ἐκ
625 2119 832 2174 τούτων
891 2121 1200 2183 ἀκολουθεῖ,
1261 2120 1362 2189 τῆς
1405 2120 1736 2189 διακρὲσεως

167 2211 281 2265 τῶν
310 2210 624 2282 προσώπων
659 2211 750 2265 τοῦ
792 2211 1011 2278 Πατρδς
1051 2210 1148 2264 καὶ
1199 2210 1294 2263 τοῦ
1332 2209 1462 2262 Υίοῦ
1505 2209 1646 2263 κατὰ
1678 2207 1737 2260 :6

172 2303 362 2372 γεννᾷν
407 2303 504 2355 καὶ
549 2301 852 2368 γεννᾶσθαι
887 2301 1331 2371 φυλαττομένης,
1363 2299 1478 2354 οὔθ’
1509 2301 1542 2370 ὴ
1595 2301 1736 2353 κατὰ

175 2395 272 2464 τὴν
305 2393 515 2466 Τριάδα
545 2393 700 2458 τάξις
730 2393 978 2446 ὁπωσοῦν
1011 2393 1316 2456 διαπίπτει,
1367 2393 1491 2445 ούδέ
1523 2409 1574 2445 τι
1623 2390 1734 2442 τῶν

168 2485 266 2554 τῆς
309 2483 530 2555 Γραφῆς
584 2483 821 2537 καὶτῶν
868 2483 1202 2538 διδασκάλων
1241 2486 1493 2537 κινεῖται.
1517 2483 1734 2552 Ὠσπερ

165 2577 275 2646 γὰρ
300 2575 392 2630 τοῦ
429 2576 589 2645 ἁγίου
631 2576 950 2645 Πνεύματος
985 2579 1048 2629 ἐκ
1099 2576 1192 2628 τοῦ
1228 2576 1439 2646 Πατρδς
1499 2575 1588 2628 διὰ
1639 2573 1733 2628 τοῦ

164 2665 299 2719 Υἱοῦ
334 2663 693 2734 πεμπομένου
731 2667 829 2736 μιᾷ
872 2665 1019 2718 δόσει
1049 2667 1146 2720 καὶ
1178 2667 1277 2736 μιᾷ
1304 2666 1540 2736 χορηγία
1589 2664 1736 2734 πέμ-

164 2756 359 2809 πεσθαί
403 2773 570 2827 φησιν
618 2759 645 2809 6
682 2757 854 2826 μέγας
882 2757 1064 2826 πατὴρ
1110 2756 1412 2822 Βασίλειος,
1455 2755 1597 2810 οὕτω
1638 2753 1734 2808 καὶ

167 2847 257 2900 διὰ
309 2846 404 2900 τοῦ
447 2846 579 2899 Υίοῢ
629 2848 694 2899 ἐκ
728 2845 822 2899 τοῦ
875 2846 1090 2916 Ila-:96;
1127 2844 1584 2916 ἐκπορευομένου,
1633 2844 1734 2913 μιᾷ

167 2937 376 3007 προόδῳ
425 2934 520 2989 καὶ
589 2934 840 3006 ἐνεργείᾳ.
899 2937 992 2988 καὶ
1043 2933 1272 3003 δυνάμει
1330 2933 1509 3004 φαμὲν
1561 2935 1730 2986 ἐκπο-

165 3023 448 3097 ρεύεσθαι.
1271 3049 1274 3051 λ

1854 573 2064 626 ratione
2090 587 2275 626 secum
2303 573 2515 639 trahat;
2549 574 2642 627 sed
2678 582 2950 642 quatenus
2978 575 3139 630 Pater
3166 585 3230 632 et
3255 577 3430 633 Filius

1851 672 1982 716 sunt
2037 679 2229 717 unum.
2276 664 2494 717 Etenim
2545 672 2818 734 quatenus
2873 665 2958 719 hic
3005 666 3224 736 quidem
3265 670 3427 726 Pater

1853 766 1958 822 est,
1986 757 2077 812 hic
2126 767 2308 812 autem
2363 758 2554 824 Filius,
2583 768 2638 814 et
2687 773 2868 829 neque
2909 760 3081 815 Filius
3130 772 3213 817 est
3245 762 3428 828 Pater,

1853 863 2033 918 neque
2062 848 2222 903 Pater
2251 847 2427 902 Filius
2475 849 2776 903 secundum
2815 852 3084 904 rationem
3125 851 3428 920 oppositio-

1852 939 1941 992 nis
1971 938 2350 1001 rclativorum,
2386 954 2496 992 non
2530 948 2658 993 sunt
2700 955 2893 1002 unum,
2921 939 3174 996 videlicet
3203 953 3428 1013 propter

1850 1045 2145 1084 numerum
2202 1047 2588 1100 personarum.
2620 1031 2902 1097 Quatenus
2955 1043 3134 1087 autem
3166 1051 3272 1088 una
3301 1036 3428 1092 sub-

1847 1119 2045 1173 stantia
2069 1128 2153 1174 est
2191 1123 2351 1176 Pater
2379 1132 2432 1175 et
2455 1121 2645 1183 Filius,
2668 1131 2724 1176 et
2751 1138 2923 1176 unum
2956 1125 3259 1178 secundum
3299 1142 3428 1198 pro-

1846 1210 2123 1264 ductivam
2151 1213 2474 1280 potentiam,
2505 1227 2668 1282 quam
2702 1229 2924 1268 necesse
2963 1224 3046 1268 est
3075 1231 3423 1272 communem

1846 1315 1984 1362 esse,
2009 1316 2132 1354 cum
2158 1301 2289 1354 nihil
2310 1311 2486 1371 cogat,
2504 1313 2562 1356 ut
2584 1305 2877 1372 separatim
2909 1306 3128 1374 propria
3157 1307 3228 1360 sit
3262 1317 3425 1376 atque

1846 1391 2013 1443 solius
2065 1390 2261 1454 Patris,
2298 1391 2774 1460 quemadmodum
2805 1409 3070 1451 generare
3105 1397 3426 1448 constituti-

1844 1496 1970 1533 vum
2021 1479 2214 1545 Patris,
2249 1483 2612 1552 oppositionis
2634 1484 2773 1537 ratio
2803 1500 2909 1537 non
2945 1485 3233 1553 permittit,
3264 1493 3320 1538 ut
3349 1486 3424 1540 sit

1844 1573 2118 1626 communi
2153 1573 2333 1637 Filio;
2373 1573 2578 1628 idcirco
2615 1582 2670 1628 et
2703 1575 3245 1631 incommunicabilia
3297 1586 3426 1631 sunt

1847 1660 1961 1714 lure
1996 1676 2255 1728 generare
2297 1677 2360 1717 ac
2397 1665 2643 1732 generari
2672 1681 2687 1729 ;
2712 1672 2766 1716 at
2791 1680 2918 1717 vero
2948 1674 3222 1735 quatenus
3252 1681 3423 1719 unum

1844 1759 1930 1804 est
1953 1750 2112 1805 Pater
2133 1752 2392 1817 etFilius,
2429 1769 2495 1808 ex
2518 1754 2675 1809 Patre
2705 1765 2757 1810 et
2781 1756 2918 1810 Filio
2943 1756 3179 1823 Spiritus
3205 1765 3426 1811 sam-tus

1838 1858 1958 1895 esse
1981 1843 2199 1898 dicitur.
2226 1845 2380 1909 Quod
2401 1846 2442 1898 si
2479 1845 2608 1899 illud
2659 1864 2852 1911 ιιιιιιιιι,
2895 1846 3162 1917 quidquid
3204 1847 3422 1900 tandem

1835 1930 1972 1984 illud
2008 1932 2078 1986 sit
2106 1932 2156 1986 in
2201 1933 2353 2002 ipsis.
2371 1943 2426 1988 et
2453 1937 2692 2003 potentia
2719 1935 2832 1990 haec
2862 1952 2969 1989 una
2996 1945 3097 2001 est,
3122 1945 3176 1992 et
3206 1935 3422 2000 eadem,

1843 2022 2196 2077 manifestum
2225 2033 2332 2090 est,
2360 2027 2506 2093 quod
2536 2041 2642 2079 una
2692 2042 2853 2082 causa
2877 2030 3041 2082 Pater
3061 2038 3115 2081 et
3143 2027 3312 2081 Filius
3339 2037 3424 2081 est

1842 2111 2080 2180 Spiritus
2116 2115 2309 2180 sancti,
2341 2131 2447 2170 non
2481 2127 2750 2185 quatenus
2779 2118 2888 2172 duo
2916 2128 3064 2180 sunt.
3096 2119 3188 2172 sed
3230 2127 3424 2188 quate-

1841 2219 1949 2257 nus
1979 2220 2170 2257 unum.
2233 2205 2299 2259 Et
2341 2221 2520 2275 neque
2575 2209 2826 2262 confusio
2876 2225 2942 2262 ex
3004 2208 3088 2264 his
3148 2210 3420 2277 sequitur,

1841 2312 1969 2352 cum
2027 2307 2278 2356 servetur
2328 2299 2609 2355 distinctio
2650 2318 3009 2371 personarum
3061 2305 3114 2357 in
3170 2320 3236 2358 eo
3270 2303 3419 2373 quod

1842 2399 2089 2460 generat,
2127 2401 2181 2444 et
2223 2403 2536 2461 generatur,
2579 2410 2754 2463 neque
2801 2395 2937 2448 ordo
2978 2395 3029 2448 iu
3072 2395 3420 2450 sanctissima

1838 2479 2110 2535 Trinitate
2143 2482 2253 2535 ullo
2284 2482 2447 2537 modo
2482 2485 2613 2543 ruit.
2649 2493 2704 2537 et
2737 2484 2879 2537 dicta
2907 2485 3222 2554 Scriptum,
3254 2495 3421 2555 atque

1840 2572 2126 2628 domorum
2160 2588 2259 2627 suo
2306 2575 2424 2628 loco
2472 2582 2712 2628 manent.
2752 2575 3223 2642 Quemadmodum
3271 2577 3418 2644 enim

1842 2662 2046 2732 Spiritu
2100 2673 2290 2718 sancto
2343 2681 2410 2718 ex
2458 2666 2619 2722 Patre
2661 2683 2758 2734 per
2811 2665 3006 2720 Filium
3054 2668 3256 2730 misso,
3311 2684 3418 2721 una

1840 2753 2203 2818 exhibitione,
2248 2764 2413 2824 atque
2464 2773 2569 2810 una
2627 2757 2947 2822 erogatioue
2981 2773 3104 2811 eum
3142 2758 3304 2822 mitti,
3337 2758 3420 2811 in-

1840 2844 1960 2911 quit
1997 2859 2226 2914 magnus
2255 2847 2413 2900 Pater
2438 2847 2693 2909 Basilius,
2725 2850 2804 2902 sic
2849 2850 3009 2902 etiam
3044 2863 3106 2903 ex
3137 2849 3297 2903 Patre
3324 2865 3419 2918 per

1838 2936 2037 2990 Filium
2066 2937 2274 3007 Spiritu
2301 2939 2658 3009 procedente.
2695 2956 2803 2994 una
2846 2941 3220 3010 processione,
3251 2951 3436 3012 atque_

1838 3029 2074 3093 actione,
2105 3031 2457 3098 potentiaque
2487 3031 2722 3085 dicimus
2753 3047 2877 3086 eum
2912 3033 3236 3100 procedere.

238 3115 357 3166 Ἔτι
404 3112 681 3184 πανταχοῦ
729 3113 891 3182 ήδιὰ
930 3113 1017 3182 ἐφ’
1077 3106 1152 3168 ὧν
1217 3113 1726 3183 παραλαμϐάνεται,

1911 3123 2219 3187 Praeterea,
2277 3115 2479 3193 ubique
2536 3125 2849 3194 prmpositio
2913 3141 3044 3193 per,
3098 3125 3153 3179 iu
3213 3126 3416 3193 quibus

157 3205 241 3277 τῷ
271 3206 379 3277 πρὸ
427 3207 628 3277 ταύτης
679 3206 837 3277 αίτίῳ
876 3205 1300 3275 συναγωνίζεται
1355 3206 1494 3276 1:96;
1551 3205 1727 3274 αὐτὴν

157 3302 262 3372 τὴν
292 3300 594 3370 ἐνέργειαν,
621 3299 689 3370 ἢν
715 3300 892 3352 ἐκεῖνο
927 3301 1137 3352 σκοπεῖ.
1185 3293 1310 3351 Οἷον
1372 3301 1399 3352 6
1431 3300 1629 3367 πρίων,
1661 3299 1728 3351 δι’

155 3384 222 3446 οὗ
263 3395 409 3444 ποιεῖ
449 3391 509 3444 τὸ
539 3389 636 3460 βάί)
649 3408 741 3458 ρον
774 3391 802 3442 6
839 3389 1271 3460 τεκταινόμενος,
1303 3389 1439 3458 πρὸς
1465 3391 1642 3441 ἐκεῖνο
1668 3389 1728 3441 τὸ

159 3485 540 3552 ἀποτέλεσμα,
569 3481 683 3534 611’
714 3481 774 3533 οὒ
819 3481 953 3551 πρὸς
999 3481 1311 3552 ἐτερογενὲς
1335 3480 1727 3550 συνεργάζεται

160 3578 238 3646 τῷ
267 3576 510 3646 τεχνίτῃ.
537 3574 611 3627 Οὐ
639 3573 747 3644 γὰρ
788 3573 852 3645 δὴ
888 3573 1024 3643 πρὸς
1069 3573 1129 3626 τὸ
1177 3573 1488 3640 θερμαίνειν
1535 3573 1568 3642 ἢ
1609 3573 1728 3624 λευ-

161 3669 370 3720 καίνειν
405 3665 554 3736 αὐτῷ
597 3665 945 3734 συνεργήσει,
982 3664 1076 3717 καὶ
1126 3662 1202 3733 τῷ
1239 3662 1451 3715 ἕλκοντι
1500 3664 1562 3716 τὸ
1615 3680 1727 3731 μη-

154 3763 382 3831 χάνημα
415 3759 551 3829 πρὸς
594 3757 694 3827 τὴν
726 3757 873 3823 ἐλξιν
897 3756 991 3809 τοῦ
1029 3755 1246 3826 βάρους
1280 3757 1372 3809 καὶ
1401 3755 1535 3818 ὅλως
1564 3755 1631 3807 τὰ
1659 3754 1726 3807 δι’

153 3845 234 3906 ὧν
265 3849 478 3916 γίνεται
529 3866 582 3902 τι
630 3847 1022 3916 συνεργάζεται
1069 3843 1180 3911 τοῖς
1240 3847 1469 3917 πρώτως
1511 3847 1726 3899 κινοῦσι

154 3943 302 3998 κατὰ
327 3944 416 3996 τὸν
448 3941 660 3996 ἑαυτῶν
690 3941 892 4012 τρόπον
925 3938 1174 3992 συναίτια
1223 3939 1435 4002 τούτοις
1468 3940 1728 4009 γινόμενα

149 4038 187 4106 ἦ
239 4036 318 4099 ὡς
363 4035 598 4104 ὄργανα,
639 4035 672 4103 ἢ
702 4033 877 4096 ἄλλως
906 4048 1025 4095 πως
1051 4034 1232 4096 αὐτοῖς
1261 4031 1585 4101 βοηθοῦντα.
1619 4027 1726 4084 Ἦν

149 4127 201 4183 6‘
237 4127 304 4180 ἂν
328 4126 424 4180 καὶ
449 4125 621 4178 ταῦτα
652 4125 750 4177 ml.
787 4123 974 4187 ἁπλῶς
1002 4122 1152 4178 αἴτια
1185 4123 1374 4193 ὥσπερ
1400 4125 1468 4177 τά
1499 4124 1720 4192 πρῶτα,

151 4221 204 4273 εί
265 4217 342 4288 μὴ
395 4215 650 4287 διάφορος
699 4211 770 4286 ἦν
825 4217 860 4286 ἡ
898 4216 1079 4284 φύσις·
1118 4216 1306 4277 αὐτοῖς
1349 4215 1484 4284 πρὸς
1542 4217 1725 4268 ἐκεῖνα

147 4306 224 4358 τὰ
261 4302 554 4373 χρώμενα·
612 4303 710 4356 καὶ
770 4303 821 4354 οί
872 4304 970 4371 μὲν
1012 4302 1318 4374 ἄνθρωποι,
1355 4303 1425 4356 τὰ
1462 4303 1506 4356 δ’
1537 4304 1726 4367 ἁπλῶς

147 4395 369 4464 ὄργανα
407 4393 467 4458 ἐξ
501 4392 671 4466 ἄλλης
701 4393 834 4465 ὕλης
871 4396 1236 4465 πεποιημένω
1273 4395 1552 4448 καὶτοῦτο
1585 4397 1724 4466 μᾶλ-

1841 3216 2162 3280 assumitur,
2211 3225 2388 3270 causa)
2439 3217 2713 3286 signilicat
2766 3218 3141 3272 antecedentis
3174 3219 3415 3272 medium

1837 3307 2106 3373 adiuvans
2166 3306 2232 3360 ad
2303 3309 2476 3374 ipsmn
2562 3307 2958 3368 conﬁciendam
3015 3310 3414 3378 operationem,

1837 3413 2002 3466 quam
2055 3397 2144 3451 illa
2177 3413 2342 3452 causa
2395 3397 2652 3452 intendit.
2689 3399 2850 3453 Verbi
2877 3402 3072 3468 gratia,
3107 3417 3282 3464 serra,
3319 3416 3417 3466 per

1836 3504 2000 3558 quam
2057 3488 2209 3541 faber
2271 3488 2537 3556 lignarius
2587 3487 2756 3542 eﬂieit
2810 3503 3116 3551 scamnum,
3146 3489 3213 3542 ad
3265 3489 3412 3542 aliud

1836 3580 2088 3633 elTectnm
2122 3578 2294 3646 juvat,
2327 3577 2431 3631 sed
2461 3589 2565 3630 neu
2595 3587 2922 3645 c00pcratur
2946 3577 3141 3633 artifici
3172 3578 3238 3632 ad
3267 3579 3412 3632 aliud

1835 3669 2039 3724 diversi
2078 3669 2314 3738 generis.
2349 3666 2466 3722 Non
2498 3669 2645 3722 enim
2677 3680 2824 3723 certe
2856 3669 2922 3723 ad
2955 3669 3412 3732 calefaciendum,

1835 3777 1930 3816 seu
1961 3760 2326 3815 dealbandum
2383 3759 2487 3830 ipsi
2546 3759 2864 3830 adiumento
2910 3761 3038 3825 erit,
3084 3767 3139 3814 et
3175 3761 3413 3821 trahenti

1835 3852 2146 3906 machinam
2178 3851 2244 3903 ad
2293 3851 2614 3905 tractionem
2665 3850 2954 3927 ponderis;
2987 3861 3041 3905 et
3072 3851 3296 3908 omnino
3326 3865 3414 3916 ea,

1832 3961 1931 4015 per
1958 3960 2078 4014 qua:
2124 3944 2184 3997 lit
2219 3943 2446 4012 aliquid,
2485 3944 2950 3998 adminiculantur
2980 3945 3157 4014 primo
3193 3961 3416 3998 moveu-

1834 4035 1982 4089 tibus
2055 4033 2354 4088 secundum
2419 4049 2577 4089 suum
2641 4035 2865 4089 modum
2933 4051 3223 4090 concaus:e
3280 4035 3415 4105 ipsis

1835 4127 1998 4192 facta,
2029 4125 2114 4180 vel
2158 4135 2220 4178 ut
2253 4126 2638 4187 instrumenta,
2675 4126 2754 4179 vel
2804 4127 2960 4179 aliter
2991 4127 3122 4196 ipsis
3151 4126 3415 4196 quodam-

1833 4217 1998 4272 modo
2020 4217 2287 4288 juvantia.
2321 4217 2446 4272 Haec
2476 4225 2656 4271 autem
2686 4227 2871 4271 essent
2897 4218 3060 4272 etiam
3091 4217 3416 4287 simpliciter

1833 4323 2033 4370 causae,
2086 4315 2146 4362 ut
2200 4309 2398 4377 prima,
2448 4308 2549 4362 nisi
2603 4316 2749 4362 esset
2785 4316 2982 4362 natura
3030 4307 3246 4362 diversa
3281 4308 3413 4377 ipsis

1833 4408 2086 4469 respectu
2133 4399 2355 4454 illorum
2413 4415 2536 4469 qum
2582 4399 2670 4454 his
2699 4407 2966 4464 utuntur;
3010 4409 3067 4456 et
3099 4401 3154 4454 hi
3189 4400 3411 4470 quidem

150 4488 250 4540 λον
298 4487 367 4540 ἂν
400 4481 492 4555 ἦν,
527 4487 688 4556 εῐπερ
714 4485 812 4539 καὶ
849 4487 884 4557 ἠ
931 4487 1070 4556 αὐτὴ
1111 4483 1178 4558 ἦν
1218 4488 1402 4550 αὐτοῖς
1430 4488 1567 4559 πρὸς
1599 4489 1727 4552 τοὺς

1838 4490 2086 4544 homines
2128 4499 2276 4554 sunt,
2322 4490 2440 4545 hate
2488 4505 2619 4544 vero
2670 4490 2994 4559 simpliciter
3023 4491 3412 4556 instrumenta,

147 4580 481 4651 χρωμένους
513 4579 790 4648 ἐνέργεια.
826 4578 966 4631 Ἀλλ’
985 4581 1109 4633 ἐπεὶ
1142 4579 1234 4632 τοῦ
1264 4582 1412 4651 Πατρ
1425 4580 1484 4644 6;
1509 4581 1604 4635 ml.
1632 4579 1728 4634 τοῦ

144 4669 293 4725 Υίοῦ
336 4669 435 4741 μία
463 4668 543 4741 τῷ
585 4669 810 4740 ἀριθμῷ
839 4671 1004 4738 φύσις
1034 4671 1343 4742 θεωρεῖται,
1372 4673 1468 4724 καὶ
1501 4672 1603 4743 μία
1629 4673 1730 4725 αύ-

137 4765 263 4825 τοῖς
314 4763 411 4816 καὶ
457 4763 731 4832 ἐνέργεια,
776 4764 872 4815 καὶ
912 4757 994 4824 εἷς
1046 4765 1074 4815 6
1129 4763 1290 4827 αὐτὸς
1353 4763 1523 4834 ἄμφω
1569 4763 1727 4830 Θεὸς,

140 4855 384 4917 εἰκότως
412 4853 521 4924 ἄρα
559 4856 593 4924 ἡ
647 4853 749 4925 μὲν
784 4853 878 4907 τοῦ
913 4853 1047 4907 Ὣίοῦ
1087 4853 1184 4908 διὰ
1239 4855 1342 4924 τῆς
1389 4855 1485 4909 τοῦ
1517 4857 1731 4927 ﬂat-96;

137 4946 220 5000 ἐκ
276 4945 424 4998 κατὰ
467 4946 567 5015 τὴν
622 4946 896 5013 σημασίαν
924 4945 984 4998 οὐ
1029 4945 1237 4999 διοίσειο
1296 4945 1413 5000 ἀλλ’
1455 4947 1594 5018 αὐτὴ
1631 4950 1731 5017 μὲν

139 5035 294 5104 πρὸς
343 5033 442 5104 τὴν
491 5034 558 5088 ἐκ
603 5034 995 5105 μεταϐήσεται,
1030 5035 1213 5105 ἐκείνη
1261 5035 1308 5089 δ’
1341 5031 1407 5090 αὖ
1463 5037 1600 5106 πρὸς
1629 5037 1730 5106 τὴν

138 5125 252 5179 διὰ
287 5125 638 5194 διαϐήσεται,
681 5128 778 5179 καὶ
826 5125 981 5196 κοινή
1035 5126 1129 5179 καὶ
1191 5126 1290 5196 μία
1339 5129 1434 5181 καὶ
1502 5130 1535 5199 ἠ
1589 5119 1726 5200 αὐτῆ

143 5217 302 5287 μετὰ
332 5217 427 5270 τοῦ
461 5218 673 5286 Πατρδς
698 5217 841 5287 ἁρχὴ
877 5217 972 5270 τοῦ
1000 5218 1158 5285 άγίου
1193 5219 1512 5290 Πνεύματος
1548 5221 1725 5288 ἔσται,

139 5307 307 5372 ἅπαξ
339 5307 772 5377 ὁμολογούμενον
795 5310 944 5382 παρὰ
970 5311 1186 5379 [ἰατρὸς
1215 5310 1285 5364 δι’
1319 5312 1451 5366 Υἱοῦ
1483 5313 1544 5366 τὸ
1568 5313 1728 5381 ἅγιον

137 5397 558 5466 ἐκπορεύεσθαι
591 5399 813 5468 Πνεῦμα
838 5415 852 5430 ο
891 5401 985 5454 καὶ
1041 5399 1257 5453 πάντων
1311 5401 1368 5454 δὲ
1413 5401 1523 5456 τῶν
1558 5403 1728 5471 ἁγίων

136 5487 460 5557 διαρρήδην
519 5488 771 5557 βοώντων
844 5490 921 5558 μὴ
974 5488 1200 5558 θεμιτὸν
1263 5485 1404 5543 εἶναι
1459 5491 1727 5561 διαφοράν

135 5593 279 5630 τινα
318 5579 417 5632 καὶ
449 5579 700 5634 ὁπωσοῦν
751 5581 845 5634 ἐπὶ
897 5579 1103 5635 τούτων
1132 5589 1242 5634 τῶν
1280 5581 1596 5652 προθέσεων
1635 5584 1725 5637 ἐν·

135 5671 324 5721 νοεῖν·
350 5671 447 5724 καὶ
487 5671 646 5726 τοῦτο
679 5673 774 5727 ἐπὶ
805 5673 914 5727 τῶν
951 5673 1170 5728 πάντων
1202 5675 1364 5729 θείων
1393 5676 1720 5745 ἀδιορίστως

134 5760 534 5830 ἀξιωσάντων,
583 5768 678 5820 ἐπί
709 5783 768 5822 τε
804 5767 898 5821 τοῦ
941 5769 1157 5841 Ιιατρὺς
1202 5770 1297 5822 καὶ
1349 5769 1442 5823 τοῦ
1473 5769 1604 5822 Υἱοῦ
1644 5770 1722 5824 δια

1833 4598 1900 4638 ex
1931 4583 2037 4637 alia
2069 4582 2312 4637 materia-
2347 4581 2509 4646 facta,
2544 4598 2717 4653 eoque
2770 4583 2941 4653 magis
2995 4594 3182 4638 essent
3212 4600 3412 4650 causa),

1832 4674 1876 4729 si
1909 4689 2017 4728 una
2051 4681 2108 4728 et
2148 4672 2340 4728 eadem
2387 4683 2533 4729 esset
2569 4674 2818 4744 operatio
2864 4675 3109 4738 illorum,
3146 4685 3201 4729 et
3255 4683 3415 4729 uten-

1835 4767 1972 4820 tium
1993 4765 2148 4834 ipsis.
2176 4764 2280 4820 Sed
2315 4767 2572 4834 quoniam
2604 4765 2782 4818 Patris
2806 4772 2862 4818 et
2892 4764 3014 4818 Filii
3048 4781 3155 4818 una
3181 4777 3413 4818 numero

1832 4869 2026 4913 natura
2079 4857 2480 4924 consideratur,
2533 4866 2588 4912 et
2637 4873 2744 4911 una
2779 4856 2910 4925 ipsis
2940 4865 3024 4910 est
3057 4855 3322 4924 Operatio,
3349 4861 3404 4909 et

1833 4951 1997 5005 ambo
2036 4959 2168 5005 sunt
2229 4965 2376 5004 unus
2432 4959 2488 5004 et
2536 4948 2679 5002 idem
2708 4948 2876 5009 Deus,
2901 4947 3099 5000 merito
3124 4961 3252 5014 ergo
3288 4945 3408 4999 Filii
3471 4957 3474 4960 '

1829 5041 2145 5110 praapositio
2191 5055 2304 5109 per,
2339 5037 2430 5103 ab,
2460 5053 2542 5098 ex,
2571 5037 2750 5091 Patris
2799 5036 3100 5090 secundum
3138 5034 3412 5102 signiﬁca-

1834 5134 2038 5187 tionem
2070 5147 2176 5184 non
2205 5129 2486 5194 diﬂ‘crunt,
2510 5128 2604 5184 sed
2636 5131 2749 5182 haec
2787 5126 3006 5196 quidem
3043 5126 3108 5180 ad
3138 5127 3402 5196 praeposi-

1831 5223 2033 5277 tionem
2062 5239 2147 5286 ex,
2200 5221 2290 5275 illa
2336 5235 2465 5275 vero
2514 5235 2706 5273 rursus
2741 5223 2804 5272 ad
2829 5220 3265 5288 praepositionem
3295 5237 3404 5289 per,

1833 5314 2110 5378 transibit,
2143 5321 2199 5368 et
2251 5328 2545 5367 commune
2589 5324 2644 5366 et
2688 5328 2860 5366 unum
2895 5323 3060 5382 atque
3084 5313 3229 5368 idem
3257 5316 3407 5384 prin-

1830 5408 2036 5475 cipium
2085 5407 2186 5461 erit
2222 5421 2328 5459 una
2360 5421 2484 5459 cum
2539 5406 2700 5460 Patre
2754 5405 2993 5475 Spiritus
3049 5405 3245 5466 sancti,
3279 5421 3402 5459 cum

1827 5494 1988 5562 plane
2020 5493 2072 5546 in
2114 5494 2368 5548 confesso
2405 5493 2497 5554 sit,
2549 5508 2616 5547 ex
2671 5494 2831 5547 Patre
2862 5508 2957 5563 per
2990 5493 3189 5547 Filium
3233 5493 3405 5563 Spiri-

1830 5595 1944 5639 tum
2003 5596 2255 5641 sanctum
2312 5585 2645 5656 procedere,
2699 5601 2933 5655 cumque
2980 5598 3171 5641 omnes
3222 5587 3399 5642 sancti

1826 5692 2083 5746 expresse
2110 5677 2370 5741 clament,
2421 5694 2530 5732 non
2557 5693 2680 5733 esse
2712 5678 2792 5732 l‘as
2824 5679 2934 5732 ullo
2959 5679 3120 5733 modo
3142 5677 3403 5733 diﬂ'ereu-

1828 5772 1957 5827 tiam
1989 5772 2225 5842 aliquam
2255 5773 2307 5827 in
2338 5773 2424 5828 bis
2443 5773 2920 5844 praepositionibus
2941 5778 3179 5845 cogitare
3203 5773 3402 5846 ;idque
