3862 6218
94 264 265 355 ‘929

1074 296 1173 355 DE
1214 292 1733 355 PROCESSIONE
1773 291 2127 355 SPIRlTUS
2164 289 2458 352 SANCTI.

3280 294 3387 358 930

166 412 284 478 φασὶ
313 450 328 473 ,
377 408 473 461 καὶ
512 408 575 460 ἐκ
626 408 723 474 τῆς
785 409 973 475 οὐσίας
1030 412 1236 473 αὑτοῦ,
1286 412 1387 465 ’καὶ
1448 411 1508 476 ἐξ
1550 409 1713 463 αὑτοῦ

1821 409 2082 465 Basilium
2112 412 2487 466 constituitur.
2518 412 2585 466 Et
2615 419 2875 481 praeterea
2914 426 3023 465 non
3054 420 3290 477 tantum,
3328 426 3388 469 ut

162 501 413 570 πρόεισινο
449 519 468 552 ι
502 503 529 553 6
551 500 596 553 δ’
618 501 718 554 οὐκ
746 496 884 556 εἶναι
922 505 985 556 ἐκ
1028 505 1121 556 τοῦ
1154 503 1306 568 Υίοῦ,
1336 504 1460 557 οὐδὲ
1518 505 1580 556 ὲκ
1610 505 1708 571 τῆς

162 592 337 655 οὐσίας
382 592 573 659 αὐτοῦ,
631 592 743 645 οὐδ’
781 593 841 658 ἐξ
890 596 1059 648 αὐτοῦ
1112 595 1382 663 προϊέναι.
1424 594 1609 647 Ταῦτα
1650 593 1706 645 δὲ

161 682 599 753 ὁμολογουμένως
624 683 933 751 ἀντίφασις.
979 683 1071 748 Ἐξ
1101 678 1174 736 ὧν
1204 685 1396 738 ἕπεται
1444 684 1476 754 ἢ
1522 682 1711 736 τοῦτον

166 775 311 844 μόνον
339 774 659 827 διδάσκαλον
699 775 989 845 ὁμολογεῖν
1042 771 1183 829 εἶναι
1216 777 1315 845 τῆς
1353 776 1708 843 Ἐκκλησίας,

160 868 251 919 καὶ
272 864 381 935 ἅμα
405 866 562 931 ἀγιον
589 867 936 935 ἀποφαίνειν,
964 868 1350 938 ἀμελουμένων
1376 869 1483 921 τῶν
1513 866 1708 928 ἄλλων,

160 958 293 1009 ὀκνῶ
320 958 430 1025 γὰρ
456 958 955 1029 ἀπορριπτομένων
987 959 1188 1021 είπεῖν,
1212 958 1245 1026 ἢ
1276 957 1340 1012 τὸ
1380 958 1579 1027 πλῆθος
1618 957 1714 1010 καὶ

161 1050 217 1103 τὸ
245 1048 524 1118 πρεσϐεῖον
558 1049 911 1119 αἰδουμένους
935 1050 1177 1114 ἐκείνων,
1210 1052 1284 1118 μὴ
1312 1049 1713 1120 παραδέχεσθαι

160 1140 354 1192 ¹ιοῦτον.
400 1139 563 1193 Ἀλλά
612 1142 769 1193 τοῦτο
802 1140 1024 1195 ἀτοποψ
1070 1141 1177 1210 χρὴ
1207 1140 1315 1211 γάρ
1347 1140 1595 1203 ἅπαντας
1625 1142 1714 1193 εὐ-

159 1231 329 1294 λαϐῶς
379 1232 525 1301 ἡμᾶς
565 1232 894 1301 δεχομένους
939 1234 1032 1287 καὶ
1067 1233 1391 1303 σεϐομένους
1415 1273 1430 1297 ,
1466 1232 1540 1292 ὡς
1572 1232 1714 1302 ὑπὲρ

158 1323 254 1388 τῆς
299 1320 457 1391 ἡμῶν
506 1322 784 1393 σωτηρίας
819 1323 925 1375 ὑπὸ
954 1323 1047 1376 τοῦ
1078 1323 1214 1376 Θεοῦ
1247 1323 1711 1392 έμπνευσθέντας,

160 1411 217 1474 ὃς
264 1412 355 1465 οὐκ
408 1412 474 1465 ἂν
518 1412 794 1484 ἠθέλησεν,
823 1412 1031 1479 ἀγαθὸς
1054 1412 1151 1479 ὢν,
1196 1413 1284 1466 διὰ
1327 1413 1535 1465 τούτοιν
1588 1413 1715 1475 τοὺς

158 1500 378 1573 ὕστερον
426 1503 667 1573 ἀπατᾷν,
714 1502 807 1567 οὒς
862 1502 1022 1557 έϐούλ
1037 1520 1128 1556 ετο
1161 1504 1298 1573 πρὸς
1326 1503 1425 1572 τὴν
1455 1504 1715 1574 ἀλήθειαν

158 1593 371 1659 ἀνάγειν
394 1609 410 1623 ·
469 1594 578 1664 χρὴ
623 1593 804 1648 τοίνυν
842 1594 984 1648 οὕτω
1037 1595 1105 1648 τά
1144 1594 1367 1647 ἐκείνων
1400 1593 1714 1662 ἐξηγεῖσθαι

159 1682 475 1750 πειρᾶσθαι,
511 1681 588 1745 ὡς
619 1683 686 1737 ἀν
716 1685 853 1753 πρός
890 1700 949 1735 τε
984 1684 1213 1746 ἑαυτοὺς
1242 1683 1336 1735 καὶ
1373 1683 1620 1753 ἀλλήλοις
1665 1686 1713 1736 oi

1812 504 2059 557 nonnulli
2087 505 2363 574 accipiunt
2386 504 2681 559 dictionem
2718 505 3030 558 contrarius
3058 506 3160 560 sibi
3194 506 3387 560 doctor

1813 604 1981 656 esset,
2013 596 2107 649 sed
2137 604 2192 649 et
2222 596 2538 649 doctoribus
2560 598 2652 665 qui
2681 606 2807 649 ante
2835 598 3012 666 ipsum
3037 601 3383 653 exstiterunt.

1813 684 1877 738 Hi
1894 685 2038 740 enim
2056 686 2277 755 quidem
2300 702 2365 740 ex
2381 685 2521 740 Filio
2550 702 2669 740 esse
2700 688 2876 750 aiunt,
2904 698 2958 743 et
2988 704 3054 743 ex
3078 691 3384 746 substantia

1811 776 1951 847 ejus,
1968 786 2019 831 et
2036 794 2101 832 ex
2120 778 2239 845 ipso
2259 779 2580 847 procedere;
2608 780 2698 834 ille
2716 796 2846 835 vero
2873 798 2980 835 non
3001 798 3122 837 eSSe
3136 798 3198 837 ex
3220 780 3381 845 Filio,

1815 880 1991 934 neque
2019 881 2085 920 ex
2117 867 2421 921 substantia
2446 869 2586 938 ejus,
2620 884 2799 937 neque
2829 869 2896 924 ab
2919 871 3035 939 ipso
3064 874 3380 941 procedere.

1813 956 1937 1010 llrcc
1959 967 2137 1012 autem
2165 960 2282 1014 sine
2310 961 2683 1015 controversia
2714 975 2842 1015 sunt
2888 965 3275 1019 contradictio.
3305 964 3382 1019 Ex

1813 1047 2013 1114 quibus
2032 1047 2301 1115 sequitur,
2324 1050 2408 1103 vel
2440 1048 2719 1103 fatendum
2752 1051 2896 1105 hunc
2943 1052 3115 1106 solum
3143 1070 3264 1109 esse
3293 1053 3389 1107 do-

1814 1144 2019 1189 ctorem
2040 1135 2312 1201 Ecclesiae,
2329 1147 2384 1192 et
2399 1140 2822 1195 simulsanctum
2848 1142 3179 1203 habendum,
3202 1145 3388 1212 negle-

1813 1224 1917 1280 ctis
1937 1226 2078 1287 aliis,
2096 1242 2293 1280 vereor
2309 1229 2452 1281 enim
2479 1232 2696 1298 rejectis
2712 1232 2893 1285 dicere
2916 1251 2928 1294 ;
2950 1232 3033 1286 vel
3052 1235 3386 1287 multitudini

1814 1326 1867 1369 et
1897 1317 2209 1386 antiquitati
2248 1318 2462 1372 illorum
2484 1324 2796 1389 praestando
2818 1326 3201 1384 reverentiam,
3233 1326 3383 1378 hunc

1816 1422 1916 1461 nou
1938 1422 2061 1463 esse
2078 1409 2469 1479 recipiendum.
2489 1413 2592 1467 Sed
2612 1415 2714 1466 hoc
2730 1415 3027 1468 absurdum
3049 1415 3387 1484 est.0portet

1815 1498 1960 1552 enim
1983 1514 2172 1554 omnes
2200 1513 2516 1557 reverenter
2551 1505 2818 1572 recipere,
2858 1520 2921 1558 ac
2953 1507 3226 1569 venerari,
3264 1514 3387 1559 tan-

1817 1604 1982 1657 quam
2005 1605 2100 1644 eos
2115 1592 2205 1660 qui
2243 1607 2271 1644 a
2297 1591 2402 1645 Deo
2433 1609 2530 1661 pro
2564 1595 2737 1648 salute
2769 1606 2951 1650 nostra
2974 1597 3177 1650 fuerint
3216 1598 3390 1666 inspi-

1818 1682 1943 1733 rati.
1967 1679 2069 1746 Qui
2096 1690 2245 1736 certe
2270 1700 2392 1736 eum
2429 1685 2499 1737 sit
2525 1684 2720 1750 bonus,
2746 1702 2842 1755 per
2874 1704 2968 1742 eos
2992 1694 3180 1757 utique
3214 1690 3393 1744 noluit

156 1772 465 1826 διδάσκαλοι
510 1774 884 1842 συμφωνῶσι·
918 1773 1013 1828 καὶ
1066 1774 1300 1845 μάλιστα
1326 1776 1422 1827 ἐπὶ
1466 1774 1562 1828 τοῦ
1604 1776 1717 1826 νυνὶ

1824 1773 2161 1842 posteriores
2197 1773 2472 1844 decipere,
2528 1790 2668 1844 quos
2716 1779 2937 1833 volebat
2982 1782 3049 1833 ad
3101 1783 3388 1836 veritatem

157 1867 543 1934 προκειμένου,
574 1864 661 1933 ἐφ’
687 1857 749 1918 οὗ
788 1864 924 1919 πολὺ
968 1864 1030 1918 τὸ
1057 1865 1153 1936 τῆς
1181 1856 1511 1935 φιλονέἷκίας
1550 1868 1719 1937 προὺ-

155 1955 424 2027 χώρησεν.
458 1957 635 2027 Ὅπερ
691 1957 793 2010 οὐκ
837 1955 902 2009 ἂν
960 1955 1139 2020 ἄλλως
1197 1957 1589 2028 συμφωνηθείη
1624 1960 1720 2012 καὶ

157 2047 385 2110 σώζοιτο
436 2051 583 2117 μετά
616 2050 837 2105 πάντων
864 2055 958 2107 καὶ
984 2053 1073 2107 διὰ
1103 2055 1343 2121 πάντων,
1368 2055 1416 2107 εί
1442 2053 1516 2126 μὴ
1542 2055 1721 2122 λέγοι-

158 2153 258 2206 μεν
301 2137 689 2207 ἀσφαλέστατα
721 2141 819 2211 τὴν
847 2142 948 2212 μὲν
988 2142 1056 2197 ἐκ
1087 2145 1180 2196 ἐπὶ
1216 2144 1310 2197 τοῦ
1349 2144 1479 2197 Υίοῦ
1506 2145 1583 2213 τῷ
1614 2146 1721 2199 Δα-

159 2229 419 2299 μασκηνῷ
452 2229 525 2301 μὴ
562 2232 1010 2302 παραληφθῆναι,
1049 2233 1136 2286 ἵνα
1170 2234 1246 2304 μὴ
1275 2234 1308 2303 ἦ
1337 2233 1396 2287 ἓν
1427 2235 1723 2305 πρόσωπον

160 2320 189 2370 6
224 2320 406 2389 Πατὴρ
459 2322 553 2374 καὶ
598 2324 625 2374 6
669 2322 796 2386 Υῑδς
850 2323 1256 2393 ὑποπτευθείη,
1309 2324 1399 2377 διά
1453 2323 1550 2394 τὴν
1611 2324 1721 2377 τῶν

163 2409 462 2477 προθέσεων
502 2410 843 2481 ’ὁμοιότηταο
913 2412 945 2480 ἦ
1008 2411 1083 2482 μὴ
1139 2411 1271 2481 δοκῇ
1315 2410 1483 2481 μηδὲν
1528 2410 1719 2463 ἑαυτοῦ

157 2498 651 2569 προεπινοούμενον
682 2502 711 2553 6
748 2501 875 2564 Υἱὸς
906 2500 1073 2572 ἔχειν,
1095 2499 1285 2571 ὥσπερ
1321 2502 1418 2553 καὶ
1447 2502 1475 2554 6
1510 2503 1719 2570 Πατὴρ,

154 2591 250 2642 καὶ
280 2591 448 2645 τάλλα
504 2594 606 2644 ὅσα
638 2595 948 2661 πρόκειται·
983 2594 1082 2661 τὴν
1123 2593 1182 2646 δὲ
1228 2592 1325 2645 διὰ
1356 2594 1452 2646 καὶ
1486 2592 1721 2659 μάλιστα

153 2680 443 2747 δέξασθαι,
469 2683 553 2736 ὅτι
585 2683 684 2754 τὴν
713 2682 869 2748 τάξιν
906 2683 1038 2754 ἡμῖν
1076 2683 1185 2737 τῶν
1217 2684 1525 2748 προσώπων
1577 2683 1714 2752 μετά

149 2770 253 2843 τῆς
298 2775 539 2839 Μονάδος
588 2775 891 2846 παρίστησι
938 2774 1027 2829 διὰ
1077 2774 1177 2847 τὴν
1216 2776 1419 2844 ἑαυτῆς
1459 2774 1720 2843 ἰδιότητα.

116 2862 129 2870 ’
164 2868 313 2921 Ἐπεὶ
367 2869 507 2939 μετά
548 2870 650 2938 τῆς
704 2871 948 2934 Μονάδος
1002 2875 1096 2925 καὶ
1143 2871 1243 2941 τὴν
1272 2872 1381 2925 τῶν
1413 2869 1723 2941 προσώπων

152 2958 423 3029 διάκρισιν
452 2959 735 3030 ὁμολογεῖν
768 2959 1060 3031 ὀφείλομεν
1093 2962 1234 3015 κατὰ
1262 2962 1361 3030 τὴν
1426 2962 1725 3031 παραδεδοε

154 3048 327 3118 μένην
357 3050 490 3119 ἡμῖν
522 3051 724 3107 πίστιν.
756 3052 825 3104 Ἀ
860 3051 924 3121 δὴ
954 3053 1047 3105 καὶ
1079 3052 1246 3122 ἄμφω
1287 3054 1346 3105 τὸ
1376 3055 1439 3105 ὲκ
1479 3051 1571 3104 τοῦ
1615 3053 1725 3103 Πα-
1751 3083 1797 3144 C

148 3140 279 3211 τρδς
298 3141 365 3193 δι’
388 3141 518 3194 Υίοῦ
546 3142 807 3210 λέγεσθαι
846 3145 907 3196 τὸ
942 3143 1096 3211 ἀγιον
1122 3143 1522 3213 ἐκπορεύεσθαι
1552 3144 1722 3196 Πνεῦ-

151 3250 234 3303 μα
262 3234 571 3303 ὲμφανίζεν
607 3234 667 3288 τὸ
699 3234 745 3289 δ’
773 3234 837 3287 ὲκ
863 3233 958 3287 τοῦ
975 3233 1107 3289 Υίοῦ
1135 3234 1387 3309 λέγεσθαι
1418 3234 1478 3287 οὐ
1508 3234 1678 3303 δήπου
1703 3250 1715 3263 ο

154 3323 401 3391 Ίιρεσεν
452 3320 546 3376 οὖν
601 3324 751 3395 αὑτῷ
787 3323 989 3395 μᾶλλον
1022 3324 1124 3396 τὴν
1168 3324 1305 3394 μετὰ
1355 3325 1453 3393 τῆς
1479 3324 1721 3385 Μονάδος

148 3416 252 3466 καὶ
325 3413 427 3484 τὴν
482 3414 756 3484 διάκρισιν
816 3415 1191 3485 ἒμφαίνουσαν
1239 3413 1337 3468 διὰ
1380 3414 1721 3485 παραλαϐεῖν

144 3504 410 3574 πρόθεσιν
437 3504 469 3575 ἦ
506 3506 602 3576 τὴν
625 3506 695 3559 ἐκ
720 3507 903 3560 αἰτίαν
930 3508 1092 3576 μόνον
1119 3510 1213 3560 καὶ
1235 3508 1296 3558 οὑ
1321 3506 1594 3574 διάκρισιν
1628 3507 1722 3577 δη-

97 3653 109 3661 ,
146 3595 373 3651 λοῦσαν.
405 3596 571 3650 Ὥστε
620 3598 878 3667 τοιαύτην
933 3597 1116 3669 πηγὴν
1157 3600 1184 3650 6
1222 3597 1583 3667 Δαμασκηνὸς
1629 3597 1723 3649 ἐπὶ

146 3685 245 3738 τοῦ
269 3686 410 3739 Υἱοῦ
464 3689 809 3759 ἀπαρνεῖται,
872 3687 991 3741 οἵαν
1032 3690 1060 3741 6
1106 3689 1279 3757 μέγας
1313 3686 1584 3749 Διονύσιος
1629 3687 1723 3740 ἐπὶ

139 3778 244 3830 τοῦ
280 3779 495 3849 Πατρδς
550 3779 732 3848 τίθησι
797 3779 968 3850 μόνην
1016 3781 1199 3851 πηγὴν
1247 3779 1346 3848 τῆς
1394 3778 1717 3849 ὑπερουσίου

139 3875 404 3947 θεότητος
439 3876 604 3929 αὑτὸν
634 3875 829 3929 sim-3v.
885 3875 1139 3930 Τοιοῦτον
1180 3875 1237 3929 δὲ
1266 3876 1437 3930 αίτιον
1470 3877 1561 3928 τοῦ
1593 3873 1719 3926 Υίοῦ

135 3971 487 4039 ἀφαιρεῖται,
531 3972 709 4023 ὁποῖον
744 3970 772 4021 6
820 3968 1178 4036 Δύγουστίνος
1207 3967 1299 4019 τὸν
1330 3966 1547 4036 Πατέρα
1591 3965 1717 4034 ἔφη,

133 4057 378 4128 ἀρχικὸν
428 4058 603 4109 αἱτιον
647 4054 814 4107 αὑτὸν
854 4052 1167 4126 προσειπών
1193 4068 1207 4083 ⁸
1240 4053 1323 4106 ὃτι
1355 4053 1452 4123 μὲν
1486 4052 1594 4122 γάρ
1626 4053 1720 4105 καὶ

135 4152 165 4201 6
198 4148 335 4212 Υἱὸς
374 4147 526 4218 πηγὴ
576 4146 669 4201 τοῦ
717 4147 873 4213 ἁγίου
905 4145 1223 4215 Πνεύματες
1252 4143 1493 4213 λέγεται,
1520 4143 1719 4197 πολλα-

137 4236 307 4306 χὲθεν
344 4238 492 4307 παρὰ
542 4236 648 4289 τῶν
698 4236 1032 4289 διδασκάλων
1065 4234 1281 4303 ἔχομεν’
1316 4231 1431 4286 ἀλλ’
1466 4234 1590 4285 ἐπεὶ
1623 4229 1717 4283 τοῦ

147 4324 293 4378 Υἱοῦ
331 4326 360 4377 6
402 4326 591 4394 Πατὴρ
628 4326 1057 4394 προεπινοεῖται,
1080 4322 1174 4375 τοῦ
1206 4322 1263 4374 δὲ
1292 4321 1504 4391 [ἰατρὸς
1540 4320 1715 4387 οὐδὲν,

1818 1862 2110 1918 adducere.
2153 1863 2383 1935 Oportet
2430 1868 2597 1938 igitur
2627 1869 2707 1924 sic
2735 1885 2924 1925 eorum
2962 1873 3167 1942 scripta
3203 1875 3389 1929 conari

1818 1969 2114 2023 exponere,
2152 1967 2212 2010 ut
2245 1966 2301 2011 et
2347 1960 2695 2029 sibimetipsi,
2742 1970 2799 2015 et
2834 1961 2978 2017 inter
3016 1978 3075 2017 se
3138 1965 3392 2019 doctores

1821 2046 2174 2107 conveniant;
2220 2049 2521 2116 prazsertim
2560 2050 2613 2103 in
2650 2051 2908 2118 praesenti
2945 2053 3228 2120 proposito
3260 2054 3394 2123 dog-

1821 2140 1985 2195 mate,
2013 2134 2066 2185 in
2092 2135 2395 2201 quo,multa
2419 2140 2705 2190 contentio
2737 2138 2922 2192 habita
2948 2149 3049 2192 est.
3082 2140 3234 2203 Quod
3260 2157 3391 2194 sane.

1821 2223 1981 2277 aliter
2012 2239 2135 2276 cum
2178 2226 2440 2280 omnibus
2487 2237 2544 2281 et
2587 2244 2684 2296 per
2718 2228 2903 2283 omnia
2933 2230 3248 2285 concordari
3282 2246 3389 2285 non

1821 2322 2029 2384 posset,
2060 2315 2166 2368 nisi
2222 2316 2535 2371 ﬁrmissime
2567 2320 2894 2384 dixerimus,
2948 2322 3389 2391 praepositionem

1823 2421 1886 2458 ex
1935 2420 1965 2460 a
1996 2406 2336 2463 Damasceno
2373 2407 2426 2461 in
2477 2408 2618 2463 Filio
2669 2426 2776 2464 non
2827 2427 2946 2466 esse
2977 2424 3279 2482 acceptam,
3322 2430 3392 2467 ne

1822 2499 1907 2551 vel
1940 2512 2100 2551 unam
2128 2511 2415 2567 personam
2456 2499 2670 2556 Patrem
2706 2510 2759 2556 et
2788 2500 2984 2557 Filium
3014 2519 3132 2558 esse
3169 2513 3392 2573 propter

1823 2587 2241 2645 similitudinem
2268 2592 2714 2661 pmpositionum
2762 2595 2959 2663 aliquis
2984 2596 3391 2664 suiSpicaretur;

1822 2679 1908 2733 vel
1958 2695 2027 2734 ne
2068 2681 2325 2736 videatur
2359 2682 2529 2737 Filius
2562 2692 2622 2737 ut
2655 2684 2838 2746 Pater,
2891 2685 3024 2738 nihil
3060 2686 3165 2739 sibi
3200 2686 3397 2754 przein-

1825 2770 2103 2825 tellectum
2128 2772 2353 2837 habere,
2391 2783 2448 2829 et
2478 2789 2546 2829 ne
2578 2783 2944 2844 sequerentur
2973 2775 3076 2829 alia
3103 2792 3222 2844 quae
3247 2776 3393 2830 dicta

1823 2868 1970 2913 sunt.
2004 2859 2454 2928 Praepositionem
2487 2869 2669 2915 autem
2699 2878 2792 2930 per
2825 2863 3168 2931 potissimum
3205 2864 3396 2917 Dama-

1824 2965 2046 3004 scenum
2073 2952 2427 3019 approbasse,
2452 2952 2598 3021 quod
2618 2955 2865 3008 ordinem
2890 2970 3245 3024 personarum
3267 2972 3390 3008 cum

1830 3042 2059 3095 monade
2083 3041 2243 3095 nobis
2273 3041 2543 3112 exprimat
2568 3042 2638 3097 ob
2665 3043 2784 3113 ejus
2812 3044 3223 3112 proprietatem.
3248 3044 3395 3109 Quo-

1828 3129 1973 3181 niam
2011 3144 2134 3183 cum
2182 3130 2413 3182 monade
2446 3144 2804 3198 personarum
2838 3145 3056 3199 quoque
3085 3131 3394 3185 distinctio-

1822 3235 1947 3272 nem
2002 3219 2253 3273 coniiteri
2301 3220 2588 3283 debemus,
2619 3223 2919 3274 secundum
2956 3223 3204 3275 traditam
3237 3223 3397 3277 nobis

1826 3311 2010 3365 ﬁdem.
2048 3311 2177 3375 Qua:
2209 3325 2337 3364 sane
2377 3312 2537 3365 ambo
2569 3311 2699 3365 illud
2735 3312 2960 3373 indicat,
2993 3313 3099 3365 dici
3127 3312 3391 3380 Spiritum

1822 3409 2068 3456 sanctum
2103 3418 2169 3455 ex
2222 3402 2379 3455 Patre
2420 3416 2516 3469 per
2543 3400 2742 3454 Filium
2775 3406 3103 3470 procedere;
3159 3418 3225 3456 ex
3257 3404 3395 3456 Filio

1822 3500 2005 3545 autem
2031 3490 2159 3554 dici,
2196 3505 2396 3559 nempe
2428 3490 2676 3544 niinime.
2714 3492 2929 3545 Placuit
2959 3493 3123 3561 igitur
3152 3493 3252 3561 ipsi
3281 3509 3394 3546 ma-

1822 3581 1905 3651 gis
1934 3580 2377 3650 praepositionem
2414 3596 2505 3645 per
2552 3594 2789 3641 sumere,
2830 3596 2951 3649 quae
3003 3596 3125 3634 cum
3159 3582 3393 3635 monade

1821 3672 2229 3728 distinctionem
2262 3669 2490 3733 indicat,
2524 3685 2687 3738 quam
2736 3686 2819 3732 ex,
2853 3685 2976 3738 qua:
3024 3678 3233 3723 tantum
3262 3685 3392 3723 cauo

1822 3779 1960 3831 sam,
1997 3772 2053 3817 et
2092 3776 2199 3815 non
2238 3760 2650 3815 distinctionem
2682 3760 2977 3830 significat.
3017 3760 3204 3828 Itaque
3226 3763 3389 3814 talem

1822 3858 2027 3911 fontem
2065 3854 2430 3908 Damascenus
2463 3853 2514 3907 in
2540 3852 2679 3907 Filio
2698 3862 2883 3923 negat,
2918 3852 3132 3922 qualem
3160 3867 3391 3921 magnus

1824 3946 2115 4018 Dionysius
2139 3948 2192 3999 in
2233 3944 2392 3999 Patre
2426 3943 2732 4008 constituit,
2762 3944 2939 3998 solum
2968 3945 3172 3999 fontem
3200 3960 3392 4013 super-

1821 4037 2200 4094 substantialis
2231 4036 2461 4091 Deitatis
2504 4036 2681 4104 ipsum
2715 4036 3032 4104 appellans:
3064 4035 3225 4089 talem
3262 4050 3392 4089 cau-

1822 4144 1937 4184 sam
1976 4129 2115 4183 Filio
2161 4128 2372 4193 adimit,
2423 4128 2637 4197 qualem
2674 4126 3010 4196 Augustinus
3041 4126 3254 4180 Patrem
3307 4140 3394 4179 as—

1821 4221 1975 4286 serit,
2030 4220 2390 4291 principalem
2443 4233 2663 4274 causam
2718 4220 2894 4289 ipsum
2953 4232 3172 4272 vocans.
3236 4216 3391 4282 Quod

1820 4311 1967 4367 enim
2016 4311 2179 4365 etiam
2243 4310 2415 4363 Filius
2467 4308 2588 4361 fons
2645 4308 2864 4361 dicatur
2903 4306 3143 4374 Spiritus
3193 4306 3392 4371 sancti,

136 4418 317 4480 αὐτός
349 4434 407 4469 τε
451 4417 510 4482 ἐξ
560 4414 771 4469 ἐκείνου
810 4416 1028 4482 λέγεται
1061 4410 1221 4479 εἷναι,
1252 4414 1345 4466 καὶ
1383 4414 1518 4483 πρὸς
1553 4413 1717 4465 αὑτὸν

1823 4404 2012 4458 multis
2048 4418 2112 4455 ex
2148 4402 2282 4457 locis
2331 4402 2617 4455 doctorum
2660 4399 2944 4452 habemus.
2990 4397 3095 4451 Sed
3129 4398 3389 4465 quoniam

138 4508 506 4576 ἀναφέρεται,
540 4509 635 4561 καὶ
662 4508 767 4559 πᾶν
798 4508 857 4559 τὸ
899 4506 1031 4577 παρ’
1053 4505 1222 4558 αὐτοῦ
1253 4505 1546 4574 λεγόμενον
1578 4501 1718 4556 εἶναι

140 4600 291 4669 πρὸς
350 4602 452 4671 τὴν
501 4600 725 4670 πρώτην
780 4599 960 4651 αίτίαν
988 4597 1087 4668 τὴν
1121 4598 1402 4666 ἀναφορὰν
1436 4596 1550 4665 ἔχει
1578 4597 1721 4648 κατά

129 4692 237 4746 τὸν
270 4692 448 4761 μέγαν
473 4691 748 4743 Βασίλειον
775 4690 831 4742 ὲν
859 4692 969 4753 τοῖς
1020 4689 1473 4760 Ἀντιῤῥητικοῖς⁹
1508 4685 1631 4739 καθ’
1664 4686 1722 4737 ὃν

129 4783 356 4853 τρόπον
402 4784 497 4835 καλ⁸
548 4784 694 4851 ῥίζα,
732 4782 827 4833 καὶ
881 4780 1074 4850 πηγὴ,
1124 4782 1220 4831 καὶ⁹
1279 4780 1439 4848 μόνος
1487 4779 1658 4838 αῐτιος
1694 4777 1722 4828 6

136 4875 346 4944 Πατὴρ
372 4872 577 4927 δύναιτ’
609 4874 674 4927 ἂν
704 4873 957 4943 ῥηθῆναι,
992 4872 1079 4924 ἵνα
1114 4872 1175 4923 τὸ
1211 4870 1269 4935 ἐξ
1295 4864 1356 4923 οὗ
1387 4869 1598 4939 δειχθῇ,
1630 4867 1723 4920 καὶ⁵

137 4970 225 5037 μὴ
261 4969 416 5035 τρεῖς
464 4967 497 5036 ἢ
545 4966 636 5019 δύο
686 4966 856 5036 ἀρχαὶ
902 4962 1178 5026 πολυθέως
1209 4960 1611 5031 παραδεχθῶσιο
1644 4959 1724 5011 δ.ὸ

131 5062 243 5111 καὶ
286 5058 530 5127 εἴρηται,
557 5077 574 5107 ι
608 5056 693 5111 Ζὼ
721 5055 828 5122 ἐγὼ
858 5056 945 5110 διά
969 5056 1060 5109 τὸν
1090 5053 1323 5123 Πατέρα,
1351 5071 1367 5104 ι
1398 5054 1513 5114 καὶ,
1543 5069 1560 5101 ι
1590 5050 1723 5119 Περὶ

127 5151 248 5221 τῆς
315 5149 463 5219 ὥρας
509 5152 722 5218 ἐκείνης
780 5149 953 5212 οὐδεὶς
1007 5142 1178 5209 οἶδεν,
1235 5145 1357 5199 οὐδὲ
1406 5147 1433 5196 6
1485 5142 1642 5205 Υἱὸς,
1698 5158 1715 5189 >

129 5244 268 5307 καὶ,
294 5259 315 5293 ι
341 5242 461 5294 Ἀπ’
478 5243 712 5311 ἐμαυτοῦ
741 5241 877 5293 ποιῶ
894 5240 1070 5303 οὐδὲν,
1092 5258 1109 5289 ι
1134 5237 1250 5303 καὶ,
1274 5258 1290 5288 ι
1317 5236 1515 5298 Καθὼς
1539 5231 1723 5288 ἀκούω

124 5336 349 5403 κρίνω,
399 5353 417 5385 ι
442 5335 558 5396 καὶ,
585 5352 602 5383 ι
637 5333 703 5385 'll
736 5332 845 5401 έμὴ
870 5330 1058 5400 διδαχὴ
1078 5330 1176 5383 οὐκ
1207 5328 1355 5381 ἐστιν
1387 5327 1516 5397 έμὴ,
1551 5344 1568 5377 ›
1600 5325 1719 5389 καὶ,

135 5446 159 5477 ε
205 5427 273 5479 ὐ
303 5426 493 5495 Πατήρ
525 5444 623 5495 μου
654 5425 853 5495 μείζων
884 5422 983 5491 μού
1012 5426 1158 5475 ἐστιν
1178 5437 1192 5452 ’
1222 5439 1241 5472 ι
1266 5421 1358 5473 καὶ
1392 5418 1445 5470 εί
1467 5435 1517 5470 τι
1541 5414 1717 5469 τοιοῦ-

118 5534 237 5570 τον
268 5518 487 5586 εἴρηται
514 5516 661 5586 αὐτῷ
687 5518 822 5586 πρὸς
852 5517 941 5569 τὸν
960 5514 1189 5590 ’Πατέρα
1232 5512 1406 5566 πάντα.
1437 5510 1718 5575 ἀνάγοντι.

124 5609 320 5662 ’Ὅθεν
355 5611 452 5661 καὶ
494 5611 521 5662 6
575 5610 747 5677 μέγας
784 5609 919 5679 φησὶ
970 5606 1273 5668 Βασίλειος,
1312 5622 1327 5654 ι
1382 5601 1443 5653 Ἡ
1495 5597 1593 5652 διὰ
1622 5599 1722 5650 οὐκ

122 5699 346 5752 ἄτονον
396 5698 487 5750 τοῦ
541 5698 670 5750 Υἱοῦ
716 5700 1010 5767 παρίστησι
1056 5695 1154 5763 τὴν
1206 5694 1520 5762 ἐνέργειαν,
1585 5686 1722 5741 ἀλλὰ

1822 4496 1959 4551 Falio
1984 4494 2144 4548 Pater
2176 4492 2637 4563 przeintelligitur,
2668 4488 2814 4544 Patri
2842 4496 3024 4542 autent
3057 4488 3217 4552 nihil,
3252 4487 3397 4556 ips»-

1822 4604 1929 4658 que
1958 4588 2129 4642 Filius
2161 4586 2229 4640 ab
2262 4601 2328 4640 eo
2365 4585 2569 4639 dicitur
2595 4598 2749 4649 esse;
2781 4591 2837 4636 et
2871 4581 2936 4635 ad
2974 4596 3098 4634 eum
3135 4580 3394 4644 refertur,

1821 4690 1876 4736 et
1907 4695 2069 4735 omne
2100 4678 2245 4749 quod
2282 4678 2349 4731 ab
2382 4677 2502 4746 ipso
2536 4674 2725 4746 (Filio)
2760 4674 2963 4729 dicitur
2998 4688 3139 4738 esse,
3181 4671 3246 4726 ad
3282 4672 3397 4740 pri-

1822 4789 1963 4828 mam
1993 4788 2212 4827 causam
2245 4770 2561 4826 relationem
2594 4768 2757 4822 habet
2780 4765 3082 4821 secundum
3134 4777 3394 4833 magnum

1822 4865 2085 4919 Basilium
2129 4863 2184 4916 in
2235 4861 2394 4916 libris
2425 4859 2845 4923 coniutatoriis;
2879 4858 3042 4926 .juxta
3075 4870 3237 4925 quem
3270 4869 3392 4907 mo-
3472 4863 3477 4867 ‘

1821 4956 1949 5010 dum
1985 4953 2151 5007 etiam
2212 4949 2389 5013 radix,
2446 4957 2501 5002 et
2556 4948 2699 5012 fons,
2742 4954 2797 4999 et
2852 4943 3000 4997 solus
3035 4957 3195 4998 causa
3232 4943 3397 4997 Pater

1823 5046 1930 5099 dici
1974 5050 2179 5113 posset,
2230 5049 2291 5095 ut
2333 5037 2464 5093 illud
2516 5053 2580 5091 ex
2617 5022 2727 5105 q‘uo
2776 5033 3115 5095 ostendatur,
3172 5041 3227 5086 et
3279 5048 3392 5086 non

1825 5139 1949 5200 tria,
1999 5134 2086 5188 vel
2140 5133 2249 5187 duo
2282 5130 2561 5202 principia
2609 5129 2781 5182 instar
2832 5125 3127 5179 multorum
3161 5124 3389 5179 deorum

1822 5210 2222 5292 admittantur;
2255 5223 2463 5277 idcirco
2496 5220 2659 5275 etiam
2689 5218 2893 5272 dictum
2934 5225 3036 5278 est,
3079 5236 3095 5267 ι
3125 5216 3261 5271 Vivo
3290 5234 3396 5286 ego

1823 5328 2045 5391 propter
2067 5319 2306 5380 Patrem,
2340 5331 2355 5365 ι
2385 5325 2473 5368 et:
2516 5331 2532 5364 ι
2564 5312 2638 5366 De
2662 5310 2753 5364 illa
2790 5312 2918 5363 hora
2947 5322 3109 5361 nemo
3142 5308 3269 5371 scit,
3295 5323 3392 5362 ne-

1821 5427 1925 5482 que
1949 5410 2139 5471 Filius,
2169 5426 2186 5458 ι
2219 5414 2309 5461 et:
2337 5425 2354 5458 ι
2382 5406 2426 5459 Α
2449 5420 2531 5458 me
2555 5403 2673 5473 ipso
2690 5401 2827 5455 nihil
2854 5400 3045 5461 facio,»
3070 5408 3163 5453 et:
3196 5417 3211 5448 ι
3240 5398 3393 5452 δῆριιι

1822 5501 2004 5563 audio,
2033 5496 2242 5568 judico,
2277 5514 2293 5546 ι
2335 5504 2418 5548 et:
2460 5512 2475 5544 ι
2507 5493 2622 5546 Mea
2660 5492 2910 5545 doctrina
2945 5506 3050 5542 non
3076 5498 3157 5542 est
3190 5503 3337 5545 mea,
3367 5506 3385 5539 ι

1820 5603 1910 5647 et:
1965 5610 1982 5641 ι
2015 5590 2177 5644 Pater
2209 5602 2363 5641 meus
2394 5585 2566 5655 major
2597 5599 2681 5637 me
2712 5590 2835 5643 est;
2867 5600 2883 5632 ι
2923 5589 2975 5635 et
3004 5581 3045 5633 si
3082 5579 3209 5647 quid
3242 5580 3393 5648 ejus-

1822 5681 1971 5736 modi
2001 5680 2068 5735 ab
2093 5695 2159 5736 eo
2191 5678 2398 5733 dictum
2421 5684 2529 5741 est,
2552 5673 2618 5730 ad
2644 5674 2857 5729 Patrem
2886 5671 3070 5726 omnia
3094 5669 3387 5739 referente,
