3862 6220
1651 173 1703 187 -σ

244 320 352 383 933

1170 324 1269 385 DE
1309 326 1827 388 PROCESSIONE
1869 325 2225 391 SPIRITUS
2276 327 2571 390 SANCTI.

3400 334 3510 397 92⁵4

242 409 426 474 οὐσίας
466 410 559 465 τοῦ
594 410 723 465 Υίοῦ
755 410 1005 482 λέγεσθαι
1041 418 1136 468 καὶ
1168 417 1225 483 ἐξ
1254 419 1421 473 αὐτου
1455 421 1709 489 προίέναι
1741 434 1810 471 κα

1945 416 2026 473 ibi
2065 419 2308 474 dandum
2359 430 2465 484 est,
2506 429 2728 489 propter
2776 420 3116 478 identitatem
3145 426 3418 495 essentia,
3451 441 3508 483 et

239 495 372 554 εἶναι
383 538 397 552 .

1940 508 2069 579 quia
2098 508 2273 563 Filius
2303 524 2445 563 unus
2491 518 2575 565 est
2605 526 2728 565 cum
2758 512 2917 568 Patre
2958 514 3135 581 Deus;
3161 526 3324 587 atque
3352 520 3508 587 juxta

238 607 444 646 sacram
476 592 819 664 Scriptarum
842 595 897 650 in
924 597 1152 669 reliquis
1173 616 1281 655 una
1305 608 1390 655 est
1412 599 1631 655 illorum
1655 599 1911 655 identitas
1946 607 2002 654 et
2034 599 2557 657 incommutabilitas
2619 602 2868 658 Deitatis.
2928 605 3010 660 Ad
3050 606 3186 673 haec,
3243 618 3302 663 et
3359 620 3507 679 quod

236 699 302 739 ex
336 685 643 742 substantia
672 688 795 743 Filii
828 688 1069 759 Spiritus
1096 693 1331 759 dicatur,
1360 703 1417 749 et
1441 709 1507 748 ex
1540 696 1661 765 ipso
1687 692 1985 764 procedere
2013 701 2245 748 etesse.

309 779 430 830 Ἔτι
456 778 513 831 δὲ
544 780 639 834 καὶ
670 782 827 835 αὐτοὶ
860 784 911 836 οί
941 785 1314 854 ἀντιλέγοντες
1365 787 1465 857 τὴν
1503 787 1810 858 ἐνέργειαν,

234 872 271 941 ἢ
297 871 395 941 τὴν
416 871 729 943 ἁγαθότητα
754 876 848 928 καὶ
871 876 972 946 τὴν
1035 877 1182 948 ζωὴν
1217 879 1311 932 τοῦ
1341 878 1500 941 Θεοῦ,
1530 879 1562 949 ἢ
1593 880 1661 935 τὰ
1712 880 1820 932 ὑπὸ

230 965 342 1017 τῶν
394 962 697 1033 ἀνθρώπων
742 966 894 1035 παρὰ
929 966 1023 1020 τοῦ
1053 969 1188 1022 Θεοῦ
1222 972 1299 1032 είς
1342 974 1402 1023 τὸ
1463 971 1817 1042 μετέρχεσθαι

233 1050 626 1121 λαμϐανόμενα
654 1054 992 1122 χαρίσματα,
1026 1057 1062 1109 ἃ.
1094 1056 1159 1126 δὴ
1190 1058 1369 1110 πάντα
1415 1057 1649 1111 ἄκτιστα
1677 1055 1817 1113 εἶναι

240 1140 523 1208 βούλονται
553 1143 649 1194 καὶ
672 1142 902 1212 διάφορα
928 1146 1027 1213 τῆς
1075 1146 1267 1207 οὐσίας
1299 1148 1621 1217 πράγματα,
1652 1148 1817 1216 φασὶν

236 1233 300 1284 ὲν
325 1233 461 1302 αὐτῇ
492 1234 572 1302 ⁴τῇ
598 1233 757 1303 οὐσίᾳ
781 1234 875 1287 τοῦ
897 1234 1031 1289 Θεοῦ
1084 1237 1427 1307 ὲνιδρυμένα,
1464 1239 1557 1290 καὶ
1612 1239 1817 1309 ταύτην

239 1326 419 1380 αὐτῶν
464 1327 643 1381 αἰτίαν
696 1322 856 1392 εἶναι,
914 1328 1009 1381 νῦν
1056 1330 1154 1397 μὲν
1208 1331 1273 1383 ὲκ
1316 1330 1410 1384 τοῦ
1455 1329 1661 1401 Πατρδς
1723 1332 1816 1384 καὶ

238 1417 332 1472 τοῦ
397 1417 564 1483 Υίοῦ,
600 1418 697 1471 νῦν
749 1418 804 1471 δὲ
849 1419 914 1473 ὲκ
964 1422 1057 1474 τοῦ
1116 1421 1329 1492 Πατρδς
1389 1424 1483 1476 καὶ
1528 1422 1624 1475 τοῦ
1683 1418 1812 1477 Υίοῦ

239 1511 337 1563 καὶ
374 1509 465 1563 τοῦ
513 1511 671 1579 ἁγίου
713 1512 1029 1583 Πνεύματος
1071 1513 1172 1581 τὴν
1220 1511 1453 1580 ὕπαρξιν
1495 1512 1639 1582 ἔχειν
1684 1514 1813 1585 δμο-

240 1602 542 1669 ὶογοῦντες.
586 1604 680 1655 Ἐκ
710 1605 819 1673 γὰρ
840 1605 948 1658 τῶν
998 1605 1164 1673 τριῶν
1213 1592 1558 1658 ὑποστάσεων
1593 1606 1815 1660 αίτιατά

237 1696 471 1751 τιθέασι.
527 1695 696 1750 Τοῦτο
742 1698 788 1750 δ’
836 1698 936 1751 οὐκ
992 1697 1059 1751 ἂν
1105 1696 1325 1760 πάντως
1381 1698 1585 1765 ελεγον,
1633 1699 1682 1750 εί
1736 1699 1810 1770 μὴ

238 1792 337 1854 τὰς
361 1790 685 1854 ὑποστάσεις
706 1790 808 1860 τὴν
860 1790 1049 1843 οὐσίαν
1098 1785 1237 1842 εἶναι
1265 1790 1361 1843 τοῦ
1396 1789 1528 1843 Θεοῦ
1557 1790 1811 1860 ἡγοῦντο,

238 1882 376 1949 ὅπερ
395 1882 542 1934 ἐστὶν
568 1881 810 1934 ἐναντίον
838 1876 919 1944 οἷς
955 1880 1331 1950 ἁδολεσχοῦσιν
1360 1880 1615 1949 ἀλλαχοῦ.
1642 1880 1812 1950 Δῆλον

238 1978 417 2029 τοίνυν
448 1977 512 2028 ἐκ
540 1974 746 2029 τούτων
781 1976 874 2027 καὶ
922 1975 1077 2029 αὐτοὶ
1126 1974 1390 2039 ποιοῦσιν,
1423 1974 1499 2037 ὼς
1553 1973 1809 2044 οὐδεμίαν

1994 785 2293 850 Praeterea,
2326 786 2494 842 etiam
2524 787 2650 857 ipsi,
2701 792 2796 859 qui
2850 792 3255 859 contradicunt,
3312 811 3508 865 opera-

1928 874 2156 942 tionem,
2190 890 2287 929 seu
2331 876 2667 943 bonitatem,
2703 894 2765 933 ac
2797 880 2962 934 vitam
3016 882 3134 947 Dei,
3164 885 3247 938 vel
3295 885 3508 940 charis-

1926 974 2076 1019 mata
2111 982 2233 1036 qua:
2258 967 2513 1023 homines
2554 985 2583 1023 a
2616 970 2727 1024 Deo
2758 972 3061 1041 accipiunt,
3098 983 3160 1029 ut
3185 986 3506 1044 operentur,

1923 1074 2046 1127 quae
2090 1074 2224 1115 sane
2272 1062 2459 1116 omnia
2501 1064 2742 1119 inereata
2794 1080 2915 1120 esse
2968 1068 3181 1133 volunt,
3232 1077 3395 1140 atque
3437 1073 3508 1124 ah

1921 1153 2159 1206 essentia
2211 1152 2456 1209 diversas
2513 1169 2601 1210 res
2652 1172 2792 1221 esse,
2851 1159 2907 1212 in
2957 1158 3072 1228 ipsa
3119 1159 3215 1213 Dei
3267 1163 3506 1216 essentia

1922 1240 2165 1297 insidere
2199 1243 2374 1305 aiunt,
2408 1254 2463 1299 et
2503 1260 2622 1300 eam
2663 1249 2858 1303 horum
2899 1266 3020 1305 esse
3062 1267 3306 1318 causam,
3360 1269 3510 1308 nunc

1929 1332 2155 1401 quidem
2190 1350 2256 1389 ex
2297 1336 2456 1391 Patre
2484 1353 2580 1406 per
2613 1339 2848 1405 Filium;
2900 1357 3048 1396 nunc
3078 1358 3212 1397 vero
3237 1360 3302 1398 ex
3346 1345 3507 1400 Patre

1921 1423 2174 1495 Filioque
2199 1442 2263 1481 ac
2295 1426 2502 1497 Spiritu
2528 1440 2719 1485 sancto
2762 1433 3137 1487 exsistentiam
3190 1436 3390 1490 habere
3423 1437 3509 1492 fa-

1921 1526 2130 1573 tentur.
2164 1519 2383 1573 Etenim
2406 1535 2472 1574 ex
2508 1522 2683 1577 tribus
2709 1522 3093 1594 hyposlasibus
3132 1536 3354 1581 causata
3382 1544 3507 1585 esse

1920 1621 2147 1663 censent
2184 1628 2197 1662 :
2230 1611 2375 1678 quod
2428 1612 2654 1666 omnino
2705 1630 2812 1667 non
2862 1615 3133 1677 dicerent,
3174 1616 3279 1671 nisi
3331 1618 3506 1688 hypo-

1918 1711 2093 1754 stases
2121 1703 2413 1755 essentiam
2462 1703 2557 1758 Dei
2605 1718 2728 1759 esse
2766 1706 3170 1773 existimarent,
3213 1711 3358 1778 quod
3419 1722 3506 1765 est

1920 1793 2256 1846 contrarium
2296 1794 2381 1847 bis
2410 1809 2530 1863 quae
2563 1796 2692 1849 alibi
2751 1798 3023 1865 garriunt.
3072 1798 3150 1853 Ex
3195 1800 3283 1856 his
3335 1802 3508 1872 igitur

1923 1886 2273 1941 manifestum
2324 1897 2428 1951 est,
2461 1890 2605 1959 quod
2658 1891 2822 1944 etiam
2874 1891 2978 1960 ipsi
3027 1894 3232 1947 nullam
3289 1906 3503 1965 ponunt

1923 1975 2294 2032 diﬂerentiam
2376 1979 2430 2034 in
2505 1982 2590 2035 his
2657 1983 3175 2051 praepositionibus,
3246 1987 3503 2041 videlicet

238 2067 500 2135 διαφορὰν
528 2068 597 2119 ἐπ
648 2067 821 2120 αὐτῶν
849 2066 961 2118 τῶν
989 2064 1300 2135 προθέσεων
1326 2066 1583 2130 τίθενται,
1620 2066 1807 2134 δηλον-

1920 2080 2142 2139 propter
2175 2071 2517 2132 identitatem
2554 2085 2718 2142 atque
2778 2075 3206 2130 indiﬂ‘erentiam
3247 2078 3503 2133 substan-

237 2160 321 2212 ότι
366 2157 453 2211 διὰ
490 2157 551 2211 τὸ
578 2158 678 2227 τῆς
700 2158 889 2221 οὐσίας
915 2160 1009 2211 καὶ
1042 2159 1141 2226 τῆς
1165 2158 1392 2228 προόδου
1417 2158 1514 2210 καὶ
1536 2156 1815 2225 ἐνεργείας

239 2251 437 2305 ταυτὸν
467 2252 565 2303 καὶ
625 2250 938 2321 ἀδιάφορον.
975 2249 1448 2320 Προσεμφαίνουσι
1478 2248 1534 2300 δὲ
1591 2249 1686 2299 καὶ
1732 2248 1814 2300 ὅτι

242 2344 335 2395 οὐκ
380 2342 616 2396 ἐπὶτῶν
680 2344 911 2395 κτιστῶν
979 2343 1144 2412 μόνον
1200 2341 1360 2412 ἡδιὰ
1414 2340 1552 2407 πρὸς
1603 2339 1701 2409 τὴν
1741 2339 1812 2392 ἐκ

240 2434 679 2504 ἀντιμεθίσταται
712 2434 772 2506 (δ
802 2435 945 2488 κατὰ
972 2437 1071 2505 τῆς
1097 2434 1203 2485 τῶν
1264 2434 1436 2502 ἁγίων
1466 2433 1622 2485 αὐτοὶ
1673 2449 1812 2503 προ-

236 2526 469 2578 τείνουσι
494 2526 861 2589 διδασκαλίας,
888 2526 1234 2591 ἀξιωσάντων
1269 2524 1578 2593 ἀδιαφορεῖν
1608 2522 1813 2585 ταύτας

234 2619 459 2670 ἐπὶτῶν
488 2618 648 2673 θείων
699 2618 907 2683 ἁπλῶς,
942 2618 1017 2681 ὼς
1084 2619 1324 2687 εἴρηται)
1351 2658 1366 2680 ,
1391 2616 1526 2669 ἀλλὰ
1576 2616 1673 2668 καὶ
1718 2612 1812 2667 ἐπὶ

234 2709 346 2761 τῶν
376 2710 647 2763 άκτίστων
680 2710 851 2773 αὑτὰς
902 2710 1205 2780 ὑποχωρεῖν
1239 2708 1497 2775 ἀλλήλαις
1534 2708 1629 2759 καὶ
1663 2706 1812 2759 ἀντι-

240 2802 617 2869 μεθίστασθαι.
649 2802 889 2855 Πειθέτω
918 2801 975 2854 δὲ
1007 2802 1204 2864 αὐτοὺς
1238 2803 1334 2854 καὶ
1361 2800 1428 2853 τὰ
1477 2797 1814 2864 ὑποδείγμα-

236 2914 324 2957 τα,
352 2890 435 2956 οἷς
454 2897 500 2947 οἱ
526 2895 836 2948 διδάσκαλοι
889 2895 1024 2963 πρὸς
1074 2892 1299 2955 ἔνδειξιν
1350 2891 1451 2959 τῆς
1513 2888 1655 2942 κατὰ
1713 2884 1809 2955 τὴν

235 2987 440 3057 Τριάδα
461 2986 569 3038 τῶν
602 2985 909 3055 προσώπων
933 2984 1160 3054 προόδου
1183 2985 1278 3036 καὶ
1308 2982 1509 3048 τάξεως
1546 2979 1810 3049 ἐχρήσαν-

235 3095 318 3139 το,
345 3072 456 3130 οἷον
475 3076 648 3147 ἥλιον,
673 3078 869 3130 ἀκτῖνα
898 3078 994 3130 καὶ
1027 3076 1160 3143 φῶς,
1184 3072 1485 3143 ὀφθαλμὸν,
1508 3071 1603 3124 καὶ
1625 3067 1808 3137 πηγὴν

1922 2160 2038 2223 tiae,
2095 2163 2597 2232 processionisque,
2651 2173 2816 2233 atque
2871 2166 3226 2234 Operationis.
3276 2168 3501 2237 Insuper

1914 2258 2096 2305 autem
2138 2251 2403 2315 indicant,
2437 2253 2584 2321 quod
2613 2268 2722 2306 non
2756 2256 2934 2308 solum
2970 2259 3022 2309 in
3044 2257 3244 2312 creatis
3277 2272 3488 2326 praepo-

1913 2343 2040 2396 sitio
2102 2358 2196 2412 per
2259 2341 2326 2395 ad
2379 2343 2819 2413 praepositionem
2875 2362 2938 2399 ea:
2997 2347 3238 2401 vicissim
3301 2351 3497 2403 transit

1914 2434 2085 2505 (quod
2121 2443 2312 2489 contra
2344 2434 2649 2489 doctrinam
2704 2446 3016 2491 sanctorum
3054 2439 3353 2509 objectant,
3402 2442 3498 2510 qui

1911 2535 2140 2580 censent
2192 2526 2291 2581 has
2340 2528 2760 2597 praepositiones
2822 2530 2875 2582 in
2928 2530 3131 2585 divinis
3172 2532 3502 2601 simpliciter

1911 2614 2046 2668 nihil
2104 2616 2307 2671 habere
2354 2617 2717 2680 discriminis,
2753 2628 2812 2671 ut
2861 2618 3067 2673 dictum
3124 2621 3251 2689 est),
3306 2636 3499 2675 verum

1911 2705 2079 2759 etiam
2111 2705 2452 2769 in,increatis
2486 2708 2581 2761 has
2612 2707 2810 2762 cedere
2855 2706 3117 2773 invicem,
3163 2718 3221 2762 et
3267 2709 3499 2763 alteram

1913 2796 1967 2849 in
1998 2796 2231 2849 alteram
2278 2797 2520 2852 vicissim
2571 2799 2828 2852 transire.
2887 2798 3261 2853 Persuadeant
3309 2809 3493 2853 autem

1911 2888 2048 2956 ipsis
2077 2886 2244 2942 etiam
2272 2890 2541 2957 exempla,
2573 2889 2777 2958 quibus
2809 2889 3063 2944 doctores
3093 2889 3160 2943 ad
3195 2890 3498 2944 ostenden-

1911 2979 2042 3033 dum
2075 2994 2414 3048 processum,
2453 2990 2510 3034 et
2551 2981 2800 3035 ordinem
2853 2998 3210 3050 personarum
3264 2984 3319 3038 in
3372 2985 3500 3038 Tri-

1908 3070 2081 3125 nitate
2113 3072 2196 3124 usi
2229 3076 2377 3138 sunt,
2405 3073 2571 3126 veluti
2605 3075 2740 3138 sole,
2768 3075 3026 3134 radio.ac
3051 3074 3172 3131 luce
3193 3094 3206 3131 :
3229 3078 3392 3130 oculo
3419 3078 3495 3139 (id

239 3176 331 3225 καὶ
352 3174 593 3241 ποταμόν
615 3187 632 3204 ο
668 3171 748 3224 ἔτι
779 3171 836 3223 δὲ
864 3170 1043 3240 πηγὴν
1070 3169 1163 3222 καὶ
1195 3167 1438 3237 ποταμὸν
1473 3165 1569 3219 καὶ
1587 3163 1804 3231 λίμνην,

1920 3171 2010 3227 εει,
2044 3163 2216 3231 prima
2246 3163 2410 3218 fontis
2435 3165 2793 3234 scaturigine)
2826 3176 2881 3221 et
2930 3167 3103 3232 fonte,
3131 3182 3195 3222 ac
3228 3166 3496 3234 ﬂumine;

236 3265 270 3330 ἢ
303 3265 477 3333 ῥίζαν,
501 3264 735 3335 καρπὸν,
762 3264 859 3317 κα)⁸
887 3262 1099 3326 κλάδον,
1134 3263 1229 3315 καὶ
1256 3262 1355 3314 ὅσα
1375 3257 1619 3313 τοιαῦτα’
1644 3256 1704 3309 ὲν
1725 3249 1806 3314 οἷς

1920 3254 2133 3323 insuper
2160 3256 2323 3307 etiam
2355 3254 2530 3322 fonte,
2566 3256 2811 3320 ﬂumine,
2842 3266 3004 3326 atque
3034 3258 3262 3326 palude;
3296 3258 3380 3312 vel
3411 3275 3499 3311 ra-

234 3324 391 3425 δῆλον
422 3324 517 3423 την
549 3324 780 3423 ὓπαρξιν
802 3352 945 3422 ἔχειν
986 3352 1044 3404 τὸ
1086 3324 1280 3421 τρίτον
1345 3352 1410 3403 ὲκ
1458 3348 1555 3401 τοῦ
1582 3348 1800 3417 πρώτου

1920 3345 2044 3407 lice,
2070 3360 2243 3409 ramo,
2263 3354 2318 3400 et
2347 3346 2548 3409 fructu,
2566 3356 2623 3401 et
2643 3324 2949 3414 similibus;
2975 3324 3249 3418 inquibus
3268 3351 3498 3405 mande-

235 3445 324 3497 διὰ
356 3443 449 3496 τοῦ
490 3444 655 3513 μέσου
692 3443 833 3496 κατὰ
864 3442 991 3512 μίαν
1022 3441 1248 3511 πρόοδον
1277 3440 1414 3510 μετὰ
1460 3441 1554 3493 καὶ
1582 3438 1673 3491 τοῦ
1706 3438 1804 3508 τὴν

238 3535 470 3603 φυσικὴν
508 3536 801 3604 συνάφειαν
833 3535 928 3586 καὶ⁵
960 3534 1188 3604 ἑνότητα
1242 3532 1375 3602 πρὸς
1434 3531 1637 3600 ἄλληλα
1668 3530 1801 3583 ἀπο-

238 3629 451 3694 σώζειν.

324 3720 446 3788 Ἀφ’
472 3714 547 3774 ὢν
589 3720 1003 3790 ὑποδειγμάτων
1036 3719 1230 3788 δήπου,
1254 3718 1352 3788 τῆς
1390 3718 1520 3787 ῦλης
1550 3717 1643 3769 καὶ
1699 3718 1806 3769 τῶν

234 3813 358 3866 κατ’
396 3813 566 3883 αὐτὴν
603 3813 984 3883 διαστημάτων
1036 3814 1133 3867 καὶ
1177 3812 1276 3879 τῆς
1339 3812 1610 3880 ἑπομένης
1669 3809 1804 3878 αὐτῇ

237 3904 411 3975 ῥοπῆς
436 3905 1078 3975 ἀφαιρουμένωνμαυτὶ
1129 3909 1239 3976 γὰρ
1294 3906 1385 3958 ἐπὶ
1435 3901 1568 3956 Θεοῦ
1624 3901 1808 3971 χώραν

234 3999 336 4050 οὐκ
368 3998 500 4066 ἔχει,
541 3997 607 4050 δι’
667 3999 702 4053 ἃ
732 3999 795 4069 δὴ
854 4001 947 4053 καὶ
993 4000 1253 4063 πολλάκις
1303 4000 1370 4051 τὰ
1434 3998 1808 4065 ὑποδείγματα

232 4088 349 4148 τοῖς
401 4086 743 4149 διδασκάλοις
810 4087 935 4139 ὅσον
999 4090 1055 4140 ὲν
1110 4088 1321 4151 τούτοις
1370 4086 1743 4157 ἀπήρεσκεν),
1781 4086 1808 4138 ό

236 4177 486 4244 περὶτῆς
516 4177 647 4246 πρὸς
681 4178 885 4247 ἄλληλα
912 4179 1116 4243 τάξεως
1173 4179 1311 4249 μετὰ
1359 4179 1458 4248 τῆς
1514 4177 1810 4246 συναφείας

234 4262 619 4316 καταλείπεται
674 4264 859 4331 λόγος·
901 4267 1061 4334 μόνος
1123 4266 1214 4317 ἐπὶ
1252 4265 1385 4317 Θεοῦ
1421 4265 1564 4318 κατὰ
1594 4267 1661 4318 τὰ
1691 4265 1810 4316 θεία

235 4355 508 4422 πρόσωπα
556 4354 929 4424 λαμόάνεσθαι
1003 4358 1316 4427 προσήκων.
1358 4357 1455 4419 ’ος
1509 4357 1667 4426 μόνος
1702 4358 1810 4411 τῶν

237 4447 415 4500 ἄλλων
446 4449 545 4502 ὅσα
575 4448 798 4501 ἕπονται
851 4451 1339 4520 παραλειπομένων
1396 4452 1488 4503 ἐπὶ
1521 4451 1658 4503 Θεοῦ
1695 4454 1810 4514 τοῖς

238 4535 416 4601 ἁγίοις
445 4538 632 4604 ἀρκεῖ·
678 4537 817 4589 ὥστε
852 4541 946 4591 καὶ
979 4538 1075 4608 τὴν
1102 4541 1347 4610 πρόοδον,
1386 4542 1480 4593 καὶ
1513 4543 1610 4610 τὴν
1634 4542 1807 4608 τάξιν,

1906 3449 2050 3493 stum
2077 3448 2181 3504 est,
2205 3439 2426 3493 tertium
2450 3439 2652 3494 habere
2676 3441 3059 3494 exsistentiam
3091 3455 3157 3495 ex
3190 3443 3368 3510 primo
3395 3457 3496 3510 per

1907 3531 2144 3585 medium
2162 3529 2460 3584 secundum
2480 3546 2640 3585 unam
2658 3532 3087 3601 processionem,
3101 3540 3311 3586 s:-rvata
3327 3532 3494 3586 simul

1906 3623 2141 3677 naturali
2170 3623 2575 3690 conjunctione,
2604 3631 2770 3692 atque
2797 3623 3003 3678 unitate
3035 3624 3102 3678 ad
3136 3624 3398 3678 invicem.

1977 3716 2056 3769 Ex
2083 3715 2285 3784 quibus
2315 3716 2581 3783 exemplis
2606 3715 2868 3768 nimirum
2910 3714 3161 3781 materia,
3189 3724 3247 3769 et
3272 3715 3487 3770 dimen-

1909 3808 2183 3873 sionibus,
2219 3818 2275 3862 et
2320 3809 2386 3863 iis
2420 3823 2543 3877 qua:
2590 3822 2711 3863 eam
2751 3817 3185 3877 consequuntur,
3218 3808 3491 3865 detractis

1914 3899 2051 3968 (hate
2107 3900 2253 3953 enim
2293 3900 2347 3954 in
2402 3900 2511 3954 Deo
2558 3899 2734 3953 locum
2792 3913 2901 3952 non
2958 3898 3185 3963 habent,
3236 3899 3310 3954 ob
3365 3915 3490 3969 qua:

1909 3973 2071 4045 etiam
2100 4006 2242 4060 saepe
2291 3990 2406 4045 haec
2430 3992 2679 4061 exempla
2732 3990 3052 4045 doctoribus
3082 3991 3261 4060 quoad
3304 3993 3489 4046 omnia

1909 4083 2326 4152 displicebant),
2370 4094 2543 4137 restat
2574 4083 2712 4135 ratio
2740 4083 2968 4148 ordinis,
2998 4082 3091 4152 qui
3125 4083 3264 4135 inter
3296 4096 3487 4152 perso-

1908 4187 2008 4226 nas
2036 4172 2100 4225 ad
2150 4172 2381 4225 invicem
2436 4180 2519 4225 est
2556 4187 2663 4225 una
2722 4187 2844 4226 cum
2894 4172 3280 4242 conjunctione
3313 4189 3326 4223 :
3363 4184 3488 4240 quae
3523 4227 3530 4235 ,

1912 4263 2050 4317 ratio
2081 4264 2194 4317 sola
2225 4264 2560 4318 conveniens
2585 4272 2690 4327 est,
2727 4272 2783 4315 ut
2834 4263 2885 4315 in
2926 4264 3036 4316 Deo
3065 4264 3364 4317 secundum
3396 4264 3486 4317 di-
3578 4306 3579 4309 η

1907 4357 2064 4411 vinas
2093 4371 2355 4425 personas
2383 4357 2705 4425 accipiatur.
2743 4357 2873 4422 Qua:
2899 4356 3011 4410 sola
3042 4356 3095 4409 in
3135 4356 3245 4409 Deo
3281 4356 3486 4411 relictis

1908 4447 2029 4499 aliis
2056 4461 2178 4515 quae
2207 4455 2535 4513 sequuntur,
2570 4446 2774 4501 sanctis
2805 4446 3131 4502 doctoribus
3172 4446 3383 4515 placet;
3424 4456 3487 4499 ut

1907 4547 1963 4592 et
1990 4552 2328 4605 processum,
2345 4546 2400 4591 et
2421 4538 2691 4603 ordinem,
2710 4553 2772 4591 ac
2788 4545 2997 4591 natura!
3017 4537 3487 4605 coniunctionem,

236 4629 328 4678 καὶ
368 4630 425 4679 τὸ
451 4631 549 4697 τῆς
577 4628 787 4696 φύσεως
814 4631 1029 4695 οἰκεῖον,
1064 4633 1186 4685 ὅσον
1217 4632 1325 4685 ἁπδ
1358 4633 1464 4687 τῶν
1491 4634 1615 4686 καθ’
1657 4635 1807 4703 ἡμᾶς

1920 4638 2173 4699 quantum
2222 4628 2339 4683 ﬁeri
2390 4639 2565 4700 potest
2607 4631 2674 4684 ab
2705 4630 2987 4697 exemplis,
3047 4630 3253 4683 nostris
3305 4628 3485 4696 expri-

236 4718 822 4792 ἐειδέχεταιπχριστᾷν,
857 4723 919 4774 Εί
971 4723 1078 4795 γὰρ
1144 4725 1278 4795 μηδὲ
1331 4728 1470 4779 κατὰ
1528 4728 1625 4794 τὴν
1658 4727 1809 4791 τάξιν

1920 4729 2091 4786 mant;
2124 4721 2167 4775 si
2204 4719 2348 4776 enim
2390 4723 2503 4776 Iure
2548 4724 2795 4791 exempla
2847 4737 3027 4791 neque
3066 4722 3133 4775 ad
3170 4720 3484 4789 exprimen-

232 4807 409 4860 ταῦτα
436 4809 717 4878 ληψόμεθα
746 4811 841 4883 τὴν
882 4814 1102 4883 πρόοδον
1128 4817 1379 4884 καθεαρῶς
1419 4819 1810 4887 ὲμφαίνουσαν,

233 4901 373 4968 μηδὲ
449 4902 548 4969 τῆς
611 4904 745 4972 πρὸς
797 4906 999 4975 ἄλληλα
1063 4908 1297 4978 σχέσεως
1345 4909 1645 4963 ὲνδεικτικὰ
1703 4912 1811 4963 τῶν

231 4991 395 5041 θείων
450 4993 755 5063 προσώπων
810 4998 1077 5067 φήσομεν,
1115 4999 1213 5050 οὐκ
1270 4994 1387 5051 οίδα
1436 5000 1488 5052 τί
1524 5001 1643 5053 ποθ’
1677 5003 1809 5072 ἡμῖν

230 5082 421 5153 ἕτερον
451 5085 606 5137 ταυτὶ
628 5086 692 5138 τὰ
718 5088 1086 5157 ὑποδείγματα
1110 5091 1374 5159 βούλεται.

816 5202 1045 5253 ΚΕΦΛΛ
1069 5242 1081 5254 .
1114 5202 1211 5256 ΙΒ¹.

235 5284 441 5363 Ὅτι-οί
467 5286 842 5363 ᾶπιοιέκᾼτής
887 5294 1101 5360 οὐσίας
1135 5294 1239 5349 τοῦ
1273 5297 1502 5363 Πατρός
1548 5299 1644 5349 καὶ
1700 5299 1806 5353 τοῦ

310 5357 443 5431 ηοῦ
483 5358 546 5410 τό
580 5360 819 5431 Πνεῦμα
848 5357 1216 5431 θεολογὸῦσι,
1271 5369 1366 5418 καί
1391 5357 1491 5419 ἔχ’
1513 5367 1619 5419 τοῦ
1671 5369 1806 5423 Υίοῦ

300 5422 609 5550 εἷιορι,θκαὶ
635 5422 949 5497 ὑπάρχειν,
994 5422 1090 5486 καί
1142 5422 1556 5506 προίέναι,καὶ
1618 5422 1799 5491 em;

300 5512 483 5550 ρευεσ
522 5513 605 5550 αι.

294 5512 605 5560 paveam“.

300 5608 509 5679 Καιρὸς
538 5611 593 5663 δὲ
624 5612 725 5684 ἤδη
754 5614 852 5668 καὶ
899 5616 958 5668 τὸ
994 5617 1059 5669 ὲκ
1113 5617 1215 5687 τῆς
1272 5621 1458 5685 οὐσίας
1507 5621 1643 5678 εἶναι
1703 5625 1798 5680 τοῦ

226 5699 447 5769 Πατρδς
472 5703 564 5756 καὶ
598 5704 691 5758 τοῦ
728 5705 857 5761 Υίοῦ
889 5706 948 5763 τὸ
982 5709 1200 5781 Πνεῦμα
1252 5712 1313 5767 τὸ
1364 5716 1537 5784 ἅγιον,
1566 5720 1702 5791 ὅπερ
1725 5722 1799 5785 ὼς

1909 4812 2037 4863 dum
2058 4810 2332 4875 ordinem,
2359 4810 2449 4878 qui
2477 4825 2790 4878 processum
2815 4811 2961 4864 clare
2984 4809 3207 4870 indicat,
3234 4820 3481 4874 sumpse-

1909 4903 2103 4956 rimus.
2140 4900 2326 4969 Neque
2360 4902 2611 4955 dicemus
2637 4916 2780 4965 esse,
2810 4916 2929 4969 quae
2953 4899 3261 4953 divinarum
3295 4911 3481 4965 perso-

1908 5008 2099 5045 narum
2133 4994 2275 5047 inter
2301 5008 2358 5047 se
2390 4994 2709 5048 relationem
2746 4993 3087 5062 signiﬁcent,
3115 4992 3305 5045 nescio
3342 4988 3478 5057 quid

1912 5082 2131 5137 tandem
2161 5082 2307 5137 aliud
2334 5083 2436 5137 ista
2468 5084 2713 5153 exempla
2760 5085 2917 5139 nobis
2950 5084 3258 5153 exprimere
3283 5082 3476 5137 velint.

2502 5198 2727 5255 CAPUT
2760 5200 2876 5255 XII.

1906 5312 2054 5377 Quod
2087 5315 2257 5367 sancti
2304 5330 2366 5366 ex
2415 5316 2707 5369 substantia
2738 5315 2917 5369 Patris
2958 5324 3006 5369 et
3050 5315 3179 5370 Filii
3219 5315 3475 5384 Spiritum

1975 5394 2215 5436 sanctum
2242 5401 2347 5437 esse
2390 5385 2669 5452 theologice
2704 5386 2985 5447 disserunt,
3015 5396 3061 5438 et
3092 5402 3153 5439 ex
3187 5386 3316 5439 Filio
3347 5404 3477 5452 csse,

1979 5402 2215 5436 sanetum
2242 5402 2347 5437 esse
2390 5402 2558 5438 mento
2596 5402 2669 5438 tce
2704 5402 2985 5447 disserunt,
3015 5402 3061 5438 et
3092 5402 3153 5439 ex
3187 5402 3217 5438 ι*

1979 5463 2137 5522 atque
2155 5454 2420 5518 exsistere,
2450 5402 2808 5525 proﬁciscique
2840 5465 2888 5509 et
2926 5460 3222 5525 procedere.

1976 5633 2095 5688 Jam
2134 5648 2263 5688 vero
2313 5642 2527 5704 tempus
2579 5643 2684 5701 est,
2736 5651 2803 5691 ex
2868 5636 3183 5692 doctoribus
3242 5638 3475 5708 probare

1908 5723 2175 5794 Spiritum
2226 5736 2473 5782 sanctum
2508 5742 2574 5782 ex
2604 5728 2905 5785 substantia
2934 5745 3055 5786 esse
3090 5731 3268 5788 Patris
3296 5744 3352 5790 et
3389 5735 3481 5789 Fi-
