3862 6220
477 266 587 331 935

476 385 538 439 lii
574 383 740 456 (quod
778 390 1036 453 tanquam
1076 380 1390 438 confessum
1423 386 1707 446 acceptum
1744 376 1852 443 est)
1889 386 1945 429 et
1985 389 2050 429 ex

478 475 601 543 ipso
633 474 817 541 (Filio)
862 489 1003 537 esse,
1050 482 1213 542 atque
1264 469 1553 535 exsistere,
1580 467 1961 538 prnﬁciscique
1990 476 2049 519 et

477 564 795 633 procedere.
829 572 950 633 post
986 563 1096 617 haec
1142 561 1561 616 convenientem
1615 562 1775 615 linem
1831 559 2049 614 habebit

476 665 663 710 nostra
701 658 900 708 oratio.
923 654 1205 724 Principio
1230 653 1395 723 igitur
1427 653 1585 707 divus
1617 652 1851 723 Cyrillus
1873 652 1929 706 in
1959 667 2048 706 se-

478 745 659 800 cundo
692 745 835 799 libro
864 745 1273 810 Thesaurorum,
1314 744 1368 797 in
1400 759 1513 798 uno
1558 760 1625 797 ex
1662 743 1937 812 capitibus
1968 744 2048 798 sic

477 836 892 905 inscriptionem
927 836 1057 891 facit
1094 853 1108 890 :
1151 854 1170 887 ι
1226 834 1378 899 Quod
1418 850 1481 889 ea:
1525 836 1823 890 substantia
1870 836 2049 891 Patris

477 947 543 983 ac
568 928 695 983 Filii
724 927 956 997 Spiritus
982 936 1221 982 sanctus.
1244 926 1396 993 Quod
1428 928 1472 981 si
1518 925 1759 995 idipsum
1805 927 2050 997 proposi-

478 1030 592 1074 tum
624 1029 711 1075 est
738 1019 869 1090 ipsi,
913 1020 1263 1074 manifestum
1297 1030 1400 1084 est.
1449 1019 1596 1089 quod
1645 1018 1840 1073 thesim
1890 1020 2048 1074 valde

474 1098 770 1166 admittens
802 1112 919 1165 vult
962 1127 1083 1166 eam
1115 1110 1464 1165 concludere.
1496 1110 1673 1178 Atque
1714 1110 1769 1163 in
1800 1111 1919 1179 ipso
1958 1126 2049 1165 ea-

474 1202 673 1271 pitulo,
707 1203 853 1271 quod
904 1202 977 1255 ita
1030 1201 1371 1265 inscribitur,
1404 1200 1526 1255 ait:
1572 1218 1590 1251 ι
1632 1200 1899 1265 Quoniam
1944 1201 2047 1271 igi-

477 1306 567 1350 tur
595 1295 831 1365 Spiritus
856 1304 1079 1350 sanctus
1114 1310 1237 1349 cum
1276 1295 1329 1347 in
1376 1294 1538 1348 nobis
1582 1293 1767 1358 fuerit,
1826 1292 2046 1347 confor-

477 1400 592 1440 mes
624 1400 725 1439 nos
757 1384 867 1438 Deo
899 1383 1060 1449 facit;
1092 1382 1461 1453 proficiscitur
1490 1394 1671 1437 autem
1702 1373 1770 1437 ex
1798 1382 1958 1438 Patre
1984 1397 2048 1438 ac

476 1476 635 1537 Filio,
666 1477 872 1529 clarum
906 1487 1012 1537 est,
1040 1476 1182 1544 quod
1218 1476 1413 1529 divinae
1461 1475 1534 1530 sit
1576 1474 1914 1538 substantiae,
1962 1490 2051 1529 es-

474 1567 782 1621 sentialiter
829 1567 884 1620 in
926 1567 1065 1636 ipsa,
1095 1575 1149 1620 et
1173 1581 1237 1620 ex
1272 1567 1388 1636 ipsa
1421 1566 1701 1634 prodiens.
1749 1584 1770 1617 ν
1834 1567 2048 1622 Rursus

476 1656 531 1709 in
564 1656 758 1709 eodem
785 1669 908 1724 cap.
942 1672 957 1710 :
996 1673 1015 1706 ι
1056 1654 1318 1724 Proprius
1335 1664 1420 1709 est
1456 1667 1636 1709 autem
1674 1655 1917 1723 Spiritus
1952 1656 2044 1711 Εἰς

475 1745 560 1808 lii,
595 1753 761 1814 atque
806 1759 913 1799 non
968 1745 1039 1799 ab
1093 1752 1246 1799 extra
1312 1746 1515 1799 illatus.
1558 1763 1577 1797 ι
1619 1747 1942 1817 Rursusque
1992 1747 2047 1801 in

474 1837 583 1889 alio
634 1852 755 1906 cap.
796 1854 810 1890 :
847 1854 866 1890 ι
898 1837 1133 1892 Necesse
1162 1845 1245 1891 est
1270 1835 1423 1891 fateri
1459 1835 1723 1906 Spiritum
1758 1839 1933 1906 ipsum
1981 1852 2048 1892 ex

475 1929 778 1984 substantia
810 1929 931 1984 Filii
956 1944 1019 1984 ac
1052 1929 1142 1983 Dei
1166 1930 1450 1994 exsistere,
1471 1944 1594 1982 cum
1629 1944 1844 1983 omnem
1878 1930 2048 1999 ipsius

408 2024 413 2031 '
473 2034 599 2089 cum
622 2020 940 2088 potentiam,
960 2030 1070 2073 tum
1093 2021 1459 2089 Operationem
1486 2019 1700 2073 habeat.
1723 2038 1741 2070 ι
1767 2020 1975 2075 Rursus
1993 2020 2047 2074 iu

474 2112 617 2166 alio:
660 2130 678 2161 ι
718 2110 887 2180 Igitur
911 2125 979 2166 ex
1009 2112 1308 2165 substantia
1332 2111 1451 2165 Filii
1486 2111 1724 2180 Spiritus
1753 2124 1992 2168 sanctus.
2020 2131 2040 2165 ι

545 2202 811 2256 Praeterea
845 2202 987 2257 idem
1027 2205 1085 2257 in
1114 2203 1457 2271 expositione
1498 2204 1551 2256 in
1586 2202 1932 2273 Evangelium
1961 2221 2049 2261 se-

472 2294 712 2347 cundum
746 2294 1011 2349 Joannem
1048 2295 1103 2348 in
1138 2293 1269 2348 illud
1302 2295 1505 2348 dictum
1542 2312 1556 2349 :
1595 2312 1617 2344 s
1658 2294 1727 2348 Et
1766 2296 1902 2349 Deus
1933 2304 2048 2351 erat

480 2386 737 2442 Verbum:
770 2407 787 2439 ι
822 2386 939 2441 Non
968 2402 1098 2457 ergo
1127 2387 1305 2442 minor
1333 2396 1439 2453 est,
1489 2388 1583 2457 qui
1621 2388 1868 2443 eamdem
1919 2404 2049 2460 ope-

474 2481 745 2535 rationem
771 2496 896 2536 cum
933 2482 1092 2537 Patre
1121 2481 1365 2552 perfecto
1391 2483 1575 2549 habet,
1608 2483 1796 2539 vivens
1829 2492 1885 2538 et
1916 2485 2049 2539 sub-

475 2571 699 2635 sistens,
740 2572 1198 2640 quemadmodum
1243 2588 1373 2629 sane
1400 2583 1456 2629 et
1481 2574 1597 2642 ipse
1623 2575 1805 2630 Pater.
1834 2576 2046 2630 Rursus

475 2663 620 2717 idem
648 2664 702 2716 in
734 2664 922 2717 eadem
954 2664 1293 2733 expositione
1332 2666 1385 2719 in
1429 2666 1563 2721 illud
1603 2684 1617 2720 :
1648 2665 1716 2719 Et
1740 2683 1834 2738 ego
1856 2668 2047 2738 rogabo

478 2752 721 2817 Patrem,
772 2763 821 2807 et
864 2754 1028 2807 alium
1067 2755 1404 2810 Paracletum
1439 2757 1583 2812 dabit
1624 2758 1763 2812 vobis
1797 2774 1817 2813 :
1854 2777 1873 2810 ι
1908 2759 2044 2814 Cum

474 2846 621 2900 enim
659 2847 754 2901 Dei
780 2855 843 2901 et
876 2845 1054 2901 Patris
1087 2849 1417 2903 naturalium
1465 2850 1733 2905 bonorum
1779 2852 2046 2907 essentia-

474 2938 605 2993 liter
633 2937 805 2994 Filius
834 2939 905 2992 sit
930 2938 1222 3008 particeps,
1277 2938 1438 2993 habet
1486 2939 1753 3006 Spiritum
1803 2942 1870 2995 ad
1919 2958 2046 2996 eum

1746 256 2123 319 DEMETRII
2158 258 2466 319 CYDJNII

3568 266 3646 330 936

2079 381 2127 441 Α
2154 375 2587 446 ὁμολογούμενον
2642 374 2915 447 εἴληπται,
2951 380 3049 435 καὶ
3111 380 3170 446 ἐξ
3202 382 3357 437 αὑτοῦ
3405 381 3541 450 εἶναι,
3579 389 3645 443 καὶ

2151 467 2440 537 ὑπάρχειν,
2465 469 2559 521 καὶ
2611 469 2885 535 προϊέναι,
2938 472 3032 526 καὶ
3081 474 3451 545 ἐκπορεύεσθαι
3479 480 3533 532 ὲκ
3571 481 3645 535 τῶν

2149 558 2481 612 διδασκάλων
2514 561 2884 630 παραστῆσαι,
2930 563 3025 617 καὶ
3080 567 3217 634 μετὰ
3265 567 3407 622 ταῦθ’
3444 571 3553 639 ἡμῖν
3567 574 3645 636 ἕξει

2149 648 2302 711 τέλος
2327 647 2388 702 τὸ
2418 651 2695 722 προσῆκον
2726 653 2756 706 6
2808 653 2990 721 λόγος.
3040 657 3246 711 Αὐτίκα
3294 660 3506 715 τοίνυνὸ
3547 663 3645 727 θείας

2150 737 2419 809 Κύριλλος
2455 741 2519 793 ιν
2584 740 2663 812 τῷ
2709 741 2757 812 β’
2804 740 2917 796 τῶν
2974 746 3306 815 Θησαυρῶν
3347 748 3424 817 ἐφ’
3467 750 3537 804 ἑνὶ
3573 753 3645 806 τῶν

2128 830 2463 913 *κεφαλαίων
2489 830 2633 886 οὕτω
2676 832 2776 903 τὴν
2832 836 3145 907 ἐπιγραφὴν
3194 841 3447 895 rotetur
3478 841 3647 898 Ὀτιέκ

2149 919 2259 989 τῆς
2286 920 2509 987 οὐσίας
2543 923 2653 978 τοῦ
2682 925 2915 993 Πατρός
2943 927 3041 980 καὶ
3065 928 3172 983 τοῦ
3210 929 3343 983 Υἱοῦ
3365 930 3426 985 τὸ
3467 933 3649 1001 Πνεῦμα

2150 1014 2217 1066 τὸ
2251 1015 2441 1080 ἅγιον.
2475 1017 2536 1070 Ei
2558 1017 2615 1071 δὲ
2644 1019 2779 1072 αὑτὸ
2794 1020 2956 1075 τοῦτο
2996 1024 3278 1091 πρόκειται
3326 1025 3480 1096 αὐτῷ,
3517 1028 3647 1097 δῆλον,

2149 1108 2231 1161 ὅτι
2254 1108 2355 1177 τὴν
2394 1108 2545 1163 θέσιν
2570 1110 2667 1164 καὶ
2720 1114 2861 1167 πάνυ
2882 1115 3188 1185 δεχόμενος,
3225 1116 3460 1186 βούλεται
3497 1137 3653 1188 suptu-

2152 1199 2358 1268 ραίνειν
2381 1214 2396 1231 ·
2432 1200 2524 1253 καὶ
2552 1201 2611 1253 ὲν
2643 1202 2793 1273 αὑτῷ
2816 1205 2914 1258 καὶ
2959 1206 3037 1276 τῷ
3069 1206 3241 1271 οὕτως
3296 1210 3651 1280 ἐπιγραφομένῳ

2151 1290 2434 1359 κεφαλαίῳ
2467 1293 2633 1362 φησιν
2655 1311 2673 1329 ⁸
2707 1315 2727 1349 ι
2757 1296 2911 1349 Ἐπεὶ
2938 1298 3116 1352 τοίνυν
3139 1300 3199 1353 τὸ
3227 1300 3440 1367 Πνεῦμα
3470 1301 3523 1354 τὺ
3543 1302 3654 1369 ἅγιον

2151 1378 2209 1432 ὲν
2242 1380 2373 1447 ἡμῖν
2427 1383 2714 1451 γινόμενον
2778 1387 3145 1460 συμμόρφους
3178 1391 3325 1459 ἡμᾶς
3377 1391 3653 1445 ἀποδεικνύει

2151 1467 2311 1532 Θεοῦ,
2342 1472 2560 1540 πρόεισι
2580 1474 2638 1527 δὲ
2660 1476 2724 1527 ἐκ
2754 1476 2971 1547 Πατρὸς
3019 1480 3113 1533 καὶ
3167 1480 3319 1544 Υἱοῦ,
3349 1482 3577 1551 πρόδηλον
3598 1485 3653 1537 ὅτι

2151 1559 2246 1628 τῆς
2268 1560 2418 1647 θείας
2438 1564 2587 1616 ἐστὶν
2607 1566 2816 1630 οὑσίας,
2833 1569 3103 1632 οὑσωδὼς
3125 1572 3185 1625 ἂν
3206 1571 3340 1642 αὐτῇ
3369 1575 3454 1627 καὶ
3468 1573 3520 1637 ἐξ
3533 1574 3654 1643 αὐτῆς

2151 1650 2356 1718 προῖόν.
2389 1670 2408 1703 ν
2430 1653 2600 1707 Πάλιν
2626 1658 2683 1709 ἐν
2704 1657 2854 1727 αὑτῷ
2873 1674 2890 1692 ⁸
2921 1676 2941 1711 ι
2971 1660 3131 1715 Ἴδιον
3148 1663 3209 1714 δὲ
3232 1663 3439 1726 πάντως
3458 1665 3510 1716 τὸ
3538 1663 3656 1717 Πνεῦ-

2080 1729 2121 1783 B
2155 1759 2229 1811 μα
2256 1743 2347 1797 τοῦ
2381 1745 2533 1811 Υίοῦ,
2563 1748 2659 1802 καὶ
2685 1750 2788 1804 οὐκ
2820 1751 3022 1816 ἔξωθεν
3074 1755 3335 1810 ἐπακτόν.
3370 1775 3390 1808 ν
3416 1758 3510 1810 Καὶ
3536 1758 3657 1810 πάλιν

2152 1835 2209 1889 ἐν
2231 1836 2376 1906 ἄλλῳ
2405 1859 2423 1889 ι
2447 1836 2688 1911 Ἀνάγκη
2713 1842 2774 1895 τὸ
2788 1843 3014 1902 Πνεῦμα
3038 1848 3102 1901 ὲκ
3131 1847 3233 1915 τῆς
3255 1848 3433 1911 οὐσίας
3456 1849 3656 1919 ὑπάρχειν

2151 1927 2433 1997 ὁμολογεῖν
2457 1931 2588 1983 αὐτὸ
2622 1932 2724 2001 τῆς
2758 1934 2854 1987 τοῦ
2884 1934 3012 1988 Υίοῦ
3042 1937 3137 1990 καὶ
3157 1937 3317 2005 Θεοῦ,
3351 1940 3511 1993 πᾶσαν
3538 1938 3655 1993 αὑτοῦ

2148 2019 2249 2086 τήν
2295 2036 2353 2072 τε
2398 2020 2627 2091 δύναμιν
2666 2025 2763 2077 καὶ
2790 2025 3069 2096 ἐνέργειαν
3096 2027 3245 2098 ἔχον.
3275 2047 3292 2080 ι
3328 2030 3432 2087 Καὶ
3459 2029 3589 2083 πάλιν
3616 2030 3657 2080 ἐν

2150 2109 2318 2178 ἄλλῳ,
2341 2129 2360 2163 ι
2390 2111 2596 2167 Οὐκοῦν
2630 2115 2695 2168 ὲκ
2719 2116 2817 2186 τῆς
2844 2116 3032 2180 οὐσίας
3061 2119 3155 2172 τοῦ
3181 2119 3313 2173 Υίοῦ
3344 2121 3401 2174 τὸ
3428 2121 3651 2181 liniue.»

2223 2201 2343 2255 Ἔτι
2395 2203 2423 2255 6
2480 2204 2642 2268 αὐτὸς
2692 2207 2751 2258 ὲν
2803 2209 2871 2277 τῇ
2931 2209 3201 2280 ἑρμηνείᾳ
3229 2209 3322 2263 τοῦ
3370 2210 3498 2263 κατά
3526 2209 3658 2262 Ἰωάνα

2148 2307 2266 2360 νην,
2288 2292 2371 2354 εις
2399 2293 2461 2345 τὸ
2482 2294 2645 2364 ῥητὸν
2698 2296 2781 2361 τὸ,
2816 2298 2925 2352 Καὶ
2964 2297 3109 2365 Θεὸς
3154 2296 3236 2368 ἦν
3256 2302 3291 2353 ό
3320 2300 3508 2369 Λόγος,
3542 2317 3559 2351 ι
3580 2300 3658 2351 Οὐκ

2147 2382 2255 2452 ἄρα
2313 2384 2552 2438 ἐλάττων
2609 2388 2760 2441 ἐστὶν
2806 2390 2836 2441 6
2888 2389 2986 2457 τὴν
3028 2390 3200 2460 αὑτὴν
3258 2392 3516 2462 ἐνέργειαν
3560 2392 3660 2460 ἔχων

2158 2475 2237 2543 τῷ
2270 2476 2460 2546 τελείῳ
2496 2479 2690 2549 Πατρὶ,
2748 2480 2843 2533 καὶ
2893 2480 2954 2532 τὸ
3001 2479 3094 2534 τοῦ
3123 2483 3469 2553 γεννήσαντος
3494 2483 3660 2550 Πνεῦμα

2148 2568 2362 2637 φύσεως
2394 2570 2529 2632 ἰδίας
2561 2569 2701 2640 ἔχων
2723 2572 2950 2638 ἀγαθὸν,
2991 2571 3101 2638 ζῶν
3127 2591 3191 2628 τε
3221 2577 3317 2629 καὶ
3374 2577 3657 2637 νυπόσταιον,

2147 2660 2337 2731 ὥσπερ
2384 2659 2477 2713 οῦν
2527 2661 2723 2728 ἀμέλει
2752 2662 2847 2716 καὶ
2896 2665 2924 2715 6
2974 2664 3191 2735 Πατήρ.
3233 2684 3253 2717 ν
3289 2666 3449 2721 Πάλιν
3485 2668 3509 2718 6
3545 2665 3659 2723 aM;

2149 2751 2207 2804 ὲν
2262 2754 2326 2821 τῇ
2387 2753 2651 2822 ἑρμηνείᾳ
2683 2754 2764 2816 είς
2822 2756 2904 2820 τὸ,
2932 2754 3104 2824 Κάγὼ
3140 2757 3417 2825 ἐρωτήσω
3454 2758 3547 2812 τὸν
3582 2760 3662 2810 Παρ

2149 2842 2309 2914 τέρα,
2340 2844 2442 2897 καὶ
2477 2844 2672 2898 ἄλλον
2701 2844 3099 2915 Παράκλητον
3132 2847 3318 2903 δώσει
3351 2848 3511 2919 ὑμῖν·
3544 2846 3661 2900 ιΊῶν

2147 2938 2257 3005 γὰρ
2312 2932 2407 2987 τοῦ
2459 2933 2597 2988 Θεοῦ
2646 2938 2739 2989 καὶ
2788 2938 3002 3009 Πατρὸς
3051 2942 3304 3007 φυσικῶν
3366 2938 3559 3009 ἀγαθῶν
3603 2938 3661 2988 οὐ·

478 3033 726 3097 modum,
757 3031 1058 3086 secundum
1104 3045 1265 3100 quem
1313 3029 1540 3100 intelligi
1570 3039 1751 3100 potest
1775 3040 1830 3087 et
1864 3033 2045 3099 Pater,

2156 3024 2362 3088 σιωδῶς
2402 3027 2660 3097 ὑπάρχων
2684 3029 2715 3082 6
2769 3027 2899 3092 Υἱὸς
2943 3030 3227 3097 κοινωνὸς,
3286 3031 3395 3103 ἔχει
3420 3029 3475 3083 τὸ
3498 3027 3661 3095 Πνεῦμα

480 3144 600 3183 non.
622 3127 930 3189 inductum,
968 3140 1143 3196 neque
1174 3126 1242 3180 ab
1269 3133 1451 3190 extra;
1482 3125 1692 3179 fatuum
1716 3125 1919 3197 quippe
1936 3135 2044 3193 est,

477 3219 611 3289 quin
644 3219 832 3287 potius
867 3217 1120 3271 insanum
1161 3218 1235 3271 ita
1265 3216 1493 3271 sentire.
1541 3214 1744 3271 Verum
1789 3229 1849 3272 ut
1897 3219 2049 3289 quis.

470 3324 590 3378 \qne
616 3318 865 3363 nostrum
900 3308 1179 3377 proprium
1208 3307 1264 3362 in
1300 3320 1360 3362 se
1404 3308 1652 3363 continet
1682 3310 1958 3378 spiritum,
1991 3319 2048 3366 et

476 3408 603 3450 eum
626 3409 694 3449 ex
714 3394 921 3449 intimis
943 3394 1243 3449 visceribus
1267 3394 1414 3449 foras
1433 3394 1682 3461 eﬂ'undit,
1708 3397 1779 3451 ob
1807 3398 1861 3451 id
1879 3397 2047 3453 etiam

477 3485 734 3540 Christus
780 3487 1146 3556 corporaliter
1190 3500 1317 3541 eum
1364 3485 1686 3553 insulﬂavit,
1730 3491 2048 3556 ostendens,

479 3578 627 3647 quod
658 3577 1121 3647 quemadmodum
1152 3593 1219 3633 ex
1246 3593 1341 3633 ore
1374 3579 1612 3635 humano
1656 3582 1906 3650 procedit
1940 3582 2052 3652 spi-

481 3670 626 3725 ritus
648 3670 1030 3739 eorporaliter,
1062 3671 1144 3724 sic
1172 3670 1337 3725 etiam
1376 3685 1443 3725 ex
1470 3670 1794 3738 substantia,
1841 3673 1932 3743 qui
1982 3688 2049 3728 ex

481 3761 603 3831 ipsa
636 3770 741 3822 est,
779 3760 1083 3817 edunditur
1128 3760 1390 3829 Spiritus,
1441 3769 1502 3815 ut
1530 3762 1700 3816 Deum
1734 3763 1913 3819 decet.
1946 3764 2051 3820 lte-

483 3867 606 3907 rum
652 3852 794 3907 idem
822 3853 879 3905 in
927 3851 1269 3906 orationibus
1315 3851 1614 3907 secundum
1661 3853 2048 3923 interrogatio-

482 3958 608 3998 nem
659 3952 716 3998 et
749 3944 1163 4012 responsionem
1202 3942 1270 3996 ad
1300 3942 1598 3997 Palladium
1632 3958 1801 4013 prope
1845 3944 2050 4014 princi-

483 4033 635 4103 pium
667 4050 682 4087 :
714 4052 733 4084 ι
764 4032 1040 4087 Mutabilis
1067 4040 1248 4084 autem
1291 4047 1634 4101 nequaquam
1674 4032 1912 4102 Spiritus
1943 4044 2047 4102 est,

482 4123 569 4177 vel
616 4121 661 4176 si
691 4122 795 4176 hoc
822 4121 1014 4175 morbo
1049 4120 1371 4176 mutationis
1410 4122 1639 4190 laborat,
1674 4124 1729 4178 in
1758 4126 1929 4195 ipsam
1966 4128 2050 4184 di-

396 4262 399 4263 .
481 4214 663 4268 vinam
697 4219 946 4266 naturam
970 4221 1218 4266 recurret
1251 4214 1628 4283 reprehensio.
1654 4214 1934 4286 Siquidem
1966 4228 2051 4276 est

484 4306 584 4360 Dei
612 4313 669 4360 et
694 4304 894 4369 Patris,
927 4305 1059 4373 quin
1085 4304 1249 4360 etiam
1284 4305 1426 4367 Filii.
1457 4306 1552 4374 qui
1582 4308 1948 4365 essentialiter
1981 4327 2049 4367 ex

2152 3117 2292 3173 κατὰ
2350 3117 2540 3171 τοῦτον
2589 3119 2680 3173 τὸν
2719 3121 2963 3190 τρόπον,
3032 3124 3157 3175 καθ’
3236 3125 3396 3193 ὅνπερ
3440 3122 3499 3176 ἂν
3540 3120 3660 3173 νοοῖτο

2149 3211 2292 3265 καὶὸ
2345 3210 2557 3283 Πατὴρ,
2624 3214 2723 3267 οὑκ
2787 3215 3046 3280 ἐπακτὸν,
3108 3216 3222 3268 οὐδ’
3281 3216 3483 3280 ἔξωθεν,
3517 3210 3658 3279 εὔηθες

2145 3303 2277 3372 γὰρ,
2332 3305 2536 3372 μᾶλλον
2593 3305 2651 3357 δὲ
2702 3307 2933 3375 μανικὸν
3002 3308 3062 3360 τὸ
3111 3308 3261 3362 οὕτω
3308 3309 3537 3379 φρονεῖν’
3582 3299 3658 3356 ἀλλ’

2147 3393 2334 3466 ὥσπερ
2403 3398 2498 3450 καὶ
2574 3396 2731 3467 ἡμῶν
2802 3398 3032 3463 ἕκαστος
3096 3399 3160 3453 τὸ
3232 3402 3362 3454 ῐδιον
3426 3400 3477 3451 ἐν
3533 3392 3660 3461 ἑαυτῷ

2148 3488 2365 3557 πνεῦμα
2409 3489 2643 3558 συνέχει,
2678 3491 2771 3543 καὶ
2804 3491 2872 3543 ὲκ
2921 3491 3031 3544 τῶν
3081 3491 3379 3546 ὲνδοτάτων
3408 3489 3659 3556 σπλάγχνων

2151 3579 2233 3639 εἰς
2276 3578 2337 3631 τὸ
2385 3576 2490 3642 ἔξω
2528 3578 2786 3649 προχέει·
2812 3579 2900 3633 διά
2938 3598 3018 3633 τοι
3046 3580 3211 3634 τοῦτο
3236 3583 3347 3652 ,καὶ
3402 3574 3657 3649 σωματικῶς

2149 3666 2281 3720 αὑτὸ
2329 3669 2660 3738 ἐνεφύσησεν
2688 3672 2716 3723 6
2762 3670 3015 3739 Χριστὸς,
3060 3671 3281 3733 δεικνὺς
3309 3673 3389 3724 ὅτι
3433 3668 3657 3731 καθώσπερ

2148 3761 2213 3813 ὲκ
2245 3757 2340 3812 τοῦ
2374 3760 2638 3831 στόματος
2669 3760 2763 3814 τοῦ
2784 3760 3124 3832 ἀνθρωπίνου
3176 3765 3388 3835 πρόεισι
3417 3762 3470 3815 τὸ
3500 3757 3660 3824 πνεῦμα

2150 3850 2500 3919 σωματικῶς,
2558 3849 2701 3903 οὕτω
2759 3850 2853 3903 καὶ
2906 3852 2969 3903 ὲκ
3018 3850 3117 3919 τῆς
3179 3852 3365 3917 οὐσίας
3413 3845 3658 3916 Occupat»;

2150 3942 2432 4009 προχεῖται
2454 3940 2513 3992 τὸ
2539 3941 2599 4003 ἐξ
2622 3941 2816 4009 αὑτῆς.
2842 3940 3041 3993 ιΗάλιν
3067 3941 3095 3993 6
3123 3942 3292 4006 αὐτὸς
3342 3944 3396 3994 ἐν
3449 3942 3540 4000 τοῖς
3565 3932 3658 4002 “tibi

2151 4027 2445 4081 Παλλάδιον
2477 4028 2618 4081 κατὰ
2650 4027 2842 4080 πεῦσιν
2871 4029 2964 4081 καὶ
2981 4031 3280 4100 ἀπόκρισιν
3296 4031 3462 4099 λόγοις
3491 4028 3659 4094 Enim

2148 4120 2246 4190 τῆς
2275 4120 2449 4189 ἀρχῆς
2470 4133 2485 4149 ⁸
2512 4136 2531 4171 ι
2558 4118 2802 4188 Τρεπτδν
2829 4119 2884 4173 δὲ
2907 4119 3052 4174 οῦτοι
3085 4138 3190 4175 που
3216 4120 3279 4174 τὸ
3301 4119 3504 4190 Πνεῦμὰ
3526 4119 3655 4167 ἐστιν’

2151 4209 2369 4280 ἢεῖπερ
2423 4210 2485 4262 τὸ
2533 4210 2828 4279 τρέπεσθαι
2869 4215 3035 4277 νοσεῖ,
3088 4214 3179 4265 ἐπ’
3236 4214 3403 4283 αὑτὴν
3447 4215 3473 4265 6
3522 4209 3657 4280 μῶμθς

2152 4301 2252 4371 τὴν
2282 4300 2430 4354 θείαν
2460 4301 2852 4372 ἀναδραμεῖτιι
2876 4302 3058 4372 φύσιν,
3104 4305 3268 4377 εἴπερ
3311 4307 3422 4359 ἐστὶ
3451 4301 3531 4355 τοῦ
3563 4293 3655 4350 Θεῡῦ

482 4395 773 4460 ambobus,
804 4395 857 4449 id
887 4406 992 4459 est,
1036 4410 1100 4449 ex
1146 4395 1305 4450 Patre
1352 4410 1449 4465 per
1501 4394 1703 4450 Filium
1749 4397 2049 4455 en‘unditur

2155 4392 2247 4444 καὶ
2284 4390 2516 4462 Πατρὸς,
2542 4393 2637 4445 καὶ
2667 4392 2773 4464 μὴν
2799 4394 2891 4447 καὶ
2919 4394 3012 4448 τοῦ
3071 4394 3208 4449 Υίοῦ
3234 4397 3295 4449 τὸ
3349 4391 3582 4451 οὑσιωδῶς
3618 4384 3657 4447 ἓξ

482 4487 747 4556 Spiritus.
792 4486 997 4540 lterum
1048 4485 1189 4539 idem
1218 4484 1272 4538 in
1310 4485 1539 4553 epistola
1571 4486 1726 4540 tertia
1758 4486 1827 4541 ad
1856 4488 2051 4543 Nesto-

488 4579 653 4646 rium,
684 4579 839 4649 cujus
867 4576 1107 4642 initium,
1136 4575 1415 4631 Saluatore
1435 4584 1612 4631 nostra
1644 4580 1866 4643 dicente,
1894 4597 1913 4629 ι
1949 4578 2051 4645 ριιὶ

438 4737 457 4745 _
484 4681 632 4725 amat
668 4666 990 4740 patrem.vel
1010 4674 1231 4722 matrem
1260 4686 1282 4719 :
1319 4686 1337 4719 ι
1375 4665 1439 4718 Et
1487 4666 1533 4719 si
1588 4667 1734 4720 enim
1780 4667 1833 4721 in
1886 4669 2055 4738 hypo-

483 4763 621 4818 stasi
668 4760 888 4830 propria
915 4769 999 4815 est
1030 4759 1289 4829 Spiritus,
1331 4767 1388 4813 et
1418 4755 1580 4811 etiam
1612 4757 1932 4828 intelligitur
1956 4773 2055 4828 per

484 4870 566 4916 se,
597 4862 870 4922 quatenus
897 4859 981 4906 est
1027 4849 1285 4920 Spiritus,
1327 4856 1382 4903 et
1418 4863 1525 4902 non
1562 4858 1644 4903 est
1674 4847 1880 4913 Filius;
1915 4848 2056 4903 nihi-

487 4946 725 5000 lominus
756 4960 861 4998 non
896 4952 983 4998 est
1031 4941 1244 4996 alienus
1277 4939 1345 4994 ab
1401 4941 1556 5009 ipso;
1611 4939 1849 5009 Spiritus
1906 4941 2052 4995 enim

485 5037 732 5093 veritatis
759 5036 1069 5091 nominatus
1090 5041 1172 5087 est
1198 5049 1214 5099 ;
1257 5046 1418 5100 porro
1442 5029 1693 5085 Christus
1721 5037 1804 5085 est
1830 5031 2054 5100 veritas,

483 5140 539 5183 et
568 5130 636 5183 ab
668 5129 786 5198 ipso
818 5127 1142 5192 eﬂunditur,
1194 5140 1304 5181 non
1347 5123 1506 5178 aliter
1532 5122 1775 5192 proiecto
1817 5131 1980 5193 atque
2024 5139 2054 5178 a

489 5218 599 5273 Deo
622 5227 678 5272 et
703 5218 882 5271 Patre.
920 5238 938 5267 ι

555 5403 708 5469 Quod
740 5404 785 5458 si
816 5402 941 5473 quis
992 5402 1099 5457 hoc
1136 5401 1255 5456 loco
1292 5399 1551 5471 Spiritum
1598 5398 1803 5453 donum
1835 5394 2058 5451 minime

486 5494 791 5549 subsistens
820 5494 935 5547 vult
975 5508 1096 5548 esse
1134 5510 1149 5547 :
1195 5506 1385 5546 verum
1434 5492 1669 5560 primum
1712 5491 1933 5559 quidem
1972 5489 2054 5542 vi-

488 5596 703 5639 ventem
774 5568 1084 5658 (Spiritum)
1137 5595 1192 5640 et
1243 5587 1631 5645 subsistentem
1691 5584 1850 5650 dixit,
1893 5594 1951 5638 et
2002 5582 2057 5636 in

496 5676 715 5737 urentia
750 5679 1027 5738 ltvnostasi
1062 5691 1201 5741 esse.
1238 5694 1301 5732 ac
1350 5694 1445 5735 per
1475 5693 1555 5733 se.
1601 5675 1806 5732 Deinde
1838 5673 2058 5743 quando

2151 4484 2377 4553 ἀμφοῖν,
2425 4485 2593 4555 ἤγουν
2656 4486 2721 4539 ἐκ
2778 4487 2989 4556 Πατρὸς
3049 4486 3119 4540 δι’
3150 4488 3305 4552 Υίοῦ,
3364 4484 3657 4556 προχεόμενον

2153 4574 2390 4643 πνεῦμα.
2419 4593 2440 4627 ι
2469 4576 2640 4630 Πάλιν
2668 4579 2696 4630 6
2729 4576 2888 4640 αὑτὸς
2918 4578 2976 4631 ὲν
2999 4580 3065 4649 τῇ
3084 4579 3220 4648 πρὸς
3241 4580 3518 4647 Νεστὸριυν
3545 4571 3657 4641 τρίτς

2153 4664 2314 4719 αὐτοῦ
2348 4667 2629 4739 ἐπιστολῇ,
2668 4663 2738 4739 ἦς
2775 4668 2810 4739 ἡ
2870 4669 3051 4740 ἀρχή·
3088 4669 3204 4724 Τοῦ
3256 4667 3510 4736 Σωτῆρος
3539 4658 3659 4731 ἡμῶν

2152 4754 2459 4824 λέγοντος,
2501 4774 2521 4806 ι
2563 4756 2627 4810 Ὀ
2680 4755 2866 4826 εριλῶν
2917 4759 3166 4827 πατέρα,
3210 4758 3497 4828 ἣμητέρα.
3523 4772 3539 4804 ι
3587 4744 3659 4801 «Εἰ

2154 4846 2263 4915 γὰρ
2292 4847 2386 4899 καὶ
2417 4845 2567 4900 ἐστιν
2594 4847 2652 4899 ὲν
2688 4847 2986 4900 ὑποστάσει
3015 4849 3077 4901 τδ
3134 4849 3359 4917 Πνεῦμα
3422 4846 3560 4914 ίδικῇ,
3595 4836 3657 4891 καὶ

2154 4937 2220 5007 δὴ
2250 4938 2347 4992 καὶ
2372 4939 2573 4991 νοεῖται
2601 4939 2725 4992 καθ’
2747 4940 2930 5005 ἑαυτὸ,
2958 4941 3092 4995 καθὸ
3128 4943 3353 5011 Πνεῦμά
3371 4943 3480 4994 ἔστι
3499 4938 3572 4991 καὶ
3593 4931 3658 4995 οὐχ

2165 5030 2320 5093 Υἱός·
2358 5030 2474 5083 ἀλλ’
2499 5028 2594 5083 οῦν
2630 5012 2778 5083 ἐστιν
2827 5032 2927 5084 οὑκ
2955 5032 3236 5102 ἀλλότριον
3290 5029 3466 5085 αὑτοῦ.
3491 5023 3657 5089 Πνεῦμα

2157 5125 2265 5193 γὰρ
2299 5123 2561 5193 ἀληθείας
2598 5124 2941 5193 ὠνόμασται,
2972 5128 3069 5180 καὶ
3096 5128 3211 5180 ἐστι
3264 5122 3538 5199 Χριστδςή
3566 5115 3657 5179 ἀλή⁴

2158 5216 2275 5269 θεια
2299 5229 2314 5244 ·
2352 5216 2445 5268 καὶ
2498 5219 2782 5287 προχεῖται
2814 5218 2945 5290 παρ’
2992 5218 3183 5285 αὑτοῦ,
3240 5219 3480 5284 καθάπερ
3516 5206 3657 5279 ἀμέλυ

2158 5310 2333 5369 max
2361 5306 2455 5363 τοῦ
2490 5308 2626 5364 Θεοῦ
2663 5309 2764 5364 καῖ
2782 5310 3017 5382 Πατρός.
3046 5331 3066 5364 ι

2228 5404 2292 5456 Ei.
2328 5404 2384 5456 δέ
2423 5421 2509 5467 τις
2547 5402 2781 5457 ἐνταῦθα
2817 5404 2881 5457 τὸ
2920 5404 3139 5474 Πνεῦμα
3202 5404 3438 5472 χάρισμα

2159 5494 2535 5548 ἀνυπόστατον
2576 5490 2715 5547 εἶναι
2741 5512 2755 5527 ο
2794 5494 2933 5547 ἀλλὰ
2977 5496 3192 5564 πρῶτον
3232 5494 3326 5544 μὲν
3345 5531 3361 5555 ,
3393 5488 3493 5553 ζῶν
3520 5500 3569 5534 τε
3599 5490 3655 5530 ιιι

2160 5587 2523 5640 ινυπόστατον
2555 5586 2745 5657 είρηκε
2764 5627 2780 5654 ,
2816 5586 2911 5640 καὶ
2948 5587 3007 5639 ἐν
3040 5586 3334 5639 ὑποστάσει
3366 5576 3492 5633 εἶναι
3524 5570 3651 5637 ιόικῇι

2163 5680 2258 5734 καὶ
2285 5677 2405 5732 καθ’
2432 5678 2593 5734 ἑαυτό
2610 5696 2625 5710 θ
2652 5678 2841 5735 ἔπειτα
2871 5680 2964 5734 καὶ
2986 5680 3072 5733 ὅτε
3100 5673 3415 5743 σωματικῶς
3437 5667 3548 5723 αὐτὸ
3568 5667 3653 5715 ἐντι
