3862 6220
257 208 355 270 93η

1127 165 1131 168 ’
1171 208 1266 273 DE
1306 190 1824 271 PROCESSIONE
1866 198 2216 265 SPIRITUS
2256 200 2540 263 SANCTI.

3375 212 3479 274 938

262 322 505 389 tp'JG‘igasv
530 323 557 373 6
586 322 836 391 Χριστος,
862 324 960 375 οὐκ
986 322 1115 376 ἄλλο
1140 326 1171 395 ἦ
1198 328 1258 377 τὸ
1288 324 1506 394 Πνεῦμα
1556 326 1614 375 τὸ
1641 323 1815 389 ἅγιον,

1926 319 2087 373 etiam
2122 320 2478 388 corporaliter
2513 319 2687 387 ipsum
2721 317 2972 375 Christus
3023 319 3347 378 insulilando
3384 329 3486 381 deo

258 412 317 462 τὸ
339 412 595 473 οὐσιῶδες
622 414 712 464 καὶ
738 414 1100 467 ἑνυπόστατον
1122 416 1407 468 δεδωκέναι
1432 418 1699 482 λέγουσιν.
1733 414 1820 464 Ἐν

256 503 364 570 γὰρ
394 504 504 563 τοίς
537 504 673 573 πρὶς
707 502 1051 573 Ἀμφιλόχιον
1086 508 1113 558 6
1148 507 1320 573 μέγας
1354 508 1488 574 φησὶ
1526 505 1819 564 Ιιασιλειοςν

261 609 281 641 ς
322 592 541 659 Πνεῦμα
574 592 651 660 τῷ
686 593 847 655 ζῶντι
880 596 1034 663 Λόγῳ
1070 596 1496 664 συντεταγμένον
1525 597 1605 655 εἰς
1631 595 1690 645 τὸ
1723 593 1819 658 δη-

258 684 564 750 μιουργεῖν,
594 682 740 743 ζῶσα
765 684 1015 752 δύναμις,
1044 686 1137 739 καὶ
1163 684 1282 737 Θεία
1310 686 1469 752 φύσις
1497 686 1736 753 ἄρῤητος
1764 683 1822 746 ἐξ

253 773 496 842 ἀρρήτου
528 774 791 841 στόματος
822 780 1108 841 πεφενυῖα,
1147 778 1403 845 ἀρρήτως
1438 777 1529 827 καὶ
1560 775 1699 826 κατὰ
1725 773 1822 844 τὴν

252 862 565 930 ἐμφύσησιν
591 864 670 925 εἰς
695 864 786 915 τὸν
814 864 1097 934 ἄνθρωπον
1124 866 1529 934 ἀπεσταλμένη,
1560 866 1653 916 καὶ
1681 864 1822 916 κατὰ

255 954 349 1003 τὸν
393 954 723 1019 σωματικῶς
768 955 871 1006 ὑπὸ
910 955 1002 1007 τοῦ
1049 956 1286 1025 Χριστοῦ
1329 955 1608 1023 δειχθέντα
1656 954 1821 1006 τύπον

251 1040 412 1103 αὖθις
458 1042 551 1094 ὑπ’
578 1044 741 1097 αὐτοῦ
782 1045 848 1098 δι’
875 1047 1235 1114 ὲμφυσήσεως
1281 1049 1360 1108 εἰς
1403 1047 1494 1097 τὸν
1538 1045 1822 1115 ἄνθρωπον

249 1135 771 1205 ἀποκαθεσταμένη.
805 1138 865 1188 Εἰ
898 1136 1079 1191 τοίνυν
1107 1139 1168 1190 τὸ
1204 1137 1426 1207 Πνεῦμα
1457 1137 1517 1188 τὸ
1548 1138 1613 1189 δι’
1640 1138 1822 1205 ἐμφυ-

253 1230 467 1297 σήσεως
497 1230 947 1283 ἀποκατασταθὲν
978 1231 1053 1300 τῷ
1084 1230 1355 1300 ἀνθρώπῳ
1385 1231 1504 1283 θεία
1536 1228 1697 1296 φύσις
1728 1228 1820 1280 λέ-

250 1334 431 1383 γεται,
464 1319 558 1370 καὶ
585 1319 663 1388 τῷ
694 1318 855 1381 ζῶντι
885 1320 1043 1389 Λόγῳ
1072 1322 1501 1388 συντεταγμένον
1529 1322 1607 1379 εἰς
1638 1318 1699 1371 τὸ
1727 1318 1824 1384 δη-

254 1410 559 1478 μιουργεῖν,
605 1410 720 1471 πῶς
750 1411 815 1463 ἄν
851 1428 936 1473 τις
975 1411 1222 1463 ἀνούσιον
1262 1411 1444 1473 sirm;
1488 1428 1505 1460 ι
1536 1411 1658 1462 Ἔτι
1698 1407 1756 1461 δὲ
1796 1409 1825 1459 6

252 1500 430 1565 μέγας
463 1499 782 1562 Ἀθανάσιος
824 1502 881 1553 ὲν
915 1504 978 1569 τῇ
1022 1501 1156 1570 πρὸς
1198 1501 1521 1570 Σεραπίωνα
1560 1502 1687 1569 περὶ
1724 1499 1817 1551 τοῦ

244 1590 413 1654 ἁγίου
459 1591 770 1660 Πνεύματος
814 1593 1108 1661 ἐπιστολῇ·
1150 1611 1169 1643 ‹
1215 1593 1430 1661 Ἀμέλει
1474 1592 1566 1644 τοῦ
1614 1592 1825 1660 Πατρδς

1924 410 2026 473 dit,
2055 426 2160 462 non
2189 410 2354 467 alium
2389 426 2552 477 quam
2600 408 2861 477 Spiritum
2897 420 3144 465 sanctum
3180 414 3357 482 ipsum
3387 432 3485 485 per

1923 514 1982 554 se
2009 499 2393 553 subsistentem
2440 500 2655 554 dedisse
2685 511 2953 555 asserunt.
2987 503 3045 557 in
3082 504 3149 561 iis
3180 506 3329 561 enim
3364 523 3486 575 quae

1922 590 1989 644 ad
2037 590 2474 658 Amphilochiqu
2507 608 2733 661 magnus
2770 593 3001 651 Basilius
3035 596 3199 653 tradit
3234 613 3252 652 :
3296 617 3313 649 ι
3363 598 3489 669 ὃρὶο

1923 682 2082 745 ritus,
2133 682 2330 750 inquit,
2389 683 2632 748 ejusdem
2696 684 2905 738 ordinis
2957 697 3042 738 est
3092 702 3215 741 cum
3272 690 3489 745 vivente

1924 773 2101 827 Verbo
2129 777 2196 827 ad
2239 773 2555 837 creandum,
2603 774 2723 826 viva
2766 778 3026 843 potentia.
3062 786 3117 829 et
3165 779 3346 832 divitia
3396 797 3491 834 na-

1928 871 2069 923 tura,
2142 864 2434 918 ineiiabilis
2474 881 2539 918 ex
2578 865 2834 918 ineiIabili
2892 883 2985 921 ore
3032 868 3319 929 essistens.
3356 871 3493 925 inef-

1926 956 2163 1009 fabiliter
2187 957 2352 1011 etiam
2385 959 2681 1011 secundum
2733 958 3156 1015 insumationem
3213 962 3266 1015 in
3318 963 3493 1017 homi-

1928 1062 2048 1099 nem
2115 1048 2299 1112 missa,
2378 1059 2428 1102 et
2506 1049 2807 1103 secundum
2869 1050 3096 1105 formam
3152 1055 3491 1121 corporalem

1925 1147 2198 1193 ostensam
2242 1156 2270 1193 a
2322 1139 2563 1202 Christo,
2623 1158 2810 1196 rursus
2844 1144 2911 1197 ab
2955 1159 3020 1198 eo
3050 1161 3145 1213 per
3178 1148 3495 1202 insumatio-

1926 1243 2049 1282 nem
2093 1230 2148 1283 in
2191 1232 2463 1284 hominem
2520 1232 2794 1289 restituta.
2829 1235 2883 1288 Si
2916 1236 3082 1304 igitur
3122 1236 3355 1306 Spiritus
3398 1256 3493 1308 per

1928 1320 2348 1375 insuﬂlationem
2381 1322 2593 1375 homini
2629 1325 2936 1388 restitutus,
2969 1327 3152 1381 divina
3183 1339 3373 1383 natura
3416 1333 3495 1383 di-

1926 1410 2090 1474 citur,
2121 1420 2174 1464 et
2200 1411 2447 1478 ejusdem
2489 1413 2720 1473 ordinis.
2781 1429 2843 1468 ac
2897 1416 3195 1483 maiestatis
3240 1428 3323 1471 est
3371 1433 3493 1470 cum

1930 1499 2146 1554 vivente
2178 1500 2358 1554 Verbo
2390 1500 2458 1553 ad
2505 1503 2827 1568 creandum,
2869 1519 3106 1572 quonam
3148 1506 3312 1560 modo
3350 1508 3495 1575 quis-

1928 1592 2070 1659 piam
2120 1592 2324 1645 donum
2362 1593 2728 1649 insuhsisteus
2756 1596 2992 1650 dixerit?
3024 1615 3041 1647 ι
3085 1599 3349 1653 Prwterea
3379 1618 3497 1654 ωας

248 1683 559 1749 πέμποντος
587 1685 646 1735 τὸ
676 1683 914 1753 Πνεῦμα,
942 1686 970 1735 6
1004 1685 1127 1747 Υἰος
1158 1687 1421 1753 ἐμφυσῶν
1448 1684 1663 1737 δίδωσιν
1691 1684 1820 1737 αὐτὸ

1926 1694 2063 1748 guns
2092 1681 2447 1745 Athanasius,
2484 1683 2539 1735 in
2588 1682 2820 1749 epistola
2874 1684 2941 1737 ad
2991 1684 3369 1753 Serapionem,
3420 1687 3495 1739 lle

248 1775 367 1834 τοῖς
401 1773 665 1841 μαθηταῖς
690 1787 704 1800 ’
740 1775 926 1842 ἐπειδὴ
962 1776 1141 1828 πάντα
1174 1776 1274 1827 ὅσα
1308 1775 1420 1843 ἔχει
1451 1780 1477 1828 6
1514 1773 1699 1841 Πατὴρ
1730 1772 1825 1824 τοῦ

254 1864 385 1916 Υὶοῦ
415 1868 582 1917 ἐστι.»
614 1865 721 1917 Καὶ
746 1865 774 1916 6
803 1865 1066 1935 Κύριλλος
1092 1869 1147 1918 ὲν
1171 1866 1211 1920 δ’
1241 1867 1345 1922 τῶν
1374 1867 1505 1935 πρὸς
1529 1866 1820 1936 Ἑρμείαν,

253 1978 280 2007 ι
308 1957 385 2026 τῷ
419 1958 505 2009 διὰ
543 1959 743 2026 σαρκὸς
767 1958 857 2010 καὶ
894 1959 1278 2027 ἐμφανεστέρῳ
1313 1959 1595 2028 φυσήματι
1618 1957 1713 2025 τὴν
1733 1956 1825 2009 τοῦ

254 2048 576 2116 Πνεῦματος
608 2049 769 2116 φύσιν
804 2048 865 2101 εὖ
913 2048 1055 2117 μάλα
1085 2051 1546 2119 ὲσκιαγράφησεν.
1572 2066 1590 2099 ι
1623 2049 1741 2100 Ἔτι
1770 2047 1827 2101 δὲ

258 2144 401 2193 κατὰ
437 2142 536 2211 τὴν
574 2143 680 2193 τῶν
722 2141 1061 2208 Θεοφανεεων
1103 2142 1295 2210 ἑορτὴν
1335 2144 1391 2191 ὲν
1432 2144 1542 2203 τοῖς
1588 2141 1826 2211 ᾄσμασιν

252 2234 490 2302 ᾄδομεν,
529 2251 548 2284 ι
590 2235 681 2296 Εἰς
710 2234 879 2302 ὖνομα
909 2234 961 2285 δὲ
994 2235 1139 2295 τίνος
1170 2250 1229 2285 σε
1263 2236 1541 2301 βαπτίσω;
1579 2233 1823 2301 Πατρὸςς

269 2326 431 2377 Ἀλλὰ
476 2324 662 2377 τοῦτον
692 2326 875 2393 φέρεις
924 2326 979 2377 ὲν
1013 2324 1243 2392 σεαυτῷ.
1282 2324 1436 2389 Υἰοῦς
1483 2323 1624 2377 Ἀλλ’
1657 2326 1819 2385 αύτὶς

262 2417 525 2483 ὑπάρχεις
559 2416 585 2466 6
610 2415 936 2483 oapwaelc.
970 2415 1285 2483 Πνεῦματος
1317 2415 1507 2482 ἁγίους
1538 2416 1645 2467 Καὶ
1673 2416 1827 2468 τοῦτο

256 2502 404 2567 οἶδας
438 2506 637 2559 διδόναι
661 2508 771 2567 τοῖς
803 2508 1013 2568 πιστοῖς
1038 2507 1125 2559 διὰ
1156 2510 1444 2575 στόματος.
1483 2523 1502 2557 ι
1538 2506 1701 2559 Ἀλλὰ
1732 2508 1825 2559 καὶ

255 2600 289 2664 ἡ
328 2597 368 2649 ε’
397 2597 610 2659 σύνοδος
645 2599 703 2650 ὲν
741 2597 805 2666 ιβ’
835 2597 1113 2668 κεφαλαίῳ
1143 2601 1237 2652 τοῦ
1268 2598 1455 2661 τέλους
1487 2598 1653 2666 αὐτῆς
1684 2596 1827 2651 οὕτω

258 2689 426 2757 φησιν
449 2705 463 2720 ·
500 2706 521 2738 ι
558 2688 622 2740 Ei
649 2705 731 2752 τις
762 2691 1121 2743 ἀντιποιεῖται
1150 2689 1424 2760 Θεοδώρου
1453 2691 1545 2759 τοῦ
1576 2690 1824 2758 Mathone-

260 2781 438 2845 στίας,
465 2778 559 2831 τοῦ
591 2779 835 2839 εἰπόντος
866 2778 1024 2832 ἄλλον
1056 2774 1193 2833 εἷναι
1220 2780 1310 2832 τὸν
1338 2779 1470 2832 Θεὸν
1500 2779 1697 2845 Λόγον,
1728 2780 1825 2832 καὶ

258 2873 421 2928 ἄλλον
452 2873 541 2924 τὸν
571 2871 826 2940 Χριστὸν,
880 2872 973 2925 καὶ
1009 2874 1147 2941 μετὰ
1176 2871 1285 2925 τῶν
1314 2872 1487 2925 ἄλλων
1517 2872 1825 2940 ἀναριθμή-

259 2980 375 3015 των
398 2962 559 3014 αὐτοῦ
583 2962 942 3030 βλασφημιῶν
965 2962 1333 3031 τολμήσαντος
1359 2965 1552 3026 εἰπεῖν,
1576 2964 1657 3017 ὅτι
1686 2964 1822 3032 μετὰ

261 3056 365 3123 τὴν
395 3054 690 3108 ἀνάστασιν
720 3054 1041 3122 ὲμφυσήσας
1071 3053 1100 3103 6
1135 3053 1333 3123 Κύριος
1364 3057 1474 3118 τοῖς
1512 3056 1784 3124 μαθηταῖς
1805 3096 1819 3119 ,

262 3150 361 3203 καὶ
389 3148 577 3211 εἰπὼν,
616 3166 636 3199 ι
679 3148 887 3201 Λάϐετε
924 3148 1145 3217 Πνεῦμα
1200 3150 1374 3217 ἅγιον,
1420 3168 1438 3200 ›
1477 3149 1578 3203 οὐκ
1624 3150 1825 3203 ἔδωκεν

261 3240 447 3300 αὐτοῖς
473 3239 534 3291 τὸ
565 3235 785 3305 Πνεῦμα
808 3238 870 3289 τὸ
897 3236 1071 3303 ἅγιον,
1099 3237 1233 3290 ἀλλὰ
1264 3239 1502 3306 σχήματι
1539 3239 1683 3308 μόνῳ
1711 3242 1825 3291 ἐνε-

260 3330 471 3397 φύσησε
495 3345 510 3359 ·
541 3331 653 3390 τοῖς
683 3326 773 3379 οῦν
802 3327 871 3379 τὰ
901 3327 1041 3381 αὐτὰ
1069 3328 1164 3380 καὶ
1191 3329 1259 3380 τὰ
1288 3316 1447 3395 ὃμοια
1477 3329 1657 3391 αὐτοῖς
1689 3346 1823 3396 φρο-

160 3456 173 3467 .
256 3423 461 3488 νήσασι
491 3416 731 3479 πώποτε,
764 3417 859 3470 καὶ
892 3417 1053 3486 μέχρι
1078 3417 1264 3480 τέλους
1296 3418 1587 3485 ὲμμείνασι
1614 3421 1680 3487 τῇ
1709 3436 1819 3471 τοι·

250 3512 401 3580 αὐτη
433 3508 679 3577 ἀσεϐείᾳ,
707 3508 954 3574 ἀνάθεμα
983 3508 1144 3561 ἔστω.
1176 3527 1195 3559 ι

342 3687 723 3753 Ἑπισυνάγειν
744 3686 801 3739 δὲ
828 3685 1034 3751 ἔξεστιν
1058 3686 1165 3738 ἀπὸ
1187 3684 1294 3736 τῶν
1319 3684 1409 3737 τοῦ
1436 3683 1580 3736 θείου
1611 3684 1821 3754 Πατρδς

250 3779 543 3832 Βασιλείου
564 3818 581 3842 ,
613 3779 693 3829 ὅτι
724 3778 782 3829 τὸ
816 3776 1040 3844 Πνεῦμα
1071 3778 1137 3827 ὲκ
1163 3773 1255 3827 τοῦ
1288 3774 1419 3827 Υἱοῦ
1454 3775 1719 3845 ὑπάρχειν
1745 3777 1822 3828 εἰ·

256 3889 421 3942 ρῃκε.
459 3870 640 3937 Στόμα
682 3869 780 3938 μὲν
815 3869 923 3937 γὰρ
956 3867 1051 3920 τοῦ
1095 3868 1302 3936 Πατρδς
1341 3870 1369 3920 6
1414 3869 1567 3930 Υἱός·
1605 3868 1635 3919 6
1670 3867 1725 3919 δὲ
1764 3868 1823 3930 ἐξ

253 3965 505 4035 ἀρρήτου
543 3962 805 4031 στόματος
838 3957 988 4012 εἶπεν
1018 3960 1148 4012 αὐτὸ
1181 3960 1497 4028 πεφηνέναι.
1532 3960 1595 4012 El
1625 3960 1734 4029 γὰρ
1764 3961 1821 4012 τὸ

250 4053 589 4123 ,πεφηνέναι
616 4070 695 4116 τις
723 4054 845 4105 ἀντὶ
868 4051 959 4103 τοῦ
982 4052 1303 4118 φαίνεσθαι
1333 4050 1639 4122 ἐξηγεῖται,
1666 4051 1819 4103 οὐδὲν

251 4149 432 4212 λέγει.
464 4144 685 4213 Πρῶτον
715 4142 813 4208 μὲν
843 4144 948 4210 γὰρ
982 4142 1032 4195 οἱ
1065 4141 1207 4207 ἅγιοι
1243 4142 1362 4193 ἀντὶ
1392 4141 1483 4192 τοῦ
1516 4136 1653 4193 εἶναι
1688 4140 1819 4192 αὐτὸ

251 4236 649 4305 λαμσὰνουσιν.
676 4235 744 4286 Ὅ
773 4251 830 4285 τε
865 4235 971 4303 γὰρ
1004 4233 1143 4294 θεῖος
1182 4234 1454 4294 Βασίλειος
1490 4232 1663 4300 φησὶ,
1690 4250 1710 4280 ‹
1747 4230 1819 4282 Τὸ

1926 1780 2107 1825 sancto
2132 1770 2333 1841 Spiritu
2363 1789 2380 1825 :
2411 1791 2429 1823 ι
2462 1774 2710 1828 Profecto
2740 1776 2900 1829 Patre
2935 1777 3180 1831 mittente
3205 1778 3493 1845 Spiritum,

1929 1862 2100 1918 Filius
2132 1864 2459 1918 insulilando
2494 1865 2587 1919 dat
2630 1880 2753 1919 eum
2785 1867 3097 1935 discipulis;
3129 1868 3497 1937 quandoqui-

1928 1938 2052 2007 dem
2080 1954 2265 2007 omnia
2296 1970 2418 2022 qua
2451 1955 2616 2008 habet
2660 1955 2841 2017 Pater,
2892 1934 3013 2009 Filii
3044 1934 3190 2011 sunt.
3231 1976 3248 2008 ι
3292 1934 3496 2028 Ειῖὶγ-

1930 2045 2082 2098 rillus
2115 2045 2167 2098 in
2199 2045 2340 2098 libro
2378 2053 2572 2113 quarto
2606 2046 2677 2098 ad
2728 2045 3003 2099 Hermiam
3059 2066 3077 2101 :
3136 2067 3154 2099 ι
3210 2049 3491 2119 Corporali

1928 2151 1993 2190 ac
2058 2135 2346 2188 manifesta
2398 2136 2759 2190 insnﬂlatione
2820 2136 3057 2206 Spiritus
3104 2151 3351 2193 naturam
3396 2158 3493 2210 ap-

1930 2229 2105 2295 prime
2153 2229 2520 2281 adumhravit.
2569 2247 2588 2277 ι
2637 2229 2923 2293 Przetcrca,
2980 2246 3106 2285 cum
3155 2233 3493 2287 celebramus

1928 2319 2122 2372 festum
2169 2320 2487 2388 Epiphania:
2535 2321 2587 2374 in
2621 2321 2835 2391 hymnis
2867 2324 3115 2378 canimus
3145 2342 3157 2378 :
3196 2345 3213 2375 ι
3246 2327 3304 2379 in
3337 2329 3495 2394 cuius

1931 2424 1981 2464 te
2010 2410 2227 2464 nomine
2271 2411 2487 2465 lavacro
2528 2414 2773 2481 tingam?
2808 2415 3014 2468 Patris?
3044 2417 3148 2471 Sed
3183 2434 3310 2472 eum
3352 2421 3495 2487 geris

1930 2503 1982 2555 in
2018 2512 2068 2556 te
2098 2504 2235 2571 ipso.
2272 2503 2434 2557 Filii?
2461 2504 2566 2558 Sed
2596 2505 2713 2573 ipse
2742 2507 2962 2562 essistis
2993 2508 3327 2565 incarnatus.
3372 2514 3497 2582 Spi-

1932 2596 2067 2647 ritus
2096 2595 2310 2648 sancti?
2347 2596 2411 2649 Et
2442 2597 2587 2650 hunc
2627 2599 2771 2652 noSti
2804 2598 2935 2652 dare
2969 2616 3143 2667 peros
3180 2602 3487 2658 ﬁdelibus.»

1928 2684 2033 2737 Sed
2063 2696 2121 2737 et
2159 2686 2349 2753 quinta
2394 2687 2632 2755 synodus
2662 2688 2717 2740 in
2754 2690 3079 2745 duodecimo
3107 2695 3284 2761 capite
3308 2696 3389 2747 sui
3432 2698 3496 2746 ii-

1928 2772 2035 2832 nis,
2065 2774 2145 2827 sic
2176 2775 2252 2827 ait
2278 2794 2291 2828 :
2319 2794 2337 2825 ι
2374 2776 2428 2828 Si
2459 2776 2581 2845 quis
2610 2775 2855 2832 defendit
2879 2779 3225 2834 Theodorum
3251 2783 3494 2852 Mopattc-

1927 2874 2165 2918 stenscm
2201 2865 2451 2934 impium,
2483 2868 2576 2936 qui
2617 2868 2775 2933 dixit,
2818 2871 2986 2925 alium
3016 2888 3139 2926 esse
3165 2874 3335 2927 Deum
3363 2876 3495 2930 Ver-

1929 2958 2081 3015 bum.
2118 2967 2173 3010 et
2217 2960 2380 3011 alium
2422 2960 2723 3023 Christum,
2757 2971 2812 3014 et
2838 2962 2977 3016 inter
3010 2977 3231 3018 creto-ras
3258 2982 3384 3020 suas
3415 2968 3494 3020 in-

1931 3064 2187 3103 numeras
2211 3050 2575 3119 blaSphemias
2619 3068 2791 3107 ausus
2843 3064 2930 3108 est
2975 3056 3180 3119 dicere,
3247 3067 3366 3125 post
3404 3076 3491 3112 re-

1927 3141 2324 3195 surrectionem
2356 3142 2669 3205 Dominum,
2698 3159 2824 3197 cum
2865 3143 3158 3198 insumavit
3188 3147 3489 3217 discipulis.

1926 3246 1990 3284 ac
2015 3231 2174 3292 dixit,
2210 3250 2228 3280 ι
2267 3233 2512 3300 Accipite
2560 3233 2823 3299 Spiritum
2871 3244 3143 3299 sanctum,
3180 3255 3201 3289 ι
3258 3253 3364 3291 non
3400 3242 3494 3293 de-

1925 3321 2074 3376 disse
2104 3322 2367 3392 Spiritum
2405 3334 2676 3386 sanctum,
2724 3325 2816 3378 sed
2848 3327 3029 3392 specie
3058 3328 3291 3395 quadam
3325 3332 3491 3385 insui-

1925 3410 2113 3474 ﬂasse;
2161 3412 2230 3465 iis
2273 3428 2426 3481 ergo,
2472 3414 2565 3481 qui
2619 3413 2705 3468 his
2752 3415 2953 3468 similia
2984 3417 3278 3485 aliquando
3307 3436 3492 3475 sense-

1928 3509 2077 3565 runt,
2102 3511 2155 3555 et
2181 3502 2248 3554 ad
2279 3501 2439 3556 tinem
2486 3519 2657 3572 usque
2688 3504 2745 3557 in
2799 3520 2862 3560 ea
2905 3506 3185 3575 impietate
3236 3511 3464 3578 perstite

1928 3602 2073 3656 runt,
2113 3594 2397 3647 anathema
2423 3605 2563 3647 esto.
2592 3614 2613 3645 ο

1992 3684 2260 3753 Colligere
2291 3695 2470 3739 autem
2501 3688 2629 3740 licet
2660 3703 2724 3740 ex
2755 3689 2916 3743 dictis
2944 3692 3052 3746 divi
3082 3693 3257 3747 Patris
3281 3694 3488 3759 Basilii,

1924 3778 2069 3846 quod
2103 3778 2369 3846 Spiritum
2415 3796 2479 3832 ex
2512 3780 2651 3834 Filio
2695 3793 2945 3835 constare
2984 3784 3137 3838 dixit.
3174 3784 3383 3855 Quippe
3424 3803 3489 3841 os

1926 3867 2102 3921 Patris
2134 3867 2305 3921 Filius
2330 3878 2436 3921 est.
2472 3869 2702 3923 Basilius
2750 3882 2932 3926 autem
2964 3862 3031 3927 ex
3080 3874 3337 3931 iueli’abili
3390 3894 3487 3932 ore

1924 3953 2063 4007 dixit
2106 3969 2231 4008 eum
2269 3971 2535 4024 apparere
2574 3958 2703 4026 (hoc
2732 3969 2817 4013 est
2854 3975 2974 4016 esse
3003 3972 3059 4016 et
3089 3965 3371 4033 exsistere)
3429 3967 3485 4021 Si

1924 4042 2049 4112 quis
2081 4045 2228 4097 enim
2284 4048 2605 4115 πεφηνέναι,
2654 4064 2918 4117 apparere
2972 4065 3232 4122 exponat,
3289 4056 3488 4123 videri,

1926 4134 2062 4187 nihil
2090 4136 2241 4189 dicit.
2275 4136 2516 4190 Primum
2543 4140 2762 4206 quidem
2795 4143 2938 4209 quod
2970 4146 3141 4200 sancti
3174 4148 3312 4211 loco,
3342 4165 3487 4215 esse,

1925 4226 2057 4279 illud
2082 4226 2377 4295 accipiunt.
2434 4228 2644 4283 Etenim
2682 4240 2793 4284 tum
2848 4234 3006 4290 divus
3058 4237 3287 4293 Basilius
3336 4243 3413 4297 ait
3468 4234 3521 4299 .’

256 4327 490 4396 Πνεῦμα
538 4326 688 4378 οὐδὲν
740 4325 862 4395 ἔχον
915 4326 1060 4375 ἐστὶν
1111 4325 1436 4392 ἐπίκτητον,
1489 4323 1602 4376 ἀλλ’
1633 4323 1817 4381 ἀϊδίως

1932 4334 1949 4365 ι
1977 4316 2212 4384 Spiritus
2244 4318 2376 4370 nihil
2418 4317 2578 4371 habet
2625 4322 2973 4389 acquisitmn,
3030 4328 3125 4381 sed
3178 4330 3246 4383 ab
3281 4341 3487 4387 aeterno

256 4418 442 4470 πάντα
472 4416 594 4482 ἔχον
615 4455 630 4478 ,
663 4414 738 4475 ὡς
777 4413 997 4481 Πνεῦμα
1023 4412 1161 4464 Θεοῦ
1184 4450 1198 4471 ,
1234 4413 1327 4465 καὶ
1360 4411 1419 4476 ἐξ
1450 4410 1613 4463 αὑτοῦ
1648 4428 1823 4478 πεφη-

255 4509 352 4569 νὸς
373 4521 388 4536 ⁸
420 4525 439 4556 ι
471 4506 499 4557 ὁ
524 4521 585 4555 τε
616 4504 757 4565 θεῖος
784 4502 1048 4571 Κύριλλος
1078 4506 1134 4555 ὲν
1159 4503 1235 4571 τῷ
1266 4502 1400 4571 πρὸς
1426 4502 1821 4585 οὺαλλεριμνὸν

254 4598 558 4653 ἐπίσκοπον
586 4595 726 4665 λόγῳ
756 4598 939 4663 φησιν,
973 4612 992 4645 ι
1021 4594 1209 4662 ’Ἄγιος
1238 4596 1343 4664 γὰρ
1370 4593 1445 4647 ὢν
1471 4597 1609 4647 κατὰ
1638 4596 1818 4662 φύσιν,

255 4689 513 4757 καθάπερ
546 4688 738 4756 ἀμέλει
770 4688 863 4739 καὶ
894 4688 922 4737 6
958 4688 1172 4758 Πατὴρ,
1208 4689 1235 4738 6
1275 4689 1333 4750 ἐξ
1366 4686 1529 4738 αὐτοῦ
1565 4686 1819 4755 πεφηνὼς

258 4784 391 4846 Yth;
421 4782 731 4852 μονογενὴς,
759 4783 1016 4851 ἡγιάσοαι
1042 4782 1257 4849 λέγεται
1290 4783 1439 4851 παρὰ
1461 4781 1554 4834 τοῦ
1586 4783 1816 4852 Πατρὺς,

254 4876 400 4929 καθό
430 4876 667 4943 πέφηνεν
692 4874 995 4943 ἄνθρωπος.
1026 4874 1099 4925 Οὐ
1132 4876 1192 4925 τὸ
1223 4876 1518 4943 πεφηνέναι
1546 4874 1602 4926 δὲ
1637 4875 1817 4941 μόνον,

252 4967 402 5020 ἀλλὰ
446 4968 538 5016 καὶ
582 4966 643 5015 τὸ
687 4966 992 5032 ἐκλάμπειν
1033 4964 1131 5031 τὴν
1171 4965 1397 5033 ἄχρονον
1446 4965 1681 5034 ὓπαρξιν
1722 4964 1815 5016 τοῦ

253 5054 395 5109 Υἱοῦ
423 5056 569 5122 δηλοί
594 5072 610 5086 ο
650 5051 760 5105 οἷον
791 5055 918 5105 ὅταν
965 5056 993 5105 ὁ
1023 5054 1377 5123 Δαμασκηνὸς
1429 5056 1576 5124 λέγῃ]
1600 5070 1615 5085 ο
1684 5075 1703 5105 ι
1746 5055 1815 5105 Σὺ

260 5149 451 5219 μήτηρ
505 5143 641 5196 Θεοῦ
689 5145 1055 5205 ἁσυνδιάστως
1104 5143 1394 5209 γεγένησαι
1449 5143 1544 5193 τοῦ
1584 5142 1644 5205 ἐξ
1681 5144 1817 5210 ἀκη-

256 5237 429 5307 ράτου
461 5235 672 5298 Πατρὸς
721 5232 1122 5300 ἐκλάμψαντος.
1159 5249 1176 5280 ι
1214 5232 1333 5282 Ἔτι
1378 5231 1432 5282 δὲ
1467 5234 1494 5282 6
1531 5231 1816 5298 Στουδίτης

255 5332 320 5378 ἐν
363 5328 471 5386 τοῖς
503 5324 712 5395 ᾅσμασι
735 5322 949 5391 ψάλλει·
982 5342 1002 5371 ι
1027 5322 1082 5373 ’0
1117 5323 1300 5389 Πατὴρ
1331 5324 1436 5392 γὰρ
1472 5322 1724 5389 ἄναρχος,
1755 5322 1813 5385 ἐξ

252 5414 323 5471 οὗ
359 5417 504 5484 ἕφυὸ
536 5417 659 5477 Υἱὸς
703 5416 965 5482 ἀχρόνως,
1016 5416 1110 5466 καὶ
1154 5415 1212 5464 τὸ
1246 5414 1465 5480 Πνεῦμα
1503 5414 1813 5483 σύνθρονον,

255 5510 582 5578 σύμμορφον
628 5512 689 5559 ἐκ
735 5507 941 5572 [ἰατρὸς
991 5506 1392 5574 συνεκλάμψαν.
1423 5508 1551 5558 .Ka‘t
1588 5506 1690 5574 μὴν
1719 5507 1813 5557 καὶ

251 5602 317 5653 τὸ
351 5600 599 5668 προϊέναι
630 5599 722 5649 καὶ
744 5596 1065 5658 ἁναόλύζειν
1089 5598 1178 5648 ,ιαὶ
1204 5597 1601 5665 ἐκπέμπεσθαι,
1624 5596 1811 5665 ὥσπερ

572 5693 843 5751 PnttoL.
886 5692 999 5749 (in.
1043 5690 1239 5747 (Ἀλλ’.

1925 4420 2119 4459 cuncta
2146 4406 2332 4469 habet,
2362 4424 2486 4461 cum
2528 4410 2763 4478 Spiritus
2796 4413 2884 4468 Dei
2918 4416 3010 4478 sit,
3045 4431 3102 4472 et
3132 4437 3199 4475 ex
3248 4424 3367 4493 ipso
3392 4443 3489 4497 ap-

1924 4497 2195 4566 paruerit;
2228 4517 2245 4548 ι
2279 4499 2571 4553 tumdivus
2595 4501 2849 4571 Cyrillus,
2875 4506 2928 4560 in
2961 4511 3207 4567 oratione
3237 4518 3302 4567 ad
3332 4517 3487 4573 Valc-

1926 4591 2136 4642 rianum
2163 4590 2501 4659 episcopum,
2562 4593 2639 4646 ait
2673 4616 2685 4647 :
2719 4612 2738 4645 ι
2773 4596 2907 4651 Cum
2960 4601 3106 4655 enim
3154 4605 3226 4658 sit
3265 4619 3486 4661 sanctus

1922 4681 2221 4735 secundum
2251 4695 2499 4738 naturam
2550 4688 2793 4751 profecto
2831 4691 2973 4744 sicut
3002 4702 3057 4747 et
3085 4695 3263 4758 Pater,
3292 4702 3385 4767 qui
3420 4718 3486 4755 ex

1920 4772 2039 4841 ipso
2066 4786 2150 4827 est
2184 4773 2354 4829 Filius
2385 4777 2721 4846 unigenitus,
2757 4783 3083 4839 sanetilicari
3118 4802 3149 4840 a
3194 4789 3351 4844 Patre
3403 4795 3486 4844 di-

1919 4866 2083 4929 citur,
2109 4879 2379 4935 quatenus
2409 4881 2487 4922 cst
2518 4871 2699 4926 homo.
2746 4874 2859 4927 Nec
2899 4885 3128 4941 tantum,
3163 4885 3483 4950 πεφηνέναι,

1914 4973 2180 5026 apparere
2205 4959 2279 5027 (id
2310 4968 2392 5012 cst
2428 4964 2594 5030 (sse),
2632 4963 2724 5015 sed
2761 4966 2927 5017 etiam
2973 4967 3105 5020 illud
3144 4970 3380 5037 elucere,
3409 4992 3485 5029 ae-

1921 5058 2130 5101 ternam
2179 5050 2297 5103 Filii
2325 5052 2701 5105 exsistentiam
2742 5055 3035 5123 significat.
3091 5059 3249 5115 Verbi
3285 5067 3479 5134 gratia.

1913 5157 2040 5193 cum
2075 5141 2437 5195 Dainascenus
2465 5144 2595 5195 dicit
2630 5159 2645 5195 :
2686 5164 2703 5193 ι
2757 5147 2834 5199 Tu
2872 5149 3040 5204 Mater
3068 5153 3160 5207 Dei
3200 5155 3480 5225 insepara-

1918 5232 2100 5285 bLlitcr
2130 5232 2269 5284 facta
2300 5247 2360 5285 es
2394 5233 2556 5293 illius,
2600 5236 2689 5303 qui
2723 5251 2785 5289 ex
2822 5238 3144 5296 intemerato
3174 5246 3331 5300 Patre
3365 5248 3482 5300 clu-

1916 5323 2012 5376 ait.
2047 5342 2065 5373 ι
2128 5323 2319 5375 Adhuc
2348 5324 2512 5376 etiam
2548 5324 2791 5381 Studites
2842 5331 2893 5382 in
2929 5330 3170 5387 Cantivis
3224 5340 3403 5404 tsallit
3463 5361 3476 5395 :

1920 5433 1937 5463 ι
1972 5413 2181 5466 Etenim
2206 5412 2363 5467 Pater
2398 5414 2515 5466 sine
2543 5414 2813 5485 principio
2846 5431 2952 5485 est,
2980 5439 3045 5474 ex
3077 5440 3185 5491 quo
3211 5439 3370 5480 natus
3397 5440 3480 5481 est

1914 5504 2084 5556 Filius
2115 5512 2239 5557 ante
2277 5512 2544 5571 tempora,
2594 5516 2649 5559 et
2683 5505 2923 5575 Spiritus
2972 5525 3191 5571 sanctus
3235 5520 3477 5586 ejusdem

1915 5593 2213 5662 maiestatis
2243 5594 2427 5651 socius
2448 5610 2513 5649 ex
2543 5596 2702 5651 Patre
2730 5598 2893 5654 simul
2924 5602 3112 5657 eluxit.
3152 5624 3170 5655 ι
3200 5608 3316 5662 Jant
3351 5626 3477 5665 vero

3030 5695 3179 5756 '30
