3862 6220
335 185 432 270 an

1246 211 1343 270 DE
1386 208 1904 270 PROCESSIONE
1943 205 2302 267 SPIRITUS
2345 203 2640 264 SANCTI.

3453 201 3559 264 fit!

331 323 481 392 χείας
525 321 582 374 έν
627 320 702 392 τῷ
751 323 1064 391 δογματικῳ
1115 323 1278 375 αὐτοῦ
1337 324 1501 393 λόγῳ,
1545 314 1607 372 οῦ
1655 323 1687 390 ἡ
1725 321 1891 389 ἀρχὴ.

2028 318 2229 379 henus,
2258 318 2312 370 in
2348 331 2446 370 sua
2477 315 2782 384 dogmatiea
2813 311 3083 376 oratione,
3115 316 3270 384 cujus
3301 317 3553 372 initium;

338 415 449 465 Τὸν
511 414 640 480 περι
696 413 806 480 τῆς
867 415 1076 483 ὑγιοῦς
1125 414 1294 482 ἡμῶν
1355 415 1615 478 πίστεως
1680 414 1888 480 λόγον,

336 502 473 570 μετὰ
514 504 680 556 πολλὰ
711 506 862 573 φησὶ,
896 525 914 555 ι
945 505 1164 573 Πνεῦμα
1196 505 1252 556 δὲ
1282 505 1436 571 ἆγιον
1472 505 1610 564 ὅλως
1637 502 1780 554 οὕτω
1807 502 1891 553 λε-

335 595 564 660 γόμενον
612 595 709 664 οὐχ
755 595 1026 664 εὑρήσε-ις.
1077 595 1301 663 Πνεῦμα
1359 595 1439 653 δὲ,
1488 595 1630 646 καθα
1687 593 1900 660 φθάσας

336 686 491 753 ἔφην,
545 685 763 751 λέγεται
794 690 821 738 6
858 687 1014 749 Θεὸς,
1047 689 1140 738 καὶ
1195 687 1348 752 ἅγιος
1379 689 1406 738 6
1437 685 1594 746 Θεός.
1649 683 1900 736 Συντιθέ-

340 792 476 842 μενα
534 776 589 826 δὲ
634 777 800 844 ἄμφω
853 777 921 827 τὰ
974 777 1216 846 ὀνόματα
1268 777 1345 842 τῷ
1396 776 1541 837 ίδίως
1586 774 1903 841 καλουμένῳ

342 861 563 928 Πνεῦμα
622 863 776 927 ἅγιον
841 864 1114 932 ἁρμόζει·
1170 866 1421 928 καθάπερ
1463 865 1496 930 ἡ
1549 863 1642 914 τοῦ
1693 863 1903 930 Πατρὸς

341 951 625 1017 ἐπίκλησις
657 951 734 1021 τῷ
767 955 941 1022 αἰτίῳ,
975 957 1066 1006 καὶ
1100 957 1133 1023 ἡ
1183 954 1276 1006 τοῦ
1326 952 1454 1006 Υξοῦ
1485 952 1560 1020 τῷ
1584 953 1802 1018 ἅμέσως
1841 953 1906 1001 ὲκ

340 1041 432 1091 τοῦ
462 1041 659 1096 αἰτίου.
697 1061 714 1090 δ
767 1043 924 1095 Ἀλλὰ
964 1046 1057 1096 καὶ
1089 1047 1116 1095 6
1151 1046 1294 1107 θεῖος
1321 1046 1709 1111 Χρυσόστομος
1748 1046 1805 1093 έν
1837 1045 1904 1111 τῇ

347 1131 472 1197 περὶ
498 1133 590 1182 τοῦ
631 1133 783 1194 ἁγίου
815 1133 1128 1199 Πνεῦματος
1163 1136 1371 1204 ὁμιλία,
1401 1131 1467 1205 ἧς
1494 1137 1524 1201 ἡ
1557 1133 1723 1204 ἁρχὴ,
1760 1134 1906 1198 Χθὲς

343 1221 518 1288 ἡμῖν,
569 1218 616 1276 ὦ
661 1226 1073 1291 φιλόχριστοι,
1131 1229 1302 1295 φησί·
1354 1245 1375 1276 ί
1436 1229 1622 1279 Ταῦτα
1677 1229 1744 1280 τὰ
1794 1227 1910 1278 ὀνό-

349 1327 496 1377 ματα
533 1313 627 1380 τῆς
683 1314 961 1379 ἀφράστου
1001 1316 1214 1381 φύσεως
1263 1315 1356 1367 τοῦ
1397 1316 1552 1381 ἁγίου
1591 1315 1910 1383 Πνεΰματός

346 1403 452 1453 εἱσι
477 1421 488 1433 ·
531 1402 934 1470 Πνεῦμαδθεοῦ,
973 1404 1197 1473 Πνεῦμα
1237 1406 1294 1456 τὸ
1335 1407 1397 1456 ὲκ
1428 1406 1522 1458 τοῦ
1557 1406 1712 1467 Θεοῦ,
1748 1405 1914 1456 Πνεῦ-

350 1509 426 1559 μα
464 1492 691 1559 Κυρίου,
718 1492 943 1560 Πνεῦμα
971 1496 1200 1564 Πατρὸς,
1239 1495 1463 1562 Πνεῦμα.
1504 1494 1657 1560 Υίοῦ,
1693 1494 1914 1562 Πνεῦμα

348 1583 607 1651 Χριστοῦ,
667 1585 890 1654 Πνεῦμα
946 1586 1040 1638 τοῦ
1114 1589 1431 1656 ἐγείραντος
1494 1589 1585 1640 τὸν
1643 1589 1910 1656 Χριστὸν,

1996 415 2300 469 Orationem
2350 417 2413 466 de
2468 427 2608 466 recta
2643 413 2746 478 fide
2786 423 2998 474 nostra,
3030 422 3152 481 post
3187 416 3352 467 multa
3388 417 3555 470 dicit:

2005 525 2022 557 ι
2069 507 2330 574 Spiritum
2370 522 2500 558 vero
2550 515 2796 559 sanetum
2833 507 3055 558 omnino
3088 505 3166 559 sic
3202 507 3405 559 dictum
3453 525 3559 560 non

2000 597 2273 664 reperies;
2335 597 2576 664 Spiritus
2617 607 2824 656 autem,
2870 605 2930 648 ut
2974 606 3130 648 antea
3185 597 3333 658 dixi,
3366 599 3566 651 dicitur

2003 687 2172 747 Deus,
2221 698 2276 740 et
2325 696 2546 740 sanctus
2574 701 2790 754 quoque
2835 686 3039 738 dicitur
3073 687 3244 748 Deus,
3277 690 3568 757 conjuncta

2004 793 2134 830 vero
2159 779 2321 830 simul
2357 779 2518 830 ambo
2547 776 2790 838 nomina,
2817 779 2864 830 ei
2901 779 2991 845 qui
3027 778 3375 844 peculiariter
3413 796 3573 831 voea-

2007 876 2096 920 tur
2135 867 2375 935 Spiritus
2426 878 2665 930 sanctus,
2694 869 3025 921 Conveniunt
3057 885 3069 920 :
3113 872 3570 936 quemadmodum

2006 959 2298 1026 appellatio
2363 957 2538 1010 Patris
2584 960 2807 1023 {causa},
2879 969 2933 1012 et
2988 960 3107 1012 Filii
3171 964 3461 1030 appellatio
3522 967 3572 1017 ei

2010 1048 2289 1110 Convenit,
2321 1049 2411 1115 qui
2450 1048 2758 1102 itmnediate
2786 1051 2853 1101 sit
2882 1065 2946 1102 ex
2979 1066 3161 1103 causa.
3199 1071 3218 1102 ο

2082 1135 2186 1189 Sed
2221 1146 2277 1190 et
2312 1137 2473 1189 divus
2515 1136 2958 1206 Chrysostomus,
2991 1138 3043 1191 in
3092 1139 3311 1193 homilia
3351 1140 3420 1194 de
3453 1142 3576 1210 Spi-

2013 1227 2120 1279 ritu
2157 1238 2365 1288 sancto,
2402 1228 2556 1295 cujus
2592 1227 2830 1290 initium,
2868 1229 2992 1280 Heri
3039 1233 3200 1292 nobis,
3250 1247 3278 1281 ο
3315 1243 3524 1284 amator
3554 1251 3576 1285 ι

2014 1316 2234 1379 Christi,
2266 1320 2342 1370 ait
2369 1337 2381 1371 :
2414 1338 2430 1368 ε
2462 1316 2580 1371 Haec
2608 1319 2824 1370 nomina
2861 1319 3150 1373 inell‘abilis
3175 1333 3380 1375 natura:
3407 1327 3578 1378 sancti

2016 1407 2251 1473 Spiritus
2284 1415 2452 1459 sunt:
2487 1406 2727 1473 Spiritus
2770 1406 2886 1466 Dei,
2928 1408 3163 1473 Spiritus
3193 1412 3284 1477 qui
3335 1427 3400 1464 ex
3452 1413 3580 1471 Deo.
3625 1435 3633 1443 -

2018 1496 2254 1564 Spiritus
2312 1499 2560 1560 Domini,
2597 1498 2834 1564 Spiritus
2882 1497 3095 1560 Pati-is,
3143 1491 3380 1568 Spiritus
3428 1505 3582 1567 Filii,

2021 1590 2258 1655 Spiritus
2317 1590 2562 1653 Christi,
2625 1590 2863 1667 Spiritus
2919 1593 3072 1659 ejus,
3143 1594 3235 1660 qui
3300 1596 3587 1650 suscitavit

352 1675 570 1742 Πνεῦμα
597 1677 760 1745 ζωῆς,
804 1679 1026 1746 Πνεῦμα
1055 1681 1338 1747 ἀληθείας.
1377 1701 1394 1731 ι
1438 1683 1495 1734 Εἰ
1526 1681 1705 1732 τοίνυν
1738 1681 1796 1732 τὸ
1826 1679 1915 1730 λέο

2027 1679 2568 1746 Christuut,Spirilus
2598 1681 2994 1748 vitze,Spiritus
3024 1683 3293 1736 veritatis.
3332 1684 3386 1738 Si
3423 1685 3586 1752 igitur

350 1767 541 1828 γεσΟαι
591 1767 812 1834 Πνεῦμα
870 1769 1022 1834 Υξοῦ,
1060 1772 1153 1823 καὶ
1206 1772 1427 1839 Πνεῦμα
1480 1771 1760 1838 ἀληθείας,
1813 1771 1911 1822 αὖ·

351 1863 449 1929 τὴν
479 1863 577 1927 τὴν
608 1861 772 1927 φύσιν
797 1862 892 1913 τοῦ
929 1864 1084 1928 ἁγίου
1127 1864 1446 1930 Πνεῦματος
1495 1865 1775 1930 σημαίνει,
1811 1881 1916 1929 φα-

350 1954 505 2020 νερὸν
530 1954 666 2023 ὅπερ
695 1955 932 2019 ἐλέγετο,
959 1955 1033 2016 ὡς
1064 1955 1281 2007 ἐπειδὰν
1306 1956 1363 2006 τὸ
1397 1955 1617 2022 Πνεῦμα
1644 1955 1737 2006 τοῦ
1765 1955 1913 2016 Υξοῦ,

351 2045 446 2098 καὶ
478 2044 537 2094 τὸ
578 2044 801 2112 Πνεῦμα
831 2045 928 2112 τῆς
969 2045 1228 2114 ἀληθείας
1261 2049 1394 2116 παρ’
1441 2047 1606 2100 αὐτοῦ
1647 2045 1740 2098 τοῦ
1783 2046 1912 2097 Υίοῦ

349 2135 776 2188 ἀποστέλλεσθαι
820 2136 1056 2202 λέγεται,
1092 2138 1226 2189 αὐτὸ
1265 2138 1324 2190 τὸ
1379 2139 1620 2190 ἐνούσιον
1653 2141 1743 2190 καὶ
1791 2141 1916 2190 ἐνυ-

352 2229 619 2280 πόστατον
669 2228 812 2279 θεῖον
866 2229 1087 2295 Πνεῦμι
1139 2231 1167 2281 6
1215 2231 1586 2301 Παρακλητος,
1641 2235 1668 2283 6
1718 2232 1782 2283 ὲκ
1821 2231 1912 2283 τοῦ

355 2319 568 2388 Πατρὸς
603 2319 691 2370 διὰ
728 2319 821 2370 τοῦ
857 2319 987 2372 Υίοῦ
1015 2322 1449 2390 ἐκπορευόμενος
1500 2323 1638 2374 κατὰ
1661 2325 1761 2390 τὴν
1803 2323 1910 2374 τῶν

353 2413 523 2478 ἁγίων
555 2411 853 2478 θεολογίαν,
881 2414 942 2464 οὐ
969 2414 1150 2481 μέντοι
1177 2415 1422 2483 χάρισμὰ
1445 2431 1497 2466 τι
1523 2416 1914 2478 ἀνυπόστατον,

349 2506 428 2566 ὗς
465 2521 607 2565 τινες
668 2506 890 2567 οίονται,
931 2506 1204 2574 δηλοῦται.
1259 2506 1321 2558 Εἰ
1366 2507 1420 2558 δὲ
1469 2508 1630 2559 πάλιν
1685 2510 1712 2560 6
1773 2509 1917 2570 θεῖος

354 2598 738 2664 Χρυσὸστομος
762 2599 819 2647 ἐν
845 2597 956 2656 τοῖς
979 2599 1160 2659 αὐτοῖς
1181 2600 1350 2664 λέγει,
1378 2617 1394 2646 ι
1410 2599 1576 2649 Ὅταν
1599 2599 1653 2650 δὲ
1680 2599 1922 2670 ἀκούσῃς

355 2685 800 2750 ἀποστέλλεσθαι,
836 2685 908 2754 μὴ
939 2686 1038 2752 τὴν
1065 2687 1295 2754 θεότητα
1341 2689 1575 2757 έκλαϐῃς
1633 2689 1909 2757 εἰρῆσθαι,

355 2779 487 2840 Θεὸς
519 2777 627 2845 γὰρ
651 2779 750 2830 οῦκ
782 2778 1171 2832 ἁτε-,στέλλεται
1199 2799 1230 2828 .›
1277 2780 1428 2831 οὐδὲν
1456 2781 1530 2848 τῷ
1563 2781 1700 2848 λόγῳ
1733 2783 1923 2849 προσί-

355 2886 570 2929 σταται,
602 2870 706 2921 οὐδ’
738 2871 896 2930 auiti;
937 2873 1087 2920 ἐστιν
1135 2869 1313 2937 ἐαυτῷ
1346 2875 1588 2933 ἐναντίος
1626 2887 1638 2899 ·
1692 2875 1785 2924 καὶ
1813 2874 1922 2940 γὰρ

355 2960 493 3013 καθὸ
517 2960 646 3022 Θεὸς
672 2960 824 3010 οὐδὲν
857 2960 1247 3011 ἀποστέλλεται
1283 2965 1393 3012 τῶν
1445 2963 1770 3028 προσώπων,
1803 2964 1922 3014 οὐδὲ

2015 1771 2121 1823 dici
2181 1771 2445 1838 Spiritum
2507 1771 2624 1824 Filii
2679 1781 2733 1824 et
2789 1774 3052 1840 Spiritum
3106 1777 3357 1830 veritatis
3414 1778 3586 1844 ips:m

2017 1871 2266 1915 naturam
2299 1863 2538 1930 Spiritus
2569 1865 2738 1918 sancti
2772 1866 3060 1931 signilieat.
3090 1879 3234 1935 patet
3267 1871 3409 1935 quod
3440 1871 3589 1922 dire-

2016 1951 2196 2022 batur,
2233 1951 2488 2002 nimirum
2523 1951 2745 2020 quando
2779 1952 3017 2019 Spiritus
3068 1955 3213 2017 Filii,
3247 1967 3299 2008 rt
3352 1959 3589 2024 Spiritus

2016 2041 2267 2094 veritatis
2303 2044 2371 2096 ab
2406 2043 2523 2110 ipso
2569 2043 2710 2096 Filio
2750 2045 2892 2098 mitti
2935 2046 3161 2109 dicitur,
3191 2049 3303 2116 ipse
3332 2051 3588 2104 substan-

2020 2132 2181 2192 tialis.
2219 2142 2384 2201 atque
2415 2136 2721 2188 subsistens
2749 2129 2972 2189 divinus
3002 2139 3263 2206 Spiritus,
3299 2158 3389 2208 qui
3428 2143 3590 2194 Para—

2018 2225 2194 2278 clelus
2235 2235 2342 2285 est,
2377 2229 2466 2294 qui
2500 2244 2564 2280 ex
2613 2230 2774 2282 Patre
2807 2245 2903 2297 per
2939 2232 3136 2284 Filium
3176 2237 3456 2298 procedit,
3491 2253 3590 2288 se—
3626 2274 3629 2278 ~

2020 2317 2264 2369 cundum
2301 2317 2629 2386 theologiam
2656 2328 2995 2380 sanctorum,
3024 2338 3138 2374 non
3168 2335 3349 2377 autem
3383 2328 3587 2378 donum

2020 2407 2244 2474 aliquod
2314 2409 2729 2463 subsistentiam
2778 2427 2884 2464 non
2940 2413 3178 2474 habetis,
3230 2427 3287 2469 ut
3343 2423 3591 2472 nonnulli

2021 2509 2235 2568 putant,
2259 2500 2620 2569 signiﬁcatur.
2653 2522 2668 2551 ι
2695 2502 2848 2566 Quod
2884 2507 2928 2556 si
2963 2521 3151 2559 rursus
3182 2508 3339 2561 divus
3360 2510 3595 2579 Chryso-

2022 2599 2230 2643 stomus
2256 2591 2523 2643 iniisdem
2542 2594 2775 2645 asserit:
2808 2611 2823 2642 ι
2849 2593 3078 2658 Quando
3099 2611 3228 2650 vero
3250 2600 3410 2652 audis
3433 2603 3594 2660 mitti,

2023 2696 2090 2734 ne
2126 2681 2387 2734 Deitatem
2425 2683 2694 2745 intelligas
2727 2685 2864 2747 diei,
2903 2685 3044 2738 Deus
3081 2683 3231 2740 enini
3270 2705 3377 2743 non
3420 2693 3598 2743 mitti-

2025 2781 2134 2832 tur,
2180 2792 2197 2822 ι
2240 2774 2375 2825 nihil
2426 2773 2619 2826 rationi
2655 2775 2999 2839 adversatur,
3024 2793 3203 2846 neque
3229 2779 3331 2834 sibi
3375 2781 3490 2849 ipse
3517 2795 3599 2834 est

2027 2863 2356 2916 contrarius:
2382 2865 2594 2917 Etenim
2621 2876 2890 2934 quatenus
2915 2868 3178 2932 Deusest,
3198 2872 3343 2925 nulla
3366 2889 3598 2941 persona

2027 2957 2285 3008 mittitur.
2307 2957 2491 3026 Neque
2526 2969 2795 3026 quatenus
2827 2971 2910 3014 est
2947 2963 3274 3026 substantia,
3299 2974 3354 3018 et
3380 2965 3596 3029 Deitas;

355 3051 495 3104 καθὸ
545 3052 704 3103 οὐσία
750 3052 842 3103 καὶ
892 3052 1117 3120 θεότηςο
1149 3051 1292 3103 οὕτω
1345 3053 1456 3120 γὰρ
1499 3054 1565 3105 ἂν
1607 3049 1717 3106 εἶεν
1782 3055 1920 3106 θεῶν

2029 3049 2109 3101 sic
2140 3049 2288 3102 enim
2341 3058 2487 3101 esset.
2534 3050 2826 3104 multitudo
2873 3053 3102 3106 deorum
3158 3057 3512 3114 mittentium.
3543 3074 3600 3112 ef.

360 3143 561 3208 πλῆθος
607 3142 1046 3195 ἀποστελλόντων
1119 3144 1213 3194 καὶ
1270 3145 1772 3212 ἀποστελλομένων,
1830 3148 1926 3198 καὶ

357 3236 465 3286 τῶν
525 3237 621 3303 μὶν
650 3235 873 3304 κυρίων,
909 3237 1014 3286 τῶν
1063 3235 1117 3286 δὲ
1146 3236 1367 3296 δούλων,
1409 3237 1439 3305 ἢ
1475 3239 1569 3288 καὶ
1616 3238 1722 3288 τῶν
1745 3238 1925 3289 αὐτῶν

357 3326 594 3394 ἑκάτερα
629 3343 642 3355 ·
685 3327 744 3377 οὐ
773 3326 880 3394 γὰρ
907 3327 972 3376 ἂν
1003 3326 1087 3393 εἴη
1118 3326 1324 3392 κυρίως
1352 3328 1503 3385 Θεὸς,
1534 3328 1599 3379 ἂν
1634 3329 1767 3378 καθὸ
1795 3330 1925 3390 Θεὸς

363 3416 784 3468 ἀποστέλλεσθαι
836 3417 1096 3484 λέγηται·
1129 3418 1251 3470 καθ’
1289 3418 1348 3468 ὃν
1405 3419 1471 3484 δὴ
1516 3420 1672 3484 λόγον
1722 3421 1926 3485 ὁμοῖως

361 3506 482 3556 οὐδὲ
517 3505 650 3556 καθὸ
673 3506 819 3572 ,Θεὸς
855 3508 879 3556 6
915 3507 1097 3574 Πατὴρ
1127 3506 1291 3573 γεννᾷ
1323 3507 1412 3556 τὶν
1442 3505 1586 3565 ΐίὸν,
1621 3506 1744 3557 οὐδὲ
1785 3507 1816 3569 ὴ
1839 3505 1926 3555 οὑ-

363 3597 452 3647 σία
476 3595 670 3661 λέγοιτ’
700 3598 765 3648 ἂν
798 3597 982 3658 ἁπλῶς
1021 3598 1216 3665 γεννᾷν
1243 3597 1430 3648 οὐσίαν
1467 3613 1479 3624 ·
1510 3597 1698 3648 εἰπετο
1729 3597 1836 3662 γὰρ
1861 3594 1926 3646 ἂν

360 3691 394 3755 ἢ
429 3693 577 3756 τρεῖς
613 3683 752 3738 εἶναι
813 3689 1074 3755 πατέρας,
1108 3689 1140 3756 ἢ
1172 3690 1321 3756 τρεῖς
1375 3687 1563 3748 οὐσίας
1595 3686 1714 3738 καθ’
1758 3687 1927 3747 αὐτὰς

359 3779 760 3846 θεωρουμένας.
817 3781 1225 3846 μεμερισμένας
1293 3779 1388 3829 καὶ
1434 3777 1926 3846 ἀπεσχοινισμένας

359 3871 609 3937 ἀλλήλων
646 3885 660 3897 ⁸
695 3869 828 3920 ἀλλὰ
863 3869 997 3920 καθὸ
1027 3870 1316 3936 πρϐσωπον
1345 3869 1563 3935 λέγεται
1593 3868 1923 3919 αποστέλλε-

366 3963 486 4015 σθαι
513 3977 525 3990 ·
567 3963 755 4030 ὥσπερ
794 3964 892 4013 καὶ
923 3961 1060 4012 καθὸ
1103 3963 1201 4030 μὲν
1261 3942 1532 4029 Πατὴρξὸ
1568 3963 1758 4026 Πατὴρ
1805 3975 1931 4022 γεν-

364 4055 453 4122 νᾷ,
485 4053 620 4104 καθὸ
670 4053 725 4104 δὲ
772 4053 915 4114 Υἱὸς,
949 4053 976 4103 6
1019 4053 1144 4112 Υἱὸς
1194 4053 1470 4117 γεννᾶται,
1513 4049 1754 4116 δηλονότι
1789 4049 1929 4100 κατὰ

364 4156 462 4206 τας
489 4147 595 4196 τῶν
635 4146 984 4198 ὑποστάσεων
1017 4147 1307 4214 ἰδιότητας,
1340 4144 1435 4194 καὶ
1475 4144 1570 4202 τας
1624 4143 1804 4194 αὐτῶν
1835 4159 1930 4206 ση-

371 4239 592 4306 μασίας,
623 4240 716 4290 καὶ
751 4239 891 4290 κατὰ
919 4238 1018 4304 τὴν
1047 4238 1182 4304 πρὸς
1234 4235 1440 4304 ἄλληλα
1479 4235 1634 4297 τάξιν
1665 4233 1775 4285 τῶν
1814 4249 1928 4283 τοι-

363 4328 537 4378 οῦτων
580 4333 687 4389 τοῖς
720 4327 1028 4396 προσώποις
1059 4325 1465 4392 ἀποδιδομένων
1527 4322 1747 4381 οἰκείως
1783 4323 1921 4388 μετά

367 4418 466 4483 τῆς
499 4418 638 4468 κατὰ
665 4417 762 4484 τὴν
788 4417 977 4468 οὐσίαν
1019 4417 1366 4485 ταυτότητος.

445 4509 653 4559 Οὔκουν
698 4512 725 4559 ὁ
769 4511 922 4575 ἅγιος
955 4508 1090 4577 πρὸς
1120 4507 1292 4559 ταῦτα
1337 4507 1477 4573 ὁρῶν
1502 4506 1679 4557 ἐκεῖνο
1721 4503 1939 4570 ἀπέφη-

370 4616 483 4660 σεν,
513 4601 646 4650 ἀλλὰ
671 4600 826 4652 τοῦτο
861 4602 961 4668 μὲν
984 4599 1150 4660 τιθεὶς
1180 4597 1448 4666 πολλαχοῦ
1479 4598 1753 4664 φαίνεται,
1789 4597 1934 4646 ἐκεῖ-

334 4727 340 4732 .
369 4707 430 4740 νο
459 4691 516 4741 δὲ
559 4693 891 4758 ἀποφάσκει,
939 4691 1023 4742 ἵνα
1056 4690 1130 4760 μὴ
1154 4691 1246 4742 δύο
1278 4691 1389 4741 θεοὶ
1426 4689 1561 4740 καθὸ
1610 4688 1722 4739 θεοὶ
1745 4687 1932 4757 διῃρη-

372 4781 524 4850 μένοι
563 4787 790 4844 νοοῖντο,
833 4785 859 4833 6
897 4784 995 4849 μὲν
1066 4788 1315 4848 πέμπων,
1352 4784 1378 4832 6
1433 4781 1489 4831 δὲ
1551 4782 1928 4848 πεμπόμενος.

382 4873 646 4942 Ἐπείπερ
678 4875 704 4924 6
739 4874 974 4940 πέμπων
1019 4871 1115 4923 τοῦ
1167 4874 1525 4938 πεμπομένου
1574 4869 1726 4946 θέλει.
1773 4869 1938 4936 χωρί-

368 4967 582 5029 ζεσθαι.
622 4968 718 5018 καὶ
755 4964 927 5026 οὕτως
969 4969 995 5017 6
1041 4967 1138 5033 μὲν
1173 4965 1394 5031 Κύριος,
1443 4965 1470 5014 ὁ
1503 4964 1556 5014 δὲ
1587 4962 1772 5022 δοῦλος
1800 4977 1811 4990 ·
1843 4961 1939 5011 καὶ

364 5057 463 5108 δύο
521 5057 796 5123 θεότητες,
835 5057 929 5107 καὶ
956 5055 1006 5105 εἴ
1037 5072 1087 5106 τι
1137 5054 1263 5106 ἄλλο
1299 5053 1408 5102 τῶν
1441 5051 1661 5102 ἀτόπων
1715 5051 1934 5099 ἕπεται.

373 5147 583 5206 ’Λλλως
615 5163 671 5198 τε
696 5148 810 5208 πῶς
841 5148 906 5197 ἂν
934 5149 960 5198 6
982 5147 1135 5212 ἆγιος
1158 5143 1248 5196 τὸν
1279 5142 1635 5210 Παρὰκλητον
1666 5137 1934 5189 ἀποστέλ-

368 5237 557 5290 λεσθαι
599 5237 746 5304 παρὰ
779 5237 871 5287 τοῦ
922 5235 1047 5287 Υἱοῦ
1078 5235 1456 5302 ἁπηρνὴσατο,
1515 5234 1650 5282 ὅπου
1678 5246 1739 5295 γε
1776 5227 1936 5286 αὐτὸς

367 5330 397 5378 ὁ
438 5327 636 5396 Κύριος
672 5329 805 5395 φησὶ
847 5329 974 5395 περὶ
1005 5327 1198 5377 ἑαυτοῦ
1229 5325 1554 5393 διαῤῥῂδην,
1600 5341 1615 5370 ι
1661 5323 1832 5372 Ὅταν
1879 5318 1935 5368 δὲ

368 5420 502 5489 έλοῃ
529 5421 557 5469 6
587 5420 960 5488 Παρακλητος,
992 5418 1050 5468 ὃν
1075 5416 1182 5484 ἐγὼ
1213 5417 1414 5482 πέμψω
1440 5416 1589 5479 ὑμῖν,
1620 5413 1679 5463 τὸ
1708 5411 1938 5476 Πνεῦμα

367 5511 467 5577 τῆς
518 5510 796 5578 ἀληθείας,
827 5511 855 5562 6
894 5511 1042 5579 παρὰ
1114 5509 1206 5560 τοῦ
1255 5509 1462 5576 [ἰατρὸς
1525 5506 1932 5572 ὲκπορεύεταις

367 5601 516 5675 Πλὴν
551 5605 599 5653 εἰ
635 5605 711 5672 μὴ
751 5603 895 5672 λέγει
925 5618 1008 5664 τις
1038 5601 1133 5652 καὶ
1164 5599 1323 5652 αὑτὸν
1356 5601 1448 5652 τὸν
1486 5596 1842 5668 Παρακλητον
1877 5595 1937 5645 τὸ

1291 5811 1320 5825 Ι

2029 3138 2344 3198 missorum.
2396 3149 2453 3190 et
2503 3155 2692 3194 eormn
2742 3144 2836 3209 qui
2887 3155 3069 3197 essent
3121 3149 3355 3209 Domini,
3402 3161 3457 3203 et
3505 3153 3597 3219 qui

2035 3231 2199 3286 servi,
2226 3230 2305 3280 vel
2335 3232 2671 3292 earumdem,
2700 3235 2790 3299 qui
2821 3247 3002 3287 esscnl
3031 3247 3280 3304 utraque.
3315 3239 3429 3293 Non
3452 3244 3597 3294 euiu:

2027 3328 2169 3369 esset
2206 3323 2426 3385 proprie
2465 3320 2626 3382 Deus,
2659 3321 2701 3371 si
2731 3334 3007 3388 quatenus
3035 3325 3176 3378 Deus
3213 3327 3351 3380 mitti
3391 3331 3600 3382 dicere-

2026 3418 2136 3460 tur.
2173 3409 2331 3462 Juxta
2376 3426 2535 3475 quam
2575 3413 2839 3464 rationein
2892 3430 3069 3481 neque
3121 3416 3280 3469 Pater
3326 3430 3599 3485 quatenus

2028 3511 2111 3552 est
2141 3501 2280 3552 Deus
2307 3512 2532 3568 generat
2574 3503 2790 3564 Filium,
2824 3519 3002 3570 neque
3049 3506 3350 3561 substantia
3387 3511 3600 3563 dicetur

2029 3594 2351 3660 sin-pliciter
2377 3610 2638 3661 generare
2670 3595 3031 3647 substantiam
3057 3615 3069 3647 :
3097 3609 3425 3664 sequeretur
3451 3604 3596 3652 enim

2032 3686 2111 3736 vel
2167 3693 2277 3737 tres
2323 3700 2445 3737 esse
2495 3697 2698 3752 patres,
2749 3688 2832 3738 vel
2881 3697 2994 3740 tres
3028 3689 3363 3743 substantias
3411 3707 3506 3758 per
3541 3709 3599 3745 se,

2033 3773 2430 3831 consideralas.
2457 3777 2680 3837 divisas,
2720 3787 2882 3843 atque
2915 3779 2983 3829 ab
3018 3779 3252 3831 invicem
3290 3783 3597 3849 sejunctas,

2031 3867 2122 3918 sed
2159 3874 2428 3931 quatenus
2477 3876 2560 3917 est
2615 3881 2846 3933 persona
2883 3868 3020 3920 mitti
3065 3869 3292 3924 dicitur.
3328 3875 3600 3935 Quemad-

2034 3957 2254 4010 modum
2302 3959 2466 4009 etiam
2505 3968 2777 4025 quatenus
2807 3969 2892 4011 est
2924 3960 3102 4019 Pater,
3139 3961 3301 4014 Pater
3330 3977 3553 4031 generat
3581 3983 3596 4027 ;

2032 4058 2305 4115 quatenus
2331 4064 2466 4114 vero
2490 4057 2576 4102 est
2609 4048 2800 4109 Filius,
2829 4049 3000 4103 Filius
3033 4063 3326 4119 generatur
3355 4071 3368 4116 ;
3407 4057 3598 4110 videti-

2031 4151 2119 4195 eet
2165 4141 2465 4193 secundum
2509 4142 2874 4208 proprietates
2906 4143 3296 4212 hypostaseon,
3329 4156 3382 4198 et
3411 4163 3596 4201 earum

2033 4230 2551 4298 signiﬁcationes,et
2580 4233 2881 4284 secundum
2897 4216 3159 4288 ‘ordinem
3191 4237 3402 4296 talium,
3434 4254 3595 4306 quem

2039 4323 2240 4375 habent
2289 4322 2354 4373 ad
2407 4322 2690 4375 invicem:
2742 4339 2863 4391 quze
2920 4327 3166 4391 personis
3218 4329 3434 4396 proprie
3495 4347 3597 4384 una

2038 4430 2159 4468 cum
2190 4415 2474 4468 identitate
2501 4415 2802 4468 secundum
2837 4417 3195 4470 substantiam
3229 4422 3601 4488 assignantur.

2105 4501 2224 4553 Non
2271 4502 2436 4568 igitur
2465 4512 2686 4556 sanctus
2737 4505 2801 4555 ad
2838 4506 2949 4559 hzec
2986 4508 3286 4573 respiciens
3329 4511 3457 4566 illud
3509 4527 3602 4563 ne-

2035 4592 2200 4658 gavit,
2254 4589 2345 4642 sed
2401 4589 2503 4644 hoc
2546 4593 2730 4645 multis
2776 4593 2826 4645 in
2873 4594 3008 4648 locis
3036 4595 3332 4651 allirmasse.
3367 4609 3598 4662 constat,

2037 4679 2172 4732 illud
2214 4689 2394 4733 autem
2436 4691 2616 4749 negat,
2647 4698 2714 4734 ne
2747 4682 2855 4735 duo
2884 4684 2981 4746 dii,
3012 4695 3283 4754 quatenus
3329 4688 3404 4740 dii
3437 4689 3600 4742 divisi

2036 4773 2439 4840 intelligantur;
2473 4773 2557 4824 hic
2584 4775 2802 4841 quidem
2835 4779 3077 4840 mittens,
3107 4778 3194 4830 ille
3225 4794 3347 4829 vero
3377 4780 3596 4834 mis~n~..

2036 4862 2305 4926 Quoniam
2339 4865 2429 4930 qui
2488 4864 2653 4916 mittit
2702 4865 2768 4917 ab
2817 4881 2882 4918 eo
2925 4867 3015 4932 qui
3081 4869 3314 4920 mittitur
3357 4875 3596 4934 separari

2040 4957 2201 5007 solet.
2239 4964 2290 5004 et
2332 4954 2410 5006 sic
2446 4968 2586 5004 unus
2619 4954 2838 5019 quidem
2871 4956 3132 5007 Dominus
3169 4969 3271 5018 εδει,
3304 4959 3440 5010 alter
3471 4975 3600 5010 \‘Clu

2036 5057 2267 5105 servus;
2299 5052 2352 5094 et
2391 5041 2510 5097 dua:
2560 5043 2816 5104 Deitates,
2852 5060 2910 5096 ac
2947 5044 2988 5096 si
3037 5044 3168 5112 quid
3225 5047 3369 5098 aliud
3403 5049 3596 5100 iur-nn;

2039 5133 2265 5184 \cuiens
2298 5132 2833 5200 sequitur.Alioquin
2858 5135 3134 5201 quomodo
3168 5148 3387 5189 sant-tus
3410 5140 3457 5192 di
3481 5151 3600 5192 ctu;-

2037 5225 2375 5277 Paracletum
2422 5225 2562 5276 mitti
2613 5243 2640 5276 a
2677 5225 2811 5278 Ριιὶο
2846 5238 3119 5295 negasset,
3157 5244 3279 5280 cum
3336 5229 3599 5280 Ditlllllttts

2037 5318 2150 5384 ipse
2193 5319 2257 5368 de
2287 5332 2342 5368 se
2381 5317 2444 5366 ad
2478 5320 2697 5368 verbum
2733 5318 2914 5369 dicat:
2948 5337 2964 5366 ι
3006 5319 3139 5371 (.Zum
3183 5330 3361 5370 autem
3393 5334 3602 5375 venet't

2037 5408 2368 5468 Parat'letus,
2403 5423 2566 5474 quem
2607 5423 2706 5476 ego
2734 5410 2944 5459 mittam
2985 5410 3136 5462 vobis
3169 5409 3431 5476 Spiritum
3461 5426 3572 5460 veri
3600 5439 3602 5441 ›

2041 5500 2190 5559 talis,
2224 5502 2314 5566 qui
2365 5515 2390 5549 a
2433 5501 2588 5550 l’atre
2623 5499 2913 5564 procedit?
2951 5499 3059 5551 Nisi
3112 5499 3248 5550 forte
3281 5499 3403 5566 quis
3438 5501 3600 5554 etiam

2038 5567 2213 5663 ipsum
2260 5591 2603 5647 l‘aratrletum
2664 5590 2923 5662 Spiritum
2957 5589 3232 5656 veritatis,
3271 5606 3430 5643 uuam
3465 5589 3604 5645 dili-
