3862 6220
345 200 454 265 ⁷943

1618 208 1994 268 DEMETllIl
2036 206 2341 270 CYDONiI

3463 195 3569 269 945

344 329 471 368 nam
505 314 791 370 Trinitatis
826 332 1112 386 personam
1144 331 1331 374 carere
1357 319 1709 373 subsistentia
1730 320 1896 374 dicat.

2004 322 2223 392 Πνεῦμα
2250 323 2348 389 τῆς
2378 320 2628 391 ἀληθείας
2659 322 2717 375 τὺ
2746 325 2846 392 τῆς
2875 322 3102 392 Τριάδος
3132 321 3190 372 ἓν
3221 319 3365 372 θεῖον
3397 319 3571 386 πρόσ-

346 405 617 461 Caaterum
651 408 755 461 hoc
787 418 1148 477 prmterquam
1178 409 1321 477 quod
1358 409 1428 462 sit
1458 410 1707 478 impium,
1746 412 1909 465 etiam

348 498 582 554 multum
608 499 853 553 stultitia:
878 500 1059 553 habet.
1094 499 1207 553 lmo
1232 499 1654 571 Chrysostomus
1676 518 1909 571 praesen-

348 597 460 643 tem
511 592 790 644 veritatem
844 590 997 645 valde
1053 591 1341 645 conﬁrmat
1392 591 1446 645 in
1497 593 1644 646 hom.
1706 594 1806 656 59,
1855 593 1906 646 in

346 682 757 751 Expositionem
808 682 1015 749 Evang.
1067 682 1368 737 secundum
1419 682 1708 746 Joannem,
1752 685 1906 752 quasi

346 787 374 825 a
406 772 684 826 contrario
703 787 1011 826 sermonem
1041 788 1397 843 componens,
1421 774 1517 827 ait:
1543 792 1561 823 ι
1590 774 1657 827 Ει
1679 789 1909 843 querno-

344 861 417 921 lo,
452 861 650 929 inquit,
686 860 934 929 ejusdem
992 862 1308 916 substantias
1345 873 1451 925 est,
1483 863 1575 930 qui
1626 863 1813 920 mittit.
1852 874 1907 916 et

341 956 433 1020 qui
464 951 764 1006 mittitur?»
798 961 853 1006 et
881 954 1197 1023 subjungit:
1228 952 1469 1008 «Rursus
1499 954 1563 1007 ad
1603 969 1689 1008 res
1720 954 1908 1007 huma-

342 1056 442 1097 nas
465 1042 722 1098 deorsum
747 1059 1054 1098 sermonem
1075 1043 1271 1106 trahis,
1295 1052 1348 1097 et
1370 1060 1476 1098 non
1500 1044 1758 1105 intelligis
1791 1044 1905 1097 haec

338 1136 519 1190 omnia
555 1136 692 1189 nihil
719 1136 789 1189 ob
820 1136 966 1189 aliud
999 1136 1144 1191 dicta
1175 1151 1317 1198 esse,
1342 1151 1504 1204 quam
1532 1146 1589 1189 ut
1616 1150 1907 1190 noscamus

336 1239 581 1287 causam,
616 1239 793 1292 neque
824 1224 877 1277 in
911 1222 1130 1277 Sabellii
1164 1223 1412 1277 morbum
1437 1224 1763 1278 incidamus.
1790 1241 1808 1275 ι
1845 1224 1902 1277 ln

338 1316 427 1371 his
475 1315 585 1369 duo
616 1315 863 1384 quaedam
913 1316 1277 1384 colliguntur:
1314 1320 1579 1384 primum,
1614 1316 1756 1384 quod
1808 1315 1903 1384 qui

339 1408 531 1472 mittit,
559 1407 800 1461 essentia
834 1408 1138 1461 subsistens
1165 1414 1268 1468 est,
1310 1405 1507 1477 et‘qui
1549 1405 1785 1459 mittitur
1828 1406 1903 1459 si-

340 1500 582 1553 militer:
634 1498 882 1567 ejusdem
922 1486 1079 1551 'enint
1129 1496 1447 1551 substantiae
1507 1512 1627 1551 esse
1688 1497 1900 1562 ambos,

338 1608 565 1662 prorsus
590 1592 862 1646 concedit.
890 1591 1157 1652 Alterum,
1183 1588 1327 1659 quod
1362 1590 1500 1643 mitti
1532 1589 1753 1658 quidem
1784 1598 1898 1644 tum

337 1684 743 1739 distinetionetn
786 1682 1097 1736 divinarum
1125 1695 1479 1749 personarum
1519 1680 1746 1745 indicat,
1785 1690 1897 1734 tum

337 1794 556 1833 causam
595 1778 883 1847 exprimit:
938 1794 957 1826 ι
1010 1775 1128 1829 Νοη
1163 1777 1232 1828 ob
1279 1774 1449 1838 aliud,
1502 1775 1701 1844 inquit,
1755 1775 1897 1828 mitti

339 1873 543 1925 dictum
580 1879 683 1933 est,
721 1868 813 1923 sed
849 1877 907 1921 ut
940 1882 1159 1921 causam
1209 1881 1585 1935 agnoscamus,
1616 1875 1671 1919 et
1698 1866 1752 1918 in
1799 1864 1900 1919 Sa-

340 1963 485 2017 bellii
514 1961 763 2014 morbum
794 1974 901 2011 non
935 1957 1252 2012 incidamus.
1292 1975 1311 2007 »
1352 1956 1405 2010 Si
1456 1954 1618 2025 igitur
1660 1956 1898 2019 mittere,

338 2066 402 2104 ac
435 2049 573 2102 tnitti
620 2064 864 2109 causam,
891 2055 947 2101 et
981 2055 1265 2099 causatum
1298 2045 1522 2107 indicat,
1562 2060 1591 2097 a
1638 2045 1777 2099 Filio
1804 2062 1902 2099 au-

338 2152 447 2195 tem
497 2140 733 2194 mittitur
783 2138 1022 2207 Spiritus
1061 2147 1306 2201 sanctus,
1357 2137 1549 2204 liquet.
1596 2136 1899 2190 secundum

338 2231 525 2284 divum
567 2230 1039 2299 Chrysostomum,
1075 2227 1273 2280 Filium
1306 2241 1522 2279 causam
1570 2240 1691 2279 esse
1738 2224 1903 2294 Spiri-

339 2337 428 2379 tus
476 2324 692 2387 saneti;
744 2322 811 2375 ad
875 2321 1017 2373 hanc
1072 2320 1220 2375 enim
1268 2318 1715 2386 consequentiam
1764 2318 1900 2372 nihil

336 2412 537 2463 obstat.
577 2409 668 2462 Sic
702 2406 901 2462 veritas
938 2407 1102 2461 etiam
1154 2422 1222 2460 ex
1274 2406 1356 2458 his
1404 2404 1605 2473 quibus
1653 2405 1898 2459 nonnulli

335 2515 454 2551 eam
483 2500 719 2553 lacerare
746 2499 955 2562 volunt,
989 2498 1189 2551 clarius
1210 2497 1491 2559 elucescit,
1534 2504 1698 2566 atque
1727 2506 1899 2549 totum

336 2591 472 2655 ipsis
507 2591 559 2643 in
608 2589 940 2643 contrarium
982 2589 1237 2642 vertitur.
1271 2588 1424 2654 Quod
1472 2596 1655 2641 autem
1700 2598 1900 2657 praeter

338 2698 506 2737 unum
546 2670 810 2750 Spiritum
838 2690 1084 2734 sanctum
1116 2680 1478 2743 Paracletum,
1510 2680 1777 2749 Spiritum
1810 2696 1903 2735 ve-

336 2778 537 2837 ritatis,
573 2774 727 2827 multi
762 2775 850 2827 alii
884 2774 1013 2827 dieti
1042 2773 1278 2841 Spiritus
1308 2784 1516 2827 tantum
1551 2775 1618 2828 ab
1645 2790 1711 2828 eo
1742 2776 1899 2829 diﬂ‘e-

337 2875 481 2930 rant,
515 2875 777 2935 quantum
812 2876 991 2919 creata
1018 2880 1045 2917 a
1071 2864 1348 2930 Creatore,
1380 2878 1528 2932 pate.
1557 2856 1630 2919 ex
1671 2866 1753 2919 his
1780 2882 1900 2935 qua:

1928 1649 1976 1708 Β

2010 430 2157 467 ωπον
2201 414 2453 467 ἁνούσιον
2503 410 2659 467 εἶναι.
2708 414 2868 468 ’Δλλά
2899 415 3055 467 τοῦτο
3098 413 3235 483 μετά
3285 412 3385 475 τῆς
3437 413 3569 463 ἀσε-

2012 505 2162 567 ϐείας
2216 505 2351 557 πολὺ
2378 505 2555 558 καὶτὸ
2588 506 2815 573 ἀνόητον
2872 506 3005 575 ἔχει.
3038 504 3257 558 Μᾶλλον
3288 502 3389 571 μὲν
3421 497 3513 554 οῦν
3539 502 3569 551 ὁ

2010 597 2151 658 θεῖος
2175 597 2562 667 Χρυσόστομος
2605 600 2700 651 καὶ
2735 597 2938 667 πολλὴν
2961 600 3027 666 τῇ
3060 595 3313 665 παρούσῃ
3340 595 3571 664 ἀληθεία

2008 690 2104 757 τὴν
2144 687 2299 756 ίσχὺν
2342 687 2576 743 δίδωσιν.
2619 689 2709 743 Ἐν
2768 688 2877 757 γὰρ
2915 692 2981 757 τῇ
3018 688 3095 740 λθ¹
3124 687 3313 756 ὁμιλίᾳ
3360 687 3461 754 τῆς
3488 689 3570 746 εἰς

2008 780 2065 831 τὸ
2093 781 2231 832 κατά
2268 781 2526 849 Ἰωάννην
2552 781 2885 850 ἐξηγήσεως,
2923 776 3037 833 οἷον
3054 780 3161 834 ἀπὸ
3189 780 3284 833 τοῦ
3324 780 3569 832 ἐναντίω

2006 869 2098 919 τὸν
2120 868 2275 934 λόγον
2302 870 2677 939 σχηματίζων,
2716 871 2885 939 φησί’
2918 890 2935 922 ε
2976 872 3085 923 Καὶ
3110 871 3251 933 πῶς,
3286 871 3439 939 φησὶ,
3472 873 3570 937 τῆς

2007 957 2176 1026 αὐτῆς
2210 959 2396 1021 οὐσίας
2448 961 2476 1012 6
2506 960 2741 1030 πέμπων
2768 962 2861 1012 καὶ
2904 961 2933 1012 6
2979 961 3332 1028 πεμπόμενος
3365 977 3382 1023 ;
3418 978 3435 1009 ι
3479 960 3572 1010 καὶ

2006 1051 2200 1119 ἐπάγει
2237 1063 2251 1079 ’
2287 1070 2305 1103 ε
2334 1052 2500 1106 Πάλιν
2532 1054 2627 1106 ἐπὶ
2652 1054 2716 1104 τὰ
2751 1052 3073 1122 ἀνθρώπινα
3104 1051 3439 1121 καταφέρεις
3478 1052 3571 1104 τὸν

2005 1142 2179 1208 λόγον,
2216 1143 2311 1195 καὶ
2354 1143 2453 1196 οὐκ
2476 1144 2699 1206 ἐννοεῖς,
2733 1143 2815 1194 ὅτι
2867 1142 3039 1194 ταῦτα
3104 1142 3280 1194 πάντα
3314 1142 3384 1193 δι’
3413 1143 3566 1195 οὐδὲν

2003 1231 2189 1301 ἓτερον
2217 1233 2453 1303 εἴρηται,
2479 1231 2592 1283 ἀλλ’
2631 1231 2718 1284 ἴνα
2742 1230 2838 1282 καὶ
2864 1228 2955 1280 τὸν
2981 1230 3158 1281 αίτιον
3180 1229 3436 1296 εἰδῶμεν,
3474 1229 3564 1280 καὶ

2004 1320 2083 1381 εἰς
2114 1321 2213 1388 τὴν
2238 1320 2333 1373 τοῦ
2364 1319 2656 1372 Σαϐελλίοω
2688 1318 2761 1388 μὴ
2790 1320 3187 1385 καταπέσωμεν
3210 1317 3387 1371 νόσον.
3424 1336 3444 1367 ε
3477 1318 3564 1369 Ἐν

2001 1410 2210 1473 τούτοις
2234 1411 2331 1462 δύο
2356 1410 2479 1463 τινὰ
2518 1409 2841 1477 συνάγονται
2860 1426 2875 1440 ο
2909 1408 3128 1477 πρῶτον
3159 1409 3239 1460 ὅτι
3267 1411 3295 1460 6
3326 1407 3565 1475 πέμπων

2003 1501 2159 1555 οὐσία
2196 1500 2563 1564 ὲνυπόστατός
2601 1502 2738 1563 ἐστι,
2796 1503 2889 1554 καὶ
2937 1503 2965 1552 6
3004 1500 3352 1568 πεμπόμενος
3381 1499 3562 1551 ὡσαύ-

2005 1609 2110 1654 τως
2133 1607 2150 1623 ο
2181 1591 2279 1660 τῆς
2311 1591 2417 1661 γὰρ
2450 1592 2620 1661 αὐτῆς
2659 1592 2843 1653 οὐσίας
2873 1592 3043 1660 ἄμφω
3069 1592 3165 1643 καὶ
3192 1591 3330 1643 πάνυ
3371 1590 3564 1656 ὁμολο-

2002 1684 2121 1749 γεῖ’
2151 1681 2405 1752 δεύτερον
2436 1683 2516 1735 ὅτι
2560 1681 2622 1734 τὺ
2654 1681 2970 1749 πέμπεσθαι
3015 1682 3135 1749 ἅμα
3176 1680 3277 1748 μὲν
3306 1681 3405 1748 τὴν
3450 1679 3565 1732 6rd-

2002 1791 2185 1844 κρισιν
2214 1773 2325 1826 τῶν
2365 1772 2522 1825 θείων
2571 1774 2823 1842 ἐμφαίνει
2854 1770 3182 1839 προσώπων,
3215 1770 3333 1838 ἅμα
3383 1770 3439 1823 δὲ
3470 1773 3562 1823 καὶ

1999 1866 2093 1918 τὸν
2115 1865 2285 1917 αίτιον
2302 1864 2653 1936 παρίστησιν.
2689 1883 2707 1914 ι
2728 1862 2804 1915 Δι’
2830 1862 2982 1915 οὐδὲν
3000 1861 3128 1930 γὰρ,
3159 1862 3347 1930 φησιν,
3377 1861 3462 1913 Et:
3471 1879 3562 1928 ρον

2002 1956 2061 2007 τὸ
2085 1955 2400 2025 πέμπεσθαι
2434 1944 2818 2025 είρηται,ἀλλ’
2840 1954 2927 2006 ἴνα
2964 1954 3058 2005 καὶ
3088 1953 3179 2005 τὸν
3210 1954 3385 2006 αἴτιον
3412 1954 3560 2006 είδῶ-

2006 2065 2125 2117 μεν,
2157 2048 2250 2099 καὶ⁵
2292 2048 2372 2108 είς
2419 2047 2517 2116 τὴν
2551 2046 2643 2099 τοῦ
2680 2046 2968 2099 Σαϐελλίου
3032 2046 3107 2116 μὴ
3158 2048 3561 2115 καταπίσωμεν

2002 2140 2175 2193 νόσον.
2211 2139 2274 2190 Ei
2311 2138 2489 2190 τοίνυν
2537 2138 2599 2190 τὸ
2637 2138 2881 2207 πέμπειν
2915 2139 3007 2192 καὶ
3039 2138 3357 2206 πέμπεσθαι
3386 2139 3448 2191 τδ
3475 2139 3559 2191 αε-

2000 2245 2113 2280 τιον
2144 2230 2236 2281 καὶ
2282 2227 2342 2280 τὸ
2383 2228 2625 2282 αἰτιατδν
2658 2230 2937 2298 ἐμφαίνει,
2979 2230 3128 2299 παρὰ
3183 2229 3238 2281 δὲ
3284 2230 3378 2283 τοῦ
3433 2231 3564 2283 Υἱοῦ

2002 2320 2281 2387 πέμπεται
2333 2318 2393 2371 τὸ
2427 2318 2652 2387 Πνεῦμα
2702 2318 2765 2372 τὸ
2798 2320 2977 2387 ἅγιον,
3022 2319 3245 2390 εὔδηλον
3293 2321 3436 2373 κατὰ
3476 2323 3567 2375 τὸν

2001 2410 2144 2464 θεῖον
2190 2408 2597 2480 Χρυσόστομον,
2643 2411 2725 2463 eu
2784 2413 2813 2463 6
2854 2411 2981 2472 Υἱὸς
3027 2414 3201 2475 αῐτιος
3251 2411 3348 2465 τοῦ
3406 2414 3567 2481 ἁγίου

2001 2501 2319 2571 Πνεῦματός
2368 2503 2484 2554 ἐστι
2511 2518 2526 2533 ο
2560 2502 2694 2572 πρὸς
2727 2502 2835 2571 γὰρ
2862 2502 2923 2555 τὸ
2953 2502 3220 2571 ἑπόμενον
3268 2504 3427 2557 τοῦτο
3469 2506 3563 2557 οὑ-

1999 2593 2085 2646 δὲν
2127 2595 2506 2663 προσίσταται.
2530 2593 2718 2657 Οὕτως
2762 2597 2794 2665 ὴ
2826 2596 3056 2664 ἀλήθεια
3103 2597 3194 2649 καὶ
3226 2598 3287 2660 ἐξ
3314 2591 3391 2649 ὧν
3418 2614 3568 2660 τινες

2000 2684 2167 2755 αὐτὴν
2215 2684 2494 2753 βούλονται
2532 2686 2863 2756 σπαράττειν
2903 2687 3287 2757 λαμπρότερον
3332 2688 3567 2754 διαλάμ-

2004 2790 2115 2838 πει,
2151 2776 2245 2828 καὶ
2297 2776 2406 2828 πᾶν
2458 2775 2641 2839 αὐτοῖς
2696 2778 2777 2839 είς
2822 2778 3131 2831 τοὺνάντιον
3189 2776 3555 2847 περιίσταται.

2004 2864 2123 2917 Ὀτι
2148 2864 2206 2916 δὲ
2225 2865 2293 2916 τὰ
2320 2865 2470 2935 παρὰ
2495 2864 2554 2918 τὸ
2586 2864 2645 2918 ἒν
2683 2864 2838 2934 ἆγιον
2878 2866 3100 2935 Πνεῦμα
3130 2867 3222 2920 τὸν
3268 2868 3562 2938 Παράκλη-

337 2959 504 3015 tradit
536 2958 833 3028 Gregorius
862 2957 1175 3025 Theologus
1205 2956 1259 3009 in
1309 2958 1556 3011 oratione
1589 2958 1655 3011 de
1688 2958 1894 3027 Spiritu

2001 2975 2109 3023 τον,
2150 2960 2210 3011 τ’)
2241 2958 2466 3028 Πνεῦμα
2497 2961 2596 3029 τῆς
2647 2960 2927 3030 ἀληθείας,
2974 2962 3146 3015 πολλά
3196 2963 3363 3032 ἔτερα
3404 2965 3563 3033 λεγόο

335 3060 563 3117 sancto;
596 3051 672 3104 ait
721 3050 866 3103 enim
902 3066 918 3102 :
972 3065 991 3099 ι
1044 3046 1286 3116 Spiritus
1319 3047 1522 3101 dicitur
1562 3048 1893 3116 adoptionis,

332 3143 628 3207 libertatis,
670 3141 908 3211 Spiritus
940 3139 1263 3209 prudentiae,
1310 3139 1548 3209 Spiritus
1592 3142 1896 3210 sapientiae,

334 3233 576 3297 consilii,
621 3231 983 3295 fortitudinis,
1020 3232 1372 3299 cOgnitionis,
1415 3233 1655 3300 pietatis,
1686 3233 1897 3288 timoris

336 3325 450 3379 Dei.
490 3325 703 3378 Etenim
746 3325 942 3378 horum
974 3323 1218 3377 omnium
1261 3322 1502 3377 eﬁiciens
1543 3334 1650 3378 est.
1688 3341 1706 3374 ι
1745 3322 1894 3389 Quo-

331 3420 478 3471 niam
512 3418 679 3485 igitur
709 3418 754 3471 is
777 3418 970 3471 doctor
1011 3416 1167 3478 dicit,
1206 3414 1469 3485 Spiritum
1504 3422 1750 3469 sanctum
1785 3414 1898 3469 elli-

333 3511 566 3565 cientem
621 3524 742 3563 esse
792 3509 990 3562 horum
1049 3509 1462 3567 charismatum.
1515 3517 1727 3561 constat
1781 3507 1897 3563 hac

258 3646 267 3655 .
332 3609 516 3654 creata
554 3614 697 3652 eSse.
730 3599 812 3652 Ab
841 3598 1111 3669 ejusmodi
1155 3607 1335 3651 autem
1373 3596 1685 3650 nominatur
1721 3595 1893 3664 Spiri-

337 3700 424 3745 tus
465 3700 687 3743 sanctus
716 3689 912 3743 iisdem
945 3689 1260 3743 nominibus
1314 3686 1777 3756 quemadmodum
1838 3695 1895 3740 et

333 3782 513 3849 opifex
545 3784 613 3835 ab
652 3780 888 3849 opiﬁciis
917 3780 1246 3848 appellatur,
1278 3788 1332 3832 et
1363 3778 1456 3845 qui
1496 3786 1581 3831 est
1608 3777 1799 3831 artifex
1826 3776 1895 3833 ab

331 3873 668 3937 arteﬁciatis,
705 3881 759 3925 et
802 3870 856 3923 in
907 3883 1117 3922 summa
1152 3884 1182 3921 a
1227 3868 1466 3920 causatis
1490 3877 1761 3921 causator.
1804 3865 1891 3920 ld-

331 3968 481 4020 circo
506 3972 561 4017 et
587 3962 932 4030 Operationes
958 3958 1150 4012 beatus
1177 3958 1377 4010 Paulus
1404 3958 1635 4021 vocavit,
1667 3956 1892 4013 dicens:

335 4077 355 4109 ε
393 4056 461 4111 Ει
510 4054 811 4109 divisiones
855 4049 1236 4119 Operationutn
1296 4056 1457 4109 sunt,
1508 4049 1650 4100 idem
1709 4057 1893 4101 autem

332 4149 495 4211 Deus,
540 4144 629 4214 qui
666 4150 920 4211 oprratur
962 4142 1142 4193 omnia
1198 4140 1253 4193 in
1305 4140 1579 4193 omnibus.
1626 4158 1642 4188 ι
1702 4141 1893 4194 Dicere

328 4239 497 4308 igitur
543 4235 894 4305 operationes
945 4234 1237 4298 increatas,
1282 4232 1507 4301 perinde
1571 4243 1690 4298 est,
1739 4250 1803 4288 ac
1846 4233 1893 4289 si

2002 3066 2141 3117 μενα
2176 3051 2466 3120 πνεύματα
2514 3053 2767 3107 τοσοῦτον
2801 3054 2964 3107 αὐτοῦ
2994 3057 3258 3125 διαφέρει,
3312 3058 3436 3111 ὅσον
3468 3058 3567 3110 τοῦ

1998 3138 2229 3207 ποιητοῦ
2254 3140 2323 3194 τά
2356 3142 2654 3212 ποιήματα,
2674 3144 2830 3214 δῆλον
2857 3147 2922 3198 ἐκ
2948 3147 3058 3199 τῶν
3091 3149 3394 3217 εἰρημένων
3421 3149 3567 3219 Γρη-

1996 3232 2166 3302 γτιρίῳ
2192 3232 2268 3296 τῷ
2296 3232 2541 3304 Θεολόγῳ
2570 3236 2627 3287 ὲν
2652 3236 2728 3305 τῷ
2753 3238 2881 3306 περὶ
2914 3237 3007 3291 τοῦ
3047 3239 3201 3306 ἀγίου
3243 3240 3563 3309 Πνεύματος

1996 3322 2159 3393 λόγῳ.
2191 3324 2328 3392 Φησὶ
2358 3324 2488 3393 γὰρ,
2531 3343 2550 3376 ε
2583 3326 2806 3395 Πνεῦμα
2842 3326 3057 3394 λέγεται
3090 3329 3381 3395 υἱοθεσίας,
3410 3330 3562 3384 ἐλευ-

1996 3412 2203 3480 θερίας,
2242 3413 2465 3483 Πνεῦμα
2498 3416 2787 3482 συνέσεως,
2823 3418 3044 3487 Πνεῦμα
3092 3420 3304 3487 σοφίας,
3336 3420 3559 3490 βουλῆς,

1998 3502 2198 3572 ἰσχύος,
2252 3505 2527 3572 γνώσεως,
2554 3507 2851 3572 εὐσεϐείας,
2905 3510 3073 3575 φόϐου
3099 3510 3259 3568 Θεοῦ.
3307 3512 3416 3565 Καὶ
3445 3512 3562 3581 γὰρ

1996 3594 2275 3663 ποιητικὸν
2309 3596 2512 3648 τούτων
2537 3599 2816 3654 ἁπάντων.
2840 3617 2860 3650 ι
2903 3600 3053 3651 Ἐπεὶ
3075 3600 3251 3653 τοίνυν
3283 3601 3345 3653 τὸ
3385 3602 3559 3654 Πνεῦ-

1998 3703 2076 3755 μα
2100 3688 2159 3739 τὸ
2186 3687 2341 3754 ἀγιον
2388 3670 2668 3756 ποιητικὸν
2701 3690 2811 3743 τῶν
2871 3692 3226 3761 χαρισμάτων
3276 3693 3493 3747 τούτων
3531 3698 3559 3746 6

1993 3777 2312 3841 διδάσκαλος
2338 3778 2509 3845 λέγει,
2548 3779 2727 3847 δῆλον,
2761 3781 2838 3842 ὡς
2874 3782 3046 3834 ταῦτα
3078 3781 3187 3834 τῶν
3221 3785 3561 3852 ποιημάτων

1995 3868 2159 3922 ἐστίν.
2202 3868 2557 3938 ὐνομάζεται
2586 3870 2642 3922 δὲ
2671 3871 2778 3923 ἀπὸ
2804 3871 2912 3923 τῶν
2947 3871 3205 3925 τοιούτων
3232 3876 3345 3932 τοῖς
3372 3875 3559 3937 αὐτοῖς

1994 3960 2221 4027 ὀνόμασι
2246 3960 2338 4011 καὶ
2369 3958 2430 4011 τὸ
2452 3962 2715 4028 πανάγιον
2745 3961 2993 4030 Πνεῦμα,
3026 3962 3276 4028 καθάπερ
3323 3967 3418 4017 καὶ
3465 3965 3564 4033 δη.

1997 4050 2257 4121 μιουργδς
2308 4052 2416 4104 ἀπὸ
2464 4052 2573 4103 τῶν
2617 4052 3115 4121 δημιουργημάτων
3150 4054 3416 4116 καλεῖται,
3467 4057 3565 4107 καὶ

1994 4142 2100 4194 ἀπὸ
2139 4144 2248 4195 τῶν
2298 4142 2572 4212 τεχνητῶν
2616 4145 2937 4212 ὀτεχνίτης,
2974 4145 3068 4197 καὶ
3120 4144 3255 4205 ὅλως
3296 4145 3407 4198 ἀπὸ
3448 4146 3562 4198 τῶν

1999 4234 2261 4287 α.ῑιατῶν
2296 4238 2322 4287 6
2347 4235 2514 4297 αἴτιος
2549 4250 2562 4264 ·
2603 4234 2684 4287 διὸ
2713 4236 2805 4287 καὶ
2828 4237 3177 4305 ἐνεργήματα
3209 4240 3235 4288 6
3286 4239 3563 4307 μακάριος

327 4331 455 4398 quis
488 4328 652 4398 digna
686 4336 903 4383 censeat
929 4327 1150 4382 nomine
1189 4327 1493 4382 conditoris
1523 4340 1587 4380 ea
1616 4341 1737 4396 qua:
1767 4334 1894 4381 sunt

2001 4323 2187 4394 εἴρηκε
2218 4323 2447 4388 Παῦλος,
2476 4321 2666 4386 εἰπὼν,
2701 4345 2719 4375 ε
2758 4325 2869 4377 Καὶ
2905 4298 3196 4396 ϐιαιρέσεις
3247 4298 3564 4395 ἐνεργηυμάλ

330 4417 574 4472 condita.

1997 4432 2108 4468 των
2142 4416 2303 4480 εἰσὶν,
2347 4419 2375 4469 6
2399 4416 2454 4468 δὲ
2486 4417 2648 4477 αὐτὸς
2676 4416 2807 4478 Θεὸς
2852 4418 2881 4468 6
2909 4416 3147 4486 ἐνεργῶν
3174 4416 3243 4468 τά
3293 4419 3470 4468 πάντα
3502 4422 3563 4469 ἐν

334 4512 485 4564 πᾶσι.
528 4530 548 4563 ι
603 4512 675 4564 Τὸ
732 4511 863 4579 γοῦν
907 4512 975 4563 τὰ
1028 4512 1381 4580 ἐνεργήματα
1441 4511 1671 4564 ἄκτιστα
1716 4510 1894 4578 λέγειν
1932 4511 2046 4564 τσον
2086 4513 2203 4564 εστὶ
2238 4512 2315 4581 τῷ
2362 4516 2428 4565 τά
2476 4513 2935 4583 δημιουργήματα
2986 4511 3084 4580 τῆς
3139 4512 3233 4564 τοῦ
3295 4512 3563 4564 ἀκτίστου

329 4606 707 4678 προσηγορίας
742 4609 769 4658 ἁ
783 4607 950 4669 ξιοῦν.
1049 4618 1055 4624 ·

402 4702 648 4769 Denique
688 4698 989 4753 absurdum
1040 4708 1124 4752 est
1177 4699 1383 4761 dicere,
1419 4698 1470 4751 in
1508 4700 1615 4751 Deo
1664 4715 1783 4753 esse
1815 4699 1897 4753 in-

327 4802 507 4846 crcata
537 4792 848 4855 consilium,
881 4791 966 4845 vel
1003 4801 1232 4844 metum.
1277 4791 1374 4845 Ubi
1402 4790 1547 4843 enim
1578 4792 1890 4855 consilium,

329 4886 405 4939 ibi
443 4884 692 4940 deiectus
723 4884 1053 4952 cognitionis
1099 4882 1501 4941 consideratur,
1534 4883 1673 4935 nihil
1711 4892 1889 4936 autem

331 4977 437 5030 tale
468 4975 523 5028 in
552 4976 662 5028 Deo
691 4983 773 5029 est
802 4990 818 5036 ;
852 4975 1051 5043 quippe
1081 4974 1309 5043 ipsamet
1336 4974 1621 5042 sapientia,
1654 4983 1711 5027 et
1742 4975 1890 5041 ipsa-

333 5077 441 5119 met
476 5066 718 5136 cognitio
768 5078 875 5131 cst,
926 5069 1105 5120 sciens
1154 5068 1336 5118 omnia
1389 5075 1679 5133 antequam
1737 5070 1885 5118 ﬁant.

329 5158 596 5211 Similiter
624 5172 801 5225 neque
838 5159 1000 5211 timor
1049 5173 1168 5211 esse
1211 5167 1409 5226 potest,
1446 5159 1702 5225 quoniam
1750 5156 1893 5208 Deus

328 5250 629 5316 prmsertim
681 5249 749 5301 ab
800 5258 1006 5302 aeterno
1067 5248 1338 5301 neminem
1404 5251 1573 5300 timet.
1626 5248 1681 5300 ιιι
1733 5248 1889 5300 nobis

329 5355 461 5394 vero
509 5351 592 5394 est
639 5342 822 5408 passio
859 5341 1101 5392 animum
1150 5354 1397 5393 nostrum
1447 5342 1511 5393 ad
1565 5340 1891 5408 perfectiora

328 5440 587 5497 evehens,
611 5442 665 5487 et
691 5434 796 5485 vim
832 5432 1039 5486 habens
1063 5447 1187 5485 eum
1222 5433 1559 5502 perﬁciendi.
1588 5432 1686 5497 Qui
1731 5434 1894 5485 timor

327 5523 507 5576 dictus
527 5534 609 5579 est
632 5525 1049 5594 στοιχειωτικὸς,
1068 5523 1171 5577 hoc
1201 5534 1286 5577 est
1311 5526 1460 5593 quasi
1493 5524 1770 5588 elementi,
1795 5538 1891 5577 seu

327 5614 584 5683 principii
615 5616 880 5669 rationem
912 5616 1187 5681 obtinens,
1213 5617 1358 5682 juxta
1396 5616 1526 5668 illud
1553 5616 1848 5683 Scriptum
1875 5634 1888 5667 :

2070 4702 2303 4753 ’Ἄτοπον
2335 4700 2389 4753 δὲ
2423 4702 2521 4754 καὶ
2549 4700 2727 4763 ἄλλως
2764 4701 2861 4770 τὴν
2889 4698 3087 4769 βουλὴν
3120 4700 3153 4770 ῆ
3181 4698 3272 4751 τὸν
3302 4699 3469 4766 φιὶϐσν
3505 4704 3565 4750 ἐν

1994 4790 2071 4859 τῷ
2101 4790 2221 4860 Θεῷ
2271 4790 2449 4855 λέγειν
2483 4788 2628 4843 εἶναι
2682 4790 2937 4844 ἀκτιστα.
2986 4790 3155 4842 Ἔνθα
3210 4791 3320 4859 γὰρ
3371 4790 3564 4859 βουλὴ,

1992 4883 2107 4933 ἐκεῖ
2164 4884 2255 4946 καὶ
2284 4882 2458 4933 ἔνδεια
2497 4880 2783 4950 θεωρεῖται
2846 4878 3119 4946 γνώσεως.
3181 4878 3271 4947 Τῷ
3325 4880 3384 4931 δὲ
3440 4880 3563 4947 Θεῴ

1991 4974 2145 5023 οὐδὲν
2178 4971 2415 5024 τοιοῦτόν
2444 4972 2592 5023 ἐστιν
2626 4986 2641 5001 “
2695 4970 2990 5037 αὐτοσοφία
3023 4974 3128 5039 γάρ
3160 4972 3296 5033 ἐστι,
3324 4972 3421 5022 xa‘t
3458 4973 3558 5021 a6-

1999 5066 2285 5131 τογνῶσις,
2327 5065 2480 5125 εἰδὼς
2512 5067 2687 5116 πάντα
2716 5065 2846 5126 πρὶν
2876 5066 3146 5130 γενήσεως
3179 5063 3383 5115 αὐτῶν.
3424 5065 3555 5115 '03-

2002 5155 2175 5215 αὔτως
2220 5156 2337 5206 οὐδὲ
2392 5154 2557 5220 φόϐος
2611 5158 2675 5205 ἂν
2711 5154 2825 5221 εῐη·
2856 5153 3084 5222 ἐπείπερ
3131 5155 3157 5203 6
3202 5152 3336 5213 Θεὸς
3368 5153 3557 5203 οὐδένα

2002 5251 2093 5297 καὶ
2126 5250 2291 5296 tau-.1
2325 5245 2384 5308 ἐξ
2418 5246 2579 5298 αῖδίου
2613 5244 2878 5311 φοϐεῖται.
2920 5244 3008 5295 Ἐν
3039 5246 3172 5314 ἡμῖν
3197 5244 3252 5296 δὲ
3288 5244 3409 5296 ἐστι
3453 5248 3559 5333 ’ἱα-

1993 5340 2081 5400 θος
2127 5338 2472 5404 ἁναγωγικὸν
2519 5336 2651 5405 πρὸς
2680 5338 2749 5387 τὰ
2806 5335 3109 5404 τελεώτερα
3142 5334 3242 5402 τῆς
3274 5335 3555 5403 ἡμετέρας

1990 5430 2187 5500 ψυχῆς,
2219 5431 2312 5481 καὶ
2339 5427 2680 5480 τελειωτικὸν
2712 5426 2884 5494 αὐτῆς
2905 5442 2918 5455 ·
2946 5427 3080 5480 καθὸ
3139 5428 3235 5478 καὶ
3265 5442 3550 5492 στοιχειω-

1992 5523 2138 5583 τικὸς
2168 5524 2195 5573 6
2238 5521 2401 5587 φόϐος
2453 5520 2668 5586 εἴρηται
2730 5516 2850 5570 κατ’
2923 5520 3102 5571 ἐκεῖνο
3149 5520 3257 5588 τῆς
3303 5517 3552 5587 Γραφῆς,

1998 5633 2015 5663 ι
2041 5614 2207 5681 Ἀρχὴ
2244 5614 2433 5677 σοφίας
2462 5608 2621 5676 φόϐος
2654 5608 2884 5676 Κυρίου,
2920 5629 2939 5661 ι
2977 5610 3036 5664 ὃν
3065 5613 3190 5680 ὑμῖν
3219 5614 3247 5664 6
3284 5611 3417 5673 Θεδς
3452 5627 3553 5677 χα-
