3862 6220
343 371 454 434 955

1253 369 1352 428 DE
1388 365 1912 432 PROCESSIONE
1950 367 2307 429 SPlRlTUS
2349 367 2638 432 SANCTI.

3453 354 3564 424 986

347 482 575 550 ρῐζεται,
641 480 828 549 ῶσπερ
870 482 966 533 καὶ
1011 480 1179 533 τᾶλλα
1231 481 1410 534 πάντα
1440 499 1454 515 ·
1491 482 1550 532 τὸ
1583 481 1690 552 γὰρ
1737 477 1936 544 εῖναιμ

2069 483 2288 539 lnitium
2339 486 2632 568 sapietttia:_
2655 485 2816 538 timor
2855 481 3094 546 Domini,
3131 499 3150 533 ι
3194 493 3357 549 quem
3410 477 3572 532 nobis

343 572 440 624 καὶ
470 571 530 623 τὸ
559 567 616 624 εὖ
664 567 803 625 εῖναι
841 572 971 641 παρ’
1023 571 1211 624 αὑτοῦ.
1272 572 1362 624 Διὸ
1408 574 1504 626 καὶ
1526 574 1702 625 πάντα
1741 574 1901 642 χάρι-

343 679 434 723 τες
485 662 713 727 εικότως
774 664 840 716 ἂν
888 664 1149 731 λέγοιντο,
1212 665 1308 718 καὶ
1369 665 1505 718 αὐτὸ
1554 665 1615 717 τὸ
1692 663 1750 728 ἐξ
1802 665 1904 717 οὐκ

343 752 512 804 όντων
560 753 851 820 γενέσθαι·
897 754 1126 824 ἐπείπερ
1199 755 1300 807 οὐκ
1343 754 1525 826 ἔργων
1579 759 1908 827 προῦπηργ-

346 844 526 911 μένων
587 842 789 912 ταύτην
836 843 1101 914 ἐλάὗομεν
1132 845 1230 916 τὴν
1282 845 1544 920 ἀμοιϐήν.

431 1110 591 1162 Ἀλλὰ
621 1109 727 1180 μὴν
756 1112 850 1163 καὶ
880 1112 908 1163 ό
941 1110 1082 1172 θεῖος
1113 1110 1366 1182 Μάξιμος
1407 1112 1466 1164 ἐν
1511 1111 1792 1181 κεφαλαίῳ
1832 1111 1914 1164 λθ¹

347 1202 447 1270 τῆς
500 1199 541 1254 ε’
594 1206 640 1270 ρ’
689 1200 796 1254 τῶν
846 1201 1180 1269 Θεολογικῶν
1213 1217 1415 1270 φησιν’
1483 1221 1502 1254 ι
1563 1202 1720 1254 Ἐστι
1759 1202 1814 1255 δὲ
1855 1202 1914 1254 τὸ

355 1291 453 1356 μὲν
496 1289 718 1360 Πνεῦμα
757 1291 850 1343 τοῦ
884 1290 1050 1358 φόϐου
1105 1290 1198 1344 τοῦ
1238 1291 1373 1344 Θεοῦ
1410 1295 1442 1362 ἡ
1482 1309 1592 1345 των
1635 1293 1758 1345 κατ’
1787 1293 1916 1361 ἀρε-

351 1383 452 1453 τὴν
480 1382 755 1450 ἐνέργεια,
783 1383 971 1436 κακῶν
999 1384 1197 1452 ἀποχή.
1231 1383 1306 1436 Tit
1350 1383 1576 1452 Πνεῦμα
1602 1383 1700 1452 τῆς
1731 1383 1917 1452 ἰσχύος

354 1475 504 1527 ἐστὶν
555 1476 588 1544 ἡ
642 1475 777 1544 πρὸς
833 1477 1118 1544 ἐνέργειαν
1167 1477 1262 1528 καὶ
1313 1474 1513 1545 πρᾶξιν
1554 1474 1663 1528 τῶν
1692 1474 1918 1528 ἐντολῶν

356 1566 634 1634 πρόθυμος
683 1566 824 1634 ὁρμή
857 1583 916 1618 τε
959 1566 1050 1618 καὶ
1100 1565 1332 1634 κίνησις.
1373 1565 1448 1618 Τὸ
1473 1563 1530 1616 δέ
1566 1563 1790 1634 Πνεῦμα
1818 1565 1920 1634 τῆς

358 1655 553 1725 βουλῆς
573 1657 722 1708 ἐστιν
747 1656 906 1724 ήέξις
925 1656 1022 1724 τῆς
1043 1655 1386 1726 διακρίσεως.
1409 1655 1481 1708 Τὸ
1501 1655 1558 1710 δέ
1582 1655 1805 1725 Πνεῦμα
1821 1655 1922 1724 τῆς

357 1743 669 1812 ἐπιστήμης
725 1743 873 1795 ἐστὶν
918 1743 952 1812 ή
991 1744 1101 1795 τῶν.
1131 1743 1253 1796 κατ’
1285 1744 1486 1813 ἀρετὴν
1532 1744 1631 1813 τῆς
1668 1741 1920 1815 πράξεως

2010 575 2154 630 Deus
2185 576 2415 646 largitur
2451 577 2595 631 sicut
2626 587 2822 632 cretera
2868 573 3086 628 omnia:
3129 585 3255 626 esse
3305 569 3452 624 enim
3475 610 3488 633 ,
3522 579 3582 622 et

2010 665 2151 720 bene
2178 679 2299 720 esse
2340 667 2410 720 ab
2442 665 2560 735 ipso
2591 673 2696 719 est.
2728 663 2996 730 Quocirca
3041 662 3208 716 etiam
3238 657 3421 713 omnia
3449 657 3576 726 jure

2009 758 2218 827 optimo
2257 758 2442 824 gratia
2490 757 2596 810 dici
2645 762 2890 826 possent,
2924 753 3088 807 etiam
3126 752 3302 821 ipsum
3351 765 3419 803 ex
3466 763 3574 800 non

2008 848 2230 903 cutibus
2263 848 2420 901 ficri:
2472 847 2635 901 nullis
2689 846 2833 900 enim
2867 843 3188 914 praemissis,
3224 851 3277 895 et
3325 840 3580 908 υττεριεί-

2011 937 2282 993 stentibus
2309 937 2526 992 meritis
2559 935 2664 990 hoc
2698 936 3006 1004 recepimus
3036 942 3292 1002 tanquam
3335 929 3578 985 retribu-

2014 1030 2240 1083 tionem.
2365 1095 2369 1098 Α

2084 1118 2188 1174 Sed
2219 1118 2366 1173 enim
2413 1119 2577 1173 etiam
2627 1118 2786 1172 divus
2832 1116 3124 1179 Maximus,
3157 1115 3212 1169 in
3265 1114 3440 1183 capite
3484 1113 3576 1173 39.

2016 1208 2221 1278 quintae
2249 1210 2512 1262 centuria:
2545 1208 3025 1278 Tlteolog-icorum,
3055 1206 3167 1260 ait:
3215 1222 3234 1256 ι
3273 1205 3366 1258 Est
3393 1212 3578 1257 autem

2017 1300 2255 1371 Spiritus
2287 1301 2508 1370 quidem
2561 1300 2772 1355 timoris
2819 1299 2937 1362 Dei,
2985 1298 3233 1366 operatio
3278 1297 3577 1351 secundum

2019 1391 2274 1445 virtutem
2305 1389 2632 1445 abstinendo
2669 1406 2699 1444 a
2742 1389 2918 1443 malis.
2951 1388 3192 1456 Spiritus
3221 1386 3581 1446 fortitudinis,

2017 1490 2305 1551 promptus
2335 1482 2503 1536 attimi
2530 1481 2785 1549 impetus,
2803 1491 2858 1535 et
2885 1490 3068 1534 mutus
3091 1479 3159 1534 ad
3187 1478 3582 1548 operationem,

2018 1581 2076 1625 et
2133 1572 2345 1639 praxim
2392 1569 2798 1624 mandatorum.
2853 1568 3092 1638 Spiritus
3140 1577 3323 1622 autem
3368 1566 3583 1639 consilii

2021 1669 2105 1714 est
2134 1638 2353 1716 habitus
2377 1659 2744 1714 discretionis.
2779 1658 3020 1728 Spiritus
3046 1672 3178 1712 vero
3229 1638 3478 1711 scientiae
3500 1664 3587 1710 est

2024 1751 2264 1820 cognitio
2297 1751 2448 1802 lirtna
2475 1749 2619 1804 circa
2654 1762 2832 1801 mores
2861 1747 2912 1800 in
2943 1746 3251 1802 actionibus
3289 1748 3578 1802 virtutum.

356 1810 577 1903 τρόπων
625 1810 876 1896 ἀπτωτος
925 1810 1149 1904 εἰδησις.
1185 1835 1258 1887 Τὸ
1291 1810 1348 1889 δέ
1381 1810 1602 1906 Πνεῦμα
1633 1810 1735 1904 τῆς
1775 1834 1917 1902 γνὼ-

2047 1842 2261 1912 Spiritus
2296 1851 2477 1896 autem
2541 1838 2870 1909 cognitionis
2914 1846 3000 1893 est
3044 1837 3465 1907 comprehensio
3501 1854 3590 1890 ra--

362 1925 497 1986 σεὼς
521 1926 672 1976 ἐστιν
701 1925 736 1993 ἠ
758 1924 863 1977 τῶν
893 1927 952 1977 ἐν
979 1927 1098 1987 ταῖς
1130 1925 1371 1989 ἐντολαῖς
1393 1927 1567 1993 λόγων
1601 1925 1918 1997 περίληψις.

363 2015 584 2085 Πνεῦμα
619 2016 676 2069 δέ
703 2014 970 2080 συνέσεώς
1004 2019 1154 2070 ἐστιν
1177 2019 1210 2088 ἡ
1241 2018 1377 2088 πρὸς
1404 2020 1532 2082 τοὺς
1559 2019 1795 2087 τρόπους
1829 2020 1923 2071 καὶ

359 2110 488 2172 ,τοὺς
518 2110 708 2178 λόγους
735 2109 842 2164 τῶν
888 2111 1098 2182 ἀρετῶν
1128 2111 1618 2180 συγκατάθεσις,,ῆ
1659 2112 1923 2181 κυριώτε-

368 2219 460 2270 ρον
486 2202 683 2269 εἰπεῖν,
716 2200 1096 2271 μεταποίησις.
1135 2203 1358 2272 Πνεῦμα
1392 2203 1448 2255 δὲ
1488 2204 1681 2272 σοφίας
1708 2203 1854 2255 ἐστὶν
1886 2206 1921 2272 ἡ

364 2292 504 2363 πρὸς
526 2291 626 2361 τὴν
657 2292 838 2344 αιτίαν
867 2292 975 2343 τῶν
1008 2293 1066 2345 ἐν
1100 2294 1217 2354 ταῖς
1269 2290 1512 2355 ἐντολαῖς
1546 2307 1926 2360 πνευματικῶ-

366 2382 540 2450 τέρων
565 2382 736 2448 λόγων
763 2381 1028 2449 ἀνάληψις
1057 2398 1115 2433 τε
1147 2381 1242 2433 καὶ
1281 2380 1494 2442 ἐνωσις.
1533 2399 1554 2432 ι

452 2471 819 2538 Ἀλογὼτατον
845 2471 1023 2523 τοίνυν
1048 2470 1146 2540 τὴν
1181 2470 1289 2522 τῶν
1320 2470 1553 2523 ἐντολῶν
1581 2470 1800 2541 πρᾶξιν,
1833 2471 1928 2523 καὶ

366 2560 468 2631 τὴν
510 2561 632 2612 τῶν-
655 2560 829 2628 λόγων
867 2559 975 2613 τῶν
1015 2561 1230 2630 ἀρετῶν
1274 2561 1658 2631 μεταποίησιν,
1703 2561 1797 2612 καὶ
1828 2560 1928 2630 τὴν

371 2653 506 2722 πρὸς
535 2653 601 2705 τὰ
631 2652 772 2706 καλά
805 2652 1089 2723 πρόθυμον
1114 2652 1292 2722 ὁρμήν
1325 2669 1383 2704 τε
1433 2654 1530 2704 καὶ
1570 2653 1804 2722 κίνησιν,
1834 2653 1930 2705 κα)⁸

368 2745 505 2804 ὅλως
546 2745 724 2797 πᾶσαν
754 2744 988 2812 δύναμιν
1045 2743 1140 2796 καὶ
1181 2743 1295 2809 ἕξιν
1346 2744 1441 2796 καὶ
1485 2742 1799 2813 τελειότητα
1830 2741 1930 2813 τῆς

371 2836 718 2907 ἀνθρωπίνης
741 2837 920 2907 ψυχῆς
953 2837 1184 2890 sxum
1214 2839 1270 2889 ἐν
1307 2836 1384 2907 τῷ
1413 2835 1529 2906 Θεῷ
1555 2837 1735 2904 λέγειν
1770 2832 1929 2889 εἶναι.

385 2928 476 2993 Ἐξ
535 2917 596 2978 οῦ
646 2925 782 2996 πρὸς
832 2925 1047 2988 πολλοῖς
1086 2926 1194 2978 τῶν
1234 2925 1519 2994 ἑπομένων
1569 2926 1784 2978 ἀτόπων
1839 2924 1934 2977 καὶ

370 3016 530 3069 τοῦτο
579 3017 892 3086 περιφανῶς
932 3015 1142 3084 ἕψεται,
1183 3013 1252 3067 ’τὺ
1301 3017 1365 3085 τῇ
1409 3015 1546 3086 αὐτῇ
1599 3016 1797 3083 γνώσει
1837 3014 1930 3067 καὶ

374 3109 651 3179 ἐπιστήμῃ
684 3109 777 3161 καὶ
825 3108 975 3178 ισχῦῖ·
998 3108 1088 3160 τὸν
1122 3107 1256 3160 Θεὸν
1289 3107 1516 3161 δυνατόν
1538 3125 1597 3160 τε
1635 3110 1732 3161 καὶ
1773 3109 1936 3176 σοφὸν

373 3193 515 3250 εἶναι
539 3191 636 3253 και
664 3200 830 3268 ἡμᾶς.
855 3197 965 3251 Καὶ
991 3199 1111 3250 ἐπεὶ
1129 3191 1201 3250 ὧν
1229 3199 1285 3250 αἱ
1307 3197 1647 3266 τελειότητες
1670 3200 1724 3251 αἱ
1755 3200 1938 3263 αὑταὶ,

376 3293 471 3344 καὶ
507 3291 539 3360 ἠ
576 3290 733 3344 οὐσξα
765 3292 798 3359 ὴ
840 3289 996 3360 αὑτὴ,
1049 3289 1260 3342 ἔσονται
1299 3292 1394 3342 καὶ
1445 3293 1492 3342 οἱ
1542 3289 1821 3357 ἄνθρωποι
1863 3287 1940 3356 τῷ

376 3381 499 3449 Θεῷ
549 3380 672 3434 κατ’
705 3382 894 3435 οὐσίαν
949 3382 1000 3434 ol
1065 3381 1221 3434 αὐτοὶ
1276 3377 1371 3434 καὶ
1432 3380 1708 3448 ὁμοούσιοι
1767 3377 1938 3448 αὐτῷ.

376 3471 550 3526 Τοῦτο
605 3473 705 3542 μὲν
759 3472 851 3527 οῦν
896 3472 971 3534 ὡς
1025 3471 1217 3538 ἄλογον
1267 3470 1544 3534 παντελῶς
1590 3469 1940 3540 suasmet».

392 3566 514 3618 Ἐπὶ
541 3566 597 3618 δέ
626 3565 687 3617 τὸ
715 3563 1078 3635 προκείμενον
1112 3564 1270 3616 ἰτέον.

459 3745 580 3800 Ἔτι
629 3747 688 3800 ἐν
720 3748 832 3808 τοῖς
867 3745 1204 3815 Πρακτικοίς
1247 3743 1346 3813 τῆς
1377 3745 1434 3796 ἐν
1478 3742 1686 3814 Νικαίᾳ
1723 3741 1947 3812 πρώτης

383 3839 624 3904 συνόδου,
658 3841 714 3891 ἐν
744 3835 822 3900 οἷς
848 3835 996 3890 εἶπον
1043 3841 1093 3890 oi.
1147 3837 1384 3906 Πατέρες
1432 3835 1569 3906 πρὸς
1608 3835 1700 3886 τὸν
1732 3834 1948 3901 φιλόσο-

384 3949 486 3998 φον
544 3931 632 3984 διὰ
697 3930 792 3984 τοῦ
849 3931 1150 3983 ἐπισκόπου
1190 3928 1490 3990 ’Λεοντίου,
1548 3944 1567 3978 ι
1605 3925 1834 3994 Εἴρηται
1887 3925 1948 3977 τὸ

385 4017 623 4080 Πδεῦμα
651 4019 1085 4087 ἐκπορευόμενον
1119 4017 1220 4087 μέν
1257 4019 1320 4069 ἐκ
1346 4016 1439 4068 τοῦ
1469 4015 1700 4083 Πατρός,
1733 4013 1865 4065 ἴδιον
1891 4013 1948 4065 δέ

381 4107 477 4160 τοῦ
516 4107 666 4169 Υἱοῦ,
708 4108 801 4158 καὶ
829 4105 890 4170 ἐξ
919 4106 1083 4159 αὐτοῦ
1117 4104 1441 4167 ἀναϐλῦζον.
1475 4123 1494 4156 ι

461 4199 632 4251 Ἔτιὸ
657 4197 825 4266 μέγας
866 4196 1181 4257 Ἀθανάσιος
1213 4197 1270 4247 ὲν
1301 4194 1375 4264 τῷ
1400 4195 1527 4264 περὶ
1556 4194 1653 4264 τῆς
1682 4194 1948 4265 ἐνσάρκου

386 4291 696 4358 οἱκονομίας
746 4288 838 4342 τοῦ
889 4289 1024 4342 Θεοῦ
1060 4288 1237 4358 Λόγῳ,
1262 4282 1321 4341 οῦ
1351 4289 1382 4356 ἡ
1414 4286 1578 4356 ἀρχὴ,
1618 4288 1682 4338 Ol
1711 4283 1953 4338 κακοτέ-

385 4400 546 4451 χνως
585 4381 689 4447 τὰς
739 4382 902 4446 θείας
941 4381 990 4433 Γ
985 4379 1183 4448 ραφὰς
1215 4378 1582 4448 βουλόμενοι
1626 4377 1813 4440 νοεῖν,
1849 4395 1954 4448 φη.

2031 1935 2264 1996 tionum,
2295 1948 2417 2001 qua:
2448 1929 2730 1986 servanda:
2757 1937 2886 1984 sunt
2923 1928 2976 1981 i'n
3016 1927 3308 1983 mandatis.
3353 1927 3591 1996 Spiritus

2028 2034 2210 2080 autem
2262 2023 2582 2093 prudentia:
2618 2021 2684 2074 ad
2735 2035 2915 2074 mores
2953 2027 3009 2074 ct
3052 2019 3291 2073 rationes
3327 2019 3586 2072 virtutum

2029 2116 2540 2185 comprobatio,seu
2567 2112 2736 2182 magis
2760 2110 2975 2180 proprie
3003 2107 3187 2165 dicere
3212 2110 3588 2163 commutatio.

2032 2207 2268 2276 Spiritus
2290 2213 2470 2260 autem
2492 2204 2771 2273 sapientiae
2791 2210 2874 2255 est
2899 2199 3149 2254 reductio
3174 2209 3229 2254 et
3276 2201 3596 2266 coniunctio

2031 2296 2360 2367 spiritalium
2392 2294 2663 2348 rationum
2707 2292 2849 2348 circa
2894 2291 3150 2344 mandata
3197 2291 3269 2345 ad
3315 2290 3590 2362 (primani)

2033 2403 2273 2442 causam.
2309 2405 2329 2438 Ι

2106 2478 2709 2534 lrrationabilissimum
2744 2478 2908 2547 igitur
2936 2484 3042 2540 est,
3069 2474 3340 2529 actionem
3374 2474 3599 2527 manda-

2035 2583 2239 2637 torum,
2266 2581 2321 2627 et
2351 2571 2708 2626 mutationem
2744 2569 3041 2629 rationum,
3075 2581 3198 2635 qua:
3223 2574 3352 2619 sunt
3381 2566 3434 2617 itt
3466 2563 3602 2618 acti-

2036 2665 2140 2719 bus
2160 2664 2448 2728 virtutum,
2465 2670 2530 2726 _et
2553 2661 2618 2714 ad
2642 2660 2872 2715 honesta
2899 2667 3206 2728 promptam
3237 2655 3596 2717 alacritatem,

2035 2765 2092 2810 et
2121 2762 2352 2817 motum,
2382 2762 2438 2808 et
2487 2753 2542 2806 in
2577 2767 2788 2806 summa
2817 2763 3034 2805 omnem
3071 2748 3392 2818 potentiam,
3423 2755 3477 2798 et
3503 2745 3600 2799 ha-

2038 2845 2237 2911 bitum,
2264 2853 2320 2898 et
2373 2843 2770 2914 perfectionem
2802 2840 3026 2896 humani
3059 2839 3225 2894 animi
3270 2838 3511 2892 increata
3546 2837 3600 2889 in

2039 2938 2149 2992 Deo
2189 2935 2374 2991 dicere
2425 2949 2566 2989 esse.
2610 2933 2690 2986 Ex
2723 2947 2833 3002 quo
2879 2940 3078 3000 prteter
3131 2927 3300 2981 multa
3345 2925 3600 2988 absurda,

2041 3041 2163 3096 qua:
2220 3034 2550 3096 sequuntur,
2592 3020 2722 3076 illud
2766 3019 2929 3072 etiam
2977 3015 3277 3072 clarissime
3325 3019 3600 3081 sequetur,

2042 3113 2232 3168 eadem
2263 3112 2596 3183 cognitione,
2625 3125 2690 3163 ac
2715 3108 2962 3170 scientia,
2992 3117 3045 3160 et
3076 3103 3396 3159 fortitudine
3434 3103 3607 3160 Deum

2040 3223 2161 3262 esse
2197 3214 2500 3276 potentem,
2540 3219 2604 3258 ac
2635 3200 2936 3270 sapientem
2973 3207 3028 3251 et
3077 3212 3196 3251 nos.
3249 3197 3315 3249 Et
3345 3195 3602 3264 quoniam

2043 3310 2275 3364 quorum
2321 3291 2683 3362 perfectiones
2730 3296 2859 3342 suttt
2906 3285 3133 3349 eadem,
3180 3285 3372 3337 eadem
3421 3293 3503 3336 est
3553 3288 3608 3334 et

2043 3384 2304 3448 essentia,
2341 3392 2506 3437 erunt
2538 3379 2791 3434 homines
2826 3375 3131 3432 secundum
3193 3372 3485 3427 essentiam
3536 3372 3606 3424 ii-

2043 3475 2166 3530 dem
2201 3489 2324 3528 eum
2362 3473 2494 3537 Deo,
2522 3480 2578 3524 et
2610 3465 3106 3524 consubstatttiales
3136 3464 3261 3533 ipsi.
3291 3462 3409 3536 .lloc
3440 3461 3608 3530 igitur

2047 3576 2302 3633 tanquam
2334 3559 2644 3616 irrationale
2684 3557 2902 3627 penitus
2932 3553 3245 3624 abjiciatur.
3279 3551 3362 3606 Ad
3410 3565 3609 3619 prOpo-

2046 3655 2210 3708 sitntn
2246 3663 2427 3705 autem
2465 3649 2804 3703 redeundum
2833 3653 2936 3698 est.

2117 3747 2384 3800 Praeterea
2417 3743 2468 3794 in
2513 3739 2724 3794 actibus
2753 3737 2939 3806 prima:
2966 3733 3198 3788 Nicaeus!
3227 3730 3441 3802 synodi,
3461 3729 3514 3784 itt
3545 3729 3612 3782 iis

2046 3852 2166 3906 quae
2234 3832 2634 3902 responderunt
2662 3828 2872 3898 _Patres
2942 3824 3010 3879 ad
3063 3821 3450 3892 philosOphum
3514 3836 3612 3887 per

2047 3924 2339 3982 Leontium
2369 3925 2712 3992 episcopum,
2737 3920 2916 3974 dictus
2939 3925 3022 3972 est
3051 3914 3288 3984 Spiritus
3311 3913 3614 3982 procedens

2048 4019 2270 4089 quidem
2313 4031 2376 4070 ex
2411 4015 2592 4078 Patre,
2641 4012 2896 4082 proprius
2921 4018 3104 4064 autem
3143 4007 3285 4071 Filii,
3315 4014 3370 4060 et
3399 4004 3467 4060 ab
3495 4003 3615 4074 ipso

2050 4125 2335 4166 emanans.

2125 4203 2393 4256 Praeterea
2450 4211 2680 4267 magnus
2726 4191 3094 4254 Athanasius,
3139 4189 3195 4242 in
3247 4185 3495 4241 oratione
3552 4185 3617 4236 de

2053 4291 2427 4348 incarnatione
2460 4287 2622 4343 Verbi
2673 4285 2765 4338 Dei
2793 4325 2809 4350 ,
2842 4284 2999 4352 cujus
3049 4278 3268 4334 initium
3299 4294 3313 4333 :
3350 4276 3452 4340 Qui
3497 4290 3617 4340 per-

2052 4401 2197 4441 uerse
2241 4383 2446 4437 diuinas
2487 4379 2790 4446 Scripturas
2854 4372 3160 4444 intelligere,
3207 4369 3427 4430 volunt,
3501 4368 3617 4420 ait:

387 4476 498 4536 σιν,
535 4492 554 4526 ι
596 4473 770 4536 Αὐτὸς
826 4472 956 4540 αὐτὸ
1007 4471 1214 4524 ἄνωθεν
1271 4468 1518 4538 ἔπεμπεν
1563 4468 1637 4530 ὡς
1671 4469 1822 4532 Θεὸς,
1858 4470 1936 4522 κα¹

2062 4495 2079 4527 ι
2121 4476 2239 4546 Ipse
2310 4475 2487 4542 ipsum
2540 4469 2870 4540 (Spiritum)
2921 4479 3156 4532 superne
3203 4460 3510 4520 emittebat,
3563 4467 3622 4510 ut

384 4566 555 4630 αὐτὸς
602 4567 733 4619 αὐτὸ
766 4564 1008 4619 κάτωθεν
1052 4563 1341 4632 ὑπεδέχετο
1391 4561 1465 4623 ὡς
1513 4559 1820 4630 ἄνθρωπος.
1865 4559 1936 4621 Ἐξ

2053 4567 2218 4629 Deus,
2266 4572 2322 4617 et
2369 4562 2483 4631 ipse
2516 4561 2692 4628 ipsum
2729 4555 2940 4609 inferne
2972 4551 3269 4621 recipiebat
3308 4558 3366 4602 ut
3411 4548 3616 4607 homo;

385 4657 555 4713 αὑτοῦ
585 4655 675 4710 οῦν
706 4659 784 4718 εἱς
814 4657 976 4709 αὑτὸν
1011 4657 1224 4727 κατῄει,
1274 4659 1339 4709 ἐκ
1365 4656 1462 4723 τῆς
1505 4655 1760 4726 θεότητος
1789 4653 1936 4707 αῦτοῐ

2053 4673 2122 4714 ex
2153 4659 2272 4727 ipso
2305 4653 2471 4724 igitur
2502 4652 2556 4706 in
2595 4651 2770 4719 ipsunt
2801 4643 3193 4704 descendebat,
3235 4655 3301 4693 ex
3331 4637 3620 4690 divinitate

385 4757 471 4814 εἰς
501 4751 602 4820 τὴν
630 4749 1024 4820 ἀνθρωπότητα
1059 4748 1247 4801 αὑτοῦ.
1283 4768 1301 4798 ι

464 4840 590 4892 Ἔτι
621 4838 650 4890 ὁ
680 4838 821 4898 θεῖος
852 4837 1235 4904 Χρυσόστομος
1266 4837 1324 4887 ἐν
1352 4835 1428 4903 τῷ
1459 4833 1603 4902 λόγῳ
1637 4832 1713 4901 τῷ
1749 4833 1827 4895 εἰς
1855 4833 1956 4900 τὴν

388 4929 809 4999 ἐνανορὼπησιν
862 4926 957 4979 τοῦ
998 4925 1203 4995 Κυρίου
1242 4925 1400 4996 ήμῶν
1463 4924 1637 4993 Ἰησοῦ
1692 4924 1954 4993 Χριστοῦ,

391 5024 488 5075 καὶ
518 5024 598 5082 εἰς
623 5022 706 5084 τὸ,
733 5018 1002 5086 Ἐκάστῳ
1019 5018 1254 5086 κλίματι
1285 5017 1754 5085 ἐφειστήκεισαν
1782 5015 1958 5083 ἄγγε-

390 5119 513 5178 λοι,
563 5105 626 5166 οὗ
676 5113 710 5182 ἡ
751 5111 924 5182 ἀρχὴβ
978 5111 1204 5174 Ὄντως
1252 5106 1521 5176 ἐπεφάνη
1560 5105 1704 5176 ἡμῖν
1762 5106 1800 5172 ἡ
1853 5103 1960 5158 τοῦ

392 5206 546 5260 Θεοῦ
573 5204 767 5274 χάρις,
799 5203 985 5272 φησιν,
1023 5220 1042 5254 ι
1078 5201 1280 5254 ’Ἦλθεν
1303 5201 1330 5252 ό
1357 5197 1593 5268 Χριστὸς
1626 5195 1759 5266 πρὸς
1791 5197 1960 5265 ἡμᾶς.

397 5298 597 5349 ἔδωκεν
625 5298 757 5366 ἡμῖν
784 5295 846 5346 τὸ
893 5294 952 5361 ἐξ
977 5292 1144 5347 αὑτοῦ
1173 5290 1418 5361 Πνεῦμα,
1450 5288 1545 5343 καὶ
1579 5287 1872 5343 ἀνελάϐετο
1903 5289 1964 5339 τὸ

397 5388 669 5460 ἡμέτερον
695 5387 875 5455 σῶμα.
918 5404 936 5436 ι

473 5481 595 5533 Ἔτι
636 5481 664 5532 6
730 5481 886 5548 ἅγιος
945 5475 1314 5537 ’Δναστάσιο;”
1352 5472 1700 5543 πατριάρχης
1762 5475 1965 5523 ’Λντιου

398 5571 552 5642 χείας
584 5573 640 5624 ἐν
682 5571 758 5640 τῷ
787 5569 922 5636 περὶ
957 5568 1074 5621 τῶν
1114 5567 1241 5621 καθ’
1284 5564 1441 5634 ἡμᾶς
1475 5565 1666 5631 ὀρθῶν
1696 5561 1804 5628 τῆς
1840 5561 1964 5613 Ἕκ·

401 5658 666 5727 πλησίας
715 5659 1044 5728 δογμάτων,
1100 5650 1158 5710 οὗ
1207 5659 1238 5726 ἡ
1294 5655 1457 5726 ἀρχὴ,
1505 5655 1612 5706 τεν
1671 5652 1800 5719 περὶ
1858 5651 1966 5716 τῆς

405 5751 613 5820 ὑγιοῦς
649 5749 813 5819 ἡμῶν
844 5752 1102 5812 πίστεως
1131 5751 1337 5819 λόγον,
1370 5745 1530 5816 emo!-
1570 5765 1586 5797 ι
1635 5743 1739 5796 Τοῦ
1774 5743 1828 5798 δὲ
1865 5743 1967 5795 σώ-

2057 4751 2228 4820 ipsius
2261 4746 2328 4802 ad
2361 4747 2482 4815 ejus
2511 4741 2930 4796 humanitatem.
2971 4755 2990 4788 ι
3323 4805 3326 4808 _

2129 4841 2410 4894 Praeterea
2432 4836 2880 4904 Chrysoslontns,
2912 4825 3161 4880 oratione
3194 4823 3246 4876 itt
3279 4819 3624 4875 ltutnanatio-

2061 4947 2182 4986 nem
2211 4928 2426 4984 Domini
2459 4925 2630 4979 nostri
2669 4920 2796 4975 Jesu
2825 4917 3052 4977 Christi.
3077 4923 3133 4969 et
3163 4913 3313 4978 Quod
3344 4911 3624 4978 unicuique

2059 5023 2262 5076 elimati
2285 5017 2508 5088 prazst'nt
2537 5013 2732 5082 angeli.
2758 5011 2916 5079 cujus
2947 5007 3161 5061 initium
3195 5021 3206 5055 :
3236 5003 3429 5057 Revera
3456 5018 3626 5068 appa-

2064 5115 2169 5166 ruit
2214 5111 2305 5164 Dei
2331 5109 2506 5178 gravia
2541 5122 2559 5158 :
2609 5123 2627 5155 ι
2669 5102 2847 5160 Venit.
2890 5098 3088 5168 inquit,
3118 5095 3373 5151 Christus
3401 5092 3467 5146 ad
3505 5108 3623 5151 nos,

2063 5203 2215 5260 dedit
2243 5200 2400 5254 nobis
2432 5196 2718 5266 Spiritum,
2747 5193 2837 5262 qui
2869 5208 2935 5246 ex
2971 5189 3089 5259 ipso
3116 5196 3223 5254 est,
3260 5196 3424 5254 atque
3449 5197 3628 5237 sust-c-

2065 5295 2145 5366 pit
2186 5305 2432 5348 ttostrutn
2467 5302 2686 5355 corpus.
2725 5304 2753 5336 »-

2135 5467 2406 5519 Prmterea
2437 5467 2658 5512 sanctus
2689 5451 3026 5512 Anastasius.
3049 5449 3426 5505 Antiochenus
3460 5446 3632 5515 patri-

2067 5556 2255 5616 archa,
2292 5553 2346 5605 in
2377 5551 2520 5603 libro
2551 5547 2623 5600 De
2658 5548 2809 5599 rectis
2853 5551 3046 5596 ηοεινιεν
3073 5541 3341 5611 religionis
3372 5540 3634 5609 dogmati-

2069 5649 2162 5700 bus
2214 5642 2618 5700 ecclesiasticis,
2685 5638 2842 5708 cujus
2903 5634 3160 5688 initium:
3205 5634 3509 5688 Orationem
3573 5631 3632 5680 de

2073 5749 2212 5794 recta
2261 5743 2444 5790 nostra
2487 5731 2613 5800 (ille,
2655 5729 2768 5784 ait:
2817 5747 2833 5778 ι
2871 5727 3133 5795 Corporis
3166 5734 3349 5782 autem
3386 5719 3634 5794 proprie-
