3862 6220
195 430 298 492 9ίο

1096 445 1195 503 DE
1234 445 1752 507 PROCESSIONE
1796 448 2159 509 SPIRITUS
2200 448 2493 507 SANCTL

3308 443 3414 504 950

196 564 338 615 τριον
370 548 580 620 Πατρὶς
606 552 700 605 καὶ
731 554 883 617 Υίοῦ,
916 558 1037 612 οὑδέ
1069 562 1365 629 συναλοιφή
1392 565 1506 616 ἐστι
1541 562 1752 632 Πατρδς

1879 578 2034 629 teque
2052 562 2230 617 Patris
2251 572 2306 617 et
2332 555 2562 617 Filii-est
2584 560 2909 615 commistio.
2926 579 2943 611 ι
2982 562 3046 613 Et
3074 561 3233 629 paulo
3257 571 3409 629 post:

199 638 289 689 καὶ
313 638 458 692 Υίοῦ.
503 659 521 691 ι
561 642 669 695 Καὶ
711 645 829 712 μετ’
871 639 1049 714 ὀλίγα,
1108 668 1127 701 ι
1186 652 1410 719 Πνεῦμα
1456 654 1634 721 ἅγιον,
1685 654 1746 705 οὑ

197 728 537 797 σννάδελφον,
587 733 649 783 οὑ
698 736 1095 807 πατράδελφον,
1148 741 1210 793 οὑ
1254 744 1617 812 προπάτορον,
1648 744 1748 795 οὑκ

195 817 431 882 ἔκγονον,
460 820 574 872 ἀλλ’
639 826 701 875 ἐκ
754 826 852 893 τῆς
906 829 1075 898 αὐτῆς
1134 830 1319 894 οὐσίας
1382 834 1593 901 [ἰατρὸς
1653 835 1750 885 καὶ

196 907 345 962 Υίοῦ.
386 928 405 960 ι
456 913 562 964 Καὶ
599 915 715 981 μετ’
743 916 916 982 ὀλίγα,
972 938 991 970 ι
1050 922 1219 984 Αὐτὸς
1248 923 1356 992 γὰρ
1392 926 1419 977 6
1444 925 1754 994 Μονογενὴς

194 998 361 1061 λέγει,
397 1019 415 1051 ι
450 1001 521 1055 Τὸ
561 1004 779 1074 Πνεῦμα
809 1008 902 1059 τοῦ
934 1011 1169 1080 Πατρὺς,
1206 1031 1225 1063 ι
1274 1017 1369 1067 καὶ
1407 1032 1426 1065 ι
1464 1016 1536 1067 T6
1565 1018 1629 1067 ἐκ
1658 1016 1750 1068 τοῦ

198 1093 404 1158 Πατρὺς
454 1097 905 1165 ἐκπορευόμενον,
961 1120 980 1151 ι
1020 1103 1113 1154 καὶ
1157 1121 1176 1154 ι
1223 1104 1318 1157 Ἐκ
1369 1105 1463 1157 τοῦ
1502 1106 1636 1174 ἐμοῦ
1661 1106 1757 1174 λή-

194 1182 373 1247 ψεται,
410 1203 428 1234 ι
466 1185 553 1237 ἵνα
583 1188 656 1256 μὴ
700 1188 978 1259 ἀλλότριον
1029 1194 1308 1262 νομισθείη
1349 1195 1560 1265 Πατρὸς
1618 1197 1753 1265 μηδέ

204 1271 348 1323 Υἱοῦ.
397 1292 416 1325 ι
459 1275 566 1324 Καὶ
601 1276 717 1343 μετ’
745 1279 920 1345 ὀλίγα,
969 1298 988 1330 «
1045 1280 1138 1334 Ἐκ
1175 1281 1269 1334 τοῦ
1304 1285 1511 1352 Πατρὺς
1541 1284 1636 1336 καὶ
1661 1285 1755 1337 τοῦ

206 1360 329 1412 Υίοῦ
387 1364 570 1431 τρίτον
635 1367 701 1434 τῇ
766 1366 1054 1439 ὀνομασίᾳ.
1111 1391 1129 1422 ι
1190 1372 1301 1423 Καὶ
1368 1374 1504 1441 μετὰ
1566 1374 1756 1436 πολλὰ,

212 1468 233 1500 ι
276 1451 584 1521 Ἀμφότερα
613 1458 859 1508 κατοικεῖ
892 1460 949 1510 ἐν
988 1458 1065 1527 τῷ
1098 1459 1370 1530 ἀνθρώπῳ
1398 1463 1474 1531 τῷ
1511 1464 1704 1533 δικαίῳ
1732 1467 1760 1517 6

204 1541 429 1609 Χριστὸς
454 1545 546 1596 καὶ
569 1546 631 1598 τὸ
664 1546 888 1615 Πνεῦμα
915 1548 1103 1601 αὑτοῦ.
1139 1549 1198 1601 Ei
1229 1550 1288 1603 δὲ
1319 1544 1552 1623 Χριστὸς
1576 1556 1641 1607 ἐκ
1665 1555 1759 1607 τοῦ

207 1632 410 1700 Πατρὸς
438 1636 752 1690 πιστεύεται
781 1637 914 1700 Θεὸς
942 1640 1006 1692 ἐκ
1032 1639 1192 1706 Θεοῦ,
1230 1643 1327 1694 καὶ
1352 1643 1413 1695 16
1443 1643 1667 1713 Πνεῦμα
1696 1646 1761 1698 ἐκ

202 1723 298 1776 τοῦ
328 1723 581 1793 Χριστοῦ,
615 1727 648 1795 ἢ
698 1730 827 1794 παρ’
859 1730 1204 1799 ἀμφοτέρων,
1253 1731 1330 1795 ὥς
1364 1750 1530 1803 φησιν
1558 1737 1585 1787 6
1629 1735 1765 1801 Χρι-

207 1817 350 1877 στὸς,
385 1833 402 1864 «
422 1816 486 1868 Ὃ
510 1817 659 1886 παρὰ
683 1819 777 1870 τοῦ
808 1820 1022 1890 Πατρὸς
1054 1823 1464 1892 ἐκπορεύεται,ι
1499 1826 1591 1879 καὶ
1621 1843 1639 1877 ι
1665 1819 1764 1878 Οὗ-

1856 656 2116 723 «Spiritus
2132 664 2353 709 sanctus
2376 670 2481 707 non
2505 653 2695 715 frater,
2718 668 2825 705 non
2855 661 3102 720 patruus,
3134 667 3239 705 non
3259 668 3412 716 avus,

1852 762 1959 798 nou
1985 761 2171 812 nepos,
2190 745 2285 798 sed
2307 760 2372 799 ex
2392 744 2579 798 eadem
2598 743 2774 796 Patris
2792 742 3026 810 Filiique
3046 742 3373 796 substantia.
3391 762 3410 794 ι

1855 836 1916 885 lat
1951 835 2108 896 paulo
2145 841 2267 899 post
2297 852 2308 885 :
2348 831 2495 901 «Ipse
2525 833 2670 886 enim
2704 832 3026 901 Unigenitus
3048 831 3179 884 dicit
3210 851 3222 885 :
3249 850 3269 882 ι
3296 831 3416 898 Spi-

1854 918 1992 969 ritus
2022 917 2135 969 Pati
2153 917 2217 979 is,
2238 936 2256 968 ι
2299 930 2373 982 et,
2435 938 2449 966 «
2490 917 2592 983 Qui
2622 933 2651 970 a
2683 918 2842 971 Patre
2871 917 3168 986 procedit,»
3204 926 3278 982 et,
3312 917 3417 969 «De

1856 1025 1977 1064 meo
2013 1009 2295 1078 accipiet,i
2363 1019 2419 1062 ιιι
2468 1026 2575 1062 non
2624 1010 2840 1062 alienus
2893 1007 3110 1062 aPatre
3162 1009 3247 1061 Vel
3280 1007 3418 1067 Filio

1854 1099 2223 1155 crederetur»
2296 1099 2361 1154 Et
2394 1108 2517 1167 post
2548 1114 2717 1166 pauca
2750 1115 2763 1150 :
2832 1098 2937 1150 «Ex
2964 1099 3131 1151 Patre
3172 1096 3417 1163 Filioque

1855 1189 2051 1243 tertius
2079 1188 2468 1258 appellatione.
2521 1206 2537 1235 ι
2580 1186 2645 1238 Ει
2684 1197 2806 1255 post
2840 1186 3009 1240 multa
3042 1204 3055 1239 :
3107 1204 3125 1235 «
3156 1184 3331 1238 Ambo
3365 1185 3417 1236 in

1856 1280 2003 1349 justo
2037 1280 2286 1333 habitant
2308 1278 2584 1339 Christus.
2638 1279 2864 1346 ejusque
2892 1276 3131 1344 Spiritus
3165 1294 3177 1327 :
3204 1274 3349 1343 quod
3376 1275 3419 1325 si

1857 1369 2110 1423 Christus
2133 1384 2196 1422 ex
2226 1369 2383 1422 Patre
2415 1367 2659 1420 creditur
2682 1367 2825 1420 Deus
2844 1366 2910 1418 de
2940 1366 3069 1423 Deo.
3092 1373 3145 1418 et
3169 1364 3421 1433 Spiritus,

1860 1462 2005 1531 quia
2037 1461 2278 1522 Christo,
2307 1476 2401 1515 seu
2434 1476 2501 1513 ex
2532 1458 2816 1521 ambobus,
2889 1468 2947 1512 ut
2997 1465 3228 1511 testatur
3261 1456 3423 1509 Chri-

1860 1565 1979 1608 stus
2010 1571 2023 1606 :
2063 1551 2192 1616 «Qui
2226 1566 2254 1603 a
2278 1551 2437 1605 Patre
2469 1548 2770 1618 procedit,»
2804 1557 2855 1601 et
2888 1565 2903 1600 :
2969 1567 2987 1598 «
3028 1547 3101 1599 De
3138 1542 3258 1603 meo
3288 1545 3427 1599 acci-

1861 1645 2029 1714 piet.»
2064 1644 2131 1698 Et
2158 1652 2280 1712 post
2310 1641 2574 1696 nonnulla
2608 1657 2622 1692 :
2660 1638 2795 1693 «Sed
2829 1639 2975 1693 dicet
3006 1637 3228 1706 aliquis,
3290 1638 3427 1690 duos

1862 1751 1993 1803 ergo
2024 1736 2164 1789 ﬁlios
2196 1750 2318 1789 esse
2342 1734 2578 1788 dicimus
2612 1750 2625 1797 ;
2661 1741 2717 1786 et
2761 1732 3036 1800 quomodo
3073 1730 3428 1798 unigenitus?

1861 1837 1974 1890 lmo
2032 1849 2160 1889 vero
2193 1844 2246 1888 tu
2296 1833 2421 1904 quis
2442 1849 2520 1896 es,
2548 1834 2640 1902 qui
2667 1830 2998 1886 conti-adicis
3022 1832 3132 1884 Deo
3158 1829 3179 1882 ?
3204 1828 3257 1883 Si
3282 1827 3426 1881 enim

209 1922 297 1966 τος
320 1908 381 1958 ἐκ
403 1906 494 1958 τοῦ
522 1907 653 1974 ἐμοῦ
684 1908 910 1978 λήψεται
940 1928 955 1944 θ
994 1930 1012 1962 ι
1068 1914 1163 1966 καὶ
1191 1915 1309 1981 μετ’
1336 1916 1516 1981 ὀλίγα,
1554 1935 1572 1967 «
1623 1917 1761 1970 Ἀλλ’

1879 1926 2063 1981 Filium
2093 1934 2269 1990 vocat,
2299 1927 2389 1994 qui
2418 1941 2484 1978 ex
2512 1924 2654 1993 ipso,
2694 1922 2961 1991 Spiritum
3001 1935 3127 1973 vero
3155 1927 3424 1975 sanctum.

206 1999 324 2063 ἐρεῖ
367 2014 468 2060 τις,
510 1998 703 2052 οὐκοῦν
751 2017 929 2069 φαμεν
961 2003 1053 2055 δύο
1094 1999 1231 2057 εἶναι
1287 2006 1479 2069 Υίούςο
1515 2009 1610 2062 καὶ
1650 2010 1765 2074 πῶς

201 2090 554 2157 Μονογενής;
600 2092 808 2145 Μενοῦν
842 2095 904 2159 γὲ
933 2095 998 2148 σὺ
1043 2094 1127 2157 τίς
1158 2091 1212 2148 εἷ
1234 2097 1260 2147 6
1302 2098 1767 2166 ἀντιλογιζόμενος

201 2177 283 2245 τῷ
314 2176 462 2243 Θεῴ;
496 2178 558 2229 Εἰ
587 2178 693 2245 γὰρ
722 2181 815 2232 16v
851 2181 976 2234 Υίὸν
1004 2185 1159 2237 καλεί
1188 2186 1280 2238 τὸν
1312 2187 1368 2251 ἐξ
1398 2189 1583 2250 αὑτοῦ,
1622 2191 1684 2242 τὸ
1711 2190 1769 2243 δὲ

205 2266 360 2331 ἅγιον
389 2266 610 2334 Πνεῦμα
639 2269 702 2321 τὸ
740 2270 869 2339 παρ’
901 2273 1226 2342 ἀμφοτέρων
1249 2291 1263 2305 ο
1318 2274 1351 2329 ἃ
1393 2276 1555 2345 μόνον
1590 2279 1768 2331 πίστει

210 2355 468 2425 νοούμενα
496 2358 599 2411 ὑπὸ
639 2360 744 2413 τῶν
771 2362 965 2428 ἁγίων,
1016 2367 1272 2432 φωτεινὰ,
1323 2369 1625 2435 φωτοδότα,
1656 2388 1768 2438 φωο

205 2448 385 2517 τεινὴν
450 2451 549 2518 τὴν
605 2454 889 2522 ἐνέργειαν
948 2454 1081 2524 ἔχει.
1147 2475 1166 2509 ι
1232 2459 1341 2511 Καὶ
1408 2459 1523 2527 μετ’
1589 2442 1768 2529 ὀλίγα,

210 2561 230 2592 ι
278 2542 494 2608 Πνεῦμα
530 2543 702 2609 ἅγιον,
734 2544 959 2615 Πνεῦμα
992 2548 1267 2617 ἀληθείας,
1304 2550 1419 2602 ἐστί
1448 2551 1561 2619 φῶς
1590 2554 1772 2622 τρίτον

205 2633 359 2699 παρὰ
399 2632 608 2702 Πατρὸς
648 2636 743 2686 κα)⁵
783 2636 932 2690 Υίοῦ.
989 2654 1007 2687 ι
1060 2639 1173 2690 Καὶ
1208 2643 1324 2707 μετ’
1378 2642 1556 2706 ὀλίγα,
1588 2648 1624 2693 ⁸(
1676 2645 1773 2696 ’ον

204 2722 323 2790 γάρ
350 2724 545 2791 τρόπον
581 2724 754 2785 οὐδεὶς
794 2725 944 2795 ⁵ἔγνω
990 2728 1081 2779 τὸν
1130 2728 1349 2799 Πατέρα
1378 2734 1427 2783 εἰ
1461 2733 1536 2801 μὴ
1565 2736 1591 2785 6
1626 2734 1770 2800 Υἱὸς,

208 2811 333 2863 οὑδὲ
359 2812 448 2863 τὸν
483 2812 610 2864 Υίὸν
646 2816 694 2866 εί
726 2816 802 2883 μὴ
847 2817 875 2868 6
922 2817 1128 2883 Πατὴρ,
1174 2817 1317 2870 οῦτω
1346 2820 1528 2889 τολμὼ
1570 2821 1770 2890 λέγειν,

208 2905 293 2954 ὅτι
320 2903 434 2954 οὐδὲ
458 2905 515 2956 τὸ
548 2904 771 2973 Πνεῦμα
800 2908 846 2958 εί
887 2907 962 2976 μὴ
992 2911 1019 2961 6
1063 2909 1252 2979 Πατὴρ
1298 2912 1389 2963 καὶ
1420 2914 1449 2964 ὁ
1480 2913 1600 2975 Υἱὸς
1642 2913 1773 2984 παρ’

210 2987 274 3046 οῦ
300 2996 673 3063 ἐκπορεύεται,
707 3002 800 3051 καὶ
830 2999 960 3069 παρ’
992 2994 1052 3053 οὗ
1092 3002 1381 3067 λαμὸάνει,
1422 3004 1511 3057 καὶ
1540 3005 1658 3057 οὐδὲ
1684 3006 1775 3059 τὸν

216 3084 349 3137 Υίὺν
373 3088 465 3138 καὶ
486 3087 579 3147 16v
613 3088 852 3157 Πατέρα,
885 3092 932 3142 εἰ
958 3090 1033 3160 μὴ
1074 3092 1133 3143 16
1162 3092 1386 3162 Πνεῦμα
1415 3094 1479 3147 16
1507 3096 1684 3164 ἆγιον,
1715 3098 1776 3152 τὸ

1863 2022 1954 2091 qui
1979 2037 2046 2075 ex
2075 2021 2379 2085 ambobus;
2409 2035 2486 2072 (ξω
2512 2027 2621 2072 tres
2653 2033 2900 2086 persona:
2932 2016 3046 2069 sola
3079 2013 3182 2067 [ide
3213 2028 3241 2065 ιι
3269 2025 3427 2067 sauc-

1866 2118 1936 2169 tis
1965 2113 2096 2167 viris
2123 2121 2390 2183 perceptae
2415 2112 2635 2174 lucida},
2669 2124 2733 2163 ac
2763 2109 2902 2162 lucis
2925 2117 3214 2167 auctores;
3246 2102 3427 2159 lucida

1865 2215 1996 2259 sunt
2022 2208 2237 2261 actione
2274 2203 2599 2273 prmdith,
2630 2203 2695 2256 Et
2731 2211 2852 2270 post
2882 2212 3051 2269 pauca
3081 2216 3095 2252 :
3134 2218 3150 2248 «
3189 2197 3430 2265 Spiritus

1866 2307 2109 2362 sanctus,
2143 2296 2385 2363 Spiritus
2410 2293 2655 2348 veritatis
2684 2302 2767 2346 est
2822 2307 2851 2344 a
2880 2291 3039 2345 Patre
3072 2288 3315 2355 Filioque
3348 2285 3432 2338 lu-

1869 2404 1992 2443 men
2024 2388 2300 2441 tertium.»
2336 2385 2404 2439 Et
2439 2393 2559 2454 post
2597 2382 2897 2436 nonnulla:
2936 2376 3429 2444 «Quemadmodum

1869 2481 2018 2536 enim
2046 2495 2206 2533 nemo
2230 2478 2380 2531 novit
2411 2477 2623 2530 Patrem
2659 2474 2758 2527 nisi
2797 2471 2988 2533 Filius,
3033 2484 3209 2537 neque
3236 2467 3429 2521 Filium

1872 2572 1973 2626 nisi
2009 2573 2187 2635 Pater,
2220 2570 2291 2623 ita
2319 2569 2503 2623 dicere
2528 2567 2723 2626 audeo.
2768 2579 2947 2632 neque
2993 2561 3259 2629 Spiritum
3285 2557 3434 2609 novit

1873 2663 2173 2733 quispiam,
2207 2660 2311 2715 nisi
2345 2662 2504 2714 Pater
2534 2667 2588 2712 et
2616 2657 2779 2711 Filius
2807 2671 2834 2708 a
2875 2669 2985 2722 quo
3018 2649 3287 2721 procedit,
3325 2657 3379 2699 et
3404 2664 3431 2699 ιι

1873 2765 1979 2817 quo
2006 2749 2241 2818 accipit;
2270 2755 2323 2800 et
2353 2762 2529 2815 neque
2558 2744 2752 2798 Filium
2786 2755 2838 2795 et
2879 2741 3123 2803 Patrem,
3178 2735 3279 2790 nisi
3317 2736 3439 2803 Spi-

1874 2839 2014 2892 ritus
2045 2847 2288 2903 sanctus,
2316 2837 2407 2904 qui
2438 2851 2563 2889 vere
2597 2832 2884 2902 gloriﬁt-at,
2918 2830 3204 2900 qui'docet
3231 2827 3435 2884 omnia,

1875 2932 1971 2999 qui
2002 2945 2031 2982 a
2065 2929 2227 2984 Patre
2258 2937 2313 2983 et
2340 2928 2535 2982 Filio.»
2607 2926 2669 2977 Et
2704 2933 2825 2993 post
2856 2921 3115 2976 nonnulla
3149 2936 3164 2973 :
3224 2938 3241 2968 «
3271 2917 3441 2985 Igitur

1876 3022 2040 3076 Pater
2070 3035 2289 3089 semper
2317 3018 2545 3080 exstitit,
2574 3025 2629 3070 et
2659 3014 2901 3082 Spiritus
2931 3029 2993 3064 ex
3015 3012 3174 3064 Patre
3197 3009 3439 3076 Filioque

1880 3114 2175 3182 Spiratur.»
2223 3110 2434 3163 Rursus
2466 3107 2519 3160 in
2552 3104 2743 3160 eodem
2780 3122 2793 3157 :
2830 3104 3058 3157 «Emitte
3090 3101 3266 3154 lucem
3293 3109 3440 3152 tuam

206 3175 435 3239 δοξάζον
466 3177 702 3245 ἀληθῶς,
731 3180 793 3231 16
827 3180 1080 3234 διδάσκον
1107 3182 1177 3235 τὰ
1207 3183 1405 3247 πάντα,
1435 3184 1464 3237 ὃ
1498 3188 1649 3256 παρὰ
1678 3188 1769 3240 τοῦ

1879 3175 1933 3255 εἰ
1962 3199 2243 3253 veritatem
2279 3204 2483 3255 tuam,»
2521 3194 2596 3247 ait
2629 3193 2823 3255 David,
2878 3193 2993 3261 ipse
3043 3189 3309 3243 Dominus
3334 3196 3441 3245 est,

213 3265 425 3332 Πατρὸς
450 3269 543 3319 καὶ
565 3271 628 3321 ἐκ
662 3269 754 3322 τοῦ
793 3271 948 3328 Υίοῦ.
987 3292 1006 3324 ι
1040 3274 1148 3326 Καὶ
1174 3276 1312 3343 μετά
1337 3292 1482 3335 τινα,
1520 3295 1539 3328 «
1581 3279 1773 3333 Τοίνυν

216 3358 408 3426 Πατὴρ
442 3354 510 3429 ἦν
544 3362 652 3424 ἀεὶ,
687 3364 782 3415 καὶ
829 3364 891 3415 τὸ
937 3366 1160 3435 Πνεῦμα
1199 3371 1265 3421 ἐκ
1302 3367 1395 3421 τοῦ
1442 3370 1652 3440 Πατρὸς
1684 3373 1776 3424 καὶ

218 3447 353 3501 Υίοῦ
384 3451 584 3512 missi.)
624 3454 790 3507 Πάλιν
819 3456 876 3509 ἐν
904 3455 982 3524 τῷ
1025 3457 1196 3526 αὐτῷ,
1232 3478 1251 3509 «
1278 3460 1687 3525 Ἐξαπόστειλον
1717 3463 1778 3516 16

216 3538 335 3607 φῶς
352 3557 466 3606 σου,
481 3544 577 3595 καὶ
592 3543 688 3614 τὴν
701 3546 956 3615 ἀλήθειαν
972 3564 1090 3610 σου,
1120 3568 1138 3600 ι
1170 3551 1334 3618 φησὶν
1353 3553 1379 3603 ὀ
1399 3552 1582 3604 Δαόίδ.
1608 3554 1778 3617 Αὐτός

215 3630 363 3681 ἐστιν
387 3633 415 3683 6
442 3632 643 3703 Κύριος
674 3637 700 3688 6
723 3635 909 3700 εἰπὼν,
932 3654 949 3687 ι
986 3638 1075 3689 Ἐν
1098 3641 1216 3702 ταῖς
1254 3640 1513 3709 ἐσχάταις
1545 3643 1780 3712 ἡμέραις

217 3722 395 3790 ἐκχεῶ
412 3725 520 3775 ἀπὸ
545 3724 638 3777 τοῦ
661 3726 980 3795 Πνεύματός
1009 3746 1111 3796 μου
1132 3732 1222 3783 ἐπὶ
1247 3734 1424 3784 πᾶσαν
1454 3733 1655 3802 σάρκα,
1681 3735 1774 3787 καὶ

1880 3290 1971 3358 qui
2003 3289 2162 3350 dixit,
2200 3285 2286 3338 «In
2333 3281 2649 3337 novissimis
2679 3281 2877 3335 diebus
2911 3277 3191 3333 etl'undam
3218 3275 3284 3328 de
3315 3273 3441 3342 Spi-

1883 3379 1987 3432 ritu
2016 3390 2135 3430 meo
2167 3374 2220 3430 in
2251 3390 2468 3429 omnem
2502 3389 2744 3437 carnem,
2801 3381 2856 3425 et
2900 3368 3315 3439 prophetabuut
3349 3365 3443 3417 lilii

1876 3482 2066 3521 eorum
2120 3474 2171 3519 el
2235 3466 2357 3519 tiliae
2411 3480 2625 3528 eorum,
2688 3472 2745 3518 et
2772 3461 3149 3516 adolescentes
3206 3456 3443 3524 ipsorun

1878 3555 2114 3607 visiones
2141 3552 2421 3615 videbunt,
2459 3570 2477 3601 ι
2516 3560 2624 3604 tres
2654 3562 2913 3617 personas
2947 3560 3117 3600 saera:
3140 3540 3441 3598 iunctionis

1880 3645 2039 3698 nobis
2069 3644 2331 3706 ostendit,
2367 3637 2985 3710 uimirumhypostasitn
3041 3650 3106 3689 ex
3166 3631 3444 3703 hypostasi

1878 3749 2049 3800 usiiue
2079 3734 2144 3786 ad
2181 3732 2504 3786 ternarium.
2552 3749 2568 3780 ι

218 3815 691 3884 προφητεύσουσιν
736 3821 783 3872 οἱ
816 3821 920 3871 υἱοὶ
950 3821 1149 3889 αὑτῶν,
1189 3824 1286 3877 καὶ
1319 3825 1368 3877 οί
1403 3826 1679 3879 νεανίσκοι
1712 3827 1890 3879 αὑτῶν
1933 3828 2151 3895 ὁράσεις
2190 3825 2446 3895 ὄψονται·
2488 3846 2504 3874 ι
2540 3823 2663 3889 τρία
2704 3822 2973 3893 πρόσωπα
3000 3818 3161 3885 ἁγίας
3202 3815 3448 3881 λειτουρ-

217 3905 346 3971 γίας
371 3905 649 3960 δείκνυσνν
691 3909 843 3978 ἡμῖν,
881 3910 1174 3965 ὑπόστασιν
1232 3914 1293 3978 ἐξ
1352 3916 1701 3979 ὑποστάσεως
1768 3915 1932 3987 οὔσης
1996 3918 2207 3986 τρίτης.
2243 3933 2262 3965 ι

296 4000 418 4052 Ἔτι
446 4003 475 4053 6
500 4000 721 4067 Νύσσης
760 4002 1057 4072 Γρηγόριος
1086 4006 1145 4057 ἐν
1176 4004 1253 4074 τῷ
1277 4013 1323 4059 α’
1354 4008 1461 4060 τῶν
1497 4011 1646 4073 πρὸς
1674 4010 1784 4063 Εὐ·

218 4091 435 4157 νόμιον
498 4092 945 4162 Ἀντιρρητικῶν,
984 4087 1046 4146 οῦ
1103 4096 1135 4165 ή
1189 4096 1351 4166 ἀρχὴ,
1411 4100 1531 4151 Οὐκ
1577 4096 1656 4168 ἦν
1705 4100 1786 4166 ὡς

216 4183 439 4243 ἔοικεν,
486 4200 505 4233 ι
560 4184 658 4236 Ὃν
705 4184 907 4253 τρόπον
956 4186 1349 4257 προθεωρεϊται
1403 4190 1436 4258 ἡ
1490 4190 1788 4253 ὑπόστασις

217 4272 557 4342 τοῦἭατρὸς
586 4273 684 4342 τῆς
712 4273 806 4326 τοῦ
832 4274 962 4326 Υίοῦ
994 4276 1347 4341 ὑποστάσεως
1378 4277 1454 4345 τῷ
1479 4280 1579 4346 τῆς
1611 4279 1788 4342 αἰτίας

219 4365 392 4431 λόγῳ,
428 4366 458 4415 6
485 4365 646 4432 αὐτὸς
673 4364 827 4433 λόγος
876 4369 970 4419 καὶ
1014 4370 1145 4446 περὶ
1177 4371 1269 4421 τοῦ
1323 4368 1640 4437 Πνεύματος
1662 4387 1677 4401 ·
1732 4372 1789 4423 ἐν

225 4457 367 4525 μόνῃ
397 4459 463 4526 τῇ
498 4457 648 4521 τάξει
692 4459 761 4525 τῇ
805 4458 947 4510 κατὰ
971 4458 1033 4510 16
1070 4458 1244 4510 αἴτιον
1287 4460 1381 4511 καὶ
1410 4461 1649 4512 αἰτιατλλν
1688 4461 1786 4526 δη-

1954 4007 2242 4072 Przeterea,
2292 4005 2590 4076 Gregorius
2641 4005 2939 4073 Nyssenus,
3009 4000 3062 4054 in
3106 4000 3280 4068 primo
3309 3998 3451 4052 iibro

1883 4107 2066 4149 contra
2089 4095 2425 4156 Eunomium,
2453 4093 2610 4161 cujus
2632 4091 2847 4144 initium
2874 4114 2884 4144 ;
2915 4087 3030 4142 Non
3056 4098 3170 4140 erat
3202 4096 3256 4139 ut
3285 4101 3453 4155 appa-

1886 4197 2007 4239 ret:
2048 4184 2549 4251 «Quemadmodum
2586 4182 2895 4252 hypostasis
2917 4179 3096 4235 Patris
3136 4177 3453 4249 prmintelli-

1887 4278 2034 4349 gitur
2066 4277 2337 4346 hypostasi
2373 4275 2468 4327 lilii
2501 4276 2712 4327 ratione
2744 4286 2943 4335 causae,
2989 4269 3177 4324 eadem
3211 4268 3350 4321 ratio
3400 4277 3455 4319 et
3544 4312 3563 4335 ,

1901 4368 1969 4421 de
1992 4366 2220 4435 Spiritu.
2255 4364 2524 4419 Nimirum
2557 4363 2610 4415 in
2664 4361 2781 4415 solo
2806 4360 2999 4414 ordine
3030 4358 3122 4428 qui
3151 4366 3238 4413 est
3261 4373 3456 4411 secuu-
3548 4353 3557 4359 ’

1897 4459 2025 4511 dum
2054 4470 2273 4510 causam
2331 4462 2386 4507 et
2418 4460 2699 4506 causatum
2761 4449 3127 4504 diﬂerentiatn
3162 4448 3360 4512 habet;
3399 4458 3457 4499 ut

220 4543 362 4612 λαδὴ
416 4545 515 4612 τὴν
570 4547 834 4616 διαφορὰν
890 4545 1023 4615 ἔχει.
1066 4546 1155 4608 Ὠς
1212 4551 1320 4618 γὰρ
1354 4550 1681 4601 συνάπτεται
1711 4550 1774 4619 τᾷ

1893 4549 2039 4603 enim
2073 4546 2243 4601 Filius
2271 4543 2621 4614 coniungitur
2659 4541 2843 4605 Patri,
2874 4551 3036 4606 atque
3089 4540 3158 4593 ab
3210 4540 3329 4607 ipso
3358 4540 3455 4591 ha—

215 4638 408 4712 iurgi
432 4637 460 4688 6
486 4637 633 4701 Υἱὸς,
665 4638 845 4690 καὶτὸ
876 4638 933 4702 ἐξ
966 4638 1131 4691 αὑτοῦ
1164 4635 1305 4691 εἶναι
1339 4639 1488 4707 ἔχων.
1509 4640 1603 4707 οὑχ
1636 4640 1791 4691 ὑστε-

218 4728 373 4799 ρίζει
401 4729 544 4781 κατὰ
577 4728 676 4798 τὴν
705 4727 963 4795 ὓπαρξιν,
997 4727 1140 4780 οὕτω
1181 4727 1342 4782 πάλιν
1383 4730 1474 4779 καὶ
1500 4728 1595 4780 τοῦ
1622 4727 1794 4782 Μονο-

212 4817 415 4885 γενοῦς
458 4818 641 4886 ἔχεται
683 4819 746 4881 16
793 4817 1021 4887 Πνεῦμα
1085 4817 1147 4870 τὸ
1199 4819 1375 4885 ἅγιον,
1406 4818 1618 4887 ἐπινοίᾳ
1654 4816 1789 4887 μόνῃ

214 4907 371 4959 κατὰ
404 4905 497 4958 τὸν
523 4908 623 4974 τῆς
651 4907 826 4969 αἰτίας
861 4908 1019 4975 λόγον
1049 4907 1533 4979 προθεωρουμένου
1561 4906 1659 4976 τῆς
1699 4905 1792 4959 τόῦ

213 4995 543 5063 Πνεὺματος
571 4997 938 5059 ὑποστάσεως.
981 5015 999 5049 ι

298 5089 425 5140 Ἷιὶτι
474 5090 512 5140 Γ
516 5091 770 5159 ρηγὸριος
806 5093 834 5142 6
865 5091 1126 5159 Θεολόγος
1176 5091 1305 5161 περὶ
1334 5090 1443 5159 ,τῆς
1489 5091 1725 5158 σχέσεως
1759 5087 1791 5157 ἦ

208 5179 437 5244 τάξεως
465 5180 530 5249 ἢν
554 5181 668 5249 ἔχει
697 5182 725 5233 6
754 5182 877 5244 Υἱὸς
904 5181 1040 5250 πρὸς
1064 5183 1124 5235 16
1153 5182 1400 5251 Πνεῦμα.
1424 5182 1516 5234 καὶ
1539 5181 1600 5233 τὸ
1627 5178 1790 5233 Πνεῦ-

211 5285 303 5335 μα
344 5266 479 5335 πρὸς
508 5269 597 5319 τὸν
622 5268 765 5331 Υίὸν,
797 5269 917 5338 ἥτις
949 5270 1011 5337 δὴ
1037 5271 1189 5333 τάξις
1213 5269 1428 5322 ἐπὶτῶν
1448 5269 1607 5320 θείων
1632 5283 1774 5335 προσ

204 5358 396 5406 (ἐλπων
457 5354 614 5423 μόνον
665 5359 806 5408 κατὰ
837 5357 898 5407 τὸ
932 5354 1105 5407 αἴτιον
1132 5358 1226 5409 καὶ
1277 5355 1519 5408 αἰτιατὸν
1570 5354 1795 5407 δύναται

206 5443 629 5512 λαμϐάνεσθαι,
659 5446 779 5497 κατ’
803 5444 931 5498 ἄλλο
966 5444 1023 5497 δὲ
1055 5445 1154 5497 οὑκ
1189 5446 1441 5514 ἐγχωρεῖ,
1475 5446 1531 5495 ἐν
1558 5445 1635 5513 τῷ
1668 5447 1798 5511 περὶ

202 5529 319 5583 τοῦ
357 5529 518 5597 ἁγίου
540 5532 850 5600 Πνεύματος
871 5532 1270 5603 Ἀντιρῤητικῷ
1301 5528 1416 5585 οἷον
1446 5534 1798 5597 ἀντιθετικῶς

202 5619 380 5686 λέγει
403 5633 419 5648 ⁸
465 5635 484 5668 ι
526 5620 589 5671 Τί
612 5616 705 5673 οὖν
739 5620 936 5685 λείπει,
971 5623 1125 5689 φησι,
1154 5620 1233 5688 τῷ
1266 5621 1541 5689 Πνεὺματι
1572 5622 1707 5690 πρδς
1738 5621 1799 5673 τὸ

201 5705 373 5781 εἶναι
411 5708 575 5776 Υἱόν;
617 5712 677 5763 Ei
718 5712 792 5783 μὴ
824 5716 931 5783 γὰρ
970 5712 1154 5765 λείπόν
1194 5729 1245 5764 τι
1275 5708 1366 5781 ἦν,
1403 5713 1526 5774 Υἱὸς
1551 5712 1616 5765 ἂν
1652 5709 1737 5783 ᾖν.
1776 5730 1794 5763 ι

200 5800 409 5855 Τοῦτο
442 5804 539 5871 μὲν
586 5805 648 5858 16
698 5806 793 5873 τῆς
826 5804 1149 5869 ἀντιθέσεως
1176 5820 1188 5835 ⁸
1229 5806 1484 5874 ἐπιφέρει
1516 5805 1575 5858 δέ
1597 5819 1616 5837 ·
1667 5822 1689 5857 ι
1725 5806 1798 5858 Οὑ

1895 4638 2031 4692 hens
2059 4650 2201 4700 eSse,
2228 4650 2336 4688 non
2372 4643 2456 4687 est
2494 4629 2767 4701 posterior
2830 4628 3133 4683 secundum
3192 4632 3457 4679 exsistenc

1897 4728 2024 4781 tiam
2049 4745 2063 4791 ;
2095 4727 2167 4781 ita
2200 4741 2392 4781 rursus
2417 4725 2655 4794 Spiritus
2673 4731 2897 4776 sanctus
2917 4718 3266 4786 conjungitur
3297 4714 3454 4771 Filio.

1896 4838 2020 4877 eum
2069 4830 2279 4875 tantum
2337 4817 2667 4887 cogitatione
2733 4814 2930 4867 mentis
2981 4802 3133 4878 juxia
3188 4806 3455 4858 rationem

1896 4927 2074 4967 causa:
2108 4907 2659 4979 hypostasi-Spiritus
2682 4903 2857 4958 sancti
2887 4898 3389 4971 praeiutelligatur.»

1968 5088 2240 5143 Praeterea
2296 5084 2591 5154 Gregorius
2648 5080 2959 5149 Theologus
2995 5075 3079 5132 de»
3110 5070 3454 5130 habitudine.

1898 5194 1994 5233 seu
2049 5177 2242 5232 ordine
2292 5192 2456 5245 quem
2522 5175 2688 5228 habet
2753 5172 2933 5226 Filius
2956 5169 3023 5223 ad
3062 5167 3350 5237 Spiritum,
3405 5166 3457 5216 et

1898 5270 2134 5339 Spiritus
2160 5268 2226 5320 ad
2266 5266 2487 5330 Filium,
2524 5264 2618 5335 qui
2652 5271 2799 5317 certe
2828 5263 2964 5317 ordo
2996 5262 3051 5315 in
3092 5257 3296 5313 divinis
3334 5270 3459 5323 per-

1898 5358 2051 5413 sonis
2082 5366 2289 5415 tantum
2321 5354 2620 5409 secundum
2648 5367 2889 5416 causam,
2926 5358 2983 5404 et
3039 5354 3320 5401 cattsatutn
3372 5357 3481 5394 ac"

1902 5450 2006 5517 eipi
2046 5458 2246 5518 potest,
2271 5448 2383 5501 alio
2412 5462 2541 5501 vero
2565 5445 2729 5500 modo
2761 5459 2873 5498 non
2906 5443 3067 5505 licet;
3124 5440 3179 5492 in
3213 5436 3462 5491 oratione

1902 5540 2266 5595 confutatoria
2284 5539 2351 5593 de
2372 5537 2575 5607 Spiritu
2595 5543 2801 5600 sancto,
2832 5533 2986 5602 quasi
3006 5529 3109 5586 sibi
3130 5524 3460 5599 objicieudo,

1904 5627 1981 5681 ait
2014 5644 2028 5690 ;
2063 5625 2229 5691 «Quid
2263 5625 2450 5694 igitur,
2490 5623 2689 5691 inquit,
2716 5622 2869 5676 deest
2893 5618 3125 5687 Spiritui
3164 5617 3231 5671 ad
3266 5619 3370 5670 hoc
3407 5626 3465 5669 ut

1902 5717 2198 5772 sitFilius?
2224 5716 2329 5771 nisi
2346 5715 2493 5771 enim
2519 5714 2796 5783 quidpiam
2820 5711 3054 5774 deesset,
3076 5710 3457 5765 Filius.csset.i

1905 5805 2037 5861 llaec
2061 5802 2280 5874 quidem
2314 5811 2399 5859 est
2424 5800 2685 5873 obiectio.
2751 5798 2921 5854 infert
2946 5812 3076 5853 vero
3110 5815 3124 5853 :
3186 5797 3332 5852 «Non
3363 5797 3459 5848 de-
