3862 6220
327 372 433 431 953

1240 385 1337 444 DE
1376 386 1895 449 PROCESSIONE
1935 390 2296 461 SPIRITUS
2337 400 2629 464 SANCTI.

3445 420 3553 483 954

321 490 417 553 τὴν
468 487 629 552 ἁγίαν
682 489 912 559 Τριάδα,
957 496 1201 549 τουτέστι
1258 501 1346 551 τὸν
1398 502 1613 571 Πατέρα
1663 506 1755 555 καὶ
1804 505 1849 556 τὲ

1956 540 1963 565 ι
2000 510 2238 576 Patrem,
2272 524 2326 568 ct
2356 516 2577 583 Filium,
2632 529 2687 573 et
2723 520 2992 592 Spiritum
3047 537 3317 597 sanctum,
3386 550 3553 591 unum

322 580 445 630 Υίὸν
477 580 571 631 καὶ
597 580 654 632 τὸ
685 579 839 648 ἅγιον
876 586 1120 654 Πνεῦμα,
1153 588 1250 640 ’ἐνα
1281 590 1414 643 Θεὸν
1450 594 1883 660 παντοδύναμον,

320 670 447 737 μιᾶς
492 669 698 734 ούσίας,
738 675 867 740 μιᾶς
914 676 1219 745 ὑπάρξεως,
1275 684 1408 749 μιᾶς
1474 683 1747 748 ἐξουσίας,
1794 686 1887 754 δη-

319 760 580 830 μιουργὸν
609 764 830 816 πάντων
855 767 963 820 τῶν
1000 771 1337 839 κτισμάτων,
1370 774 1429 837 ἐξ
1468 770 1528 828 οὗ
1574 776 1641 828 τὰ
1688 777 1882 841 πάντα,

315 852 386 904 δι’
420 850 482 907 οὗ
531 856 597 907 τὰ
651 858 847 922 πάντα,
881 860 940 909 ὲν
969 852 1012 926 ᾧ
1037 861 1103 913 τὰ
1140 863 1350 917 πάντα·
1385 865 1605 935 Πατέρα
1640 868 1740 919 ούκ
1789 870 1881 936 ἀφ’

316 944 527 1012 ἑτέρου,
563 946 692 998 Υίὸν
732 951 796 1001 ἐκ
841 950 933 1002 τοῦ
987 951 1195 1021 Πατρὸς
1240 955 1519 1023 γεννητὸν,
1570 956 1705 1008 Θεὸν
1750 958 1882 1027 ἀλη-

315 1034 458 1087 θινὸν
492 1037 556 1088 ἐκ
608 1037 740 1089 Θεοῦ
783 1039 1064 1109 ἀληθινοῦ,
1100 1042 1215 1109 φῶς
1265 1044 1518 1113 ἀληθινὸν
1588 1046 1653 1097 ὲκ
1704 1047 1880 1113 φωτὸς

312 1125 566 1192 ἀληθινοῦ
598 1141 611 1155 ·
651 1128 712 1180 ού
748 1129 858 1198 μὴν
883 1130 977 1183 δύο
1010 1132 1186 1198 φῶτα,
1228 1133 1343 1186 ἀλλ’
1389 1134 1446 1186 ἓν
1486 1136 1621 1204 φῶς,
1656 1137 1879 1206 Πνεῦμα

313 1216 468 1281 ἅγιον
518 1217 670 1285 παρᾶ
702 1218 917 1288 Πατρδς
973 1221 1068 1272 καὶ
1098 1221 1228 1274 Υἱοῦ
1275 1224 1473 1291 ἐπίσης
1505 1225 1876 1293 ἐκπορευόμεο

312 1321 421 1365 νον,
458 1305 740 1372 ὁμοιιύσιον
790 1308 885 1359 καὶ
922 1308 1189 1360 συναῖδιον
1236 1311 1409 1376 Πατρὶ
1454 1312 1549 1362 καὶ
1588 1310 1721 1378 Υίῷ.
1764 1312 1874 1363 Πα-

308 1396 412 1465 τὴρ
442 1396 497 1448 ἐν
538 1395 716 1465 ἐαυτῷ
760 1397 974 1467 πλήρης
1014 1399 1169 1466 Θεὸς,
1203 1400 1327 1463 Υἱὸς
1374 1402 1590 1470 πλήρης
1633 1402 1782 1463 Θεὸς,
1812 1403 1875 1454 ἐκ

307 1484 402 1539 τοῦ
439 1487 649 1556 Πατρὸς
675 1489 978 1557 γεννηθεὶς,
1011 1488 1236 1556 Πνεῦμα
1285 1491 1443 1559 ἆγιον
1480 1492 1696 1561 πλήρης
1740 1492 1875 1555 Θεὸς

306 1585 456 1651 παρὰ
489 1583 702 1653 [ἰατρὸς
744 1583 838 1637 καὶ
868 1584 999 1636 Υἱοῦ
1035 1586 1494 1655 ἐκπορευόμενον.
1531 1587 1604 1639 Οὔ
1635 1590 1793 1656 τρεῖς
1815 1587 1871 1639 δέ

306 1692 485 1741 φαμεν
509 1675 700 1738 Θεοὺς,
723 1675 844 1729 ἀλλ’
866 1676 962 1730 ἕνα
994 1676 1126 1730 Θεὸν
1152 1680 1590 1747 παντοκράτορα,
1618 1678 1865 1742 αἰώνιον,

306 1766 570 1833 ἀόρατον,
620 1766 1034 1834 ἀμετάϐλητον,
1082 1768 1201 1821 ὅλον
1255 1769 1531 1837 πανταχοῦ
1594 1768 1865 1837 παρόντα,

303 1855 402 1907 οὐκ
431 1855 511 1915 είς
544 1854 683 1923 μέρη
727 1855 1130 1925 διαιρούμενον,
1169 1856 1282 1908 ἀλλ’
1317 1858 1436 1909 ὅλον
1488 1860 1545 1908 ὲν
1586 1860 1767 1921 πᾶσιν,
1802 1858 1863 1910 ού
1896 1842 1940 1901 Β

303 1946 568 2008 τοπικῶς,
601 1946 738 1997 ἀλλὰ
775 1947 915 1998 κατὰ
964 1947 1227 2016 δύναμιν
1282 1947 1338 2009 ὃς
1380 1949 1757 2016 ἀμετάϐλητος
1790 1947 1864 2001 ῶν

301 2036 483 2088 ἔκτισε
524 2036 594 2088 τὰ
642 2036 975 2105 μεταϐλητὰ,
1017 2039 1123 2090 καὶν
1143 2038 1210 2090 τὰ
1249 2039 1541 2091 κτισθέντα
1582 2038 1823 2109 κυϐερνᾷ
1849 2055 1862 2069 ·

300 2128 387 2179 ἀεὶ
422 2127 599 2195 μένων
656 2128 794 2196 ὅπερ
832 2128 1011 2180 ἐστίν’
1051 2123 1094 2196 ᾧ
1122 2129 1469 2198 συμϐεϐηκὸς
1515 2130 1776 2182 ἀδύνατόν
1814 2148 1863 2183 τι

300 2221 553 2286 παρεῖναι
577 2235 592 2250 ·
636 2222 703 2290 τῇ
734 2221 844 2286 γὰρ
896 2220 1041 2291 ἁπλῇ
1072 2222 1170 2290 τῆς
1206 2222 1456 2291 Θεότητος
1491 2220 1653 2288 φύσει
1690 2239 1863 2291 προσ-

298 2310 517 2380 τεθῆναί
582 2328 635 2363 τι
695 2311 728 2382 ἢ
796 2311 1164 2381 ἀφαιρεθῆναι
1222 2314 1546 2381 ἀμήχανον
1595 2313 1681 2365 ἀεὶ
1751 2313 1860 2382 γάρ

298 2404 445 2454 ἐστιν
473 2403 610 2471 ὅπερ
636 2401 785 2454 ἐστίν
808 2419 823 2433 ι
863 2396 906 2469 ᾧ
952 2402 1084 2456 ίδιόν
1124 2406 1293 2466 ἐστιν,
1330 2398 1372 2470 ᾧ
1402 2404 1572 2455 ἀΐδιόν
1620 2404 1787 2462 ἐστιν.
1817 2397 1861 2470 ᾧ

295 2492 487 2545 ταυτόν
517 2494 632 2545 ἐστι
665 2494 725 2545 τὸ
758 2488 900 2547 εἶναι
934 2495 1030 2546 καὶ
1068 2494 1168 2564 ζῇν
1218 2496 1312 2549 καὶ
1342 2498 1481 2548 νοεῖν
1503 2508 1518 2525 ⁶
1553 2497 1649 2547 καὶ
1684 2494 1861 2549 ταῦτα

293 2584 362 2637 τὰ
391 2587 515 2653 τρία
545 2578 625 2647 εἷς
659 2584 811 2649 Θεὸς,
850 2587 945 2638 καὶ
984 2579 1062 2647 εἷς
1094 2586 1224 2648 Θεὸς
1259 2585 1437 2639 ταῦτα
1476 2588 1539 2639 τὰ
1574 2587 1724 2653 τρία.
1762 2606 1781 2637 ι

364 2676 445 2731 Τὰ
470 2678 567 2746 μὲν
602 2677 753 2745 παρὰ
783 2677 892 2729 τῶν
936 2676 1108 2744 ἁγίων
1139 2677 1402 2739 τοσαῦτα,
1433 2679 1529 2730 καὶ
1570 2677 1712 2729 οὓτω
1756 2694 1858 2745 φα-

292 2769 442 2838 νερὰ,
478 2770 577 2821 καὶ
615 2771 679 2821 ὲκ
712 2769 921 2821 πολλῶν
963 2767 1120 2834 ὀλίγα
1165 2768 1562 2836 συνειλεγμένα
1589 2784 1601 2796 ·
1637 2768 1853 2829 παντως

288 2860 346 2911 δὲ
396 2860 456 2911 ού
489 2859 570 2911 δεῖ
614 2860 706 2911 καὶ
751 2859 915 2927 ἕτερα
957 2859 1064 2910 τῶν
1102 2858 1281 2911 αὐτῶν
1329 2858 1726 2929 προσεπάγειν,
1759 2858 1854 2927 δηο

287 2949 479 3002 λούντα
510 2950 583 3011 ὡς
614 2951 723 3018 ἄρα
746 2950 806 3001 τὸ
836 2950 1057 3018 Πνεῦμα
1100 2950 1160 3001 τὸ
1192 2950 1348 3017 ἆγιον
1396 2954 1459 3002 ἐκ
1499 2950 1593 3002 τού
1639 2951 1853 3019 [ἰατρὸς

285 3045 371 3098 διὰ
399 3046 491 3097 τοῦ
527 3046 657 3097 Υἱοῦ
714 3043 1113 3113 ἐκπορεύεσθαξ
1163 3061 1316 3112 φασι,
1358 3043 1519 3096 τοῦτο
1562 3044 1659 3112 μὲν
1709 3060 1850 3095 παν-

284 3136 446 3207 δὴλου
503 3138 637 3189 πᾶσι
689 3136 875 3205 σχεδὸν
927 3136 1159 3205 ταυτησὶ
1209 3135 1309 3202 τῆς
1361 3136 1687 3202 ἀποφάσεως
1740 3136 1849 3187 τῶν

283 3230 620 3283 διδασκάλων
677 3229 868 3298 οὔσης,
902 3230 1063 3282 τοῦτο
1112 3229 1168 3281 δὲ
1226 3229 1321 3281 καὶ
1379 3228 1486 3280 τῶν
1537 3228 1847 3297 εἰρημένων

285 3324 486 3387 ἱκανῶς
515 3324 827 3393 ἀρκούντων
860 3324 972 3384 τοῖς
1003 3323 1179 3389 φίλοις
1207 3324 1304 3389 τῆς
1334 3320 1613 3390 ἀληθείας.
1650 3322 1845 3373 Καίτοι

280 3433 347 3482 γε
394 3418 444 3468 εἰ
498 3416 663 3485 μηδὲν
710 3415 934 3469 ἐκείνων
964 3413 1169 3484 είρητο,
1204 3414 1264 3477 ἐξ
1318 3408 1392 3466 ὧν
1434 3413 1495 3466 τὸ
1548 3414 1700 3479 παρὰ
1748 3412 1844 3465 τοῦ

280 3506 437 3571 Υῑοῦ,
470 3508 564 3560 καὶ
596 3508 662 3558 ὲκ
710 3506 806 3558 τοῦ
844 3505 973 3563 Υἱοῦ
1027 3504 1283 3572 καθαρῶς
1334 3504 1428 3555 καὶ
1482 3503 1570 3554 διὰ
1631 3503 1843 3556 πολλῶν

278 3600 496 3667 ἔχομεν,
536 3600 687 3650 τουτὶ
720 3599 815 3650 καὶ
850 3598 1011 3663 μόνον
1044 3596 1229 3666 ῥηθὲν,
1267 3597 1343 3656 ὡς
1397 3596 1455 3646 τὸ
1511 3594 1737 3664 Πνεῦμα
1784 3595 1844 3647 τὸ

277 3690 434 3755 ἆγιον
490 3689 555 3740 ἐκ
608 3687 701 3740 τοῦ
756 3687 971 3757 Πατρδς
1022 3686 1109 3737 διὰ
1150 3685 1244 3737 τοῦ
1279 3682 1408 3735 Υἰοῢ
1460 3683 1557 3752 τὴν
1610 3681 1843 3753 ὕπαρξιν

278 3781 426 3848 ἔχει,
488 3780 670 3840 αὐτοῖς
723 3795 784 3829 τε
840 3776 907 3830 ἂν
959 3778 1071 3838 τοῖς
1128 3775 1473 3837 διδασκάλοις
1532 3775 1842 3843 ἀρκούντως

277 3869 444 3943 εἶχεν,
470 3873 499 3925 ὃ
523 3873 618 3926 καὶ
650 3873 912 3941 πρότερον
944 3872 1178 3939 εῐρηται,
1207 3871 1336 3938 περὶ
1364 3868 1462 3937 τῆς
1495 3868 1843 3937 ύπαρκτικῆς

277 3967 506 4035 προόδου
535 3964 938 4033 διαλεγομένοις
983 3961 1078 4015 τοῦ
1125 3962 1356 4030 Πατρὸς,
1391 3962 1499 4022 τοῖς
1528 3977 1586 4011 τε
1618 3958 1842 4027 ζητοῦσι

272 4055 373 4123 τὴν
415 4053 675 4124 ἀλήθειαν
725 4054 878 4105 οὐδὲν
930 4053 1092 4105 πλέον
1140 4052 1310 4105 ἐνέδει
1336 4068 1347 4082 ·
1387 4051 1421 4118 ἦ
1458 4067 1515 4101 τε
1551 4052 1656 4120 γὰρ
1689 4048 1843 4112 τάξις

274 4145 634 4213 ὁμολογεῖται.
670 4145 794 4197 ὅσον
854 4144 978 4214 ἥκει
1022 4143 1103 4204 είς
1158 4143 1257 4212 τὴν
1313 4139 1431 4204 διὰ,
1481 4141 1516 4209 ἦ
1583 4158 1641 4193 τε
1693 4141 1841 4192 αἰτία

278 4236 414 4305 μετὰ
448 4238 545 4304 τῆς
598 4234 939 4303 ζητουμένης
988 4232 1185 4296 λέξεως
1241 4231 1343 4299 τῆς
1394 4231 1698 4300 δηλωτικῆς
1743 4230 1841 4298 τῆς

276 4326 565 4395 ὑπάρξεως
614 4324 707 4377 τοῦ
742 4324 1060 4392 Πνεύματο;
1103 4322 1333 4393 φανερά.
1359 4322 1433 4375 Ού
1484 4323 1591 4389 γὰρ
1626 4320 1755 4374 ἄλλο
1784 4336 1838 4372 τι

271 4416 505 4469 ἐνταῦθα
537 4415 600 4467 τὸ
630 4413 1026 4484 ἐκπορεύεσθαι
1057 4413 1333 4480 ἐμφαίνει,
1360 4412 1390 4481 ἢ
1419 4413 1501 4464 ὅτι
1532 4411 1593 4464 τὸ
1614 4412 1837 4479 Πνεῦμα

1990 602 2161 656 Deum
2228 607 2685 675 on'mipotentem,
2757 616 2918 670 unius
2961 618 3332 686 substantiae,
3394 627 3555 682 unius

1986 694 2262 756 essentiaa,
2326 699 2490 753 tinius
2552 706 2883 769 potestatis,
2944 719 3251 765 creatorem
3306 718 3550 771 omnium

1987 794 2385 849 creaturarum,
2415 806 2443 842 a
2470 808 2578 860 quo
2604 795 2807 857 omnia,
2828 813 2926 865 per
2953 815 3112 868 quem
3132 804 3335 867 omnia,
3362 808 3412 859 in
3442 825 3550 877 quo

1986 876 2191 929 omnia.
2219 878 2435 933 Patrem
2468 898 2497 933 a
2531 885 2853 953 semetipso,
2889 894 2997 942 non
3027 891 3094 944 ab
3120 894 3245 947 alio.
3294 876 3491 951 Filium
3520 917 3547 952 a

1982 965 2144 1021 Patre
2174 970 2439 1038 genitum,
2474 973 2640 1028 Deum
2670 992 2858 1031 verum
2891 980 2959 1034 de
2992 982 3102 1036 Deo
3162 1001 3313 1049 vero,
3365 990 3546 1044 lumen

1984 1072 2177 1111 verum
2214 1059 2282 1113 de
2310 1061 2521 1118 lumine
2543 1081 2696 1129 vero,
2752 1085 2860 1123 non
2931 1079 3110 1126 tamen
3174 1077 3283 1129 duo
3315 1078 3540 1143 lumina,

1979 1149 2072 1202 sed
2104 1165 2272 1204 unum
2336 1153 2544 1208 lumen.
2596 1157 2862 1226 Spiritum
2919 1174 3167 1218 sanetum
3220 1183 3248 1219 a
3284 1169 3441 1222 Patre
3488 1182 3544 1224 et

1978 1239 2116 1294 Filio
2172 1244 2457 1311 aequaliter
2516 1250 2939 1317 procedentem;
2984 1258 3539 1323 consubstantialem,

1975 1340 2300 1387 coaeternum
2326 1336 2472 1391 Patri
2504 1349 2559 1392 et
2588 1339 2755 1393 Filio:
2790 1342 2953 1396 Pater
2982 1358 3067 1399 est
3101 1348 3295 1414 plenus
3320 1351 3461 1403 Deus
3488 1352 3539 1403 in

1975 1436 2055 1476 se.
2091 1423 2260 1478 Filius
2283 1436 2367 1479 est
2394 1427 2587 1495 plenus
2618 1430 2763 1483 Deus
2792 1448 2822 1485 a
2846 1432 3005 1488 Patre
3033 1438 3271 1502 genitus.
3304 1440 3543 1508 Spiritus

1974 1522 2198 1568 sanctus
2225 1516 2419 1584 plenus
2448 1519 2595 1574 Deus
2632 1537 2659 1575 a
2690 1521 2851 1579 Patre
2911 1535 2966 1579 et
3018 1527 3160 1581 Filio
3214 1532 3537 1598 procedens.

1971 1605 2090 1658 Non
2151 1617 2327 1661 tamen
2388 1620 2497 1665 tres
2532 1610 2665 1668 deos
2720 1614 2983 1680 dicimus,
3036 1620 3130 1673 sed
3168 1637 3333 1675 unum
3368 1624 3538 1677 Deum

1971 1699 2427 1767 omnipotentem,
2459 1712 2745 1770 mteruum,
2789 1708 3149 1774 invisibilem,
3178 1712 3541 1768 incommuta-

1972 1785 2158 1850 bilem,
2187 1788 2280 1857 qui
2324 1798 2471 1845 tolus
2512 1793 2713 1863 ubique
2737 1804 2821 1850 est
2844 1792 3102 1865 prmscus,
3135 1817 3242 1855 non
3280 1819 3377 1871 per
3402 1821 3531 1872 par-

1973 1885 2056 1929 tes
2083 1877 2314 1937 divisus.
2346 1880 2439 1935 sed
2469 1893 2640 1937 totum
2679 1886 2733 1940 in
2762 1887 3040 1953 omnibus,
3105 1905 3211 1943 non
3265 1892 3533 1959 localiter,

1967 1965 2063 2018 sed
2102 1970 2506 2041 potentialiter;
2550 1975 2642 2041 qui
2686 1976 2802 2031 sine
2835 1981 3263 2035 commutatione
3293 1983 3377 2035 sui
3412 2000 3535 2037 mu-

1968 2056 2153 2112 tabilia
2181 2062 2412 2124 creavit,
2433 2072 2489 2116 et
2519 2075 2701 2119 creata
2723 2069 2991 2135 gubernat
3017 2086 3032 2133 ;
3066 2086 3286 2137 semper
3310 2088 3536 2127 manens

1963 2147 2108 2213 quod
2155 2160 2273 2212 est;
2332 2150 2421 2205 cui
2480 2153 2615 2207 nihil
2674 2157 2930 2212 accidens
2976 2174 3100 2214 esse
3127 2165 3349 2228 poterit,
3403 2164 3531 2231 quia

1963 2238 2197 2307 simplici
2237 2239 2550 2297 Divinitatis
2584 2254 2796 2300 natura;
2832 2248 2969 2302 nihil
3022 2250 3175 2314 addi,
3223 2252 3309 2305 vel
3360 2253 3531 2307 minui

1960 2336 2169 2396 potest;
2203 2331 2330 2399 quia
2360 2346 2577 2402 semper
2608 2345 2712 2402 est,
2748 2338 2893 2405 quod
2923 2347 3044 2404 est;
3097 2342 3185 2395 eui
3246 2343 3529 2411 prpprium

1959 2426 2063 2481 est,
2083 2419 2169 2473 cui
2192 2421 2584 2490 sempiternum
2609 2434 2715 2488 est,
2742 2428 2829 2481 cui
2853 2429 2996 2482 idem
3025 2439 3128 2494 est,
3149 2447 3294 2497 esse,
3321 2435 3529 2498 vivere,

1958 2517 2014 2562 et
2044 2510 2362 2580 intelligere.
2395 2515 2457 2567 Et
2490 2516 2604 2570 hac
2629 2519 2732 2572 tria
2759 2536 2902 2575 unus
2926 2521 3090 2586 Deus,
3127 2533 3184 2578 et
3210 2541 3355 2579 unus
3383 2526 3528 2581 Deus

1958 2601 2074 2657 haec
2103 2605 2226 2657 tria.
2243 2624 2262 2656 ι

2028 2703 2182 2758 Dicta
2242 2704 2407 2774 igitur
2457 2718 2773 2765 sanctorum
2833 2722 2912 2768 tot
2964 2723 3117 2778 sunt,
3180 2726 3345 2785 atque
3391 2718 3530 2773 adeo

1955 2794 2121 2859 clara,
2141 2812 2204 2849 ex
2231 2798 2599 2865 plurimisque
2621 2819 2793 2871 pauca
2820 2805 3068 2869 collecta,
3099 2810 3323 2862 omnino
3346 2820 3526 2865 autem

1954 2904 2130 2956 neque
2159 2905 2295 2958 opus
2324 2903 2426 2957 esr,
2467 2895 2570 2947 alia
2617 2897 2779 2950 etiam
2832 2899 3123 2962 adducere,
3169 2919 3289 2970 qua:
3359 2904 3529 2972 signi-

1954 2978 2140 3041 ﬁcent,
2169 2982 2313 3045 quod
2352 2984 2613 3038 nimirum
2652 2987 2892 3057 Spiritus
2948 3001 3172 3046 sanctus
3238 3009 3303 3047 ex
3358 2996 3519 3049 Patre

1956 3086 2057 3139 per
2116 3071 2312 3127 Filium
2378 3080 2663 3144 procedat,
2722 3089 2835 3133 tum
2899 3084 3045 3150 quod
3099 3085 3215 3137 haec
3250 3088 3525 3139 sententia

1876 3187 1918 3243 ο
1951 3162 2236 3217 doctorum
2291 3166 2463 3221 ferme
2494 3170 2752 3224 omnibus
2777 3172 2849 3225 sit
2875 3174 3200 3253 manifesta;
3232 3187 3342 3229 tum
3360 3178 3521 3231 etiam

1954 3253 2099 3320 quod
2124 3270 2186 3308 ea
2219 3272 2341 3324 quze
2373 3260 2519 3311 dicta
2568 3271 2718 3322 sunt,
2779 3277 2965 3316 verum
3026 3268 3339 3319 amantibus
3374 3283 3524 3320 com-

1952 3345 2113 3399 mode
2143 3347 2438 3401 sufﬁciant.
2474 3350 2745 3415 Quamvis
2810 3351 2855 3406 si
2896 3354 3032 3407 nihil
3085 3370 3277 3408 eorum
3317 3359 3520 3413 dictum

1950 3445 2113 3493 esset,
2141 3451 2207 3489 ex
2234 3437 2438 3503 quibus
2467 3439 2601 3492 illud
2634 3456 2662 3493 a
2688 3440 2849 3502 Fillo,
2879 3453 2933 3495 et
2962 3459 3027 3496 ex
3068 3445 3224 3509 Filio,
3260 3446 3427 3507 clare,
3460 3464 3521 3501 ac

1952 3524 2135 3577 multis
2187 3525 2475 3588 habemus,
2538 3545 2720 3584 nonne
2782 3532 2884 3584 hoc
2946 3534 3029 3587 vel
3068 3535 3245 3587 solum
3310 3536 3517 3590 dictum

1951 3614 2094 3682 quod
2120 3616 2354 3683 Spiritus
2380 3631 2599 3674 sanctus
2625 3638 2688 3674 ex
2716 3621 2874 3676 Patre
2903 3638 2996 3691 per
3027 3624 3220 3678 Filium
3246 3628 3521 3681 exsisten-

1952 3706 2080 3758 tiam
2113 3707 2331 3769 habeat,
2362 3718 2474 3763 tum
2507 3712 2640 3779 ipsis
2695 3712 3017 3768 doctoribus
3066 3716 3133 3770 de
3169 3719 3518 3784 processione

1949 3798 2289 3851 substantiali
2339 3800 2517 3853 Patris
2562 3801 2986 3863 disserentihus.
3039 3807 3174 3867 satis
3227 3817 3395 3867 esset,
3459 3818 3518 3861 ut

1949 3896 2103 3939 antea
2140 3888 2342 3941 dictum
2368 3899 2473 3949 est,
2529 3900 2641 3944 turn
2694 3893 2759 3945 iis
2790 3894 2882 3960 qui
2922 3907 3177 3962 qumunt
3214 3900 3510 3951 veritatem

1950 3974 2085 4027 nihil
2120 3977 2357 4045 amplius
2389 3978 2533 4032 foret
2565 3982 2748 4048 opus?
2780 3980 3045 4050 siquidem
3074 3996 3129 4038 et
3152 3987 3285 4039 ordo
3311 3988 3361 4039 in
3388 4004 3517 4040 con-

1948 4064 2092 4119 fesso
2129 4075 2230 4128 est.
2269 4070 2413 4135 quod
2448 4084 2663 4139 spectat
2688 4074 2753 4126 ad
2810 4077 3276 4144 prazpositionem,
3322 4094 3436 4146 per,
3462 4088 3515 4131 et

1948 4169 2109 4209 causa
2136 4158 2423 4213 manifesta
2464 4170 2550 4213 est
2576 4178 2681 4216 una
2711 4179 2836 4217 eum
2870 4165 3133 4229 dictione,
3166 4182 3327 4234 quam
3369 4184 3519 4235 quac-

1949 4256 2098 4307 runt,
2152 4263 2275 4314 qum
2325 4250 2597 4318 signiﬁcet
2647 4254 3038 4308 exsistentiam
3088 4257 3348 4324 Spiritus.
3401 4258 3515 4312 Non

1946 4337 2093 4391 enim
2130 4340 2234 4391 hoc
2269 4339 2391 4392 loco
2418 4342 2703 4410 quidpiam
2752 4345 2900 4398 aliud
2946 4347 3150 4400 indicat
3199 4350 3517 4424 procedere,

1949 4443 2113 4496 quam
2142 4428 2409 4498 Spiritum
2456 4442 2707 4488 sanctum
2751 4450 2817 4487 ex
2853 4436 3011 4490 Patre
3064 4452 3162 4506 per
3196 4438 3388 4491 Filium
3422 4454 3519 4507 per

268 4507 335 4558 τὸ
362 4508 518 4571 ἆγιον
560 4507 625 4558 ὲκ
658 4505 752 4558 τοῦ
788 4506 996 4574 Πατρδς
1027 4504 1114 4556 διὰ
1150 4504 1246 4556 τοῦ
1289 4503 1417 4555 Υἱοῦ
1474 4501 1825 4573 ὲκπορευτῶς

1956 4518 2169 4572 modum
2212 4520 2579 4588 processionis
2600 4524 2974 4579 exsistentiam
3006 4528 3223 4580 habere.
3248 4528 3361 4581 Nisi
3387 4529 3517 4597 quis

268 4597 371 4667 τὴν
396 4595 627 4663 ὕπαρξιν
655 4595 768 4666 ἔχει
786 4613 804 4628 ο
834 4597 882 4647 εί
913 4596 987 4665 μή
1021 4613 1103 4657 τις
1126 4595 1402 4647 διακονὶαν
1437 4593 1536 4663 τὴν
1565 4594 1661 4647 διὰ
1689 4595 1836 4663 λέγει

268 4690 545 4761 παριστᾷν
576 4704 590 4718 ·
632 4688 660 4741 ὂ
687 4689 993 4757 περιφανής
1025 4688 1141 4739 ἐστι
1189 4688 1323 4757 πρὸς
1367 4688 1467 4749 τὰς
1507 4688 1679 4757 ἀρχὰς
1737 4689 1836 4758 τῆς

267 4779 511 4841 πίστεως
534 4779 750 4841 καὶτὰς
777 4778 1082 4846 ἀποφάσεις
1105 4777 1215 4829 τῶν
1246 4777 1509 4845 θεολόγων
1530 4778 1829 4844 ἀντιλογία.

264 4870 345 4924 Ού
378 4870 485 4939 γὰρ
520 4870 584 4923 ἂν
616 4868 890 4931 οὑσιωδῶς
946 4869 1065 4921 οὐδὲ
1104 4870 1349 4937 φυσικῷς
1401 4869 1490 4922 διὰ
1556 4871 1651 4923 τοῦ
1703 4870 1833 4923 Υἱοῦ

263 5014 413 5084 quod
490 5014 534 5068 is
584 5015 866 5084 scripserit
926 5017 1134 5081 aliquot
1192 5016 1364 5070 libros
1421 5016 1489 5070 de
1541 5016 1831 5073 Trinitate.

272 5082 477 5155 Fabius
517 5082 955 5155 Benevolentius,
1007 5088 1285 5147 Senensis,
1328 5088 1419 5154 qui
1452 5087 1692 5155 quinque
1736 5103 1832 5142 ea.

266 5154 383 5222 pita
426 5153 690 5208 Geunadii
744 5170 841 5222 pro
892 5155 1229 5209 defensione
1260 5153 1482 5209 concilii
1515 5153 1831 5210 .Floreutini

264 5221 461 5276 Latina
490 5225 640 5287 fecit,
671 5239 723 5276 In
747 5221 854 5277 illis
884 5226 1113 5278 similem
1148 5224 1330 5277 locum
1379 5226 1681 5292 explicans,
1707 5240 1831 5279 cum

263 5292 481 5345 videret
507 5293 650 5360 apud
699 5292 754 5346 S.
788 5293 1050 5346 Hilarinum
1101 5294 1497 5347 Pietaviensem
1536 5294 1670 5348 nihil
1722 5297 1829 5349 tale

258 5361 517 5427 reperiri,
552 5362 733 5431 posuit
762 5362 814 5414 in
850 5365 1093 5431 margine
1142 5363 1375 5416 alterum
1418 5363 1699 5424 Hilarium,
1735 5364 1828 5430 qui

257 5432 438 5495 primo
479 5430 709 5485 concilio
759 5430 991 5485 Niczeno’
1023 5432 1363 5496 inlcrl‘nerit;
1412 5433 1503 5485 sed
1538 5448 1713 5500 neque
1748 5433 1824 5485 ibi

257 5500 539 5567 reperitur
567 5501 729 5563 ullus,
765 5502 856 5569 qui
893 5502 995 5554 hoc
1030 5502 1248 5555 nomine
1290 5511 1536 5563 vocetur,
1588 5512 1645 5555 ut
1698 5517 1827 5555 eon-

255 5577 371 5619 stat
395 5582 425 5620 e
454 5569 945 5639 subscriptionibus
971 5570 1209 5634 concilii,
1229 5570 1477 5639 quamvis
1504 5586 1612 5624 non
1637 5586 1826 5626 omnes

252 5646 495 5691 exstent.
514 5638 675 5693 Certe
704 5639 891 5693 debuit
929 5638 1347 5693 Benevolentius
1373 5640 1619 5693 indicare
1647 5642 1824 5701 nobis,

256 5704 353 5777 ubi
414 5710 677 5777 repererit
726 5709 872 5762 hunc
912 5710 1095 5762 ﬁctum
1148 5709 1433 5764 Hilarium.
1479 5710 1589 5777 Ego
1631 5725 1829 5763 censeo

254 5772 678 5835 Bcncdiétinum
703 5777 1036 5833 Breviarium
1054 5792 1175 5835 esse
1190 5780 1393 5847 verius,
1419 5772 1548 5834 cuni
1570 5779 1684 5836 haec
1702 5795 1832 5835 con-

1943 4602 2091 4657 dicat
2151 4607 2599 4674 praepositionem
2633 4626 2724 4680 per
2755 4613 3126 4668 ministerium
3187 4617 3511 4685 designare;

1938 4694 2083 4762 quod
2119 4694 2185 4748 ad
2219 4696 2485 4768 principia
2534 4700 2678 4765 ﬁdei,
2726 4712 2780 4757 et
2802 4707 3103 4760 sententias
3134 4707 3511 4776 theologorum

1941 4784 2229 4840 manifesta
2261 4798 2346 4842 cst
2374 4791 2761 4846 contradictio.
2816 4794 2933 4847 Non
2992 4795 3138 4848 enim
3177 4798 3512 4850 substantia-

1933 4875 2084 4939 liter,
2114 4892 2293 4946 neque
2323 4882 2651 4936 naturaliter
2692 4898 2792 4953 per
2820 4884 3020 4940 Filium
3052 4886 3334 4942 diceretur
3366 4902 3499 4957 pro~

1926 5023 2158 5091 junctim
2214 5033 2270 5080 et
2306 5026 2621 5099 continuata
2650 5029 2900 5099 oratione
2931 5030 3076 5099 apud
3109 5031 3210 5086 hos
3241 5033 3499 5086 doctores

1931 5103 2000 5169 et_
2042 5106 2296 5147 auctores
2366 5096 2589 5169 minime
2647 5096 3028 5169 reperiantur,
3093 5110 3153 5154 ut
3222 5112 3507 5169 propterea

1931 5163 2095 5214 etiam
2128 5174 2383 5230 quartum
2432 5163 2766 5219 Breviariuin
2814 5170 3089 5222 neminem
3130 5163 3261 5223 citet
3310 5163 3499 5224 aucto-

1934 5246 2069 5307 rein,
2102 5247 2225 5307 curn
2259 5234 2463 5307 nullius
2484 5236 2676 5307 omnia
2707 5237 2836 5307 sint.
2880 5238 2973 5291 sed
3003 5238 3108 5291 alia
3151 5240 3293 5307 apud
3344 5241 3503 5304 alios,

1929 5311 1987 5352 et
2014 5301 2331 5376 singillatim
2366 5303 2533 5376 illud:
2582 5321 2687 5357 nou
2725 5305 2895 5360 dividi
2949 5308 3116 5360 Deum
3167 5301 3261 5375 per
3295 5301 3501 5376 partes,

1932 5378 1988 5422 et
2023 5371 2123 5422 tria
2156 5386 2277 5425 esse
2303 5388 2469 5426 unum
2506 5373 2697 5439 Deum,
2732 5383 2787 5428 et
2819 5392 2983 5430 unum
3016 5371 3182 5430 Deum
3211 5371 3345 5437 tria;
3375 5380 3503 5430 item

1928 5440 2178 5515 nondup
2212 5440 2571 5515 lumi_na,_sed
2610 5459 2778 5496 llllllm
2817 5445 2999 5499 lumen
3033 5462 3290 5515 expresse
3323 5447 3507 5514 legan-

1930 5515 2017 5578 tur
2049 5510 2101 5561 in
2131 5508 2393 5578 Gregorio
2426 5512 2771 5566 Nazianzeno
2799 5523 2939 5567 erat.
2966 5515 3040 5567 De
3065 5508 3266 5576 spiritu
3293 5508 3502 5578 san'clo,

1931 5576 2021 5629 ubi
2083 5577 2182 5631 tria
2228 5576 2716 5650 subintelliguutur
2755 5583 3045 5650 πρόσωπα,
3101 5586 3205 5639 hoc
3248 5595 3353 5650 est,
3391 5576 3505 5637 tres

1928 5648 2692 5723 personzc.“Coinmcinorata
2739 5648 3013 5723 Breviaria
3094 5654 3139 5708 si
3191 5648 3502 5723 quis'velit

1930 5715 2045 5767 suis
2103 5717 2278 5770 oculis
2333 5718 2587 5777 lustrare.
2622 5720 2780 5774 adeat
2835 5715 3222 5777 bibliothecam
3272 5722 3500 5778 Patrum

1935 5784 2228 5841 Societatis
2258 5785 2383 5843 Jcsu
2412 5788 2465 5842 in
2502 5789 2731 5860 collegio
2767 5791 3012 5847 [tomum
3044 5796 3097 5848 in
3123 5793 3289 5854 Urbe.
