3862 6220
521 390 628 452 959
1779 379 2155 439 DEMETRII
2196 372 2509 439 CYDONII
3588 374 3646 437 θα

1378 565 3634 590 MM

1545 728 2132 819 DEMETRII
2222 725 2729 817 CYDONII

1864 930 1953 985 AD
1983 924 2413 982 BARLAAMUM

1117 1093 1505 1156 EPISTOLA
1602 1090 1702 1151 DE
1795 1086 2338 1149 PROCESSIONE
2431 1084 2785 1145 SPIBITUS
2865 1078 3150 1141 SANCTI

1236 1236 1383 1298 (Vide
1406 1235 1539 1285 inter
1566 1240 1761 1283 mutuas
1787 1230 2023 1280 Barlaami
2051 1228 2383 1281 ettDemetrii
2407 1228 2643 1290 epistolas
2664 1225 3047 1290 ianarlaamo.)

530 1411 3664 1463 Μ

1847 1576 2421 1676 ΜΟΝῘἸἪΜ

604 1792 682 1851 ΙΝ
725 1787 1195 1850 ORATIONEM
1245 1779 1633 1863 DEMETRII
1672 1775 1997 1839 CYDONll
2043 1775 2148 1833 DE
2187 1774 2723 1834 ADMITTENDO
2773 1772 3255 1834 LATINORUM
3300 1773 3619 1835 SUBSIDIO.

1684 1928 1957 1991 (connects.
1988 1928 2183 1975 Auctor.
2216 1936 2347 1982 ηου..
2384 1927 2503 1970 tom.
2538 1919 2625 1980 Il.)

596 2206 669 2258 De
697 2201 976 2257 Demetrio
1010 2200 1258 2271 Cydonio
1284 2199 1337 2253 in
1372 2199 1491 2254 haec
1522 2200 1693 2253 verba
1726 2198 2058 2253 Possevinus
2087 2214 2155 2252 ex
2181 2200 2543 2254 Volateranno
2590 2217 2603 2253 :
2640 2199 2938 2254 Demetrius
2965 2199 3237 2271 Cydonia:
3271 2196 3672 2257 Thessalonicensis,

518 2301 598 2354 uir
631 2301 809 2352 doctus
831 2314 977 2367 teque
1009 2314 1071 2350 ac
1095 2305 1331 2358 sanctus,
1368 2292 1552 2348 Graeca
1618 2294 1918 2363 Latinoque
1947 2294 2193 2364 facundia
2239 2296 2512 2361 pra‘ditus,
2560 2311 2623 2348 ea:
2660 2296 2835 2363 patria
2877 2296 3147 2356 decedens,
3210 2293 3534 2347 Mediolanum
3569 2293 3671 2354 reicit,

520 2396 610 2448 ubi
659 2396 849 2448 litteris
882 2393 1091 2447 Latinis
1133 2407 1194 2445 ac
1231 2389 1504 2459 theologia
1560 2406 1776 2460 operam
1825 2390 1986 2442 dedit.
2040 2389 2097 2443 S.
2132 2390 2339 2443 Tltomaz
2378 2391 2655 2461 Aquinatis
2692 2389 2847 2443 libros
2877 2391 2934 2442 in
2980 2388 3225 2444 Graecum
3266 2404 3533 2442 sermonem
3557 2388 3670 2448 uertit,

521 2507 639 2557 qua:
682 2492 849 2545 rersio
896 2490 1147 2558 hodieque
1192 2488 1248 2541 in
1298 2486 1422 2541 bibl.
1470 2484 1739 2540 Vaticana
1772 2487 2027 2538 cernitur.
2079 2483 2297 2554 Scripsit
2344 2496 2394 2540 et
2440 2498 2626 2541 contra
2675 2488 2988 2541 Eunomium
3031 2487 3094 2539 de
3142 2485 3431 2540 Diuinitate
3466 2482 3585 2543 Filii,
3604 2490 3667 2533 ett.

521 2586 710 2641 Exstat
738 2587 860 2656 ejus
893 2583 1067 2638 oratio
1097 2582 1323 2638 Basileze
1352 2582 1520 2645 edita,
1573 2581 1643 2636 de
1704 2582 1814 2635 vita
1846 2591 1902 2635 et
1951 2589 2147 2635 morte.
2186 2579 2396 2636 [labent
2439 2584 2596 2651 plura
2626 2583 2744 2652 ejus
2783 2581 3244 2637 bibliothecarum
3296 2581 3503 2635 indices.
3549 2577 3603 2630 Ex
3632 2574 3670 2626 iis

522 2697 629 2735 una
652 2680 770 2736 haec
804 2680 937 2734 mihi
970 2679 1146 2735 oratio
1193 2678 1465 2748 pracipua
1496 2678 1609 2731 visa
1643 2686 1746 2741 est,
1805 2692 1867 2731 ac
1914 2692 2037 2730 meo
2083 2676 2332 2731 instituto
2370 2688 2676 2747 opportuna
2707 2694 2812 2749 qua
2862 2677 3124 2747 deinceps
3164 2693 3199 2732 a
3240 2675 3473 2731 Manucle
3498 2671 3669 2742 praelate

524 2777 782 2832 illustrari
825 2777 1103 2831 videretur
1139 2775 1365 2830 historia
1398 2772 1605 2829 Graeca.
1642 2774 1753 2828 Nec
1791 2775 1938 2828 enim
1981 2774 2217 2829 Joannes
2250 2776 2567 2845 imperator,
2604 2791 2713 2845 quo
2748 2778 2977 2830 Romam
3011 2774 3259 2845 profecto
3301 2772 3570 2829 Demetrius
3610 2767 3665 2817 ista

522 2869 720 2933 oravit,
759 2870 898 2923 alius
930 2870 1178 2923 videatur
1212 2882 1375 2937 quam
1417 2865 1659 2920 Joannes
1710 2867 1972 2921 Mannelis
2017 2868 2180 2931 filius,
2228 2884 2388 2937 quem
2432 2879 2488 2922 et
2536 2869 2589 2923 in
2627 2870 2955 2938 Hungariam
2989 2869 3297 2938 profectum
3340 2865 3519 2921 auxilia
3552 2871 3666 2915 com-
3764 2902 3765 2907 η

522 2971 780 3030 gaturum
816 2962 982 3017 habet
1016 2961 1250 3015 Franzes
1275 2976 1325 3014 c.
1353 2960 1418 3013 41
1451 2974 1465 3013 :
1496 2959 1589 3012 Die
1624 2958 1691 3012 15
1732 2959 2005 3013 Novembr.
2034 2977 2163 3014 ann.
2189 2960 2350 3024 6952,
2384 2960 2581 3016 Christi
2607 2962 2761 3027 “24,
2785 2964 3077 3031 imperator
3098 2961 3334 3015 Ioannes
3360 2961 3408 3012 in
3437 2952 3666 3023 Hungan‘an

525 3054 763 3118 transiit,
794 3055 959 3122 fratre
982 3068 1077 3105 suo
1103 3049 1453 3105 Constantino
1479 3050 1700 3120 despota
1736 3053 2000 3113 instituto,
2057 3059 2106 3104 et
2157 3069 2249 3121 pro
2293 3069 2349 3105 se
2383 3054 2436 3106 in
2482 3054 2606 3107 urbe
2637 3054 2839 3108 relicto.
2875 3052 3045 3118 Quam
3076 3053 3199 3121 ejus
3251 3050 3588 3122 profectionem
3612 3055 3667 3094 net

526 3144 835 3199 Demetrius
870 3144 1015 3199 silet.
1050 3140 1181 3197 Orat
1213 3144 1315 3197 ista
1348 3157 1472 3196 cum
1500 3143 1612 3213 jam
1664 3143 1857 3208 Graeci,
1892 3143 2149 3198 omnibus
2195 3159 2329 3212 pene
2377 3144 2621 3211 amissis,
2665 3145 2756 3199 vix
2801 3145 2991 3199 urbem
3029 3146 3239 3199 salvam
3280 3139 3669 3203 baberentJrgu-
3764 3128 3765 3191 ἶ

527 3247 711 3291 mento
745 3245 923 3290 autem
953 3245 1098 3299 sunt,
1140 3249 1265 3288 cum
1334 3234 1596 3289 Demetrii
1650 3234 1818 3289 animi
1875 3236 1931 3288 in
1970 3235 2194 3290 Latinos
2234 3237 2631 3306 propensioris,
2672 3246 2785 3291 tum
2839 3236 3129 3305 iniquioris
3177 3239 3235 3291 in
3272 3235 3474 3290 eosdem
3513 3229 3667 3300 plurium

526 3328 863 3391 Graecorum,
893 3342 1031 3397 quos
1058 3328 1093 3381 ii
1131 3328 1285 3387 ultro,
1304 3342 1499 3382 eorum
1536 3342 1700 3381 causa
1734 3328 1999 3383 adeuntes
2032 3329 2295 3397 pericula,
2327 3330 2398 3383 ita
2424 3343 2565 3399 aegre
2595 3329 2950 3383 admitterent
2985 3347 2999 3383 :
3040 3330 3195 3384 velut
3247 3328 3539 3384 Turcorum,
3568 3333 3666 3389 quam

530 3425 842 3478 Latinorum
871 3427 1059 3495 jngum
1105 3425 1280 3479 levius
1310 3424 1595 3479 haberent.
1640 3425 1841 3479 Prteter
1870 3425 1975 3479 alia
2026 3426 2285 3480 Demetrii
2333 3435 2684 3479 monumenta
2733 3435 2913 3480 exstat
2944 3426 3115 3493 Regio
3165 3426 3358 3479 codice
3407 3416 3666 3489 prolixiSSillﬂ

528 3516 714 3569 Oratio
745 3516 834 3579 Et;
862 3516 952 3570 τὸν
978 3517 1428 3585 Εὐαγγελισμὸν’
1459 3532 1565 3587 qua
1591 3516 1705 3572 fere
1732 3519 1913 3571 omnia
1955 3518 2256 3586 spectantia
2305 3518 2371 3571 ad
2422 3510 2659 3571 hominis
2710 3518 2920 3586 lapsum
2964 3533 3027 3570 ac
3075 3516 3465 3585 reparationem
3507 3506 3667 3563 luculen-

530 3608 737 3663 tissime
787 3618 982 3664 tractat
1032 3624 1095 3663 ac
1140 3607 1457 3679 exsequitur
1505 3611 1896 3677 congruentias
1942 3596 2238 3674 adducens,
2298 3611 2489 3679 quales
2545 3611 2659 3665 fere
2711 3611 2771 3664 D.
2835 3611 3072 3664 Thomas
3151 3625 3215 3663 tu
3271 3606 3479 3661 Summa:
3516 3619 3555 3669 ρο
3590 3596 3667 3664 El“

528 3705 691 3759 titulo
749 3707 822 3760 ita
884 3714 969 3762 est
1020 3706 1266 3760 additum
1321 3723 1336 3761 :
1382 3707 1456 3759 Οὐ
1508 3707 1613 3777 μὴν
1656 3707 1744 3759 ἐπ’
1786 3707 2053 3777 ἐκκλησία

2141 3706 2675 3775 ἀναγινωσκόμενος,
2744 3706 2832 3760 διὰ
2891 3707 2951 3757 τὸ
3014 3708 3080 3776 τῇ
3146 3706 3404 3772 καθολικῇ
3466 3693 3666 3756 Ἐκκληίὲ

531 3803 1038 3873 ἀποδοκιμασθῆναι
1061 3820 1077 3836 ο
1116 3801 1280 3856 "aut!
1340 3812 1515 3855 tamen
1542 3820 1713 3855 sermo
1739 3804 1834 3856 iste
1866 3802 2060 3874 legitur
2090 3805 2143 3856 in
2178 3803 2393 3857 ecclesia
2433 3804 2571 3873 quod
2598 3802 2909 3869 reprobatus
2938 3802 3097 3871 fuerit
3125 3802 3188 3854 ab
3233 3800 3449 3854 Ecclesia
3475 3788 3665 3847 catholica.

532 3900 660 3969 Legi
690 3914 810 3968 ego,
841 3913 940 3952 nec
974 3898 1179 3966 aliquid
1217 3898 1270 3950 in
1309 3913 1418 3966 quo
1448 3898 1630 3951 minus
1657 3897 1861 3952 Graecis
1889 3914 1950 3952 ac
1976 3899 2177 3954 nostris
2207 3901 2518 3964 conveniat,
2548 3899 2751 3953 oli'endi
2779 3917 2793 3952 :
2823 3914 2996 3967 eoque
3036 3897 3295 3952 existimo
3345 3881 3665 3962 reprobatumin

534 3997 718 4050 odium
750 3994 1010 4055 auctoris,
1043 4007 1205 4061 quem
1231 3993 1378 4045 velut
1415 3993 1791 4061 Λατινόφρονα
1845 3994 2017 4047 Graeci
2077 3995 2406 4050 Schismatici
2447 3995 2572 4049 odio
2626 4003 3107 4062 prosequerentur.
3141 3993 3351 4046 ’Exstat
3394 4000 3505 4041 sane
3538 3979 3664 4033 ibit!!!"

535 4092 652 4159 ejus
693 4090 757 4143 ad
791 4087 1266 4155 archiepiSCOpum
1310 4086 1858 4141 Thessalonicensem
1894 4088 2243 4144 Theodorum
2296 4090 2518 4146 Glabam
2573 4090 2691 4145 lusa
2745 4092 2875 4144 satis
2919 4089 3172 4158 epistola,
3219 4102 3321 4157 qua
3371 4099 3423 4137 se
3453 4080 3662 4150 ρυτεπυπ

532 4185 784 4254 queritur
808 4182 874 4235 de
906 4181 1141 4235 sinistris
1193 4182 1260 4237 ab
1289 4197 1355 4237 co
1410 4182 1615 4252 sparsis
1677 4184 2013 4249 rumoribus,
2068 4200 2130 4239 ac
2162 4186 2363 4254 quibus
2416 4186 2729 4240 traduceret
2762 4184 2911 4239 velut
2971 4184 3330 4243 hrereticum;
3377 4175 3662 4248 promptu!“e

533 4278 720 4333 doceri
752 4278 1084 4347 signiﬁcans,
1119 4288 1177 4333 ut
1208 4278 1298 4333 ille
1352 4280 1574 4334 meliora
1624 4280 1939 4335 ostenderet
1986 4296 2049 4336 ac
2091 4283 2377 4350 probaret;
2435 4283 2575 4335 haud
2624 4299 2751 4335 vero
2789 4294 3096 4343 cessurum,
3137 4288 3198 4332 ut
3264 4272 3496 4331 nonnulla
3525 4270 3659 4337 patrum

538 4369 746 4439 pepuli,
789 4369 1022 4439 hujusvc
1053 4380 1146 4424 aut
1176 4370 1321 4425 illius
1354 4372 1702 4438 auctoritate,
1734 4382 1828 4427 aut
1855 4374 2019 4428 etiam
2051 4375 2450 4443 experimento,
2476 4375 2559 4427 vel
2599 4389 2761 4427 sensu
2806 4374 2989 4442 aliquo
3041 4380 3316 4439 premeret
3348 4386 3359 4421 :
3386 4362 3551 4435 quibus
3568 4354 3661 4423 Phuc

542 4464 794 4519 Ecclesiae
822 4480 953 4530 suae,
986 4480 1147 4534 quam
1182 4466 1475 4520 schismate
1509 4466 1738 4521 divisam
1778 4478 1987 4534 nosset,
2019 4486 2121 4523 nec
2168 4471 2437 4539 dogmatis
2482 4471 2706 4523 omnino
2765 4482 2974 4530 sanam,
3028 4467 3405 4521 auctoritatem
3444 4457 3592 4511 elevat.
3628 4456 3661 4495 ³⁸

540 4572 765 4613 suorum
795 4558 968 4624 carpit
1003 4557 1410 4625 credulitatem,
1437 4560 1530 4628 qui
1559 4558 1934 4616 schismaticis
1992 4577 2055 4616 ac
2095 4562 2368 4617 haereticis
2414 4562 2690 4631 magistris
2742 4561 2879 4615 adeo
2914 4560 3178 4623 tribuant,
3227 4566 3281 4612 et
3328 4552 3449 4608 nihil
3493 4548 3662 4631 pm"?

538 4648 810 4718 reliquum
840 4649 1007 4703 velint
1039 4649 1107 4704 ad
1147 4652 1432 4703 veritatem
1466 4650 1850 4720 indagandam.
1888 4653 2061 4719 Quam
2095 4670 2225 4725 ergo
2265 4656 2468 4710 Graecis
2518 4655 2885 4709 scliismaticis
2917 4652 3140 4723 Cydonii
3181 4649 3428 4705 invidiosa
3472 4627 3661 4723 memmi?-

538 4752 651 4799 tam
692 4739 898 4795 Latinis
928 4740 1250 4796 orthodoxis
1295 4751 1445 4811 grata
1495 4742 1693 4797 debeat
1741 4759 1862 4798 csse
1913 4762 1975 4799 ac
2026 4762 2210 4813 sacra;
2264 4748 2441 4816 sitque
2496 4747 2664 4815 magis
2718 4762 2749 4799 e
2806 4762 2863 4799 re
2896 4743 3204 4799 Christiana
3243 4742 3357 4810 ejus
3389 4725 3661 4804 pultliCil‘m‘

538 4844 895 4892 monumenta
929 4833 1132 4901 facere,
1160 4850 1323 4904 quam
1357 4834 1441 4889 vel
1482 4833 1781 4904 Philothei,
1816 4839 1898 4892 vel
1933 4838 2216 4904 Cabasilae,
2259 4850 2355 4894 aut
2398 4840 2625 4893 aliorum
2672 4839 2983 4908 aequalium,
3030 4852 3166 4906 quos
3198 4833 3330 4889 nihil
3355 4821 3557 4899 Cydonio
3579 4822 3661 4883 επ

538 4930 834 4986 stantiores
862 4929 1110 4986 doctrina
1142 4942 1238 4987 aut
1264 4932 1709 5003 eloquiidnitore.
1744 4936 2029 4990 erroribus
2057 4936 2110 4989 in
2143 4936 2246 4991 ﬁde
2285 4952 2412 4991 cum
2442 4934 2739 4992 schismate
2767 4935 2995 4990 inlectos
3021 4934 3217 5004 liquet.
