3862 6220
283 224 390 294 935

1199 230 1485 291 ORATIO
1526 222 1675 290 PRO
1714 224 2075 288 SUBSIDIO
2116 224 2588 287 LATINOBUM.

3406 220 3511 287 968

282 337 476 407 πηγῶν
516 336 915 407 ἁμιλλώμενον,
948 336 1094 389 τοῦθ’
1128 337 1260 405 ἡμῖν
1285 338 1472 405 ὥσπερ
1506 338 1775 406 ἀριστεῖον
1797 351 1850 394 τι

1961 334 2038 388 bis
2069 348 2167 387 ceu
2219 334 2574 388 honorarium
2616 348 2643 385 a
2685 333 3027 401 providentia
3054 336 3328 387 servatum
3356 346 3509 389 erat:

279 429 429 494 παρὰ
458 428 558 496 τῆς
585 428 840 496 προνοίας
867 426 1114 496 ἔξῄρητσ
1144 427 1204 490 ἐξ
1232 422 1305 481 ὧν
1328 427 1579 479 ἁπάντων
1603 424 1858 478 ἀδύνατον

284 519 382 586 μὲν
410 517 511 579 τὰς
538 517 606 568 δι’
624 517 778 579 ἔτους
819 518 1125 585 φερομένας
1160 517 1239 583 τῷ
1274 515 1510 585 ταμιείῳ
1563 513 1858 584 προσόδους

279 606 786 677 ἁπαριθμήσασθαι·
818 608 1052 676 χαλεπὸν
1076 607 1132 660 δὲ
1187 605 1558 677 ἐξηγήσασθαι
1591 605 1716 666 τοὺς
1760 622 1859 656 κα-

278 700 542 767 ταλόγους
597 698 705 750 τῶν
765 698 1211 768 στρατευμάτων*
1272 698 1434 764 ἔργον
1494 696 1550 748 δὲ
1613 696 1738 756 τοὺς
1796 695 1855 746 ού

279 793 467 863 χρείας
496 791 669 859 μόνον,
716 790 851 843 ἀλλὰ
880 792 972 843 καὶ
1034 788 1307 857 θαύματος
1344 787 1505 840 ἕνεκα
1553 788 1856 856 πανταχόσε

282 880 1024 949 πεμπομέεεουςάποστόλους
1087 881 1283 931 εἰπεῖν.
1350 880 1697 945 Πεντήκοντα
1746 880 1857 946 γὰρ

279 977 374 1027 xvi.
420 973 614 1024 ἐάκτόν
646 973 719 1034 ὡς
743 971 926 1023 ἀκούω
960 972 1210 1040 τριήρεσι
1245 972 1485 1039 μακραῖς
1518 968 1734 1020 ὲπλεῖτε
1756 967 1855 1033 τὴν

281 1065 575 1127 Θάλασσαν,
624 1060 710 1122 αἷς
762 1061 974 1122 οὐδενὸς
1015 1062 1177 1111 ἐνέδει
1228 1058 1338 1110 τῶν
1384 1058 1484 1110 ὃσα
1523 1058 1604 1109 δεῖ
1634 1059 1857 1124 προσεῖ-

278 1174 366 1209 ναι
432 1158 549 1216 ταῖς
590 1154 769 1211 καλῶς
821 1153 1179 1221 μαχομέναις.
1223 1151 1297 1203 Ti;
1352 1151 1407 1203 δὲ
1448 1152 1549 1218 τὴν
1578 1150 1854 1218 ἡμετέραν

281 1243 457 1312 ἀρχὴν
511 1243 569 1308 ἐξ
602 1239 830 1311 ούρανοῦ
888 1240 1054 1293 ποθεν
1083 1241 1240 1309 ἥκειν
1269 1239 1466 1303 δοκεῖν,
1524 1238 1619 1290 καὶ
1667 1237 1855 1306 ὥσπερ

278 1333 491 1384 ἐκεῖθεν
525 1332 713 1399 σαφῶς
753 1328 1198 1399 χειροτονηθεέσῃ
1239 1328 1446 1389 πάντας
1495 1327 1666 1379 εἴκειν
1694 1327 1873 1396 αὐτῇ,⁷

279 1427 372 1475 καὶ
406 1423 537 1491 πρὸς
568 1421 692 1483 τοὺς
711 1420 915 1487 ταύτης
941 1420 1140 1486 νόμους
1176 1421 1243 1469 τὰ
1267 1418 1446 1470 αὐτῶν
1481 1417 1687 1478 πάντας
1718 1417 1846 1469 καθα

280 1509 549 1574 ίστασθαι,
583 1512 758 1579 πολλῷ
789 1512 1110 1578 σεμνότερον
1145 1512 1297 1579 ἡμῖν.

351 1605 456 1656 Tui:
493 1605 556 1672 δὴ
584 1605 742 1671 χάριν
771 1596 942 1654 ταῦτα
978 1602 1155 1653 πάντα
1193 1601 1602 1670 ἀφηγησάμην;
1636 1601 1713 1654 Ού
1745 1603 1851 1669 γάρ

1960 439 2024 478 ex
2055 423 2256 491 quibus
2276 424 2533 478 onmihus
2557 424 2977 478 innumerabilia
3016 440 3137 491 qua:
3166 424 3385 479 tributis
3418 442 3517 480 an-

1959 517 2088 570 nuis
2132 518 2329 570 aerario
2378 518 2752 581 inferrentur;
2801 533 2963 587 grave
3012 526 3129 570 erat
3172 520 3514 572 exercituum

1959 621 2290 674 percensere
2317 608 2591 676 catalogos
2614 624 2630 670 ;
2661 609 2893 660 arduum
2921 608 3125 672 dicere,
3160 624 3295 677 quas
3319 615 3516 663 nedum

1963 698 2270 751 necessaria
2302 697 2481 765 aliqua
2536 700 2784 760 ratione,
2838 700 2930 752 sed
2971 707 3027 752 et
3068 701 3132 751 ad
3193 701 3516 755 miraculum

1959 788 2205 856 undique
2237 788 2437 842 classes
2475 788 2784 841 mitteretis.
2827 789 2960 841 Nam
2995 798 3053 842 ut
3080 790 3273 855 audio,
3299 804 3516 845 centum

1958 879 2353 948 quinquaginta
2415 879 2624 946 magnis
2671 879 2988 931 triremibus
3028 880 3147 950 (1),
3204 884 3519 936 necessario

1959 969 2108 1022 omni
2141 980 2448 1023 commeatu
2496 972 2662 1037 probe
2694 979 2758 1023 ad
2799 970 3002 1023 bellum
3034 971 3330 1035 instructis
3370 991 3521 1031 male

1960 1060 2322 1129 navigabatis.
2379 1060 2533 1126 Quod
2592 1069 2777 1114 autem
2844 1061 3133 1129 imperium
3190 1074 3439 1118 nostrum
3489 1083 3521 1120 ο

1959 1149 2098 1202 σωιο
2129 1151 2341 1203 tandem
2386 1149 2574 1202 venire
2624 1147 2925 1209 videretur,
2999 1149 3163 1217 eique
3201 1165 3390 1204 omnes
3417 1166 3517 1205 ceu

1960 1239 2137 1307 palam
2170 1239 2392 1293 cmlilus
2436 1238 2688 1291 instituto
2741 1239 3022 1303 cederent,
3059 1253 3121 1293 ac
3165 1241 3403 1295 universi
3452 1241 3521 1295 ad

1957 1331 2078 1400 ejus
2103 1331 2247 1400 leges
2274 1345 2370 1384 sua
2405 1338 2815 1398 componerent,
2843 1337 2948 1384 hoc
2977 1331 3257 1386 enimvero
3297 1333 3525 1399 amplio-

1958 1436 2071 1474 rem
2094 1423 2256 1475 nohis
2287 1421 2629 1474 honestatem
2660 1420 2916 1475 addebat.

2025 1602 2296 1666 Quorsum
2319 1614 2446 1653 vero
2471 1601 2653 1653 omnia
2683 1601 2781 1654 ista
2820 1600 3052 1654 disserui
3082 1601 3105 1653 ?
3133 1600 3247 1655 Non
3284 1602 3427 1655 enim
3467 1612 3526 1657 ut

283 1696 350 1746 ἶν’
373 1695 479 1761 ἐγὼ
516 1697 615 1763 μὲν
643 1694 926 1762 τηνάλλως
963 1691 1223 1745 ἀναλώσω
1254 1693 1344 1743 τὸν
1378 1693 1588 1761 χρόνονο
1630 1692 1770 1760 ὑμᾶς
1799 1692 1855 1743 δὲ

1961 1693 2074 1760 ipse
2096 1690 2318 1759 quidem
2367 1691 2569 1744 frustra
2604 1701 2773 1744 teram
2821 1701 3068 1759 tempus;
3094 1724 3099 1727 -
3122 1706 3219 1745 vos
3248 1707 3378 1746 vero
3420 1693 3521 1747 bo-

276 1790 346 1855 τῇ
406 1787 512 1837 τῶν
568 1786 747 1838 οὐκέτ’
776 1784 944 1837 ὄντων
1004 1784 1227 1849 ἀγαθῶν
1288 1784 1538 1853 διηγήσει
1607 1782 1852 1851 λυπήσωο

280 1879 405 1931 ἀλλ’
430 1879 510 1929 ἵνα
544 1881 761 1946 πρῶτον
788 1876 887 1944 μὲν
922 1875 997 1943 μὴ
1027 1875 1434 1942 καταπίπτητε,
1496 1874 1619 1943 μηδ’
1643 1875 1857 1943 ἀμήχα-

279 1989 372 2023 νον
401 1971 655 2039 νομίζητε
689 1973 824 2036 πρὸς
846 1967 942 2037 τὴν
965 1966 1218 2019 εἰωθυῖαν
1250 1968 1404 2035 ύμίνι
1432 1965 1603 2035 τύχην
1653 1966 1857 2019 ἐπανα-

280 2063 573 2130 στρέφειν·
607 2064 715 2120 τοῖς
753 2060 862 2128 γὰρ
920 2058 1166 2110 εἰωθόσιν
1222 2058 1433 2125 ἄρχειν,
1479 2056 1573 2107 καὶ
1621 2056 1856 2109 τοσαῦτα

278 2152 458 2219 ἁγαθά
488 2151 878 2220 κτησαμένοις,
904 2152 1000 2203 καὶ
1033 2144 1116 2211 οἷς
1158 2149 1427 2216 τοσαύτην
1488 2148 1856 2217 ἀνδραγαθίαν

280 2245 477 2305 πάντες
507 2243 1027 2315 συνίσασι,νρᾷστον,
1068 2240 1133 2293 ἂν
1173 2241 1270 2310 τῆς
1298 2238 1498 2307 πολλῆς
1536 2240 1737 2308 ταύτης
1763 2240 1856 2291 καὶ⁸

285 2336 578 2404 ἀδιηγήτου
604 2334 859 2404 βλακείας
897 2333 1192 2400 ἀφέλωσιν,
1220 2333 1364 2385 ὅσων
1420 2332 1713 2400 πρότερον,
1762 2346 1855 2382 το-

286 2429 487 2479 σούτων
520 2425 615 2477 νῦν
660 2425 987 2477 ἐπιτάττειν·
1050 2424 1241 2477 ἔπειτα
1298 2422 1430 2491 παρ’
1478 2424 1606 2491 ὑμῖν
1672 2423 1857 2484 αὐτοῖς

281 2523 457 2588 εἰδῆτε
478 2520 729 2588 βεϐαίως,
763 2519 837 2581 ὡς
872 2516 1031 2571 πάντ’
1059 2518 1239 2568 ἐκεῖνα
1271 2518 1333 2567 ὲκ
1362 2516 1563 2567 τούτων
1591 2513 1855 2581 βιασαμέ-

280 2629 388 2663 νων
412 2609 888 2679 ἁπεστερήθημεν·
918 2608 1013 2659 καὶ
1047 2606 1198 2658 οὐδέν
1230 2608 1379 2656 ἐστιν
1411 2604 1547 2674 ὅπερ
1571 2605 1699 2673 ὑμῖν
1726 2605 1857 2656 ὑπο-

280 2698 557 2753 λέλειπται
581 2698 668 2750 διᾰ
697 2698 793 2765 τὴν
835 2694 1039 2749 τούτων
1066 2694 1412 2757 πλεονεξίαν.
1474 2694 1585 2762 Τὴν
1616 2694 1716 2761 μὲν
1744 2693 1855 2762 γὰρ

282 2791 375 2857 ἀφ’
420 2786 814 2856 Ἑλλησπόντου
850 2785 943 2843 καὶ
970 2782 1106 2852 πρὸς
1153 2782 1435 2845 ἀνατολὰς,
1491 2785 1583 2833 καὶ
1614 2783 1737 2833 ὅσον
1762 2783 1858 2850 μέ-

282 2895 375 2947 χρι
400 2878 506 2928 τῶν
534 2875 632 2942 τῆς
676 2874 963 2942 Ἀρμενίας
988 2872 1129 2942 ὀρῶν
1177 2871 1568 2939 ἐκαρπούμεθα
1600 2872 1720 2938 γῆν,
1750 2872 1854 2921 πᾶα

1955 1796 2150 1834 norum
2198 1797 2323 1850 qum
2361 1780 2581 1835 fuerunt
2617 1782 2982 1850 percensione
3005 1783 3226 1838 tristitia
3251 1782 3520 1850 alliciam;

1957 1872 2050 1927 sed
2085 1872 2324 1941 primum
2352 1883 2411 1926 ut
2451 1889 2519 1927 ne
2551 1873 2746 1926 animis
2768 1874 3092 1938 concidatis,
3120 1889 3257 1929 neve
3301 1885 3523 1944 repute-

1959 1964 2027 2017 tis
2080 1964 2420 2032 impossibile
2475 1964 2676 2017 reverti
2719 1964 2784 2017 ad
2834 1964 3071 2033 priorem
3124 1965 3418 2020 fortunam.
3454 1965 3525 2018 lis

1954 2056 2100 2108 enim
2133 2057 2226 2124 qui
2260 2055 2495 2125 imperio
2523 2063 2649 2109 sunt
2677 2057 2907 2119 assueti,
2959 2065 3219 2125 tantaque
3260 2058 3523 2126 possede—

1960 2157 2087 2199 runt
2117 2146 2287 2209 bona,
2320 2161 2384 2199 ae
2422 2146 2625 2215 quibus
2651 2162 2832 2200 rerum
2860 2148 2998 2201 adeo
3021 2147 3235 2202 fortiter
3251 2158 3525 2217 gestarum

1956 2253 2151 2291 omnes
2201 2238 2409 2291 conscii
2454 2247 2603 2303 sunt,
2636 2239 2950 2293 facillimum
2992 2248 3096 2300 est,
3128 2240 3289 2293 modo
3316 2249 3523 2293 tantum

1956 2332 2181 2385 multam
2212 2330 2359 2383 illam
2383 2344 2446 2384 ac
2478 2330 2897 2385 inenarrabilem
2930 2332 3181 2385 inertiam
3211 2331 3462 2385 auferant
3496 2374 3511 2395 .

1957 2430 2016 2474 ut
2045 2437 2208 2490 quam
2246 2422 2400 2486 olim,
2431 2431 2539 2475 tam
2563 2436 2780 2491 quoque.
2807 2438 2952 2477 nunc
2977 2423 3291 2476 dominium
3311 2434 3525 2491 protra-

1958 2514 2109 2568 hant.
2140 2513 2348 2568 Deinde
2387 2513 2539 2566 firma
2574 2513 2716 2583 apud
2757 2528 2855 2567 vos
2910 2516 3170 2567 memoria
3205 2517 3423 2576 tenetis.
3455 2516 3524 2570 iis

1956 2621 2056 2659 nos
2110 2606 2370 2659 omnibus
2405 2603 2622 2657 illorum
2668 2603 2926 2658 violntia
2967 2619 3089 2658 esse
3124 2607 3389 2674 privatos,
3418 2622 3525 2662 nec

1956 2696 2253 2766 quidquam
2297 2696 2453 2749 vobis
2484 2695 2554 2750 ab
2583 2709 2774 2749 eorum
2835 2695 3019 2763 iniqua
3077 2695 3358 2749 invasione
3395 2697 3522 2750 reli-

1958 2803 2127 2856 quum
2165 2801 2308 2842 esse.
2329 2786 2472 2841 Sane
2502 2802 2608 2855 qua
2639 2785 2708 2839 ab
2737 2785 3107 2854 Hellesponto,
3142 2796 3196 2840 et
3223 2787 3289 2841 ad
3332 2786 3524 2841 Orien-

1960 2890 2091 2939 tem,
2122 2894 2401 2947 quamque
2437 2879 2544 2932 late
2568 2877 2636 2931 ad
2670 2894 2842 2947 usque
2871 2887 3082 2932 montes
3108 2878 3378 2933 Armenia:
3408 2890 3527 2933 ten-

286 2984 383 3017 σαν
413 2963 570 3033 ἡμῶν
596 2962 939 3029 ἀφελόμενοι,
973 2963 1070 3021 τὰς
1102 2960 1200 3027 μὲν
1249 2959 1432 3020 πόλεις
1485 2959 1851 3027 κατέσκαψαν,

1961 2970 2134 3035 dzlttr,
2167 2978 2311 3024 terra
2353 2969 2694 3033 fruebamur,
2745 2954 3064 3023 universam.
3084 2969 3244 3023 nobis
3273 2969 3531 3023 auferen-

285 3058 407 3127 ἱερὰ
430 3056 486 3107 δὲ
516 3054 805 3121 ἐσύλησαν,
835 3049 1144 3120 ἀνέρρηξαν
1187 3049 1242 3101 δὲ
1286 3048 1478 3116 θήκας,
1503 3049 1746 3116 αἱμάτων
1795 3048 1852 3100 δὲ

1961 3072 2063 3121 tes,
2124 3061 2291 3114 urbes
2341 3060 2563 3129 quidem
2614 3058 2860 3114 funditus
2910 3069 3263 3124 everterunt;
3298 3060 3520 3129 spoliati

286 3150 379 3199 καὶ
404 3144 614 3214 νεκρῶν
648 3143 824 3195 πάντα
852 3141 1170 3208 ἐνέπλησαν
1204 3139 1311 3190 τῶν
1340 3138 1389 3189 δ’
1415 3142 1713 3206 οἰκητόρων
1736 3140 1855 3200 ταῖς

287 3239 388 3307 μὲν
408 3238 602 3305 ψυχαῖς
625 3233 981 3300 ἐλυμήναντο,
1006 3230 1097 3282 τὸν
1132 3231 1229 3297 μὲν
1258 3230 1431 3298 ἀληθῆ
1455 3229 1585 3281 θεὸν
1615 3231 1853 3294 ἀναγκά-

286 3346 477 3389 σαντες
505 3329 787 3394 ἀγνοῆσαι,
818 3324 927 3375 τῶν
951 3322 1006 3373 δὲ
1050 3321 1180 3391 παρ’
1213 3324 1396 3383 αὐτοῖς
1430 3320 1854 3389 μεταδεδωκοτες

287 3418 500 3488 μιαρῶν
531 3423 865 3484 μυστηρίων·
895 3414 1003 3473 τοῖς
1032 3411 1088 3462 δὲ
1116 3411 1360 3479 σώμασιν
1392 3410 1475 3476 ἐφ’
1509 3408 1684 3477 ὖὸρει,
1709 3408 1808 3475 φεῦ
1838 3408 1850 3458 ι

287 3510 713 3576 κατεχρήσαντο’
752 3506 932 3572 πάσης
965 3503 1038 3555 ’δὲ
1084 3503 1181 3571 τῆς
1223 3501 1407 3563 οὐσίας
1451 3500 1851 3567 γυμνώσαντες,

286 3601 383 3654 καὶ
411 3602 509 3668 τὴν
529 3597 839 3665 ἐλευθερίαν
890 3595 1383 3663 προσαφελόμενοι,
1433 3593 1626 3645 εἴδωλα
1653 3591 1856 3642 δούλων

286 3688 580 3741 κατέλιπον
614 3685 839 3751 ἀσθενῆ,
859 3686 992 3752 πρὸς
1018 3688 1113 3744 τὰς
1143 3682 1349 3742 οἰκείας
1378 3682 1637 3750 εὐπορίας
1670 3683 1763 3732 καὶ
1788 3683 1852 3749 τῇ

290 3780 698 3850 περιλειφθεὶσῃ
722 3776 949 3843 δυνάμει
981 3776 1093 3835 τοῖς
1142 3772 1509 3841 ταλαιπώροις
1561 3772 1852 3840 χρώμενοι.

288 3875 400 3926 Οὐκ
428 3871 625 3939 ἢρκεσε
653 3871 709 3920 δὲ
742 3867 922 3927 αὐτοῖς
953 3863 1186 3916 ἐνταῦθα
1202 3880 1301 3915 που
1330 3864 1523 3929 στῆσαι
1550 3863 1647 3929 τὴν
1676 3861 1851 3929 ὕϐριν

286 3964 421 4018 ἀλλὰ
450 3964 542 4012 τὸν
579 3960 970 4027 Ἑλλήσποντον
996 3956 1304 4015 διαϐάντες,
1336 3952 1430 4014 τὰς
1463 3954 1716 4005 ἐπέκεινα
1760 3953 1857 4003 πόα-

287 4055 398 4114 λεις
429 4050 703 4104 δουλεύειν
759 4048 1096 4116 ἠνάγκασαν·
1160 4047 1254 4098 καὶ
1307 4045 1400 4097 νῦν
1458 4044 1856 4112 ἀσφαλέστερον

284 4131 435 4197 οὗτοι
489 4143 521 4209 ἢ
556 4144 817 4208 πρότερον
851 4139 1009 4207 ἡμεῖς
1044 4136 1140 4197 τὴν
1164 4135 1385 4204 Θρᾴκην
1415 4134 1678 4184 οἰκοῦσιν.
1709 4134 1767 4185 EE
1796 4133 1854 4185 δὲ

283 4237 380 4288 καί
400 4252 451 4286 τι
490 4235 586 4301 τῆς
634 4230 904 4301 ἡμετέρας
938 4229 1109 4298 ἀρχῆς
1142 4229 1362 4286 τούτους
1421 4225 1662 4292 διέφυγε,
1696 4222 1853 4290 τυχὸν

287 4330 391 4398 μὲν
415 4329 690 4390 ἐλπίζουσι
715 4327 806 4377 καὶ
833 4324 987 4381 τοῦτο
1019 4319 1449 4390 προσλήψεσθαι.

359 4421 504 4486 Πλὴν
538 4420 572 4485 ἡ
602 4418 737 4484 πρὸς
766 4414 987 4475 τούτους
1022 4413 1178 4482 ἡμῶν
1216 4411 1463 4480 ἀσχολία,
1516 4413 1607 4464 καὶ
1668 4414 1726 4463 τὸ
1786 4414 1863 4483 μὴ

282 4509 545 4565 δύνασθαι
566 4510 677 4567 τοῖς
716 4504 1086 4575 ἐπιχειροῦσιν
1117 4502 1222 4555 ὑπὸ
1243 4506 1443 4555 τούτων
1467 4504 1859 4573 κωλυομένους,

282 4606 360 4664 ὡς
395 4601 583 4671 ἐχρῆν,
617 4599 1012 4660 ἀντεπεςιέναι,
1049 4594 1185 4664 μηδὲ
1220 4594 1357 4661 πρὸς
1394 4594 1618 4655 τούτους
1668 4612 1728 4646 τε
1761 4597 1859 4647 κὰ-

282 4699 498 4756 κείνους
538 4695 749 4762 ἀρκεῖν,
810 4690 1036 4749 πολλοὺς
1100 4689 1231 4755 ἡμῖν
1290 4687 1495 4751 κύκλῳ
1529 4689 1858 4758 περιέστησε

281 4790 577 4856 πολέμους·
614 4785 754 4837 ὣστε
781 4783 848 4834 τὰ
884 4781 982 4851 μὲν
1013 4779 1104 4831 ὑπ’
1130 4780 1332 4845 αὐτῶν,
1373 4782 1441 4832 τὰ
1480 4779 1536 4831 δὲ
1565 4780 1630 4831 δι’
1662 4783 1859 4844 αὐτοὺς

279 4878 637 4950 ἀφῃρήμεθα.
671 4877 742 4927 Τὸ
785 4874 839 4926 δὲ
871 4873 1047 4924 πάντα
1103 4871 1364 4939 δυστυχία
1416 4871 1603 4935 νικῶν,
1666 4874 1761 4924 καὶ
1815 4867 1860 4940 ᾧ

285 4972 459 5042 μηδὲν
489 4972 605 5019 ἐστι
624 4966 951 5035 παραθεῖναι
983 4962 1091 5015 τῶν
1122 4963 1180 5014 ἐν
1216 4963 1290 5031 τῷ
1337 4962 1390 5032 ﬁt
1410 4981 1461 5029 λ),
1529 4964 1584 5014 αἱ
1617 4964 1861 5033 καθημέ-

1956 3163 2086 3207 sunt
2135 3153 2357 3221 templa,
2392 3154 2641 3221 sepulcra
2685 3153 3043 3222 effregerunt,
3076 3154 3433 3223 sanguinibus
3463 3169 3529 3208 ac

1956 3244 2320 3297 cadaveribus
2352 3244 2532 3296 omnia
2565 3244 2929 3310 impleverunt
2968 3261 2981 3297 :
3017 3234 3162 3312 quod
3199 3254 3381 3298 autem
3407 3259 3531 3313 spc-

1956 3341 2066 3385 ctat
2123 3332 2190 3384 ad
2228 3332 2454 3395 incolas,
2500 3332 2713 3385 animos
2753 3332 2977 3398 quidem
3021 3344 3425 3401 corruperunt,
3457 3335 3525 3388 ad

1955 3422 2069 3475 veri
2126 3422 2219 3474 Dei
2263 3420 2660 3486 ignorationem
2704 3430 2999 3487 cogentes,
3031 3422 3269 3489 suisque
3296 3437 3392 3476 eos
3422 3423 3528 3475 im-

1957 3512 2258 3580 pertientes
2296 3512 2526 3579 impuris
2570 3511 2878 3581 mysteriis;
2929 3512 3254 3581 corporibus
3304 3497 3545 3574 autem,

1958 3602 2063 3655 heu
2089 3607 2101 3655 !
2133 3613 2323 3669 stupro
2346 3601 2499 3655 abusi
2533 3611 2680 3663 sunt.
2714 3604 2807 3656 sed
2838 3610 2894 3655 et
2924 3603 3070 3655 omni
3100 3603 3401 3657 substantia
3425 3619 3529 3656 nu-
3567 3608 3571 3613 ‘

1956 3692 2173 3757 dantes,
2204 3708 2268 3746 ac
2297 3693 2516 3745 abunde
2540 3692 2846 3745 libertatem
2877 3692 3150 3758 tollentes,
3176 3693 3389 3747 infirma
3412 3709 3530 3747 ser-

1955 3801 2153 3839 Vorum
2177 3786 2467 3838 simulacra
2483 3785 2844 3852 reliquerunt,
2865 3790 2980 3837 suis
3000 3785 3238 3854 ipsorum
3263 3787 3529 3854 augendis

1956 3876 2307 3931 facultatibus
2343 3876 2528 3929 relicta
2548 3876 2761 3929 miseris
2781 3884 2999 3928 utentes
3024 3876 3247 3929 virtute.
3265 3876 3375 3930 Nec
3398 3894 3529 3931 vero

1960 3968 2047 4020 his
2093 3966 2347 4020 terminis
2376 3966 2631 4035 injuriam
2669 3966 2866 4021 sistere
2892 3966 3023 4019 satis
3046 3966 3374 4031 habuerunt,
3394 3969 3525 4036 quin

1960 4060 2314 4128 Hellesponto
2345 4058 2665 4113 transmisso
2684 4098 2698 4121 ,
2729 4059 3020 4112 ulteriores
3049 4060 3211 4112 urbes
3229 4070 3529 4128 coegerunt

1957 4152 2164 4205 servire
2188 4168 2202 4211 ;
2226 4150 2396 4202 tutius
2420 4148 2601 4210 modo,
2623 4164 2785 4217 quam
2810 4149 3050 4202 nosolim
3067 4149 3350 4203 Thraciam
3377 4151 3527 4203 inco-

1982 4253 2157 4296 eutes.
2176 4242 2328 4306 Quod
2358 4242 2401 4292 si
2426 4241 2587 4293 etiam
2611 4255 2704 4293 eos
2724 4240 3135 4308 aliquideffugit
3162 4241 3372 4308 imperii
3403 4258 3529 4295 nos-

1881 4336 1924 4389 B
1958 4332 2187 4391 tri.illud
2207 4331 2563 4384 nihilominus
2579 4345 2699 4411 sese
2713 4331 2932 4384 cumulo
2948 4342 3271 4399 accepturos
3283 4342 3525 4399 sperant.

2037 4426 2329 4485 Caeterum,
2365 4423 2494 4477 dum
2522 4423 2741 4476 interim
2771 4422 2912 4477 bello
2950 4425 3002 4476 in
3042 4440 3137 4479 eos
3170 4441 3525 4495 occupamur,

1968 4531 2069 4569 nec
2126 4516 2194 4569 iis
2240 4514 2692 4582 impedientibus,
2722 4513 2887 4582 justis
2930 4515 3102 4584 copiis
3143 4516 3404 4569 adversus
3434 4532 3527 4570 eos

1967 4609 2059 4675 qui
2117 4606 2509 4675 aggrediuntur
2565 4605 2714 4659 exire
2761 4620 3083 4675 possumus,
3117 4596 3415 4676 sumusque
3458 4609 3523 4661 ad

1959 4709 2221 4758 utrosque
2248 4697 2516 4764 impares,
2549 4697 2718 4750 multa
2743 4696 2899 4750 nobis
2935 4698 3359 4766 circumquaque
3384 4700 3523 4751 bella

1958 4799 2364 4844 concreverunt
2395 4805 2409 4841 :
2441 4797 2503 4842 ut
2551 4790 2653 4841 alia
2702 4789 2922 4857 quidem
2954 4788 3299 4841 amiserimus
3331 4789 3396 4841 iis
3427 4805 3524 4840 au-

1958 4880 2290 4944 fetcntibus,
2319 4880 2422 4932 alia
2456 4888 2680 4947 prepter
2713 4880 2850 4931 illos.
2889 4877 3045 4942 Quod
3095 4888 3274 4930 autem
3325 4878 3518 4931 malum

1960 4986 2177 5025 omnem
2233 4971 2513 5024 fortunam
2556 4978 2823 5037 Superat,
2859 4983 2922 5022 ac
2971 4967 3059 5021 cui
3115 4967 3251 5021 nihil
3304 4969 3357 5020 in
3412 4971 3522 5022 vita

1566 5081 1672 5140 Fr.
1709 5083 2071 5145 Combeﬁsii
2106 5095 2290 5147 notae.

355 5189 432 5258 (Ι)
470 5189 603 5242 Erat
648 5187 737 5241 illa
800 5196 925 5240 tunc
970 5182 1280 5258 Grrecorum
1329 5184 1568 5258 potentia
1639 5196 1852 5253 specta-

284 5254 440 5313 bilis.
472 5260 719 5312 Decrevit
745 5260 1007 5307 numerus
1039 5254 1127 5305 ille
1160 5256 1489 5310 triremium.
1522 5269 1587 5307 ac
1611 5271 1747 5322 pene
1781 5257 1849 5308 ad

285 5330 520 5382 nihilum
572 5329 826 5379 redactus
883 5332 985 5387 est,
1024 5337 1171 5394 cum
1232 5323 1458 5375 Michael
1519 5325 1852 5394 l’alwologus

284 5401 644 5466 quorumdam
672 5396 924 5447 suasione
955 5392 1097 5444 velut
1122 5393 1303 5466 studio
1334 5395 1593 5466 parcendi
1626 5392 1823 5466 sumpti
1848 5424 1852 5429 -

287 5463 411 5531 bus,
469 5485 532 5520 ac
584 5481 769 5519 earum
820 5476 1084 5530 expensas
1132 5464 1187 5513 in
1244 5468 1491 5514 aerarium
1559 5463 1852 5527 inferendi,

290 5541 459 5592 stulto
487 5536 735 5595 consilio.
776 5538 920 5601 quod
968 5538 1153 5582 narrat
1200 5531 1450 5590 Frauzes,
1504 5532 1597 5585 lib.
1629 5549 1665 5591 ι,
1713 5548 1742 5587 c
1798 5535 1853 5597 9,

291 5610 592 5663 trtremimn
624 5619 810 5659 cm’atu
834 5606 1055 5672 abjectt.
1094 5602 1320 5653 Paestat
1345 5612 1491 5654 certe
1521 5604 1853 5672 respublica,

1951 5204 2168 5243 onmem
2221 5189 2344 5243 belli
2391 5198 2710 5259 apparatum
2762 5197 2902 5241 terra
2952 5189 3218 5257 marique.
3263 5188 3521 5257 virosque

1951 5261 2099 5312 omni
2149 5261 2342 5312 militia
2390 5259 2705 5317 exercitos.
2759 5273 2921 5325 quam
2981 5259 3176 5312 multas
3238 5269 3524 5327 congestas

1952 5330 2230 5397 pecunias,
2285 5330 2337 5380 in
2391 5339 2645 5396 promptu
2704 5342 2920 5396 semper
2968 5328 3175 5381 habens
3225 5345 3238 5380 :
3291 5344 3521 5395 quarum

1953 5403 2034 5451 vel
2066 5416 2250 5451 runtur
2284 5399 2491 5450 hos:em
2541 5406 2797 5465 provocet
2850 5412 2912 5449 ac
2959 5398 3225 5455 stimulet.
3280 5413 3389 5463 quo
3436 5400 3523 5450 sui

1952 5483 2045 5521 eas
2088 5470 2226 5536 juris
2274 5471 2454 5519 faciat.
2506 5466 2695 5521 Simile
2749 5469 2878 5535 quid
2946 5476 3134 5523 narrat
3198 5468 3416 5522 Nitetas
3471 5468 3527 5522 in

1953 5538 2195 5592 .llanuele
2226 5538 2524 5592 Cotuneno.
