3862 6220
241 386 341 451 969

1149 383 1437 447 ORATIO
1479 381 1630 444 PRO
1672 359 2033 441 SUBSlDfO
2085 377 2562 440 LATiNouUM.

3388 385 3492 447 970

243 520 343 573 χρη
413 496 783 567 παραϐάλλειν
830 496 1025 571 φθορᾷ·
1090 500 1249 569 εἴπερ
1281 499 1381 552 ούκ
1429 496 1544 551 ίσον
1602 496 1820 548 πάντων

1944 492 2146 563 [uidem
2185 492 2330 546 haud
2358 505 2574 562 aequum
2614 490 2885 556 videatur,
2910 494 2978 548 ab
3006 495 3262 552 omnibus
3294 501 3498 567 pariter

240 588 369 660 ὁμοῦ
394 589 504 641 τῶν
546 587 747 652 ἔξωθεν
796 589 1017 657 άγαθῶν
1070 592 1163 644 καὶ
1188 589 1324 643 Θεοῦ
1358 588 1714 659 χωρισθῆναι·
1753 580 1816 640 06

242 684 402 754 χωρὶς
434 682 587 733 οὐδέν
622 681 770 733 ἐστιν
821 682 1039 735 ἐλπίσαι
1069 683 1179 735 τῶν
1220 681 1460 750 ἀγαθῶν.

309 773 371 825 Ei
428 772 611 824 τοίνυν
680 772 745 824 ἐκ
824 774 1042 826 πάντων
1100 775 1399 841 ἀναγκαῖον
1456 771 1699 841 γίνεσθαι
1762 771 1823 823 τὸ

242 863 563 933 ἀμύνεσθαι,
624 865 672 917 εί
734 865 833 934 μὲν
861 866 954 918 καὶ
1004 867 1168 935 ήμεῖς
1209 865 1329 918 καθ’
1362 865 1589 929 ἑαυτοὺς
1617 864 1823 935 αὐτάρ-

243 975 351 1020 κεις
376 959 513 1027 πρὸς
544 959 634 1009 τὸν
690 957 924 1026 πόλεμον
946 953 1110 1029 ἦμεν,
1162 959 1306 1012 τοῦτ’
1356 959 1423 1013 ἂν
1476 954 1545 1030 ἦν
1600 958 1823 1027 ἄριστον

244 1052 497 1119 καὶπρὸς
530 1050 711 1114 δόξαν,
761 1051 856 1103 καὶ
927 1051 1065 1121 πρὸς
1120 1053 1189 1105 τὸ
1239 1053 1314 1123 μὴ
1375 1051 1664 1123 πόρρωθεν
1724 1052 1825 1119 τὴν

246 1138 558 1206 συμμαχίαν
626 1137 978 1207 άθροίζοντας
1034 1142 1266 1211 πρᾶγμα
1332 1140 1498 1211 ἔχειν·
1553 1141 1673 1193 ἐπεὶ
1721 1141 1823 1210 δ’ή

245 1228 562 1299 καθημέραν
584 1228 854 1300 ῥᾳστώνη,
915 1232 1011 1285 καὶ
1032 1232 1091 1284 τὸ
1107 1231 1205 1294 τὰς
1232 1233 1510 1302 παρούσας
1530 1232 1696 1303 τύχας
1724 1249 1831 1301 μη-

245 1319 431 1371 δέποτε
472 1320 868 1391 προσδοκῆσαι,
910 1322 991 1384 εἰς
1027 1321 1218 1377 τοῦτον
1247 1325 1389 1377 κατά
1423 1326 1626 1394 μικρὸν
1656 1326 1830 1397 προή-

248 1427 419 1478 γαγον
468 1414 619 1482 ἡμᾶς
671 1413 763 1465 τὸν
798 1407 1045 1484 κρημνόν
1088 1430 1103 1445 ⁸
1134 1417 1353 1480 πάντως
1395 1417 1516 1470 οὐδὲ
1574 1418 1657 1470 διὰ
1688 1418 1692 1423 ”
1719 1419 1829 1470 τῶν

250 1505 494 1572 μάντεων
540 1504 736 1575 ἑτέραν
772 1508 877 1575 χρὴ
904 1506 1277 1577 προσδοκῆσαι
1308 1510 1516 1580 φωνὴν,
1551 1509 1583 1579 ἢ
1615 1507 1689 1572 ὡς
1712 1511 1833 1563 ἐτέ-

251 1612 370 1663 ρους
402 1596 466 1666 δὴ
498 1597 706 1661 καλεῖν,
736 1598 865 1661 τοὺς
913 1599 1013 1669 τὴν
1043 1600 1189 1669 ὑπὲρ
1217 1603 1248 1671 ἡ
1260 1603 1376 1670 μῶν
1425 1603 1832 1673 ἀπαιτήσοντας

246 1686 419 1757 δίκην·
452 1690 576 1743 ἐπεὶ⁸
605 1690 810 1759 ταύτην
839 1693 986 1761 ἡμᾶς
1009 1693 1106 1763 τὴν
1150 1693 1404 1764 δύναμιν,
1469 1697 1501 1765 ἡ
1531 1696 1641 1749 τῶν
1699 1695 1835 1766 βαρ-

250 1776 429 1848 ϐάρων
478 1780 686 1834 τούτων
730 1782 983 1847 ἐπίθεσις
1017 1786 1113 1838 καὶ
1171 1784 1456 1851 πλεονεξία
1520 1788 1830 1858 παρείλετο.

249 1872 557 1940 Σκέψασθαι
586 1873 672 1944 δὴ,
699 1873 861 1927 τίνων
886 1874 967 1927 δεῖ
991 1878 1105 1939 τοῖς
1144 1878 1279 1948 ἡμῖν
1310 1879 1673 1933 συνδιοίσουσι
1738 1880 1829 1933 τὸν

248 1964 483 2033 πόλεμον
506 1964 715 2028 τοῦτον,
742 1965 809 2018 ἶν’
836 1965 1104 2033 ἐντεῦθεν,
1137 1970 1289 2033 τίνας
1315 1969 1532 2024 ἐλέσθαι
1566 1972 1667 2036 δεῖ,
1695 1971 1831 2039 γνὼ-

251 2069 410 2123 ριμον
441 2055 576 2123 ἡμῖν
602 2058 874 2128 καταστῇ.

317 2146 527 2199 Οὐκοῦν
576 2147 816 2219 ἀνάγκη,
877 2150 1094 2221 πρῶτον
1139 2152 1240 2222 μὲν
1267 2152 1367 2222 τῆς
1401 2155 1530 2224 περὶ
1571 2157 1632 2209 τὸ
1664 2156 1824 2211 Θεῖον

245 2238 404 2306 δόξης
453 2241 585 2309 ἡμῖν
632 2242 938 2295 κοινωνεῖν.
981 2242 1289 2313 Ἀμήχανον
1342 2245 1447 2315 γὰρ
1509 2248 1638 2311 τοὺς
1702 2252 1832 2319 περὶ

247 2330 404 2384 τοῦτο
429 2334 548 2393 ταῖς
574 2331 822 2402 γνώμαις
850 2333 1237 2405 διῃρημένους,
1267 2334 1302 2388 ἃ
1346 2336 1455 2390 τῶν
1492 2336 1664 2406 φίλων
1690 2341 1828 2403 ἐστὶ,

250 2420 401 2474 ταῦτ’
432 2422 651 2475 ἐλπίσαι
704 2424 837 2476 ποτὲ
867 2427 1001 2495 παρ’
1027 2425 1298 2497 ἀλλήλων.
1338 2429 1572 2482 Ἔπειτα
1616 2433 1710 2485 καὶ
1742 2432 1834 2485 άλ-

245 2514 354 2575 λως
394 2515 525 2584 ἡμῖν
558 2515 794 2580 οἰκείους
826 2517 924 2571 καὶ⁵
958 2520 1213 2589 συνήθεις
1263 2521 1567 2593 ὑπάρχειν·
1602 2523 1747 2593 λέγω
1777 2527 1834 2580 δὲ

244 2607 435 2666 κοινάς
466 2607 587 2660 ποθ’
616 2610 747 2679 ἡμῖν
780 2611 1054 2676 κάκείνοις
1118 2614 1374 2681 γενέσθαι
1412 2618 1701 2686 στρατείας
1737 2621 1831 2671 καὶ

244 2699 568 2768 διοικήσεις,
597 2703 689 2754 καὶ
715 2704 813 2766 τάς
842 2704 1011 2768 ἄλλας
1034 2707 1321 2773 ἐπιμιξίας
1345 2724 1358 2737 ·
1392 2708 1487 2761 καὶ¹
1526 2710 1665 2774 ὅλως
1692 2705 1833 2764 εἷναί

248 2804 303 2839 τι
340 2792 432 2840 καὶ
468 2792 733 2863 πρότερον
761 2793 821 2846 τὸ
857 2796 1112 2863 συνάγον.
1157 2798 1253 2862 Τίς
1283 2800 1394 2869 γάρ
1425 2801 1491 2854 ἂν
1522 2802 1834 2854 πιστεύσειε

251 2882 363 2942 τοῖς
388 2881 647 2951 μηδέποτ’
674 2885 937 2957 ἀλλήλους
960 2890 1250 2957 ἐγνωκόσι,
1269 2890 1540 2962 τοσαύτην
1566 2895 1750 2956 αὐτοῖς
1773 2897 1838 2947 ἐκ

254 2973 481 3044 πρώτης
536 2978 720 3044 φιλίαν
756 2981 1189 3051 ἐγγενήσεσθαι,
1241 2984 1374 3037 ὥσθ’
1422 2985 1564 3056 ὑπὲρ
1586 2986 1836 3057 ἀλλήλων

250 3068 528 3137 αἱρεῖσθαι
560 3069 895 3125 κινδυνεύειν
943 3073 972 3125 ὃ
1019 3075 1143 3145 μηδ’
1174 3058 1325 3148 ὑπὲρ
1344 3076 1456 3131 τῶν
1485 3080 1838 3149 συνηθεστά-

1861 1835 1909 1894 Β

1923 584 2166 638 externis
2210 582 2371 637 bonis
2395 621 2410 646 ,
2443 593 2609 652 alque
2657 598 2687 636 a
2721 584 2830 638 Deo
2861 598 3137 655 segregem
3191 588 3305 643 fieri
3332 632 3347 656 ,
3378 592 3499 649 sine

1921 689 2057 745 quo,
2086 674 2220 728 nihil
2244 674 2371 729 licet
2399 689 2623 743 sperare
2649 675 2777 730 boni

1992 766 2128 822 Cum
2159 767 2347 836 itaque
2382 767 2517 821 ultio
2560 767 2926 839 undequaque
2954 774 3260 827 necessaria
3290 773 3393 841 sit,
3424 775 3501 831 si-

1925 859 2149 929 quidem
2189 858 2293 928 ipsi
2343 874 2373 913 a
2401 860 2563 915 nobis
2595 863 2727 915 satis
2761 862 2829 915 ad
2880 863 3085 917 bellum
3133 865 3500 934 haberemus,

1926 958 2071 1006 esset
2100 951 2152 1005 id
2179 950 2403 1021 quidem
2441 952 2734 1020 optimum,
2766 968 2889 1007 cum
2911 954 2976 1009 ad
2999 957 3248 1026 gloriam,
3287 970 3401 1015 tum
3432 977 3503 1016 ne

1930 1042 2224 1097 auxiliares
2250 1044 2421 1113 copia:
2450 1045 2638 1109 procul
2662 1045 2848 1100 labore
2874 1050 3271 1118 congreganda:
3294 1064 3499 1107 essent.

1931 1131 2009 1185 Ex
2038 1148 2147 1201 quo
2205 1142 2385 1187 tamen
2421 1133 2740 1203 quotidiana
2780 1136 2907 1191 vita;
2942 1138 3156 1206 laxitas,
3197 1144 3508 1209 praesentis-

1931 1239 2039 1292 que
2075 1224 2312 1278 fortuna:
2338 1240 2551 1278 summa
2582 1225 2833 1293 quazdam
2868 1227 3281 1297 incxspcctatio,
3316 1246 3383 1287 eo
3407 1248 3509 1287 nos

1938 1306 2204 1385 paulatim
2240 1315 2532 1385 praecipitii
2575 1319 2846 1385 provexit,
2874 1319 3018 1373 haud
3046 1319 3203 1374 aliam
3231 1321 3390 1391 plane
3420 1323 3506 1377 vel

1933 1421 1963 1460 a
2022 1406 2245 1461 vatibus
2284 1406 2553 1462 habemus
2608 1411 3030 1487 exspectandam
3070 1426 3288 1478 vocem,
3344 1430 3508 1483 quam

1934 1499 2072 1553 alios
2103 1499 2454 1555 advocandos
2475 1515 2620 1564 esse,
2653 1502 2748 1571 qui
2789 1513 3030 1557 nosuram
3064 1503 3400 1559 ulciscantur
3429 1506 3513 1561 in-

1928 1592 2161 1661 iuriam;
2192 1591 2463 1661 siquidem
2495 1592 2547 1646 id
2576 1593 2733 1647 nobis
2759 1592 3037 1650 facultatis
3068 1594 3384 1667 ademptum
3418 1609 3506 1652 est

1938 1697 2034 1751 per
2062 1682 2425 1737 Barbarorum
2454 1683 2867 1753 impressionem
2896 1701 2957 1740 ac
2995 1686 3237 1756 iniquam
3264 1689 3513 1743 vexatio-

1938 1788 2086 1827 nem.
2146 1773 2627 1830 Considerandum
2697 1778 2884 1848 itaque
2942 1795 3209 1849 quosnam
3262 1791 3515 1851 oporteat

1936 1880 2078 1930 esse,
2113 1865 2208 1937 qui
2240 1868 2343 1922 hoc
2372 1866 2517 1922 bello
2548 1868 2681 1922 socii
2710 1869 3028 1941 depugnare
3052 1872 3310 1938 habeant,
3338 1882 3395 1926 ut
3419 1888 3511 1934 eo,

1935 1959 2156 2029 quinam
2197 1961 2307 2015 sint
2335 1962 2569 2032 eligendi
2598 1965 2950 2034 perspicuum
2977 1966 3087 2021 fiat.

2004 2144 2145 2197 Ante
2186 2143 2367 2196 omnia
2427 2143 2593 2211 igitur
2623 2145 2868 2210 fnecesse
2909 2147 2997 2209 sit,
3035 2158 3093 2203 ut
3136 2149 3278 2204 idem
3326 2153 3516 2207 nobis-

1935 2249 2060 2288 cum
2100 2234 2168 2287 de
2236 2233 2346 2288 Deo
2376 2234 2637 2289 sentiant.
2671 2234 2885 2306 Quippe
2920 2238 3034 2291 fieri
3079 2242 3294 2310 nequit,
3332 2253 3391 2297 ut
3422 2248 3516 2313 qui

1937 2326 2041 2382 hac
2071 2335 2227 2396 parte
2258 2326 2455 2381 animis
2481 2327 2643 2381 divisi
2692 2338 2838 2395 sunt,
2875 2346 2996 2399 qua:
3030 2326 3161 2387 Sunt
3192 2336 3516 2401 amicorum.

1940 2429 2130 2473 mutuo
2164 2419 2270 2473 sibi
2318 2434 2557 2489 unquam
2590 2422 2898 2490 praestanda
2936 2437 3179 2494 sperent.
3215 2427 3353 2483 Tum
3388 2447 3519 2484 vero

1939 2519 1999 2564 ut
2028 2518 2085 2563 et
2119 2512 2256 2565 alias
2306 2514 2607 2568 necessarii
2639 2515 2772 2580 sint,
2800 2532 2863 2571 ac
2915 2520 3245 2587 quibuscum
3284 2539 3522 2579 consuc-

1938 2603 2212 2669 verimus;
2248 2612 2306 2658 ut
2342 2604 2589 2675 inquam,
2622 2609 3012 2665 communibus
3052 2615 3328 2682 quondam
3362 2618 3522 2673 bellis

1938 2711 2002 2750 ac
2037 2695 2616 2754 administrationibus
2682 2699 2855 2755 functi
2904 2703 3099 2771 simus,
3151 2722 3215 2763 ac
3266 2709 3389 2766 aliis
3434 2714 3521 2769 usi

1940 2789 2324 2855 commerciis;
2379 2804 2443 2843 ac
2498 2791 2726 2845 omnino
2774 2794 2982 2864 aliquid
3041 2799 3270 2856 exsistat
3299 2820 3523 2861 necesse

1939 2879 2033 2945 sit,
2065 2880 2211 2949 quod
2266 2891 2322 2934 et
2356 2884 2508 2950 prius
2554 2886 2769 2938 animos
2820 2885 3153 2948 devinxerit.
3186 2894 3321 2958 Quis
3373 2898 3523 2953 enim

1940 2971 2166 3026 inducat
2204 2972 2259 3026 in
2313 2974 2581 3041 animum,
2611 2975 2881 3034 hactenus
2912 2981 3060 3036 inter
3105 2998 3164 3038 se
3196 2986 3395 3055 ignotis
3427 2968 3526 3045 ho;

1941 3061 2207 3129 minibus,
2241 3074 2445 3119 tantam
2499 3053 2737 3137 a'prima
2776 3074 3169 3142 congressione
3201 3080 3523 3135 coalituraiu

245 3173 360 3211 των
395 3162 513 3213 ἐστὶ
544 3162 743 3231 ῥᾳδίως
784 3164 1157 3235 προσδοκῆσαι
1213 3170 1366 3224 ποτέ.
1404 3170 1567 3224 Ἀλλὰ
1600 3172 1708 3243 μὴν
1741 3175 1833 3227 καὶ

1944 3157 2265 3221 amicitiam,
2301 3169 2483 3215 utnec
2512 3176 2614 3230 pro
2658 3177 2715 3216 se
2747 3173 2938 3220 mutuo
2982 3171 3224 3236 pericula
3249 3174 3401 3229 adire
3433 3175 3527 3230 de-

251 3251 473 3323 πλήθει,
506 3257 597 3308 καὶ
626 3257 820 3329 τόλμῃ,
858 3260 957 3311 καὶ
989 3262 1322 3332 φρονήμασι,
1360 3266 1453 3317 καὶ
1482 3268 1545 3336 τῇ
1582 3269 1708 3337 περὶ
1737 3267 1837 3331 τὰς

250 3344 439 3413 μάχας
462 3348 724 3419 ἐμπειρίᾳ
744 3350 827 3402 δεῖ
857 3352 983 3413 τοὺς
1017 3355 1364 3425 συμμάχους,
1396 3356 1503 3409 τῶν
1544 3357 1838 3427 βαρὸάρων

251 3437 536 3507 προέχειν,
577 3442 624 3492 εἰ
659 3443 906 3509 μέλλοιεν
942 3447 1070 3508 τοὺς
1104 3449 1160 3499 ἐν
1184 3452 1249 3520 τῇ
1281 3449 1458 3517 οίκεὶᾳ
1492 3453 1839 3519 μαχομένους

245 3530 413 3583 αὐτοὶ
444 3534 619 3603 νικᾷν,
652 3534 802 3599 ὄντες
833 3536 997 3603 ξένοι,
1030 3540 1125 3593 καὶ
1157 3541 1456 3609 τρέπεσθαι
1489 3544 1615 3605 τοὺς
1650 3544 1839 3597 είωθό·

243 3638 358 3684 τας
390 3627 645 3693 κρατεῖν·
680 3629 775 3679 καὶ
821 3630 959 3697 πρός
986 3648 1051 3698 γε
1099 3632 1179 3684 ἐτι
1212 3634 1285 3703 μὴ
1312 3632 1521 3703 ταύτην
1552 3633 1734 3697 αὐτοῖς
1764 3631 1840 3687 εἶ-

245 3731 350 3768 ναι
386 3715 610 3786 πρώτην
654 3719 753 3787 τῆς
810 3722 946 3792 πρὸς
998 3725 1123 3786 τοὺς
1165 3725 1463 3795 πολεμίους
1511 3728 1839 3797 συμπλοκῆς

243 3807 359 3876 τὴν
382 3810 579 3879 ἀρχήν.
601 3810 765 3864 Ἀλλά
792 3814 886 3867 καὶ
914 3816 1183 3886 πρότερον
1217 3813 1358 3871 εἶναι
1388 3820 1597 3873 τούτων
1656 3840 1843 3875 πεπει-

246 3902 553 3973 ραμένους,
590 3906 684 3957 καὶ
712 3908 781 3961 τὰ
814 3906 1095 3976 φθάσαντα
1123 3911 1526 3982 κατορθώματα
1560 3916 1657 3983 τῆς
1686 3915 1841 3967 ὓστε-

248 4011 359 4064 ρον
386 3994 652 4064 ἐσομένης
689 3999 844 4069 νίκης
878 4001 1137 4073 ἐνέχυρον
1183 4001 1343 4060 εἶναι.
1382 4008 1490 4076 Τῆς
1528 4006 1583 4058 δὲ
1625 4007 1843 4077 βεσαιό-

245 4102 449 4154 τητος,
498 4092 593 4140 καὶ
639 4090 731 4142 τοῦ
766 4090 840 4163 μὴ
877 4094 985 4145 τῶν
1017 4094 1078 4159 ἐξ
1109 4096 1286 4166 ἀρχῆς
1319 4098 1679 4169 ἐγνωσμένων
1709 4100 1836 4167 ἀφί-

253 4180 520 4246 στασθαι,
551 4182 652 4235 οὐκ
673 4179 771 4236 οἷδ’
804 4186 958 4248 είτις
994 4188 1130 4253 πρὸς
1148 4191 1237 4243 τὸν
1266 4190 1505 4261 πόλεμον
1541 4196 1842 4260 άναγκαιο⁹

249 4271 428 4341 τέραν
462 4273 773 4329 συντέλειαν
812 4278 1049 4346 ἡγεῖται.
1105 4281 1192 4343 Ὠς
1224 4282 1285 4334 τό
1313 4298 1375 4350 γε
1427 4285 1588 4354 ἔργον
1623 4286 1840 4355 ἁψαμέ‹

250 4377 388 4421 νους
424 4363 680 4416 ἀπειπεῖν
716 4365 822 4435 πρὸ
877 4367 971 4420 τοῦ
1006 4367 1194 4432 τέλους
1220 4370 1371 4422 οὐδὲν
1397 4371 1583 4442 ἕτερόν
1613 4375 1840 4443 ἐστιν,ἢ

252 4449 406 4515 agni;
432 4449 630 4513 αὐτοὺς
660 4452 993 4519 προδιδόναι,
1024 4456 1118 4507 καὶ
1170 4456 1291 4509 καθ’
1328 4460 1487 4527 ἡμῶν
1520 4462 1648 4524 τοὺς
1688 4459 1845 4513 πολε-

1946 3258 2215 3314 trectent;
2243 3251 2390 3319 quod
2415 3253 2502 3306 vix
2550 3253 2748 3323 aliquis
2780 3272 2878 3325 pro
2916 3262 3150 3315 maxime
3196 3268 3527 3323 necessariis

1946 3357 2183 3411 unquam
2239 3343 2397 3398 facile
2447 3356 2752 3415 exspectet.
2801 3348 2943 3415 Quin
2995 3361 3050 3406 et
3080 3355 3432 3414 multitudine
3472 3374 3529 3416 et

1945 3435 2171 3489 audacia
2206 3438 2536 3508 animisque,
2570 3454 2635 3495 ac
2678 3442 2754 3496 rei
2809 3442 3017 3498 bellica:
3049 3449 3246 3515 peritia
3276 3426 3557 3508 Barbaris.

1947 3537 2207 3595 praestare
2243 3540 2484 3598 oportet,
2521 3543 2580 3586 ut
2616 3533 2717 3602 ipsi
2752 3537 3049 3606 peregrini,
3081 3539 3133 3591 in
3159 3556 3254 3593 sua
3284 3544 3525 3610 ipsorum

1946 3618 2167 3688 regione
2225 3633 2535 3693 pugnantes
2578 3625 2701 3679 illos
2756 3628 2954 3682 victuri
2991 3631 3120 3695 sint,
3162 3648 3226 3686 ac
3283 3635 3531 3693 victoriis

1946 3722 2199 3767 assuetos
2250 3714 2304 3767 in
2359 3715 2537 3786 fugam
2603 3719 2836 3773 versuri.
2868 3721 2948 3774 Ad
3012 3723 3128 3778 haec
3178 3726 3306 3780 itezn
3348 3736 3409 3782 ut
3459 3745 3528 3783 ne

1951 3803 2187 3873 primum
2245 3803 2379 3859 illud
2430 3806 2501 3860 sit
2549 3809 2956 3876 congressionis
3013 3812 3282 3869 adversus
3342 3816 3533 3873 hostes

1950 3894 2206 3958 initium;
2245 3895 2337 3948 sed
2372 3903 2429 3949 et
2454 3897 2563 3965 jam
2602 3898 2787 3951 talium
2842 3901 3148 3969 periculum
3186 3904 3439 3973 fecerint,
3466 3924 3531 3963 ac

1948 3988 2153 4055 quibus
2204 3989 2410 4056 prioria
2445 3988 2706 4055 facinora,
2735 3991 2931 4047 futura:
2977 3995 3220 4051 victorie
3262 4000 3531 4055 exsistant

1948 4080 2166 4147 pignus.
2219 4081 2540 4135 Constantia
2599 4092 2806 4148 autem,
2868 4096 2924 4140 et
2979 4096 3147 4143 utne
3203 4090 3272 4144 ab
3308 4091 3373 4146 iis
3411 4108 3532 4161 qua:

1950 4170 2110 4225 initio
2146 4173 2259 4227 visa
2310 4185 2459 4238 sunt,
2524 4176 2867 4242 recedamus,
2912 4179 3058 4233 haud
3119 4183 3244 4236 novi
3300 4200 3367 4237 an
3408 4185 3534 4253 quis

1948 4260 2079 4327 quid
2116 4264 2487 4318 necessarium
2515 4266 2691 4337 magis
2713 4269 2991 4325 existimet
3022 4271 3089 4324 ad
3118 4271 3246 4326 belli
3280 4290 3536 4328 consum-

1950 4353 2268 4407 mationem.
2319 4356 2494 4425 Atque
2557 4359 2715 4424 adeo,
2776 4370 2833 4414 ut
2893 4378 3007 4415 rem
3068 4366 3365 4433 auspicati,
3406 4375 3534 4422 ante

1952 4442 2114 4497 linem
2172 4446 2416 4499 animum
2492 4447 2970 4518 despondeamus,
3027 4454 3169 4511 haud
3236 4456 3385 4511 aliud
3442 4457 3532 4525 sit,

256 4541 425 4609 μίους
455 4544 949 4614 προσπαροξύνειν.
988 4548 1095 4600 Καὶ
1124 4548 1229 4619 μὴν
1260 4550 1414 4603 οὐδέν
1446 4554 1593 4604 ἐστιν
1622 4556 1702 4616 είς
1732 4554 1760 4606 ὃ
1786 4572 1833 4607 τι

1949 4550 2114 4604 quam
2150 4546 2210 4591 ut
2234 4554 2336 4593 nos
2374 4539 2475 4608 ipsi
2508 4542 2829 4610 prodamus,
2864 4546 3158 4617 hostesque
3184 4549 3238 4602 in
3275 4563 3376 4603 nos
3406 4549 3536 4603 irri-

242 4634 468 4687 τούτων
516 4637 733 4707 ἑκάστῳ
801 4639 1141 4709 χρησόμεθα,
1204 4644 1503 4713 χρημάτων
1555 4646 1840 4699 ἁπάντων·

240 4725 470 4795 μᾶλλον
500 4728 593 4790 ἠδὲ
649 4729 725 4799 μὴ
790 4729 1059 4784 πλείστων
1126 4734 1430 4803 παρόντων.
1504 4736 1674 4788 Τοῦτο
1738 4739 1845 4808 γάρ

231 4819 439 4878 ἐστιν,
509 4809 570 4868 οὗ
620 4817 809 4887 σχεδδν
867 4818 1084 4872 πάντων
1151 4822 1388 4889 μάλιστα
1455 4822 1570 4887 δεῖ,
1625 4826 1717 4877 καὶ
1771 4819 1846 4877 ὦν

224 4910 367 4961 οὐκ
399 4908 649 4975 ἀφθόνως
696 4912 1087 4983 ἐπιρρεόντων,
1137 4914 1352 4985 ἀνάγκη
1408 4916 1524 4985 μετ’
1582 4916 1846 4987 αἰσχύνης

1954 4635 2149 4682 temus.
2190 4628 2257 4683 At
2288 4645 2468 4700 neque
2498 4635 2739 4703 suppetit
2780 4652 2889 4705 quo
2931 4637 3124 4691 horum
3153 4654 3373 4709 quoque
3411 4650 3532 4694 uta-

1950 4735 2095 4785 mur,
2155 4723 2199 4777 si
2266 4728 2515 4791 pccuniae
2569 4729 2771 4793 des'ut,
2808 4731 2919 4785 imo
2979 4733 3086 4787 nisi
3122 4733 3305 4787 adsint
3364 4737 3532 4787 multa

1950 4813 2140 4882 copia;
2195 4814 2300 4869 hoc
2360 4818 2508 4870 enim
2568 4828 2655 4872 est
2713 4836 2823 4888 quo
2866 4822 2980 4874 fere
3011 4820 3256 4873 omnium
3295 4821 3534 4876 maxime

1952 4922 2091 4977 opus
2120 4917 2241 4975 est,
2279 4926 2341 4964 ac
2372 4912 2573 4980 quibus
2626 4929 2734 4966 non
2769 4915 2989 4969 abunde
3021 4915 3395 4979 afﬂuentibus,
3438 4933 3535 4972 nc-

222 5004 590 5070 ἀναχωρεῖν.
617 5005 708 5054 Δεῖ
740 5004 804 5071 δὴ
846 5004 1118 5057 πλουσίων
1156 5006 1290 5075 ἡμῖν
1322 5009 1416 5059 καὶ
1448 5010 1845 5080 μεγαλοψύχων

222 5091 597 5161 συμμάχων,
655 5094 714 5145 ού
762 5093 829 5145 τὰ
858 5094 996 5146 ὅπλα
1031 5096 1213 5163 μόνον,
1246 5096 1381 5149 ἀλλὰ
1412 5100 1506 5150 καὶ
1549 5100 1671 5159 τοὺς
1705 5100 1844 5153 οἴκοι

220 5182 581 5250 Θησαυροὺς
623 5182 762 5251 ὑπὲρ
791 5184 949 5252 ἡμῶν
999 5186 1300 5253 τιθεμένων
1326 5202 1340 5217 ·
1376 5188 1473 5241 καὶ
1503 5188 1657 5241 ταῦθ’
1691 5190 1846 5258 ὑμῶν

214 5273 397 5350 μηδ’
428 5275 786 5344 ὀϐολὸν.μήτε
836 5277 1152 5347 δυναμένων
1194 5278 1318 5349 μήτ’
1344 5281 1474 5342 ἴσως
1507 5279 1848 5351 βουλομένων

206 5367 413 5435 ὑπὲρ
448 5367 557 5418 τῶν
601 5367 947 5438 πραγμάτων
999 5371 1300 5439 προέσθαι·
1334 5372 1547 5425 τοσοῦτ’
1577 5375 1848 5442 άπεσχόν-

198 5475 381 5518 των
413 5457 641 5527 μισθοὺς
683 5459 922 5523 τελέσαι,
967 5462 1061 5515 καὶ
1108 5462 1204 5530 τὴν
1257 5464 1426 5533 ἄλλην
1457 5465 1553 5517 τοῦ
1604 5466 1843 5535 πολέμου

200 5553 619 5621 κατασκευὴν
642 5554 978 5623 ἐκπορίζειν.

1948 5016 2102 5055 cesse
2162 5003 2235 5055 sit
2302 5004 2564 5058 confusos
2619 5007 2897 5061 recedere.
2948 5007 3135 5077 itaque
3188 5009 3534 5065 necessarios

1952 5090 2220 5145 habemus
2274 5093 2475 5147 divites
2525 5108 2589 5147 ac
2642 5095 2966 5165 magnificos
3020 5096 3379 5163 auxiliarios,
3438 5114 3533 5168 qui

1951 5182 2154 5236 nedum
2189 5199 2361 5247 arma,
2385 5186 2478 5239 sed
2514 5197 2568 5241 et
2591 5186 2882 5241 thesauros
2922 5188 3068 5243 domi
3104 5189 3378 5258 repositos
3408 5205 3536 5260 pro-

1950 5286 2073 5343 pter
2097 5291 2197 5329 nos
2246 5288 2452 5345 ponant
2490 5297 2502 5331 :
2543 5279 2703 5348 idque
2735 5294 2859 5333 cum
2894 5295 3011 5347 vos,
3039 5298 3105 5336 ne
3161 5280 3381 5337 obolum
3408 5283 3534 5353 qui-

1950 5366 2071 5418 dem
2128 5367 2387 5435 possitis.
2436 5383 2499 5421 ae
2560 5368 2701 5423 forte
2759 5370 2944 5425 nolitis
2996 5372 3315 5441 reipublicae
3371 5388 3534 5427 causa

1948 5454 2271 5523 effundi-re;
2310 5467 2520 5511 tantum
2551 5459 2725 5522 abest,
2764 5469 2822 5513 ut
2853 5461 3067 5515 solvere
3108 5460 3442 5525 mercedem,
3472 5477 3536 5517 ac

1950 5550 2222 5617 reliquum
2267 5551 2390 5604 belli
2433 5561 2755 5620 apparatum
2786 5563 3067 5621 prmstare.

344 5646 414 5698 ’Ἄ
447 5646 547 5715 μὲν
576 5645 758 5697 τοίνυν
796 5648 921 5708 τοὺς
954 5648 1087 5717 ἡμῖν
1125 5650 1667 5721 συνεπιληψομένους
1700 5653 1833 5722 ἔχειὴ

2024 5641 2146 5697 Haec
2198 5644 2482 5699 enimvero
2539 5647 2744 5714 quibus
2800 5656 3025 5701 ornatos
3077 5655 3330 5716 oporteat
3390 5662 3535 5714 esse,

190 5734 555 5804 προσήκει,
584 5734 677 5786 καὶ
720 5734 839 5803 μεθ’
863 5734 991 5787 οἴων
1022 5737 1129 5790 τῶν
1160 5755 1218 5790 τε
1248 5740 1416 5807 τύχης
1446 5741 1538 5793 καὶ
1564 5740 1670 5790 τῶν
1696 5740 1833 5808 παρὸ

1949 5738 2041 5806 qui
2084 5736 2243 5792 nobis
2274 5740 2385 5792 sint
2444 5738 2664 5793 allaturi
2699 5754 2881 5810 opem,
2931 5756 3106 5810 eaque
3138 5743 3254 5795 fere
3288 5757 3393 5811 qua
3417 5740 3533 5795 for-

180 5829 370 5895 τῆς
426 5825 625 5892 ἀρετῆς
676 5823 919 5892 ἀγαθῶν,
986 5827 1128 5896 ὑπὲρ
1192 5830 1348 5898 ἡμῶν
1414 5831 1833 5895 κινδυνεύσουσι,

1952 5839 2119 5895 tum»,
2180 5845 2285 5897 qua
2336 5830 2555 5885 virtutis
2623 5832 2787 5898 bona,
2836 5833 3167 5902 quibuscum
3216 5848 3315 5902 pro
3378 5832 3535 5887 nobis

514 5922 783 5979 ΡΑτκοι.
818 5920 933 5984 (in.
983 5919 1185 5981 CLIV.

3133 5930 3203 5986 31
