3862 6220
375 308 473 369 ili-'1

1647 313 2022 373 DEMETiiIl
2066 315 2375 379 CYDONII

3533 333 3632 395 97?.

372 424 610 478 debeant
665 425 820 479 adire
853 425 1120 492 pericula.
1159 423 1264 478 Sed
1299 433 1354 477 et
1407 425 1534 490 alia,
1567 435 1625 480 ut
1667 424 1794 495 quis
1828 425 1935 480 dili-

2061 430 2246 500 σχεδὸν
2277 433 2616 490 ταῦτ’ὲστίυ.
2660 438 2812 492 Ἐστι
2865 439 2924 492 δὲ
2956 440 3050 494 καὶ
3080 443 3217 496 ἄλλα
3249 443 3357 497 τῶν
3406 448 3628 516 ἀκριϐἐκ

374 515 595 584 gentius
620 514 876 568 adhibeat
905 514 1173 578 animum,
1217 514 1390 583 possit
1434 514 1637 585 dicere.
1671 514 1948 584 Quosnam

375 606 544 677 igitur
575 605 737 660 nobis
763 607 896 660 tales
942 608 1189 661 subsidio
1221 609 1612 663 accersemus?
1646 607 1946 674 Quasnam,

371 698 620 750 omnium
660 706 757 753 aut
811 697 1052 765 plurium
1106 715 1238 770 ergo
1291 700 1517 754 idoneos
1573 700 1948 768 antagonistas

372 789 792 858 reputabimus?
847 791 1188 858 Quibusnam
1249 792 1373 847 freti
1422 808 1524 847 nos
1568 793 1716 862 ipsos
1749 793 1944 846 crede-

370 882 533 936 mus?
586 883 641 939 Si
697 884 920 954 quidem
976 885 1122 938 enim
1182 885 1234 938 vi
1296 885 1668 940 calamitatum
1699 884 1946 955 perculsi

368 975 595 1030 omnino
622 974 928 1030 defecimus
972 976 1190 1042 animis,
1230 976 1366 1031 alios
1396 991 1626 1046 prorsus
1666 985 1948 1044 exspectat

365 1077 601 1137 tempus,
630 1069 798 1138 inque
853 1069 1102 1123 ordinem
1150 1069 1310 1124 nobis
1359 1083 1662 1140 congruum
1699 1078 1946 1126 vocatae

368 1162 535 1226 cogit.
575 1161 738 1215 Forte
764 1161 963 1230 aliquis
993 1160 1232 1232 Scythas
1259 1161 1426 1226 dicat,
1461 1163 1552 1230 qui
1588 1177 1689 1217 nec
1709 1163 1945 1232 amplius

369 1255 719 1316 conisistunt;
771 1255 976 1322 quique
1025 1255 1404 1320 nihilominus,
1435 1264 1492 1308 ut
1529 1257 1764 1323 possint,
1797 1254 1942 1309 haud

363 1363 494 1400 sane
521 1348 726 1411 velint;
766 1361 941 1414 neque
974 1356 1031 1399 ut
1080 1347 1272 1409 velint,
1309 1346 1456 1399 vires
1505 1346 1612 1399 sint
1655 1345 1940 1413 habituri,

363 1455 425 1493 ac
456 1440 655 1507 quibus
711 1431 1270 1514 auxiliimereedem,
1306 1453 1373 1491 ne
1407 1438 1554 1506 ipsos
1613 1450 1833 1492 nostros
1866 1438 1944 1492 la-

363 1531 520 1600 pides
570 1530 625 1584 in
669 1543 959 1601 argentum
997 1540 1239 1606 mutatos
1273 1529 1406 1584 satis
1452 1545 1572 1585 esse
1614 1529 1939 1598 pataverim.

360 1622 504 1688 Quin
581 1623 748 1676 audio
802 1623 870 1677 ab
927 1623 994 1676 iis
1044 1623 1324 1691 primum,
1365 1630 1636 1676 vastatum
1701 1635 1820 1675 esse
1877 1635 1941 1674 ac

359 1717 665 1772 desolatum
705 1726 956 1768 nostrum
990 1715 1190 1768 solum.
1229 1714 1434 1768 Eorum
1465 1714 1613 1768 enim
1645 1727 1739 1781 per
1765 1727 1939 1767 annos

359 1810 604 1879 singulos
643 1807 883 1862 millenis
947 1809 1142 1861 turmis
1196 1807 1562 1870 incursiones,
1591 1820 1715 1859 eum
1770 1805 1940 1859 urbes

359 1901 679 1956 hominibus
705 1916 904 1955 vacuas
930 1900 1319 1962 reddidissent.
1354 1915 1418 1954 ac
1461 1899 1814 1954 Tartarorum
1843 1914 1937 1954 so-

356 1995 574 2049 litudini
612 1995 820 2049 similes
865 1993 1204 2060 effecissent,
1243 1993 1438 2047 Turcis
1492 1993 1721 2048 liberam
1767 1993 1941 2048 facul-

357 2100 523 2145 tatem
566 2088 840 2152 feeerunt,
895 2097 1168 2142 uteorum
1224 2085 1484 2154 reliquias
1537 2101 1935 2155 persequeren-

355 2193 447 2238 tur
467 2224 483 2248 ,
510 2198 573 2236 ae
603 2183 645 2236 si
675 2195 886 2250 magna
926 2179 1107 2234 febres
1152 2195 1216 2233 ae
1246 2179 1422 2242 tabes,
1455 2189 1687 2233 mortem
1711 2188 1936 2233 antece-

354 2273 509 2326 dant.
537 2272 810 2325 Praeterea
842 2269 968 2339 quis
989 2285 1086 2323 eos
1141 2268 1539 2324 conciliaturus
1577 2277 1682 2333 est,
1709 2284 1773 2323 ac
1812 2283 1936 2322 sua-

354 2381 518 2421 surus
547 2373 606 2417 ut
643 2362 906 2418 oblivioni
936 2361 1174 2430 traditis,
1201 2361 1407 2431 quibus
1449 2376 1508 2417 se
1542 2371 1735 2416 mutuo
1775 2361 1933 2415 malis

353 2457 623 2521 afﬁciunt,
648 2456 819 2510 nostri
848 2469 1012 2509 causa
1037 2454 1368 2510 conveniant
1396 2453 1465 2508 ad
1488 2451 1934 2524 deliberandum?

351 2553 460 2607 Aut
494 2565 626 2619 ergo
674 2547 1044 2604 seditionibus
1100 2545 1300 2608 divisi,
1351 2561 1421 2601 ne
1467 2559 1526 2600 se
1579 2543 1678 2612 ipsi
1709 2545 1930 2614 quidem

347 2647 546 2717 juvare
597 2649 879 2713 poterunt,
915 2650 1013 2695 aut
1080 2648 1374 2708 antequam
1421 2637 1648 2693 omnino
1699 2651 1932 2694 concor-

351 2740 494 2793 diam
530 2737 737 2802 ineant,
772 2735 826 2788 in
863 2749 962 2787 nos
1008 2740 1256 2788 moturos
1281 2741 1608 2801 exspectare
1643 2730 1932 2788 debemus.

335 2829 462 2886 'Sed
495 2840 550 2885 et
607 2827 694 2883 his
727 2826 992 2894 exceptis,
1037 2840 1104 2880 ne
1141 2832 1359 2879 nostras
1393 2822 1613 2893 quidem
1645 2823 1930 2878 calamita-

359 2937 460 2990 tes,
491 2939 682 2979 eorum
742 2919 903 2974 video
951 2926 1366 2987 exspectaturas
1404 2915 1692 2970 auxilium.
1744 2914 1929 2980 Quan-

355 3035 518 3090 quam
545 3013 690 3070 «ιιὶἰιιι
721 3028 871 3069 nunc
908 3013 1028 3082 ipso
1055 3009 1145 3064 die
1193 3009 1402 3065 electos
1428 3009 1634 3077 legatos
1656 3007 1928 3076 proticisei

2056 541 2245 594 στερον
2283 530 2668 600 προσεχόντων
2708 534 2819 596 τοῖς
2880 536 3205 604 πράγμασιν
3234 537 3306 592 ἂν
3345 530 3634 608 εἰρημένα.

2052 616 2216 682 Τίνας
2243 621 2422 674 τοίνυν
2446 622 2728 687 τοιούτους
2754 626 2892 696 ὑπὲρ
2917 627 3025 681 τῶν
3056 629 3345 698 ἡμετέρων
3374 636 3635 701 πραγμά-

2051 727 2158 763 των
2189 713 2525 784 καλέσομενς
2579 719 2746 780 Τίνας
2788 723 3008 775 πάντων
3059 723 3090 793 ἢ
3124 724 3233 777 τῶν
3263 742 3332 792 γε
3365 726 3636 779 πλείστων

2049 802 2211 855 ἕνεκα
2237 805 2535 875 νομιοῦμεν
2560 807 2858 879 ἀξιόχρεως
2889 813 3299 883 ἀνταγωνιστάς
3326 834 3340 880 ;
3383 817 3507 868 Τίσι
3533 817 3636 886 χρὴ

2032 891 2388 965 ’θαρῤοὖντας
2421 899 2569 968 ἡμᾶς
2619 902 2816 967 αὐτοὺς
2847 905 3212 975 ὲγχειρίζεινς
3243 908 3308 960 Εἰ
3337 908 3636 977 γᾶρήμεῖς

2047 987 2233 1052 ἁπλῶς
2252 989 2389 1059 πρὸς
2409 994 2507 1054 τὰς
2522 999 2806 1065 συμφορὰς
2831 999 3280 1066 καταπλαγέντες
3307 999 3503 1070 ἐξέστη
3515 1019 3638 1070 μεν,

2049 1077 2266 1142 πάντως
2298 1080 2526 1152 ἑτέρους
2583 1087 2611 1137 ό
2665 1086 2855 1155 καιρὸς
2891 1089 3205 1158 περιμένει,
3233 1091 3342 1143 καὶ
3389 1093 3474 1153 είς
3539 1093 3641 1158 τὴν

2043 1171 2179 1239 ,ἡμῖν
2235 1175 2622 1244 προσήκουσαν
2663 1178 2818 1244 τάξιν
2868 1181 3047 1235 καλεῖ.
3107 1181 3326 1241 Σκύθας
3362 1199 3448 1244 τις
3503 1184 3640 1246 ἴσως

2047 1262 2184 1332 ἐρεῖ,
2218 1264 2344 1328 τοὺς
2367 1266 2548 1320 οὐκέτ’
2577 1268 2761 1336 ὄντας,
2793 1271 2891 1325 καὶ
2920 1274 3048 1334 τοὺς
3093 1273 3194 1342 οὐχ
3224 1269 3410 1343 ἦττον,
3463 1277 3516 1327 εί
3551 1277 3642 1328 δῦ-

2046 1372 2249 1422 ναιντο,
2289 1360 2362 1429 μὴ
2399 1358 2862 1432 βουλησομένους,
2915 1364 2947 1435 ἢ
2993 1366 3066 1437 μὴ
3125 1367 3561 1437 δδνησομένους,
3589 1373 3645 1422 εἰ

2039 1448 2342 1518 βούλοιντο,
2372 1453 2468 1506 καὶ
2497 1448 2579 1516 οἷς
2611 1456 2708 1524 τῆς
2735 1456 2990 1527 βοηθείας
3023 1458 3238 1526 μισθὸν,
3269 1460 3382 1512 οὐδ’
3409 1460 3480 1513 ἂν
3503 1463 3646 1522 τοὺς

2048 1543 2178 1611 παρ’
2213 1546 2344 1612 ἡμῖν
2379 1545 2559 1609 λίθους
2591 1543 3093 1619 ἐξαργυρισθέντας
3117 1553 3350 1622 ἀρκέσαι
3385 1554 3642 1623 inplicta;

2059 1632 2202 1685 Ἀλλ’
2227 1633 2330 1686 ὑπὸ
2363 1636 2570 1690 τούτων
2621 1638 2838 1708 πρῶτον
2874 1639 3058 1695 ἀκούω
3114 1643 3215 1710 τὴν
3243 1644 3432 1714 χώραν
3472 1647 3648 1715 ἡμῶν

2048 1721 2350 1776 ἀνάστατον
2391 1725 2739 1795 γεγενῆσθαι.
2768 1730 2839 1782 Δί
2865 1732 2973 1800 γὰρ
2997 1731 3108 1784 τῶν
3134 1735 3265 1801 παρ’
3295 1736 3486 1798 αὐτοῖς
3536 1754 3648 1805 μυ-

2046 1811 2290 1882 ριάρχων
2322 1815 2446 1868 καθ’
2498 1817 2732 1872 ἕκαστον
2777 1821 2897 1883 ἔτος
2932 1822 3180 1892 ἐμϐολαὶ,
3225 1826 3506 1894 σωμάτων
3542 1830 3646 1891 τὰς

2043 1903 2225 1966 πόλεις
2257 1904 2588 1973 κενῶσασαι,
2623 1910 2716 1963 καὶ
2765 1913 2864 1979 τὴν
2901 1913 3127 1967 Σκυθῶν
3157 1915 3394 1986 ἐρημίαν
3429 1921 3644 1984 αὐταῖς

2042 1992 2351 2062 περιθεῖσαι
2377 2035 2390 2060 ,
2443 1998 2782 2068 παρέσχοντο
2813 2005 2926 2065 τοῖς
2974 2004 3241 2074 Τούρκοις
3270 2007 3459 2061 ἄδειαν
3520 2015 3646 2075 τοῖς

2042 2087 2266 2140 ἐκείνων
2316 2088 2588 2158 λειψάνοις
2631 2094 2980 2157 ὲπεξελθεῖνο
3026 2098 3220 2170 ὥσπερ
3251 2101 3514 2171 σώματος
3555 2122 3647 2158 τεο

2040 2177 2257 2245 λευτῆς,
2309 2182 2564 2251 πυρετῶν
2623 2188 2937 2260 μεγάλωνῆ
2991 2191 3165 2261 φθόης
3223 2195 3638 2264 ἡγησαμένων.

2046 2270 2253 2333 ’Ἄλλως
2289 2289 2346 2325 τε
2379 2274 2458 2337 τίς
2488 2275 2516 2327 ὁ
2548 2275 2852 2343 διαλλαξων
2889 2282 3110 2347 αὐτοὺς,
3152 2286 3250 2339 καὶ
3279 2288 3521 2352 πείσων,
3566 2287 3646 2346 ὧν

2038 2365 2301 2434 ἀλλήλους
2361 2367 2683 2432 κακίζουσιν
2712 2382 2725 2393 ’
2746 2373 3180 2445 ἐπιλαθομένους
3203 2418 3216 2442 ,
3282 2379 3425 2450 ὑπὲρ
3463 2385 3647 2454 ἡμῶν

2039 2456 2390 2522 συνελθόντας
2447 2460 2846 2532 βουλεύεσθαις
2900 2469 2970 2520 Ἦ
3001 2469 3182 2523 τοίνυν
3234 2476 3646 2540 στασιάζοντα

2036 2547 2148 2601 οὐδ’
2177 2548 2359 2613 αὑτοῖς
2403 2551 2590 2616 ἕξουσι
2630 2554 2872 2626 βοηθεῖν,
2922 2559 2953 2627 ἦ
2988 2561 3119 2632 πρὶν
3170 2563 3436 2632 καθαρῶς
3496 2571 3647 2635 ὁμο-

2036 2641 2250 2708 νοῆσαι,
2274 2642 2359 2710 ἐφ’
2388 2645 2536 2713 ἡμᾶς
2558 2647 2754 2712 αὐτοὺς
2783 2651 2939 2717 ἥξειν
2964 2655 3067 2721 χρὴ
3097 2655 3425 2726 προσδοκᾷν.
3446 2658 3647 2729 Χωρτς

2035 2734 2090 2786 δὲ
2126 2736 2333 2790 τούτων
2385 2739 2506 2792 οὐδὲ
2538 2741 2639 2801 τὰς
2689 2742 2964 2813 ἡμετέρας
3005 2749 3297 2817 συμφορὰς
3343 2751 3448 2821 τὴν
3503 2757 3650 2824 παρ’

2038 2829 2262 2884 ἐκείνων
2291 2830 2546 2901 βοήθειαν
2604 2835 2982 2902 ἀναμενούσας
3021 2841 3150 2908 ὁρῶ.
3185 2841 3251 2894 Ei
3285 2844 3396 2913 γάρ
3446 2849 3640 2920 αὖθηο

2040 2924 2208 2991 μερὶιν
2240 2923 2368 2986 τοὺς
2417 2925 2678 2994 πρέσϐεις
2718 2932 3194 2999 χειροτονήσαντες
3224 2936 3638 3010 ἀναγκάζομεν

2035 3014 2260 3082 ἐξιέναι,
2311 3016 2469 3086 μόλις
2515 3019 2599 3081 είς
2625 3021 2852 3074 τούπιὸν
2891 3021 3313 3095 ἔτος-ἀρξόμεθα
3355 3031 3463 3098 τὴν
3494 3051 3645 3103 sup-

351 3108 760 3178 compellimus.
807 3104 897 3156 vix
933 3116 1078 3156 anno
1126 3099 1379 3169 sequenti
1428 3098 1700 3167 incepturi
1742 3111 1932 3151 sumus

2045 3107 2242 3177 μαχίαν
2294 3109 2556 3174 ἐλπίζειν.
2597 3113 2759 3182 Ἡμῖν
2788 3115 2834 3168 δ’
2877 3117 2944 3169 ἂν
2986 3117 3062 3187 μὴ
3101 3117 3293 3172 τούτου
3334 3123 3435 3175 τοῦ
3466 3098 3642 3194 μετο-

355 3209 675 3271 exspectare
727 3195 1020 3250 auxilium.
1065 3193 1161 3246 Sin
1211 3200 1394 3246 autem
1437 3191 1580 3244 Deus
1633 3191 1802 3244 hocce
1836 3204 1934 3241 au-

360 3309 551 3350 tumno
583 3290 845 3346 auxilium
877 3303 987 3342 non
1014 3287 1214 3352 mittat,
1242 3284 1397 3340 scitis
1419 3297 1610 3337 omnes
1641 3282 1694 3335 in
1719 3291 1934 3350 quantae

318 3384 698 3457 ‘tempestatis
735 3381 1023 3452 procinctu
1069 3381 1262 3434 simus.
1292 3378 1496 3439 Taceo,
1527 3375 1673 3446 quod
1712 3391 1812 3429 nec
1855 3375 1932 3428 illi

354 3497 592 3552 unquam
629 3475 932 3533 adducendi
965 3482 1202 3538 sunt,-u~t
1231 3472 1398 3526 velint
1427 3471 1478 3523 in
1505 3467 1930 3524 Turcosliellum

352 3576 636 3646 suscipere
661 3612 675 3635 .
703 3569 956 3624 homines
987 3565 1165 3637 impii,
1200 3566 1416 3636 piorum
1453 3578 1643 3628 causa,
1671 3561 1935 3615 adversus

351 3684 448 3721 eos
477 3667 680 3735 quibus
720 3663 859 3716 mala
885 3659 1076 3716 eadem
1111 3657 1421 3712 communia
1454 3656 1584 3710 sint.

424 3760 715 3813 [Enimvero
756 3754 904 3809 dicat
937 3752 1165 3806 forsitan
1195 3748 1374 3804 obiter
1421 3746 1695 3817 quispiam
1725 3746 1933 3813 :Quid-

356 3868 482 3906 nam
516 3852 568 3904 in
603 3848 764 3920 Mysis
800 3861 863 3901 ac
897 3842 1134 3898 Tribalis
1162 3840 1375 3895 causari
1408 3839 1634 3901 habeas,
1661 3839 1934 3894 similibus

356 3945 520 4000 nobis
571 3939 913 4002 hominibus,
945 3951 1009 3989 ac
1059 3935 1171 3988 Deo
1223 3932 1480 3997 addictis,
1533 3931 1738 4000 quique
1797 3932 1936 3985 mul-

358 4053 408 4095 ta
437 4037 725 4092 nobiscum
759 4031 947 4085 multis
976 4025 1367 4082 occasionibus
1384 4023 1602 4094 negotia
1640 4023 1931 4092 gesserint,

356 4147 461 4186 nec
502 4129 611 4184 sint
650 4124 843 4196 procul
879 4121 1079 4185 dissiti,
1113 4129 1172 4174 ut
1228 4117 1462 4172 multum
1493 4117 1685 4185 legatis
1723 4127 1935 4186 tempus

357 4224 566 4280 mutuis
606 4215 1059 4289 responsionibus
1111 4211 1496 4268 insumendum
1531 4211 1638 4266 sit?
1672 4209 1933 4282 Equidem

358 4316 494 4370 nihil
527 4323 718 4368 conitra
765 4322 1123 4381 opponerent,
1179 4320 1466 4374 essemque
1517 4304 1694 4358 libens
1734 4311 1790 4358 et
1819 4303 1936 4372 ipse

356 4421 701 4470 assensurus,
728 4413 794 4456 -ut
826 4402 980 4466 viris,
1025 4415 1128 4454 una
1166 4413 1291 4452 cum
1323 4397 1549 4466 pietate,
1589 4409 1654 4450 ac
1691 4408 1758 4449 eo
1782 4393 1934 4463 quod

2037 3197 2224 3267 πώρου
2269 3198 2529 3270 βοήθειαν
2561 3204 2588 3254 ό
2619 3202 2753 3268 Θεὸς
2779 3206 3091 3277 ὲπιπέμψῃ,
3126 3208 3240 3261 ἴστε
3272 3214 3478 3276 πάντες
3519 3214 3641 3269 οἷον

2037 3290 2428 3362 προσδοκῶμεν
2480 3294 2746 3364 χειμῶνα.
2789 3298 2900 3352 Καὶ
2929 3302 3253 3370 παραλείπω
3299 3306 3359 3357 τὸ
3393 3307 3527 3375 μηδ’
3569 3311 3638 3362 ἄν

2036 3381 2154 3432 ποτ’
2181 3383 2424 3447 ἐκείνους
2457 3387 2598 3457 ὑπὲρ
2629 3388 2788 3458 ἡμῶν
2820 3392 3144 3460 προελέσθαι
3171 3395 3485 3467 πολεμῆσαι
3514 3404 3635 3462 τοῖς

2037 3472 2334 3544 Τούρκοιςο
2381 3478 2706 3548 ἀνθρώπους
2755 3483 2973 3548 ἀσεϐεῖς
3030 3487 3171 3558 ὑπὲρ
3208 3488 3458 3543 εὐσεΰῶν
3513 3498 3633 3556 τοῖς

2036 3565 2144 3617 τῶν
2175 3566 2378 3636 ὁμοίων
2410 3570 2592 3634 αὐτοῖς
2616 3578 3050 3647 κεκοινωνηκόσι
3082 3582 3288 3634 κακῶν.

2108 3745 2173 3798 Τί
2201 3747 2246 3800 δ’
2282 3749 2350 3802 ἂν
2395 3749 2539 3822 ἔχοις
2591 3754 2812 3820 Μυσοὺς
2873 3759 2967 3812 καὶ
3007 3760 3316 3831 Τριδαλοὺς
3343 3769 3626 3834 αἰτιᾶται,

2038 3840 2326 3910 παρελθών
2372 3861 2454 3906 τις
2485 3842 2615 3908 ἴσως
2643 3847 2778 3916 ἐρεῖ,
2827 3849 3149 3919 ἀνθρώπους
3199 3857 3427 3924 ὁμοίους
3465 3862 3627 3930 ἡμῖν,

2037 3933 2132 3984 καὶ
2165 3932 2243 4003 τῷ
2281 3933 2400 4004 Θεῷ
2433 3941 2890 4007 προσκειμένους,
2926 3945 3017 3996 καὶ
3057 3946 3270 3999 πολλῶν
3311 3949 3372 4001 ὲν
3405 3951 3630 4016 πολλοῖς

2037 4025 2248 4090 καιροῖς
2282 4026 2624 4094 πραγμάτων
2657 4032 3126 4100 κεκοινωνηκότας
3154 4036 3312 4104 ἡμῖν,
3345 4040 3448 4091 καὶ
3485 4041 3628 4111 μηδέ

2037 4115 2228 4182 πόρρω
2263 4115 2676 4186 διῳκισμένους,
2725 4117 2865 4172 ὥστε
2907 4123 3102 4190 χρόνου
3163 4125 3275 4180 δεῖν
3325 4132 3447 4193 τοῖς
3496 4133 3630 4202 παρ’

2038 4205 2283 4275 ἀλλήλων
2319 4209 2584 4277 πρέσϐεσι
2619 4211 2755 4279 πρὸς
2802 4213 2898 4273 τὰς
2934 4214 3290 4287 ἀποκρίσεις;
3319 4221 3505 4276 οὐδὲν
3535 4219 3623 4275 εἷο

2040 4315 2139 4350 πον
2193 4299 2276 4362 Ξιν,
2306 4301 2442 4354 ἀλλὰ
2469 4304 2561 4356 καὶ
2593 4303 2757 4366 αὐτὸς
2799 4306 2864 4359 ἂν
2905 4311 3193 4372 συνεῖπον,
3246 4314 3300 4364 εί
3343 4315 3504 4381 μετὰ
3526 4316 3620 4381 τῆς

2039 4393 2339 4456 εὐσεϐείας,
2380 4396 2474 4448 καὶ
2503 4395 2597 4450 τοῦ
2631 4400 2940 4468 γιωρίμους
2965 4403 3097 4470 ἡμῖν
3127 4399 3294 4468 εἶναι,
3330 4408 3432 4458 καὶ
3456 4408 3616 4460 τᾶλλα

360 4508 520 4553 notos
579 4497 898 4556 habeamus;
927 4493 1138 4560 reliqua
1192 4497 1566 4560 suppeterent,
1592 4503 1714 4556 qua:
1758 4486 1824 4540 iis
1855 4486 1926 4538 in~

2043 4487 2151 4546 τοῖς
2198 4487 2422 4554 ἀνδράσι
2482 4488 2715 4558 προσῆν,
2765 4489 2839 4542 ὢν
2881 4495 3127 4559 μετεῖναι
3169 4495 3285 4547 δεῖν
3332 4499 3456 4562 τοῖς
3488 4501 3618 4568 ὑπὲρ

359 4595 489 4654 sint,
523 4591 762 4646 diximus
805 4595 1080 4658 oportere,
1113 4584 1206 4648 qui
1280 4599 1377 4652 pro
1429 4581 1589 4635 nobis
1643 4577 1934 4649 pugnaturi

356 4694 505 4741 sunt.
535 4683 676 4739 Sane
726 4681 950 4752 quidem
1005 4680 1125 4748 pios
1173 4685 1390 4746 Oportet
1451 4689 1514 4727 ac
1568 4672 1755 4726 lideles
1787 4687 1930 4734 esse,

353 4783 451 4849 qui
491 4776 694 4832 bellum
753 4772 950 4828 sociale
989 4767 1181 4824 inituri
1228 4776 1391 4829 sunt,
1442 4778 1605 4834 quam
1640 4773 1699 4816 ut
1748 4763 1932 4817 dotem

353 4870 618 4938 excipias,
652 4867 829 4937 majus
880 4864 946 4917 ab
975 4862 1056 4916 eis
1105 4860 1366 4914 damnum
1410 4856 1654 4911 futurum
1689 4869 1934 4924 pronun-

350 4966 646 5034 tio,quam
698 4961 745 5014 si
798 4958 975 5028 palam
1040 4956 1226 5009 hostes
1277 4950 1604 5007 exstiterint.
1632 4949 1776 5004 Satis
1801 4963 1934 5002 vero

353 5074 474 5113 esse
499 5059 755 5111 virtutem
788 5054 856 5106 ad
910 5051 1125 5122 negotia
1179 5047 1476 5118 proposita,
1509 5045 1651 5100 haud
1692 5058 1930 5112 unquam

353 5152 558 5216 dicam,
592 5144 697 5200 nisi
743 5143 868 5213 quis
910 5142 1024 5197 Deo
1052 5141 1415 5196 constitutum
1447 5138 1600 5200 velit,
1633 5135 1932 5220 utinsolita

355 5255 454 5292 nos
487 5237 700 5291 ratione
729 5248 793 5288 ac
823 5231 1072 5301 prodigio
1103 5230 1284 5284 salvos
1307 5229 1470 5284 faciat
1495 5244 1507 5281 :
1537 5227 1671 5295 quin
1705 5237 1930 5280 necesse

357 5332 593 5398 aﬂirmo,
621 5336 679 5382 ut
709 5325 1006 5396 quidquam
1039 5324 1272 5378 velimus
1326 5321 1507 5377 socios
1531 5321 1748 5390 juvare,
1774 5333 1930 5372 com-

355 5428 594 5471 meatum
632 5416 798 5471 alium
835 5415 900 5468 ad
963 5413 1162 5467 bellum
1213 5423 1526 5482 suppetere.
1563 5410 1720 5487 i‘lune
1749 5421 1929 5462 autem

350 5522 539 5561 earum
579 5509 825 5578 gentium
861 5515 1244 5575 paupertatem
1291 5503 1608 5573 conspicitis
1628 5543 1643 5568 ,
1670 5513 1837 5572 utque
1862 5515 1932 5555 ne

351 5602 498 5668 apud
526 5617 583 5654 se
606 5600 830 5669 quidem
879 5599 1199 5653 sedentibus
1232 5613 1298 5654 ac
1325 5596 1548 5667 quietis,
1583 5595 1932 5650 necessarius

353 5699 692 5760 commeatus
739 5691 850 5742 sit:
879 5699 936 5742 ut
979 5690 1109 5743 item
1143 5689 1249 5743 levi
1289 5687 1578 5743 occasione
1628 5685 1788 5740 facile
1822 5686 1931 5739 sol-

355 5786 481 5831 vant
518 5790 640 5844 quae
669 5778 783 5830 visa
834 5787 1011 5844 erant,
1057 5780 1280 5848 ipsaque
1319 5778 1454 5834 adeo
1499 5779 1543 5835 si
1583 5792 1690 5847 qua
1721 5779 1927 5848 jureju-

2040 4578 2196 4648 ἡμῶν
2243 4580 2667 4649 ἀγωνιουμένοις
2717 4583 2998 4653 ἐλέγομεν.
3051 4586 3308 4650 Εὑσεϐεῖς
3367 4591 3480 4660 μὲν
3515 4594 3616 4660 γὰρ

2039 4669 2284 4725 εἶναιδεῖ
2316 4675 2442 4737 τοὺς
2473 4676 2596 4743 μεθ’
2625 4677 2782 4746 ήμῶν
2815 4678 3327 4748 παραταξαμένους,
3361 4687 3461 4737 καὶ
3505 4687 3619 4737 τού-

2037 4782 2128 4817 του
2157 4765 2328 4834 χωρὶς
2358 4765 2529 4834 μείζω
2557 4769 2698 4836 φημὶ
2724 4768 2825 4839 τὴν
2856 4773 2988 4839 παρ’
3017 4771 3200 4823 αὐτῶν
3237 4772 3469 4827 ἔσεσθαι
3495 4775 3615 4844 βλά-

2039 4855 2220 4925 6ην,ἢ
2271 4857 2318 4908 εἰ
2349 4857 2600 4926 φανερῶς
2648 4858 2974 4929 ἐπολέμουν.
3019 4863 3234 4931 ’Δρκεῖν
3274 4863 3334 4917 δὲ
3363 4867 3510 4936 πρὸς
3554 4867 3613 4919 τά

2039 4948 2286 5014 παρόντα
2319 4947 2416 5018 τὴν
2446 4948 2650 5018 ἀρετὴν
2678 4949 2884 5022 ταύτην
2912 4953 3013 5005 οὐκ
3044 4954 3111 5006 ἂν
3137 4953 3378 5024 εἴποιμι,
3415 4957 3520 5021 ἕως
3554 4959 3612 5011 ἂν

2041 5041 2116 5109 μὴ
2152 5039 2303 5108 παρὰ
2356 5040 2516 5104 δόξαν
2567 5043 2595 5093 ὁ
2629 5041 2766 5104 Θεὸς
2817 5045 2970 5113 ἡμᾶς
3017 5044 3212 5109 σώζειν
3255 5046 3462 5121 ἐθέλῃν
3507 5049 3611 5102 ἀλλ’

2037 5131 2272 5202 ἀνάγκη,
2333 5133 2429 5184 καὶ
2477 5131 2613 5186 ἄλλα
2647 5133 2818 5187 πολλὰ
2859 5135 2996 5204 πρὸς
3054 5136 3146 5189 τὸν
3183 5137 3432 5209 πόλεμον
3478 5141 3609 5211 ἔχειν

2037 5223 2511 5295 πλεονεκτήματα,
2556 5226 2602 5277 εἰ
2635 5226 2889 5295 ,μέλλοιεν
2913 5228 3154 5298 ὠφελεῖν
3203 5231 3330 5294 τοὺς
3393 5234 3604 5304 suppi-

2036 5318 2184 5384 χοῦς.
2220 5315 2357 5369 Νυνὶ
2383 5317 2426 5370 δ’
2461 5319 2619 5387 ὁρᾶτε
2651 5320 2750 5388 τὴν
2775 5321 2886 5374 τῶν
2918 5320 3089 5376 ἐθνῶν
3143 5323 3351 5376 τούτων
3404 5328 3602 5390 πενίαν,

2037 5409 2128 5460 καὶ
2164 5409 2236 5468 ὼς
2273 5408 2382 5462 οὐδ’
2413 5410 2576 5463 αὑτοῦ
2619 5429 2722 5464 που
2765 5413 3096 5483 καθημένοις
3148 5415 3411 5483 ἀρκεῖτᾶ
3463 5419 3600 5471 ὂντα·

2036 5502 2130 5552 καὶ
2162 5499 2235 5559 ὡς
2271 5503 2444 5570 μικρᾷ
2475 5504 2746 5570 προφάσει
2779 5504 3041 5560 λύειν-οὐκ
3064 5506 3284 5562 ὀκνοῦσι
3351 5513 3421 5564 τὰ
3457 5516 3599 5580 ἔγνω

2038 5593 2242 5662 σμένα·
2283 5594 2564 5660 μᾶλλονδὲ
2597 5598 2663 5666 τα
2701 5599 3099 5667 όμωμοσμένα.
3142 5601 3512 5673 ’Υπερορὲορς
3557 5606 3626 5654 δὲ.

2038 5692 2325 5760 στρατείας
2349 5692 2430 5751 τίς
2451 5692 2592 5759 ἔγνω
2619 5695 2835 5758 τούτους
2859 5699 3368 5767 εστρατευμένουςς
3409 5703 3600 5768 μᾶλλον

2034 5783 2090 5835 δὲ
2119 5784 2202 5845 τίς
2234 5785 2368 5846 ὅλως
2404 5787 2582 5838 αὐτῶν
2627 5805 2757 5840 ποτε
2786 5790 2976 5859 μνήμη
3026 5789 3246 5860 γέγονεν
3282 5795 3340 5844 ἐν
3371 5794 3447 5860 τ-ῖι
3473 5793 3598 5859 βιῳς
