3862 6220
320 379 380 437 ξιτ
390 375 424 438 3

1319 380 1602 442 ORATIO
1645 382 1795 443 PRO
1841 385 2204 446 SUBSIDIO
2247 386 2725 450 LATINORUM.

3479 389 3585 448 974

315 499 372 551 οῖ
400 513 486 564 γε,
527 496 575 546 εί
607 495 681 565 μὴ
722 496 814 550 καὶ
870 496 1024 549 αὐτοὶ
1057 487 1174 560 ταῖς
1229 497 1530 568 ἡμετέραις
1586 504 1892 570 συμφοραῖς

2001 505 2171 558 rando
2223 503 2710 559 lirmaverant.Adv
2755 515 3012 560 externas
3061 513 3246 559 autem
3281 508 3588 576 expeditio-

319 590 725 658 ἀπεχρήσαντο,
759 589 852 641 καὶ
879 589 978 658 τὴν
1010 588 1144 660 πρὸς
1182 589 1308 654 τοὺς
1343 589 1651 662 βαρϐάρους
1675 593 1898 658 τούτους

316 680 577 750 ἀσχολίαν
603 679 919 745 πλεονεξίας
958 679 1150 749 καιρὸν
1184 681 1550 750 ἡγησάμενοι,
1585 684 1756 738 πολλά
1787 685 1898 737 τῶν

312 771 599 839 ἡμετέρων
653 770 1038 839 παρέσπασαν,
1097 772 1190 824 καὶ
1219 772 1312 824 νῦν
1343 773 1430 836 ἂν,
1464 772 1654 844 ὥσπερ
1692 778 1786 829 καὶ
1838 780 1898 830 τὸ

310 863 598 932 πρότερον,
631 861 734 915 ὑπὸ
764 865 854 916 τὸν
887 865 1156 933 ἡμέτερον
1178 863 1343 930 ζυγὸν
1373 862 1510 928 ἔζων
1532 883 1544 893 ·
1575 868 1670 920 καὶ
1697 867 1895 920 δεσπό-

306 974 408 1018 τας
445 956 590 1024 ἡμᾶς
625 956 764 1025 μετά
798 956 906 1007 τῶν
937 955 1116 1010 ἄλλων
1145 955 1344 1026 ᾔδεσαν
1376 957 1490 1010 ’καὶ
1527 957 1679 1010 αὐτοί
1699 973 1713 988 ’
1751 957 1780 1011 ὃ
1804 959 1898 1011 καὶ

309 1049 516 1118 μᾶλλον
537 1047 866 1113 δεδοικότας,
893 1047 956 1100 οὔ
987 1048 1117 1101 ποτέ
1157 1065 1299 1116 φημι
1341 1048 1568 1112 τούτους
1610 1050 1895 1121 λυσιτελή-

308 1158 428 1194 σειν
463 1142 621 1209 ἡμῐν.
657 1139 834 1193 Ἰσασι
873 1139 1005 1208 γὰρ,
1035 1141 1103 1193 ἂν
1126 1140 1195 1193 τὰ
1227 1141 1412 1194 δίκαια
1451 1143 1662 1211 κρίνειν
1696 1142 1897 1196 ἐθέλω-

309 1250 420 1298 σιν,
445 1233 524 1294 ὡς
571 1231 744 1285 πολλά
797 1232 904 1286 τῶν
954 1233 1244 1304 ἡμετέρων
1273 1235 1578 1304 κατέσχον,
1631 1234 1742 1287 τῶν
1791 1251 1900 1288 κω·

304 1325 546 1379 λυόντων
575 1324 676 1377 οὐκ
700 1323 870 1378 ὄντων
892 1339 908 1356 ⁸
940 1318 1014 1379 ὧν
1046 1326 1182 1395 πρὸς
1213 1325 1409 1391 ἄλλους
1437 1327 1534 1396 μὲν
1563 1327 1596 1397 ἡ
1606 1328 1720 1394 μῶν
1751 1326 1899 1396 ἐχόν-

304 1435 421 1472 των
445 1417 538 1469 τὸν
569 1415 715 1482 νοῦν,
749 1417 929 1486 κύριοι
968 1413 1282 1484 νομίζουσιν
1307 1420 1525 1473 ἔσεσθαι
1556 1435 1570 1448 ·
1623 1420 1897 1473 ἀναπνεύ-

308 1529 439 1575 cast
457 1512 541 1574 δὲ,
576 1511 725 1564 πᾶσα
751 1509 966 1580 ἀνάγκη
996 1509 1028 1580 ἢ
1064 1512 1382 1576 ἀποδοῦναι,
1414 1513 1447 1580 ἢ
1475 1511 1630 1565 τούτο
1660 1513 1736 1581 μὴ
1770 1512 1896 1580 βου·

302 1602 588 1670 λομένους,
643 1604 949 1673 πράγματα
979 1601 1146 1672 ἔχειν,
1199 1604 1296 1655 καὶ
1347 1604 1584 1667 πόλεμον
1610 1604 1893 1670 δέξασθαι,

239 1690 242 1692 ’
304 1696 560 1764 καὶπερὶ
597 1693 708 1746 τῶν
737 1693 798 1758 ἐξ
845 1695 1018 1765 ἀρχῆς
1049 1694 1484 1758 κινδυνεύοντας.
1517 1693 1736 1748 Οὔκουν
1774 1696 1898 1765 βού-

302 1787 471 1840 λοιντ’
504 1787 570 1840 ἂν
612 1789 696 1850 είς
750 1787 850 1850 τὰς
897 1786 1069 1857 τύχης
1121 1788 1346 1858 ἀδηλίας
1406 1789 1737 1858 ὲμπίπτειν’
1805 1789 1896 1842 καὶ

2006 611 2123 660 nes,
2149 596 2273 666 quis
2319 611 2417 651 eos
2477 598 2629 651 novit
2674 596 2976 652 eduxisse?
3004 596 3137 666 quin
3169 597 3413 663 omnino,
3465 615 3586 668 qua:

2003 701 2194 741 eorum
2225 702 2465 756 unquam
2517 688 2784 742 memoria
2842 687 2947 742 fuit
2989 688 3042 742 in
3093 687 3340 743 szeculo?
3369 690 3460 758 qui
3504 689 3588 743 ni-

2004 779 2226 839 mirum.
2257 778 2361 832 nisi
2393 789 2447 833 et
2485 779 2592 848 ipsi
2649 780 2853 834 nostris
2907 779 3220 835 infortuniis
3274 781 3455 842 abusi,
3492 797 3589 835 no-

2002 877 2283 939 stramque
2355 885 2479 923 cum
2557 870 2811 926 Barbaris
2866 874 3323 941 occupationem,
3363 873 3586 942 injuria:

2005 970 2218 1029 tempus
2266 964 2390 1024 rati,
2445 963 2612 1016 multa
2665 979 2696 1017 e
2739 964 2944 1017 nostris
2993 965 3410 1029 abstraxissem,
3439 981 3586 1019 nunc

2002 1069 2242 1124 quoque,
2284 1057 2359 1108 uti
2396 1056 2571 1123 prius,
2605 1063 2795 1110 nostro
2844 1057 3094 1111 viverent
3117 1057 3248 1127 jugo
3301 1057 3583 1126 mancipa-

2002 1147 2079 1211 ti,
2108 1162 2315 1217 nosque
2367 1149 2643 1213 dominos,
2679 1163 2786 1202 una
2843 1165 2967 1202 cum
3005 1149 3147 1214 aliis,
3195 1151 3299 1219 ipsi
3359 1165 3580 1219 quoque

2000 1238 2228 1304 scirent,
2265 1254 2404 1308 quos
2425 1255 2520 1293 eos
2579 1240 2762 1307 potius
2794 1230 3122 1306 metuentes,
3155 1240 3296 1294 haud
3340 1255 3580 1309 unquam

2003 1330 2206 1384 nostris
2257 1330 2424 1384 rebus
2458 1330 2633 1383 dicam
2695 1331 3062 1385 consulturos.
3100 1330 3295 1385 Sciunt
3327 1331 3474 1385 enim
3524 1340 3585 1384 ut

1994 1420 2412 1491 justajudicare
2444 1420 2635 1482 velint,
2678 1420 2850 1474 multa
2892 1435 2923 1474 e
2954 1420 3156 1475 nostris
3189 1421 3391 1492 injuria
3417 1435 3586 1476 occu-

1999 1529 2178 1584 passe.
2213 1531 2337 1568 cum
2371 1514 2506 1567 nulli
2541 1523 2725 1568 essent
2760 1516 2850 1584 qui
2902 1514 3259 1584 prohiberent
3290 1531 3304 1567 :
3346 1529 3582 1584 quorum

2001 1622 2058 1660 se
2115 1605 2372 1661 dominos
2425 1606 2541 1661 fore
2596 1606 2955 1672 arbitrantur,
3009 1608 3139 1662 dum
3205 1607 3308 1678 ipsi
3361 1608 3583 1663 interim

2000 1697 2124 1753 aliis
2175 1698 2516 1752 intendimus
2563 1699 2828 1753 animum.
2885 1699 2978 1754 Sin
3059 1709 3243 1754 autem
3309 1701 3585 1770 respirare

2002 1789 2307 1858 contingat,
2363 1788 2734 1843 necessarium
2779 1789 3026 1854 omnino,
3073 1797 3133 1843 ut
3183 1797 3278 1844 aut
3321 1789 3585 1852 reddant,

303 1879 486 1949 παρὸν
511 1878 835 1948 κερδαίνειν,
863 1878 1282 1948 ἀναγκασθῆναι
1315 1896 1446 1955 πρτε
1501 1880 1596 1932 καὶ
1624 1879 1733 1933 τῶν
1761 1880 1892 1933 ίδίωι

2009 1889 2103 1934 aut
2133 1880 2236 1967 nisi
2274 1877 2456 1936 velint.
2499 1880 2714 1948 negotia
2767 1880 3025 1944 habeant,
3056 1896 3120 1934 ac
3169 1881 3372 1936 bellum
3416 1880 3591 1934 susci-

303 1969 667 2040 ἀφίστασθαι.
715 1968 878 2022 Ἀλλά
903 1970 1001 2041 τὴν
1031 1971 1311 2042 ἡμετέραν
1359 1974 1747 2043 κακοπραγίαν
1781 1976 1891 2025 τεῖ-

303 2081 399 2132 χος
434 2063 616 2126 αὐτοῖς
646 2057 785 2115 εἶναι
816 2063 1120 2134 νομίξουσι,
1151 2064 1286 2134 πρὸς
1321 2064 1380 2117 τὸ
1417 2066 1492 2135 μή
1519 2081 1572 2116 τι
1601 2065 1795 2117 παθεῖν
1826 2063 1892 2116 ἂν

305 2157 528 2219 αὐτοὺς,
565 2155 630 2210 ἄν
653 2154 775 2208 ποτ’
809 2156 1126 2225 ἀνενεγκεῖν
1149 2157 1493 2228 δυνηθῶμεν.
1525 2157 1651 2220 Πῶς
1677 2157 1770 2210 οὖν
1795 2157 1892 2220 τάς

312 2249 604 2320 παρούσας
634 2248 807 2318 τύχας
860 2249 1378 2317 συνεπικουφιοῦσιν
1434 2251 1587 2321 ἡμῖν,
1621 2249 1680 2301 οἴ
1716 2249 1767 2317 γ’
1803 2249 1892 2304 ἀεὶ

308 2339 514 2400 ταύτας
539 2334 798 2402 αὔξεσθαι
832 2338 1072 2409 συνεχῶς
1103 2337 1339 2403 εὓξαιντ²
1375 2339 1480 2403 ἄν;

2000 1971 2172 2039 piant,
2193 1971 2450 2039 idemque
2476 1980 2637 2038 atque
2668 1985 2697 2023 a
2734 1971 3004 2040 principio
3039 1972 3344 2040 periculum
3371 1971 3587 2025 adeant.

2001 2061 2158 2115 Haud
2189 2077 2320 2131 ergo
2361 2064 2572 2115 incerta
2597 2062 2836 2116 fortuna:
2876 2071 3087 2116 tentare
3126 2063 3296 2116 velint
3328 2103 3341 2124 .
3378 2076 3442 2116 ac
3459 2076 3585 2115 cum

2004 2153 2142 2208 lucri
2213 2152 2434 2207 occasio
2487 2162 2767 2222 suppetat,
2814 2154 2933 2224 cogi
2991 2153 3319 2222 quandoque
3380 2160 3439 2206 ut
3490 2169 3590 2207 sua

1998 2245 2103 2315 ipsi
2139 2244 2482 2298 dimiserint.
2541 2244 2686 2310 Quin
2753 2261 2938 2299 rerum
3007 2254 3318 2300 nostrarum
3388 2245 3587 2300 malam

1997 2338 2196 2402 aleam,
2230 2338 2371 2391 muri
2428 2339 2549 2392 loco
2599 2337 2701 2392 sibi
2755 2339 2984 2402 ducunt,
3015 2349 3072 2394 ut
3122 2352 3191 2392 ne
3251 2336 3384 2406 quid
3425 2337 3580 2405 mali,

241 2418 250 2422 ⁷
312 2431 357 2483 si
403 2432 628 2501 quando
659 2431 821 2487 nobis
872 2431 1104 2484 facultas
1143 2430 1456 2501 emergendi
1498 2430 1614 2496 ﬁat,
1678 2431 1973 2500 accipiant.
2015 2427 2118 2494 Qui
2153 2445 2282 2499 ergo
2327 2430 2580 2499 praesenti
2631 2428 2865 2482 fortuna:
2922 2430 3166 2484 levamen
3204 2428 3314 2482 sint
3348 2425 3587 2490 allaturi,

304 2528 510 2596 quibus
536 2541 756 2596 semper
780 2527 833 2580 in
860 2527 1000 2580 vctis
1030 2526 1110 2580 sit
1142 2535 1202 2580 ut
1233 2527 1497 2580 continue
1529 2525 1802 2595 augeant?

383 2624 495 2677 Καὶ
531 2624 613 2677 ὅτι
637 2623 790 2676 ταῦτ’
819 2625 920 2677 ούκ
952 2626 1015 2676 ὲκ
1047 2622 1333 2692 λογισμῶν
1382 2622 1545 2692 μόνον
1577 2621 1891 2692 συμϐαίνει,

318 2715 460 2769 ἀλλὰ
507 2718 601 2770 καὶ
645 2718 779 2786 πρὸς
814 2717 953 2770 αύτά
996 2717 1064 2770 τὰ
1112 2717 1415 2787 πράγματα
1466 2715 1893 2778 ἀποϐλέπουσιν,

307 2806 490 2872 ἔξεστι
529 2811 641 2871 τοῖς
695 2809 1011 2878 εἰρημένοις
1046 2807 1422 2862 συντίθεσθαι.
1477 2805 1892 2876 Ἀναμνήσθητε

311 2900 408 2952 διὰ
431 2901 611 2954 πότων
627 2900 933 2971 πρεσϐειῶν
957 2901 1094 2970 πρὸς
1119 2899 1466 2970 ἀμφοτέρους
1497 2899 1740 2968 περὶτῆς
1760 2912 1895 2966 συμ-

311 2993 521 3063 μαχίας
573 2994 908 3064 διειλέχθητε
965 2994 1193 3062 ταύτης,
1247 2994 1482 3054 ποσάκις
1537 2990 1736 3053 αὐτοὺς
1802 2991 1896 3043 καὶ

305 3088 596 3151 εὐσεϐείας
625 3072 725 3141 ’καὶ
764 3087 959 3140 κοινῶν
988 3087 1172 3156 ἱερῶν,
1203 3088 1296 3140 καὶ
1327 3087 1428 3156 τῆς
1454 3084 1619 3155 ἄλλης
1653 3070 1891 3154 ἀνεμνήο

2074 2619 2228 2686 ρυοά
2258 2628 2443 2676 autem
2474 2621 2576 2674 ista
2609 2636 2718 2673 non
2743 2636 2772 2673 a
2815 2620 2948 2674 solis
2979 2619 3408 2689 cogitationibus
3440 2619 3588 2672 acci-

2001 2711 2154 2772 dant,
2188 2711 2283 2766 sed
2324 2721 2380 2766 et
2423 2712 2570 2782 ipsas
2608 2727 2694 2766 res
2746 2720 3014 2780 spectent,
3053 2725 3120 2764 ex
3170 2709 3418 2778 praefatis
3460 2708 3591 2762 licet

2003 2805 2296 2860 conﬁcere.
2330 2805 2600 2861 Memores
2645 2809 2801 2870 estis,
2850 2815 2983 2875 quot
3026 2807 3090 2859 ad
3126 2816 3390 2873 utrosque
3419 2805 3590 2860 desti-

2004 2898 2152 2952 natis
2191 2898 2405 2968 legatis,
2439 2898 2509 2954 de
2545 2899 2648 2954 hac
2696 2899 2825 2954 belli
2876 2899 3140 2955 societate
3193 2898 3360 2953 locuti
3415 2899 3588 2953 estis?

2001 2987 2228 3055 Quoties
2259 2991 2340 3045 eis
2391 2998 2447 3045 et
2498 2991 2782 3058 pietatem,
2817 3002 2873 3046 et
2905 3006 3059 3046 sacra
3093 2991 3430 3053 communia,
3459 2991 3592 3045 reli-

1999 3096 2217 3150 quaque
2248 3081 2602 3145 commezcia,
2655 3081 2708 3133 in
2743 3081 3068 3135 memoriam
3115 3080 3459 3137 revocastis?
3487 3080 3589 3135 Er-

313 3198 449 3234 σατε
481 3181 785 3243 κοινωνίας.
817 3177 946 3249 *Αρ’
967 3180 1059 3233 οὖν
1085 3179 1415 3251 ἐκινήθησαν
1436 3194 1450 3208 ⁸
1486 3178 1520 3248 ἢ
1561 3177 1667 3231 τῶν
1695 3177 1892 3247 ἡμετὲ-

2006 3188 2144 3242 gone
2179 3183 2471 3241 propterea
2521 3173 2656 3225 moti
2709 3183 2880 3236 sunt,
2917 3185 3010 3226 aut
3043 3173 3223 3241 siquid
3257 3191 3354 3244 per
3384 3176 3493 3228 vim
3520 3177 3587 3228 li-

313 3294 431 3345 ρων
473 3276 622 3344 γοῦν,
655 3277 707 3328 εἴ
735 3293 786 3328 τι
815 3275 1109 3345 βιάσασθαι
1145 3270 1248 3327 οἷοί
1280 3275 1325 3324 τ’
1359 3269 1523 3343 ἦσαν,
1551 3271 1890 3341 ἀπέσχοντο;

311 3369 428 3419 Καὶ
464 3368 568 3437 μὴν
609 3367 764 3438 ἡμῶν
793 3368 896 3418 ὑπὸ
928 3365 1022 3419 τοῦ
1055 3367 1188 3436 πρὸς
1221 3367 1346 3426 τοὺς
1379 3365 1692 3435 βαρϐάρους
1728 3380 1897 3415 κατι-

307 3461 666 3529 κλυζομένων
696 3461 953 3530 πολέμου,
984 3461 1080 3513 καὶ
1106 3459 1376 3528 τοσαύτης
1406 3457 1714 3527 τραγῳδίας
1745 3457 1897 3524 ἡμᾶς

309 3553 713 3625 περιεστώσης,
762 3552 1023 3624 Τριϐαλοὶ
1052 3554 1150 3616 τὰς
1195 3549 1293 3622 μὲν
1343 3551 1453 3604 τῶν
1493 3553 1550 3602 ἐν
1582 3549 1895 3618 Μακεδονίᾳ

307 3646 526 3698 πόλεων
575 3643 883 3714 περιιόντες
915 3643 1188 3714 ὑπήγοντο
1211 3657 1224 3670 ·
1255 3641 1354 3702 τὰς
1382 3640 1461 3703 δὲ,
1506 3636 1893 3708 στρατεύματα

306 3737 799 3807 περικαθίζοντες,
871 3738 962 3789 καὶ
1036 3736 1410 3806 μηχανήματα
1484 3733 1891 3803 προσάγοντες,

307 3829 520 3898 ᾕρουνι
546 3831 642 3889 τὰς
673 3826 728 3880 δὲ
761 3827 858 3880 καὶ
886 3826 1032 3894 λιμῷ
1083 3828 1516 3895 παρεστήσαντο.
1548 3822 1659 3892 Τὴν
1691 3823 1746 3875 δὲ
1781 3823 1895 3875 Μυ-

309 3916 430 3969 σῶν
467 3916 728 3985 ὠμότητα
770 3914 1006 3984 χαλεπὸν
1036 3913 1206 3983 ἑτέρῳ
1231 3931 1308 3982 τῳ
1339 3911 1682 3982 παραϐαλεῖν
1703 3925 1716 3940 ⁸
1749 3909 1802 3961 οῖ
1830 3925 1892 3975 γε

307 4006 416 4067 τὰς
456 4005 862 4075 χειμαζομὲνας
913 4003 1021 4055 τῶν
1083 4002 1372 4071 ἡμετέρων
1430 3999 1636 4052 πόλεων
1684 3997 1894 4050 τοσοῦτ’

304 4100 541 4168 ἀπεῖχον
565 4097 802 4165 ἀνέχειν,
830 4095 971 4148 ὥστε
1005 4095 1100 4155 τὰς
1133 4093 1232 4162 μὲν
1259 4092 1550 4162 ἔπραττον,
1584 4090 1732 4151 ὅπως
1763 4090 1893 4159 ῥᾷον

301 4185 638 4248 ἁλώσονται,
673 4182 830 4236 τοῦτο
863 4183 971 4253 γὰρ
998 4182 1183 4243 αὐτοῖς
1218 4180 1471 4249 ἠδύνατο,
1496 4179 1555 4231 τὸ
1580 4177 1717 4249 μήτε
1744 4176 1892 4229 σίτου

313 4279 664 4349 μεταδιδόναι
695 4276 919 4338 ταύταις
953 4271 1276 4336 πεινώσαις,
1311 4271 1511 4333 αὐτοὺς
1539 4271 1598 4323 ὲν
1637 4269 1895 4338 ἀφθόνοις

311 4373 642 4440 διάγοντας·
676 4369 774 4432 τὰς
816 4368 860 4421 δ’
905 4366 1080 4432 αὐτοὶ,
1138 4364 1528 4434 στρατεύματα
1582 4361 1894 4431 πέμποντες

311 4467 417 4519 καὶ
473 4455 818 4533 στρατηγοὺς
867 4459 1126 4523 οἰκείους,
1166 4455 1506 4526 ἀνέστησανο
1549 4456 1644 4508 καὶ
1689 4454 1758 4508 τὰ
1793 4457 1892 4523 μὲν

1999 3264 2112 3315 cuit
2153 3277 2349 3316 nocere
2377 3301 2391 3326 ,
2444 3277 2475 3314 α
2525 3261 2732 3316 nostris
2775 3261 3203 3316 abstinuerunt?
3268 3264 3587 3322 Enimvero.

2001 3355 2290 3409 barbarico
2315 3353 2531 3409 obrutis
2567 3355 2731 3419 bello,
2759 3370 2822 3408 ac
2849 3370 2973 3408 cum
3009 3365 3157 3409 tanta
3190 3371 3292 3410 nos
3319 3358 3588 3411 malorum

1997 3445 2379 3500 circumstaret
2429 3445 2969 3514 tragcedia,’l‘ribali,
3006 3447 3141 3500 alias
3201 3447 3423 3515 quidem
3485 3447 3589 3500 cir-

1999 3546 2326 3591 cumeuntes
2358 3535 2689 3591 Macedoniae
2717 3536 2881 3590 urbes
2915 3537 3224 3591 defectione
3263 3539 3588 3604 tentabant;

1997 3627 2129 3681 alias
2164 3627 2401 3682 admotis
2449 3625 2784 3682 exercitibus
2814 3640 2877 3681 ac
2920 3628 3184 3682 nachinis
3225 3632 3584 3698 occupatam,

2001 3720 2138 3773 alias
2161 3720 2397 3789 denique
2419 3723 2468 3774 in
2501 3721 2659 3773 famis
2686 3719 2965 3788 angustias
2985 3721 3289 3776 mittebant.
3310 3721 3588 3792 Mysorum

1993 3822 2178 3865 autem
2214 3811 2618 3878 crudelitatem,
2644 3812 2728 3864 vix
2765 3813 2968 3866 habeas
3002 3813 3090 3867 cui
3112 3813 3204 3867 alii
3231 3829 3588 3884 comparave-

2001 3905 2092 3958 ris.
2132 3903 2364 3957 Tantum
2397 3904 2558 3973 plane
2588 3905 2799 3970 aberat,
2825 3917 2884 3958 ut
2919 3921 2988 3960 ne
3018 3908 3235 3976 jac-tatis
3262 3918 3585 3977 tempestate

2000 3996 2203 4050 nostris
2225 3995 2454 4050 urbibus
2477 3996 2734 4065 praesidio
2759 4008 2963 4064 essent,
2986 4009 3043 4052 ut
3063 3999 3198 4054 alias
3219 4000 3586 4070 quidem,qu

1998 4087 2159 4140 facile
2203 4095 2556 4155 caperentur,
2603 4085 2930 4142 venderent.
2979 4088 3091 4142 lloc
3119 4089 3268 4143 enim
3298 4090 3365 4144 iis
3396 4106 3584 4160 prom-

1998 4185 2153 4245 ptum
2215 4185 2351 4233 erat.
2387 4176 2533 4246 quod
2567 4176 2711 4230 fame
2769 4177 2973 4246 pressis
3015 4181 3382 4235 necessariam
3413 4197 3587 4237 anno-
3675 4225 3686 4232 .

1999 4281 2145 4332 nam,
2182 4276 2490 4320 commeatu
2530 4266 2633 4336 ipsi
2692 4267 2999 4331 allluentes,
3040 4284 3148 4322 non
3206 4271 3584 4341 impertirent,

1997 4357 2133 4412 alias
2191 4356 2412 4412 sibimet
2466 4357 2569 4426 ipsi
2620 4359 2899 4414 submisso
2975 4361 3149 4416 milite
3202 4378 3267 4418 ac
3326 4363 3580 4430 ducibus,

1999 4450 2252 4519 proprias
2303 4460 2614 4504 assererent
2635 4491 2649 4515 ,
2674 4466 2737 4504 ac
2768 4451 2994 4520 quidem
3035 4468 3132 4521 per
3167 4468 3225 4508 se
3258 4455 3363 4525 ipsi
3396 4471 3585 4512 muros

307 4557 472 4627 τείχη
495 4557 560 4610 δι’
591 4553 801 4608 ἑαυτῶν
839 4548 984 4622 εἶχον
1010 4593 1024 4616 ,
1066 4551 1157 4603 καὶ
1201 4547 1445 4620 φρουρὰς
1473 4548 1660 4610 αὐτοῖς
1683 4548 1889 4612 οἰκείας

2001 4542 2276 4605 tenebant,
2314 4557 2378 4596 ac
2422 4543 2643 4612 propria
2696 4545 3107 4599 constituebant
3145 4548 3441 4616 praesidiai,
3481 4551 3582 4604 mi-

310 4652 724 4721 ἐγκαθίστασαν
745 4665 758 4678 ·
809 4650 934 4710 τοὺς
962 4647 1021 4700 δὲ
1062 4644 1446 4714 ταλαιπώρους
1481 4645 1775 4715 οἰκήτορας
1809 4643 1897 4696 ἀεὶ

305 4737 705 4800 δουλεύσοντας
753 4738 967 4806 ἀπῆγον
997 4733 1073 4796 είς
1097 4733 1196 4802 τὴν
1238 4732 1438 4786 αὐτῶν.
1477 4735 1588 4786 Καὶ
1623 4732 1718 4784 νῦν
1752 4734 1898 4801 ὁμω-

308 4833 522 4901 νύμους
579 4830 677 4899 μὲν
738 4829 859 4890 ταῖς
914 4825 1215 4897 ἡμετέραις
1265 4823 1489 4876 πόλεσιν
1526 4822 1694 4886 ἄλλας
1749 4817 1896 4874 οὗτοι

310 4921 601 4984 συνοικίας
635 4923 726 4972 ἐπὶ.
757 4921 855 4989 τῆς
891 4917 1071 4973 αὐτῶν
1111 4917 1320 4986 ᾤκισαν
1353 4916 1419 4968 δι’
1448 4915 1627 4969 αὐτῶν
1650 4929 1663 4942 °
1696 4916 1896 4982 φόρους

308 5014 375 5067 δὲ
405 5012 697 5074 τοσούτους
727 5010 1069 5077 ἐκλέγουσιν,
1109 5008 1253 5060 ὅσων
1283 5006 1396 5060 οὐδ’
1429 5007 1494 5060 ἂν
1510 5007 1570 5058 τὸ
1603 5005 1898 5058 πολλοστὸν

309 5103 641 5174 εἰσέπραξεν
688 5104 722 5172 ἡ
766 5101 876 5154 τῶν
916 5099 1211 5170 βαρϐάρων
1254 5097 1640 5168 ἀπανθρωπία.
1703 5098 1896 5151 Καίτοι

310 5196 492 5251 ταῦτα
523 5194 828 5260 ποιοῦντες,
875 5195 976 5263 οὐχ
1002 5195 1148 5263 ἡμᾶς
1184 5193 1284 5264 μὲι
1311 5191 1558 5259 ἠδίκουν,
1603 5190 1785 5252 αὐτοῖς
1840 5189 1897 5242 δὲ

318 5289 645 5342 συνοίσοντα
705 5286 1089 5340 ἐϐουλεύοντο·
1153 5285 1286 5337 ἀλλὰ
1317 5283 1573 5337 τοσοῦτον
1619 5281 1714 5336 τοῦ
1760 5283 1895 5352 πρὶς

312 5383 468 5452 ἡμᾶς
497 5380 685 5450 μίσους
719 5381 900 5440 αὐτοῖς
930 5379 1147 5447 περιῆν,
1197 5375 1324 5428 ὥσθ’
1361 5375 1502 5444 ὑπὲρ
1530 5374 1624 5426 τοῦ
1660 5375 1728 5427 τά
1759 5375 1896 5444 ἡμέ-

312 5494 452 5546 τερα
481 5474 685 5528 κακοῦν
709 5471 943 5544 ᾑροῦντο
983 5472 1076 5522 καὶ
1102 5469 1257 5522 αὐτοὶ
1295 5467 1363 5520 τά
1382 5469 1557 5521 οἰκεῖα
1586 5466 1895 5534 προσαπολ-

309 5571 494 5623 λρναι.
538 5571 633 5631 "A;
681 5570 791 5636 γὰρ
841 5565 1120 5637 ἡμετέρας
1172 5563 1330 5617 αὑτὴ
1377 5558 1631 5631 διῴκιζον
1686 5563 1890 5625 πόλεις,

308 5658 475 5716 αὗται
510 5665 577 5732 τῇ
628 5661 834 5712 τούτων
867 5659 988 5712 ἀντὶ
1016 5658 1229 5727 τείχους
1277 5655 1561 5722 ἐγίγνοντο
1584 5673 1596 5687 ·
1654 5657 1750 5708 καὶ
1779 5657 1892 5717 τοῖς

309 5753 612 5823 βαρϐάροις
669 5751 925 5820 ἀσχολίαν
975 5752 1356 5819 παρέχουσαι,
1415 5749 1631 5817 μέλλειν
1671 5749 1892 5802 ἐποίουν

311 5849 502 5908 αὐτοῖς
537 5847 597 5898 τὸ
635 5847 822 5910 κακὸν,
848 5845 968 5897 ἀντὶ
1014 5843 1106 5897 τοῦ
1141 5846 1416 5913 παρεῖναι.
1449 5841 1618 5911 Δῆλον
1639 5841 1730 5893 δέ·
1765 5841 1883 5893 τού.

2000 4647 2153 4688 serus
2213 4642 2396 4689 autem
2459 4635 2698 4700 incolas,
2763 4645 3044 4706 perpetuae
3105 4639 3238 4709 jugo
3299 4641 3583 4696 servitutis

2000 4727 2273 4794 addictos,
2308 4747 2337 4784 a
2378 4730 2556 4800 patria
2607 4731 2978 4786 abducebant.
3015 4733 3120 4788 Sed
3159 4744 3213 4789 et
3267 4735 3452 4800 modo,
3478 4751 3579 4788 no-

1999 4821 2126 4874 stris
2177 4821 2507 4892 cognomina
2563 4822 2794 4877 urbibus
2831 4823 3030 4892 oppida
3061 4825 3115 4877 in
3159 4824 3274 4879 suis
3306 4810 3408 4894 ipsi
3435 4825 3581 4879 sedi-

2001 4912 2104 4967 bus
2135 4929 2232 4982 per
2268 4929 2364 4968 eos
2394 4921 2822 4980 exstruxerunt,
2850 4925 3072 4983 tamque
3115 4915 3378 4970 immensa
3413 4915 3581 4969 vecti-

1999 5006 2140 5076 galia
2193 5005 2479 5074 colligunt,
2520 5014 2578 5059 ut
2632 5021 2702 5062 ne
2745 5007 3030 5076 exigendis
3078 5008 3442 5063 Barbarorum
3481 5013 3582 5062 inr-

2000 5096 2234 5150 manitas
2275 5096 2464 5151 multis
2511 5098 2763 5167 partibus
2797 5098 2864 5153 ad
2920 5115 2982 5153 ea
3047 5099 3291 5155 accedat.
3334 5099 3576 5154 Tametsi

2003 5189 2117 5243 hinc
2149 5199 2398 5258 agentes,
2447 5190 2592 5243 haud
2658 5191 2732 5246 ita
2774 5191 3070 5258 habebant,
3103 5206 3161 5247 ut
3211 5207 3313 5248 nos
3353 5193 3575 5263 quidem

2001 5281 2286 5346 laederent,
2324 5282 2430 5337 sibi
2463 5292 2645 5337 autem
2680 5285 2826 5354 quod
2857 5301 2887 5340 e
2915 5302 2972 5341 re
2998 5296 3145 5341 esset
3173 5285 3528 5341 consulerent
3563 5309 3575 5340 :

1999 5375 2132 5442 quin
2180 5374 2291 5428 imo
2319 5391 2383 5428 ea
2435 5375 2489 5429 in
2527 5392 2629 5432 nos
2685 5377 3000 5433 ferebantur
3024 5379 3135 5434 odii
3167 5380 3577 5450 exsuperantiz,

2002 5475 2060 5520 ut
2084 5467 2249 5522 modo
2279 5478 2544 5524 nocerent
2573 5471 2796 5534 nostris,
2831 5489 2926 5526 sua
2970 5473 3070 5536 ipsi
3104 5473 3340 5527 libentes
3370 5475 3579 5543 pariter

1999 5560 2316 5628 perderent.
2339 5557 2488 5625 Quas
2542 5561 2690 5614 enim
2737 5562 2810 5615 illi
2862 5571 3081 5618 nostras
3113 5563 3452 5634 dissiparant
3483 5581 3580 5621 ur-

2000 5654 2116 5716 bes,
2146 5668 2337 5708 eorum
2371 5653 2597 5709 sedibus
2628 5656 2768 5709 muri
2803 5656 2923 5710 loco
2972 5664 3130 5711 erant
3151 5699 3166 5724 ,
3199 5657 3579 5729 Bnrbarusqne

1997 5755 2355 5814 occupantes,
2406 5744 2654 5800 futurum
2701 5748 2802 5812 eis,
2859 5748 2980 5802 loco
3031 5750 3315 5819 praisentis
3373 5753 3576 5805 malum

1997 5842 2293 5896 faciebant.
2351 5845 2424 5897 Ac
2488 5843 2662 5914 liquet
2723 5862 2735 5897 :
2800 5843 2867 5899 iis
2916 5845 3062 5900 enim
3113 5847 3429 5913 de:tructis,
3465 5847 3574 5917 jam
