3862 6220
329 356 452 415 ’ἐξῖό

1588 347 1965 409 DEMETRII
2028 348 2337 410 CYDONll

3514 350 3611 412 976

348 465 573 538 quidem
608 462 909 519 Triuabum
970 461 1245 528 muniunt,
1277 461 1495 530 aliaque
1525 461 1764 517 obsessae
1809 463 1922 521 urbi

2034 480 2142 517 των
2172 461 2279 531 γάρ
2303 460 2727 533 καθῃρημένων.
2749 460 3016 532 Τρίναϐον
3045 462 3142 531 μὲν
3166 462 3267 533 ἤδη
3290 461 3608 532 τειχίζουσι,

349 558 608 629 praesidio
659 558 845 611 futura
876 554 1166 619 inducunt,
1200 554 1281 607 sic
1329 553 1543 623 liquido
1574 556 1719 624 quod
1753 555 1928 610 inter-

340 655 488 725 jacet
516 651 789 720 Mysorum
816 655 899 702 est
938 645 1151 716 praeda,
1199 644 1424 699 Barbari
1460 654 1671 710 autem,
1696 646 1928 702 liberius

345 759 541 799 eorum
600 741 863 795 invadent
909 751 1106 803 terras,
1139 755 1303 810 quam
1333 739 1517 794 colant
1554 755 1718 803 suas,
1745 756 1930 796 nunc-

346 852 452 906 que
495 822 654 890 alias~
685 834 786 903 ipsi
853 840 1107 903 quaerunt
1154 832 1333 899 sedes,
1382 840 1641 901 tanquam
1683 831 1820 886 nihil
1858 831 1927 887 ab

342 930 592 986 hostium
618 928 841 983 sedibus
870 942 999 982 suas
1028 926 1253 982 diﬂ'erre
1281 925 1531 982 credant.

415 1113 600 1167 Hosne
620 1124 774 1179 ergo,
804 1123 936 1177 rogo
965 1115 1036 1170 te,
1070 1105 1197 1161 belli
1229 1108 1408 1163 socios
1439 1106 1685 1162 vocaturi
1712 1121 1926 1173 sumus,

334 1204 543 1274 quibus
590 1202 633 1256 si
681 1199 812 1269 quid
846 1199 1003 1254 nobis
1046 1198 1333 1252 infortunii
1374 1199 1602 1263 accidat,
1638 1196 1927 1251 commodo

340 1297 413 1349 sit
450 1309 768 1354 cessarunt,
810 1306 1058 1360 quosque
1113 1290 1271 1343 malis
1320 1289 1547 1351 nostris,
1578 1304 1771 1343 omnes
1798 1305 1929 1358 pro-

339 1400 529 1444 vectos
584 1386 797 1446 sciant!
846 1386 1116 1439 Caeterum
1181 1383 1311 1453 quid
1360 1399 1423 1436 ea
1468 1382 1619 1436 dixi?
1673 1381 1927 1451 Optimus

339 1481 487 1535 enim
536 1487 725 1532 noster
777 1478 1100 1546 imperator,
1125 1485 1250 1544 post
1285 1476 1487 1530 multas
1524 1474 1825 1544 legationes
1863 1489 1927 1528 ac

339 1574 571 1627 collatus
600 1585 907 1633 sermones,
943 1570 1147 1638 quibus
1201 1569 1255 1621 in
1308 1568 1435 1622 belli
1471 1568 1793 1622 societatem
1829 1567 1927 1620 ad-

339 1662 622 1717 ducendos
653 1659 930 1730 sperabat,
977 1659 1157 1727 ipsum
1200 1652 1395 1721 filium,
1428 1657 1646 1727 imperii
1678 1656 1924 1710 futurum

338 1769 742 1813 successorem,
769 1751 835 1805 ad
872 1752 1187 1820 nuptiarum
1237 1749 1440 1804 fmdera
1491 1760 1614 1803 cum
1652 1748 1921 1818 principis

2036 557 2131 608 καὶ
2157 555 2303 609 τᾶλλ’
2342 547 2417 608 ὧν
2471 554 2553 607 δεῖ
2588 556 2699 616 τοῖς
2741 553 3247 625 πολιορκουμένοις,
3296 554 3607 622 εἰσάγουσι·

2033 644 2209 709 οὕτως
2238 647 2498 716 ἄντικρυς
2516 646 2731 700 Μυσῶν
2750 645 2868 699 λεία
2893 646 2953 698 τδ
2980 646 3207 715 μεταξύ.
3234 648 3295 699 Οί
3325 646 3381 699 δὲ
3416 645 3613 715 βάρϐα-

2037 755 2117 809 ροι
2158 739 2295 808 μετᾶ
2336 736 2581 802 πλείονος
2610 738 2793 792 ἐπίασι
2817 739 2915 812 τὴν
2950 739 3153 801 αὐτῶν,
3212 740 3245 808 ἢ
3278 738 3494 792 οἰκοῦσι
3520 740 3612 808 τὴν

2033 832 2214 884 αὐτῶν
2236 847 2249 862 ⁸
2294 833 2388 885 καὶ
2420 831 2515 886 νῦν
2547 832 2717 902 ἄλλην
2754 830 3009 901 ζητοῦσιν
3050 832 3119 903 ἢν
3157 833 3446 900 οἰκήσουσι
3477 831 3614 902 γῆν⁸

2032 924 2105 986 ὼς
2137 923 2237 993 τήν
2281 940 2345 992 γε
2382 923 2521 979 ίδίαν
2567 924 2719 978 οὐδὲν
2757 924 2858 994 τῆς
2892 924 3161 994 πολεμίας
3214 924 3618 977 πεπιστεύκασι

2031 1015 2335 1086 διαφέρειν.

2102 1110 2337 1172 Τούτους
2357 1111 2559 1174 τοίνυν,
2589 1112 2711 1164 εἰπέ
2768 1129 2879 1181 μοι,
2915 1110 3218 1180 καλέσομεν
3266 1109 3621 1179 συμμάχους,

2029 1198 2131 1266 οἷς,
2152 1203 2216 1256 ἄν
2243 1219 2295 1253 τι
2331 1203 2673 1273 πταίσωμεν,
2693 1202 2914 1274 εὕρημα
2936 1204 3173 1271 γίνεται,
3206 1202 3298 1254 καὶ
3321 1202 3418 1264 οὒς
3447 1202 3627 1254 ᾶπαν-

2030 1312 2118 1357 τες
2150 1297 2332 1348 ἴσασιν
2393 1297 2458 1348 ἐκ
2489 1297 2597 1349 τῶν
2646 1297 2937 1366 ἡμετέρων
2992 1296 3178 1349 κακῶν
3224 1295 3623 1365 ηὐξημένους;

2032 1388 2225 1440 Καίτοι
2258 1386 2310 1439 τί
2336 1387 2510 1441 ταῦτα
2537 1382 2725 1453 εῐπονς
2781 1389 2840 1441 '0
2869 1389 2977 1458 γάρ
3007 1388 3184 1441 πάντα
3217 1389 3440 1459 ἄριστος
3466 1386 3629 1457 βασι-

2029 1480 2177 1543 λεὺς,
2202 1482 2229 1533 ὁ
2255 1480 2549 1550 ἡμέτερος,
2575 1479 2737 1548 λέγω,
2771 1482 2909 1548 μετὰ
2948 1481 3148 1544 πολλὰς
3183 1480 3489 1552 πρεσϐείας
3526 1483 3628 1535 καὶ

2029 1571 2244 1640 λόγους,
2273 1567 2352 1634 οἷς
2378 1572 2609 1642 ἡλπισεν
2641 1574 2838 1637 αὐτοὺς
2864 1575 2942 1636 είς
2967 1578 3067 1644 τὴν
3096 1575 3421 1643 συμμαχίαν
3448 1592 3630 1641 προσ-

2029 1663 2276 1730 άξεσθαι,
2297 1664 2395 1717 καὶ
2420 1664 2511 1717 τὸν
2542 1664 2657 1717 υίὸν
2675 1663 2844 1718 αὐτοῦ
2868 1664 2959 1717 τὸν
3001 1665 3121 1735 μετ’
3152 1652 3313 1718 αὑτὸν
3359 1665 3627 1734 βασιλέα,

2029 1757 2127 1827 τὴν
2164 1756 2437 1827 θυγατέρα
2470 1756 2565 1809 τοῦ
2594 1757 2797 1810 Μυσῶν
2820 1757 3080 1827 ἄρχοντος
3114 1758 3395 1828 ἠνάγκασε
3426 1760 3632 1824 γυναῖ-

339 1849 608 1919 Μγδσιιυηι
659 1845 802 1909 lilia,
848 1853 1047 1913 putans
1102 1843 1182 1897 sic
1245 1841 1663 1911 pellieiendum,
1721 1840 1922 1909 adegit.

2029 1868 2098 1902 κα
2127 1851 2332 1915 λαϐεῖν,
2364 1848 2538 1920 ταύτῃ
2570 1850 2773 1919 μᾶλλον
2788 1850 3035 1921 οἰόμενος
3068 1850 3232 1905 αὐτὸν
3256 1851 3630 1919 ἐφέλκεσθαι.

336 1942 502 2009 Atqui
541 1940 724 1993 sciunt
763 1952 977 1997 omnes,
1027 1952 1188 2004 quam
1228 1936 1333 1989 hoc
1382 1934 1723 2005 coniugium,
1749 1934 1925 2003 impe-

338 2036 505 2088 ratori
592 2032 815 2102 quidem
885 2030 1144 2085 dedecori
1226 2028 1428 2094 fuerit,
1479 2044 1542 2083 ac
1595 2028 1921 2099 abjectioni,

326 2142 613 2197 quamque
648 2125 726 2179 illi
761 2123 947 2194 gloriae
978 2138 1041 2177 ac
1087 2121 1390 2191 splendori.
1427 2121 1641 2191 Ergone
1666 2128 1819 2175 tanta
1857 2120 1926 2175 ab

338 2219 670 2290 imperatore
697 2218 872 2286 gratia
905 2215 1117 2279 donati,
1144 2213 1366 2268 reveriti
1400 2223 1527 2268 sunt
1569 2212 1923 2279 beneficium,

328 2328 402 2367 ac
427 2312 510 2365 vel
546 2310 838 2364 minimum
893 2306 1025 2379 quid
1075 2308 1142 2362 ad
1184 2305 1654 2361 remunerationis
1684 2305 1924 2376 speciem

336 2406 594 2460 conferre
626 2402 977 2472 cogitarunt?
1010 2398 1164 2454 Haud
1203 2400 1364 2468 plane
1395 2417 1408 2453 :
1447 2399 1661 2453 tametsi
1687 2397 1925 2453 necdum

337 2498 627 2552 conciliata
661 2495 944 2561 affinitate,
974 2494 1157 2549 omnia
1196 2493 1633 2563 pollicebantur;
1665 2507 1729 2546 ac
1760 2500 1925 2562 quot-

338 2597 472 2656 quot
508 2586 773 2656 promissa
816 2584 1159 2640 ﬁrmantibus
1199 2599 1393 2639 eorum
1431 2582 1796 2638 sacramentis
1831 2580 1928 2635 ad-

332 2678 604 2733 hibebant
652 2677 918 2741 animum,
950 2677 1218 2746 optimum
1256 2675 1445 2730 iniisse
1499 2674 1791 2730 consilium
1828 2674 1928 2728 im-

338 2780 653 2839 peratorem
707 2767 1065 2822 afﬁrmarent.
1113 2767 1411 2821 Enimvero
1449 2782 1572 2821 cum
1628 2768 1927 2821 necessitas

336 2867 583 2919 vocaret,
642 2870 710 2910 ne
768 2855 976 2915 navim,
1038 2869 1107 2908 ne
1164 2856 1429 2924 equitem,
1491 2870 1560 2910 ne
1618 2856 1925 2925 simplicem

337 2943 593 3007 militem,
628 2957 695 2997 ne
733 2956 903 2996 unum
956 2941 1179 2995 obolum
1238 2944 1588 3011 protulerunt
1630 2960 1642 2994 :
1685 2944 1817 3013 quin
1853 2944 1927 2998 ita

336 3037 393 3092 in
427 3038 591 3090 tinem
623 3049 795 3105 usque
845 3032 1092 3103 improbe
1121 3032 1225 3087 sibi
1266 3033 1538 3102 agendum
1569 3042 1923 3103 putaverunt,

337 3141 399 3186 ut
454 3146 578 3186 cum
636 3130 935 3198 imperator
1008 3126 1060 3180 in
1126 3126 1401 3197 Illyricum
1459 3141 1521 3180 ac
1586 3127 1922 3181 Pannoniam

333 3221 607 3295 proficisci
637 3220 992 3283 decrevisset,
1044 3220 1266 3290 ipseque
1302 3234 1402 3289 per
1448 3218 1596 3273 viros
1655 3218 1920 3275 inducere

338 3324 400 3368 ut
452 3311 783 3368 vindicando
840 3310 1042 3365 auxilia
1116 3311 1344 3378 darent;
1408 3312 1647 3381 primum
1697 3312 1920 3384 quidem

336 3405 413 3459 illi
452 3404 588 3457 nihil
621 3418 730 3458 non
762 3402 1056 3467 moverint,
1088 3402 1290 3473 quibus
1320 3403 1389 3457 ab
1418 3404 1686 3475 ejusmodi
1712 3406 1920 3474 optimo

332 3498 568 3553 consilio
626 3497 1018 3551 retrahendum
1080 3507 1367 3564 sperarent
1405 3513 1420 3551 :
1456 3496 1549 3550 ubi
1602 3504 1784 3551 autem
1819 3497 1921 3550 mi-

333 3590 481 3644 nime
544 3590 951 3660 persuasissent
1000 3588 1298 3644 annuerint
1356 3588 1602 3659 quidem,
1654 3604 1718 3643 ac
1775 3597 1919 3643 recte

330 3680 539 3735 habere
574 3680 720 3749 quod
750 3680 1057 3734 consultum
1099 3689 1246 3734 esset
1276 3678 1402 3734 fassi
1435 3679 1583 3743 sint;
1620 3694 1782 3748 quam
1808 3678 1920 3733 cito

338 3786 520 3829 tamen
586 3790 724 3844 quas
777 3773 904 3827 inde
966 3772 1214 3827 licuisset
1274 3772 1641 3826 adducentem
1711 3770 1916 3840 copias,

336 3865 539 3919 reverti
578 3864 928 3927 monuerint;
958 3862 1104 3932 quod
1140 3861 1411 3930 reliquum
1461 3861 1744 3915 videretur
1767 3860 1920 3929 adje-

334 3969 523 4012 cturos
553 3972 633 4019 se,
666 3971 730 4011 ac
768 3957 980 4010 alacres
1013 3954 1203 4009 sociali
1240 3954 1384 4008 bello
1416 3952 1654 4016 futuros,
1687 3953 1919 4021 ejusque

334 4050 509 4117 gratia
560 4048 697 4101 nihil
750 4062 858 4101 non
898 4046 1206 4101 molituros.
1232 4046 1411 4114 Atque
1440 4045 1557 4099 haec
1589 4045 1811 4115 quidem
1843 4046 1920 4099 illi

334 4141 757 4210 pollicebantur.
792 4139 932 4193 Num
965 4146 1149 4194 autem
1181 4139 1365 4193 verbis
1398 4153 1486 4193 res
1512 4138 1917 4208 responderint,

335 4241 487 4286 ceuo
518 4246 681 4286 nosse
718 4233 865 4295 licet,
891 4247 956 4285 ex
991 4231 1059 4285 iis
1086 4246 1204 4301 quae
1230 4230 1569 4285 acciderunt.
1597 4229 1736 4285 Olim
1768 4229 1915 4284 enim

336 4324 561 4377 Barbari
592 4325 848 4379 veniente
899 4324 1228 4393 imperatore
1262 4338 1455 4395 pmnas
1483 4323 1782 4387 dedissent,
1809 4323 1916 4377 nisi

335 4415 418 4469 illi
452 4414 618 4469 sociis
670 4430 735 4470 ac
782 4413 1258 4469 commilitonibus
1290 4414 1408 4467 vias
1457 4410 1914 4473 interclusissent,

2030 1942 2213 1995 Καίτοι
2253 1942 2453 2003 πάντες
2490 1923 2693 2009 ίσδασιν,
2725 1944 2856 2014 ὅσην
2898 1944 2926 1996 ὁ
2959 1943 3137 2012 γάμος
3167 1937 3320 2005 οὗτος
3347 1943 3429 2011 τῷ
3459 1944 3633 2011 βασις

2028 2032 2110 2085 λεῖ
2139 2034 2237 2102 μὲν
2263 2033 2483 2100 ἀδοξίαν
2517 2034 2611 2086 καὶ
2636 2035 3233 2104 ταπεινότητα,ἐκείνῳ
3263 2034 3321 2086 δὲ
3354 2034 3632 2087 εὔκλειαν

2028 2124 2282 2193 ἤνεγκεν.
2316 2119 2445 2195 'Ap’
2474 2123 2568 2177 οὖν
2598 2123 2857 2195 τοιαύτης
2897 2126 3081 2188 αὐτοῖς
3102 2128 3323 2195 χάριτος
3342 2129 3441 2181 τοῦ
3460 2125 3626 2193 βασι-

2028 2217 2161 2277 λέως
2201 2217 2570 2289 ὑπάρξαντος,
2601 2216 2950 2287 ᾐσχύνθησαν
2982 2218 3081 2284 τὴν
3117 2219 3464 2287 εὐεργεσίαν,
3526 2218 3629 2270 καί

2026 2324 2079 2358 τι
2110 2309 2206 2359 καὶ
2232 2308 2363 2375 παρ’
2413 2307 2593 2360 αὐτῶν
2636 2307 2825 2377 σχῆμα
2864 2306 2992 2375 γοῦν
3022 2307 3261 2377 ἀμοιϐῆς
3300 2307 3427 2376 ἕχον
3456 2311 3631 2375 γενέ-

2031 2397 2156 2451 σθαι
2210 2398 2600 2470 διενοήθησανς
2638 2398 2926 2467 Οὐδαμῶς.
2988 2401 3184 2452 Καίτοι
3221 2398 3324 2469 πρὸ
3359 2399 3464 2466 τῆς
3522 2418 3632 2467 κη-

2028 2494 2175 2557 δείας
2205 2493 2367 2547 πάνθ’
2416 2490 2780 2562 ὑπισχνοῦντο
2801 2507 2813 2521 '
2864 2492 2955 2544 καὶ
2990 2492 3190 2554 πάντες
3220 2494 3300 2555 είς
3342 2491 3437 2554 οὓς
3470 2493 3632 2562 ὑπὲρ

2028 2586 2237 2639 τούτων
2288 2583 2547 2654 ὤμνυσαν
2606 2583 2805 2653 ὅρκους
2854 2583 3112 2653 δρῶντες,
3143 2583 3323 2647 καλῶς
3366 2584 3635 2652 ἔφασκον

2030 2676 2416 2748 βεϐουλεῦσθαι
2440 2676 2533 2729 τὸν
2567 2674 2812 2744 βασιλέα.
2859 2674 3019 2728 Ἀλλά
3049 2675 3148 2744 τῆς
3178 2676 3370 2745 χρείας
3418 2676 3636 2729 καλού-

2032 2785 2153 2836 σης.
2197 2767 2256 2819 ού
2308 2764 2474 2831 ναῦν,
2506 2764 2608 2832 οὐχ
2643 2764 2839 2829 ἱππέα,
2875 2763 2971 2834 οὐχ
3018 2764 3245 2834 ὁπλίτην
3288 2763 3475 2833 ψιλὸν,
3524 2768 3635 2821 οὐκ

2028 2856 2214 2911 ὀϐολὸν
2245 2856 2341 2908 ἕνα
2374 2857 2623 2926 προεῖντο
2648 2868 2662 2883 ⁸
2692 2853 2807 2907 ἀλλ’
2836 2853 2982 2908 οὓτω
3009 2855 3098 2910 διὰ
3126 2855 3314 2918 τέλους
3347 2858 3630 2927 ἀγνωμο-

2028 2953 2139 3004 νεῖν
2167 2948 2335 3020 ᾧοντο
2363 2948 2495 3011 δεῖν,
2521 2948 2597 3009 ὡς
2645 2949 2742 3001 καὶ
2771 2948 2865 3000 τοῦ
2898 2946 3165 3017 βασιλέως
3192 2949 3278 3001 ἐπ’
3307 2948 3630 3018 Ἰλλυριοὺς

2029 3044 2123 3096 καὶ⁵
2179 3042 2412 3103 Παίονας
2447 3040 2751 3111 ἀποδημεῖν
2786 3041 3108 3108 ἐγνωκότος,
3167 3042 3262 3094 καὶ
3295 3041 3363 3094 δι’
3414 3043 3628 3096 ἑαυτοῦ

2033 3133 2241 3185 πείθειν
2281 3130 2690 3202 ἐπιχειροῦντος
2722 3129 2954 3201 ἀμύνειν
2991 3129 3163 3201 αὑτῷ,
3197 3132 3348 3183 αὐτοὶ
3389 3131 3629 3200 πρῶτον

2028 3226 2128 3298 μὲν
2163 3223 2321 3278 πάντ’
2353 3224 2587 3287 ἐκίνουν,
2622 3223 2690 3275 δι’
2721 3218 2796 3276 ὧν
2823 3221 3049 3293 ἤλπιζον
3079 3222 3242 3275 αὐτὸν
3272 3223 3629 3293 ἀποστήσειν

2022 3320 2130 3372 τῶν
2165 3317 2345 3380 καλῶς
2380 3316 2773 3384 ἐγνωσμένων·
2827 3315 2902 3378 ὡς
2930 3315 2972 3367 δ’
3008 3315 3109 3368 οὐκ
3148 3316 3388 3380 ἔπειθον,
3424 3319 3619 3372 ὲνδξννο

2022 3428 2133 3476 τες,
2167 3411 2261 3463 καὶ
2293 3409 2475 3470 καλῶς
2505 3408 2649 3476 ἔχειν
2683 3406 3018 3469 είπόντεςτά
3056 3407 3483 3477 βεϐουλευμένα,
3515 3413 3624 3479 τὴν

2021 3500 2282 3568 ταχίστην
2320 3497 2684 3567 ἀναστρέφειν
2711 3493 3020 3565 ⁹παρῄνουν,
3081 3496 3214 3566 ὅσην
3268 3498 3334 3550 ἂν
3382 3498 3622 3566 δύνηται

2021 3593 2254 3660 δύναμιν
2286 3589 2659 3659 ἐπαγόμενον’
2703 3588 2803 3658 τὴν
2830 3588 2885 3639 δὲ
2919 3588 3111 3659 λοιπὴν
3145 3588 3484 3659 προσθήσειν
3518 3594 3619 3647 αὕ-

2022 3686 2169 3747 τοὺς,
2203 3686 2296 3737 καὶ
2342 3681 2932 3753 συμπροθυμήσεσθαι,
2996 3684 3093 3735 καὶ
3138 3682 3315 3735 πάντα
3374 3686 3617 3753 πράξειν

2023 3777 2162 3846 ὑπὲρ
2193 3776 2382 3831 αὑτοῦ.
2438 3775 2627 3829 Ταῦτα
2663 3775 2759 3845 μὲν
2803 3770 2942 3845 ἦσαν
2978 3777 3033 3827 ἐν
3077 3769 3158 3837 οἷς
3206 3777 3612 3846 umet/03m-

2022 3871 2069 3922 εί
2098 3870 2142 3921 δ’
2174 3864 2254 3931 οἷς
2281 3869 2488 3936 ἔλεγον,
2523 3869 2619 3920 καὶ
2639 3868 2705 3919 τὰ
2738 3868 2847 3920 άπὸ
2875 3866 2981 3919 τῶν
3006 3868 3348 3936 πραγμάτων
3386 3872 3616 3939 συνέϐη,

2022 3960 2231 4027 ἔξεστιν
2265 3960 2328 4011 ἐκ
2360 3959 2467 4011 τῶν
2487 3958 2807 4011 ἀποϐάντων
2832 3958 2927 4027 τὴν
2947 3958 3255 4029 μαρτυρίαν
3279 3959 3615 4028 λαμϐάνειν.

2023 4054 2198 4107 Πάλαι
2230 4051 2338 4121 γὰρ
2358 4053 2421 4103 ἂν
2450 4050 2605 4119 δίκην
2632 4050 2821 4102 ἔδοσαν
2851 4051 2898 4101 οί
2922 4050 3187 4121 βάρϐαροι
3215 4051 3312 4104 τοῦ
3339 4054 3619 4120 βασιλέως

2023 4143 2291 4204 ἐλθόντος,
2328 4142 2377 4192 εί
2415 4139 2489 4209 μὴ
2539 4141 2653 4200 τοῖς
2708 4141 3026 4207 συμμάχοις
3075 4133 3221 4194 οὗτοι
3268 4141 3367 4205 τὰς
3406 4143 3613 4205 διόδους

2025 4232 2381 4295 ἀπέκλεισαν,
2439 4232 2532 4283 καὶ
2585 4231 2709 4292 τοὺς
2769 4229 3082 4300 βαρϐάρους
3116 4234 3249 4302 ἡμῖν
3286 4232 3385 4285 τοῦ
3418 4237 3612 4305 θέρους

2022 4324 2326 4395 ἐπήγαγον,
2349 4322 2538 4375 οὐδένα
2571 4321 2757 4374 λοιπὸν
2782 4322 3043 4385 δεδιότας.
3073 4324 3227 4375 Ὢστ⁹
3256 4326 3423 4389 εῖτις
3451 4328 3607 4397 ἄχθε-

2022 4432 2113 4467 ται
2146 4414 2257 4474 τοῖς
2287 4413 2551 4482 παροῦσι.
2593 4414 2805 4478 τούτοις
2864 4415 2965 4482 τὴν
3030 4416 3212 4467 αἰτίαν
3254 4417 3366 4469 τῶν
3424 4421 3605 4472 κακῶν

334 4506 502 4574 inque
562 4519 663 4570 nos
717 4516 927 4571 testate,
981 4505 1122 4558 nihil
1174 4507 1285 4575 jam
1348 4507 1603 4559 timentes
1647 4501 1921 4556 Barbams

2029 4504 2343 4575 λογιζέσθω.
2386 4505 2468 4568 Ὠς
2497 4506 2550 4558 εί
2579 4504 2629 4571 γ’
2661 4507 2922 4577 ἐμμένειν
2967 4501 3113 4560 οὗτοι
3144 4511 3255 4571 τοῖς
3288 4510 3608 4581 ὑπεσχημέ-

332 4598 715 4656 immisissent.
736 4598 1105 4665 Quamobrem
1135 4598 1179 4651 si
1216 4599 1340 4668 quis
1378 4613 1560 4651 rerum
1597 4605 1919 4666 praisentem

331 4703 538 4749 statum
585 4693 818 4747 moleste
873 4690 1062 4755 habet,
1096 4691 1367 4745 malorum
1402 4692 1483 4745 eis
1522 4690 1757 4758 imputet
1793 4704 1924 4742 cau-

333 4800 473 4839 sam.
498 4785 680 4854 Atque
714 4782 877 4847 adeo,
914 4782 1068 4837 utilli
1104 4780 1408 4835 voluissent
1438 4780 1722 4850 promissis
1751 4790 1918 4841 stare,

331 4892 443 4930 non
484 4874 660 4930 modis
683 4873 941 4929 omnibus
973 4871 1427 4929 res'confundere
1454 4887 1515 4925 ac
1542 4870 1919 4943 pessumdare,

332 4968 464 5022 olim
506 4983 609 5022 nos
652 4982 682 5021 a
727 4964 1098 5019 Barbarorum
1152 4964 1355 5036 injuria
1408 4962 1571 5018 liberi
1608 4978 1918 5033 ageremus,

326 5061 594 5130 omnique
624 5058 1023 5127 tranquillitate
1061 5057 1227 5111 urbes
1260 5057 1650 5112 iueolercmus.

400 5151 536 5219 Quis
588 5166 743 5221 ergo,
776 5149 881 5203 nisi
930 5147 1157 5202 insanus
1211 5157 1317 5207 est.
1355 5149 1437 5201 vel
1482 5148 1759 5202 modicum
1787 5146 1921 5217 quid

332 5246 401 5302 ab
438 5245 548 5300 illis
592 5243 920 5313 Speraverit,
950 5241 1154 5312 quibus
1189 5249 1376 5295 nostra
1431 5241 1593 5301 mala.
1625 5256 1723 5296 sua
1774 5242 1924 5312 ipso-

336 5356 457 5393 rum
516 5338 693 5393 salute
745 5333 1146 5391 chariora.sint
1194 5348 1260 5388 ac
1295 5333 1599 5389 studiosius
1654 5333 1922 5404 quaesita?

334 5432 620 5503 Siquidem
651 5444 785 5500 ergo
837 5436 898 5483 ut
952 5427 1183 5500 Scythas
1211 5426 1373 5482 nobis
1401 5428 1767 5482 auxiliaturos
1794 5442 1922 5497 spe-

332 5544 541 5594 remus,
574 5540 777 5581 vanum
813 5532 929 5589 est;
965 5531 1023 5577 ut
1067 5522 1317 5577 Tribalos
1349 5521 1681 5586 ridiculum;
1718 5531 1779 5576 ut
1809 5522 1941 5594 My:

332 5634 424 5675 sos
450 5620 587 5673 nihil
613 5618 680 5673 ad
709 5632 861 5687 spem
896 5616 1244 5670 commodum
1266 5653 1280 5678 ,
1315 5614 1491 5669 nostri
1525 5628 1657 5670 vero
1685 5629 1919 5683 quorum

333 5708 550 5780 pridem
585 5708 761 5761 virtus
804 5708 1018 5762 defecta
1054 5706 1146 5771 sit,
1179 5706 1326 5758 nulla
1363 5705 1503 5760 ratio
1531 5706 1783 5761 habenda
1813 5714 1917 5772 est,

340 5814 514 5872 quem
556 5799 1104 5867 praescuti'deinceps
1153 5798 1372 5867 negotio
1402 5799 1784 5866 auxiliatorcm
1823 5814 1919 5855 vo-

2024 4616 2135 4662 νοις
2170 4597 2475 4659 ἐϐούλοντο,
2528 4599 2622 4650 καὶ
2674 4600 2748 4668 μὴ
2780 4600 2955 4652 πάντα
2984 4600 3185 4670 τρόπον
3241 4607 3477 4671 συγχεῖν
3520 4606 3608 4657 καὶ

2025 4693 2364 4763 διαφθείρειν
2401 4692 2469 4743 τὰ
2504 4692 2825 4760 πράγματα,
2858 4692 3025 4745 πάλαι
3056 4693 3124 4746 ἂν
3174 4694 3337 4763 ἡμεῖς
3369 4695 3476 4764 τῆς
3504 4696 3607 4747 τῶν

2028 4784 2323 4855 βαρϐάρων
2357 4782 2567 4848 ὓϐρεως
2610 4783 3007 4853 ἀπηλλάγμεθα
3028 4822 3044 4848 ,
3075 4784 3169 4837 καὶ
3221 4784 3346 4853 μεθ’
3375 4786 3604 4858 ἡσυχίας

2023 4878 2123 4942 τὰς
2153 4876 2338 4939 πόλεις
2373 4873 2647 4945 ᾠκοῦμεν.

2095 5151 2191 5215 Τίς
2217 5146 2331 5215 οὖν,
2366 5150 2522 5214 εἴτις
2555 5147 2631 5219 μὴ
2685 5150 2955 5220 μαίνοιτο,
2988 5147 3210 5219 μέτριον
3252 5148 3322 5200 ἄν
3368 5163 3428 5199 τι
3459 5148 3596 5215 παρὰ

2022 5242 2231 5297 τούτων
2283 5241 2522 5309 ἐλπίσαι,
2574 5234 2655 5305 οἷς
2706 5241 2776 5294 τὰ
2809 5240 3051 5311 ἡμέτερα
3106 5240 3249 5292 κακά
3288 5241 3394 5309 τῆς
3431 5239 3598 5293 αὐτῶν

2025 5336 2302 5406 σωτηρίας
2325 5334 2529 5405 μᾶλλον
2554 5333 2946 5400 σπουδάζεται;
2982 5333 3190 5386 Οὐκοῦν
3222 5335 3271 5385 εί
3302 5333 3363 5386 τὸ
3391 5334 3595 5393 Σκύθας

2026 5431 2123 5500 μέν
2151 5431 2280 5500 ἡμῖν
2307 5429 2524 5500 βοηθεῖν
2555 5427 2745 5492 ἕωλον,
2778 5429 2953 5496 γέλως
2991 5427 3047 5480 δὲ
3077 5429 3108 5497 ἡ
3134 5425 3434 5497 Τριϐαλῶν
3474 5444 3595 5495 συμο

2025 5522 2220 5590 μαχία,
2276 5522 2577 5573 ἀνέλπιστα
2621 5514 2677 5571 δὲ
2732 5519 2801 5572 τὰ
2833 5518 3058 5583 Μυσῶν,
3115 5519 3259 5588 ἡμᾶς
3300 5517 3348 5570 δ’
3375 5515 3448 5573 αὖ
3489 5518 3593 5571 οὑδὲ

2025 5612 2479 5684 προσλογίζεσθαι
2503 5614 2609 5683 χρὴ
2637 5611 2807 5665 πάλαι
2835 5612 3204 5682 ἀπειρηκότας
3228 5626 3241 5640 ο
3278 5610 3402 5664 τίνα
3422 5608 3590 5663 λοιπὴν

2024 5705 2326 5774 καλέσομεν
2350 5704 2637 5775 σύμμαχον
2666 5707 2760 5758 ἐπὶ
2784 5706 2853 5757 τὰ
2882 5706 3159 5774 παρόντας
3211 5703 3285 5757 Οὐ
3304 5703 3413 5771 γάρ
3434 5701 3595 5772 δήπου

2025 5797 2395 5867 Μασσαγέτας
2430 5796 2739 5869 ἀξιώσομεν
2769 5798 2912 5868 δεῦρ’
2945 5799 3123 5869 ἥκειν,
3168 5796 3597 5866 μετασχήσοντας
