3862 6220
330 316 436 380 ΕΤΙ

1274 328 1561 388 ORATIO
1598 329 1746 389 PRO
1788 329 2146 391 SUBSlDlO
2186 328 2677 391 LA'l‘lNOllUM’a

3479 332 3598 394 978

325 428 422 483 τοῦ
454 427 693 498 πολέμου
711 445 723 460 ·
756 430 787 501 ἢ
818 431 953 500 πρὸς
973 433 1101 498 τοὺς
1129 435 1226 505 τὴν
1250 436 1355 501 ἔξω
1381 436 1601 507 Στηλῶν
1633 436 1894 489 θάλατταν

2008 440 2360 494 caverimus?
2385 441 2524 495 Num
2560 440 2695 493 forte
2722 439 3049 508 Illarsagctas
3074 436 3182 491 huc
3209 435 3400 490 adesse
3432 453 3593 508 roga-

325 522 607 585 οίκοῦντας
639 524 933 595 πέμψομεν
972 529 1263 599 πρέσϐεις;
1320 531 1632 601 Συμϐούλου
1665 530 1710 584 δ’
1756 528 1894 584 εῖναι

324 615 387 668 ού
436 617 551 678 τοῖς
607 616 705 685 μὲν
741 618 834 671 ὐπ’
861 619 1036 673 ἀλλων
1071 621 1387 691 λεγομένοις
1426 625 1708 695 ἐπιτιμᾷν,
1738 624 1902 676 αὑτὸν

324 706 371 760 δ’
399 705 437 763 ἃ
489 709 727 763 συνοίσει
777 711 852 782 μὴ
894 711 1111 777 λέγειν·
1156 712 1275 767 ἀλλ’
1318 716 1643 768 ἀντειπόντα
1688 716 1801 776 τοῖς
1833 714 1894 766 ού

324 800 510 864 καλῶς
538 801 789 856 δοκοῦσιν
836 804 1090 874 εἰρῆσθαι
1137 807 1425 877 πρότερον,
1476 807 1639 861 αὐτὸν
1670 806 1898 875 ὕστερον

321 894 387 962 τῇ
415 891 610 965 γνώμῃ
642 898 889 964 κρατεῖν.
918 896 1111 949 Καίτοι
1151 898 1475 967 ἀπεροῦσιν
1511 898 1560 950 οί
1592 898 1758 967 μηδὲν
1784 897 1902 950 ἕτε-

326 1000 417 1053 ρον
456 986 513 1037 ὲν
569 989 634 1057 τῇ
688 988 841 1039 πόλει
873 989 1260 1059 συμϐουλεύειν
1296 990 1644 1053 σκοποῦντες,
1684 990 1717 1060 ἢ
1751 991 1900 1051 ὅπως

319 1078 433 1139 τοῖς
459 1076 534 1147 μὴ
570 1079 635 1131 τὰ
673 1079 917 1133 δοκοῦντ’
948 1083 1131 1145 αὐτοῖς
1161 1083 1413 1150 λέγουσιν
1437 1082 1777 1152 ἀντεροῢσιν.

2005 531 2210 592 bimus,
2242 531 2407 599 inque
2462 533 2586 586 belli
2634 531 2949 586 societatem
2982 529 3220 584 venire?
3253 528 3334 582 vel
3364 528 3587 582 nuntios

2012 621 2077 675 ad
2112 636 2209 676 eos
2255 622 2557 685 mittemus,
2590 624 2683 691 qui
2741 621 2952 676 insulas
2987 636 3067 681 ac
3090 635 3239 675 mare
3290 630 3441 674 extra
3481 619 3589 674 Co-

2004 712 2222 765 lumnas
2281 712 2569 765 habitant?
2602 714 2773 767 Porro
2806 721 2985 766 autem
3024 711 3324 764 consiliarii
3360 710 3451 771 sit,
3474 725 3584 762 non

2018 811 2078 857 ut
2108 803 2176 856 ab
2198 803 2320 857 aliis
2347 803 2489 856 dicta
2516 804 2927 872 vituperaverit,
2961 803 3099 858 nihil
3132 818 3264 857 vero
3297 802 3413 871 ipse
3437 799 3585 869 quod

2004 912 2035 951 e
2106 910 2162 950 re
2214 896 2305 956 sit,
2366 911 2429 950 ac
2501 896 2847 950 conducibile
2897 896 3117 959 dixerit,
3146 895 3240 950 sed
3301 894 3491 963 magis,
3527 901 3587 944 ιιι

2006 990 2163 1058 prius
2214 987 2468 1041 refutatis
2501 1004 2622 1057 qua:
2658 1004 2766 1041 non
2803 988 2945 1043 bene
2976 988 3121 1043 dicta
3160 987 3440 1046 videntur.
3468 984 3585 1053 ipse

2008 1081 2357 1150 postmodum
2421 1083 2692 1134 sententia
2747 1080 3146 1149 superaverit:
3201 1077 3415 1133 tametsi
3457 1083 3587 1130 sunt

317 1171 743 1239 contradicturi,
769 1175 862 1243 qui
897 1174 1034 1229 nihil
1070 1176 1216 1231 aliud
1251 1178 1306 1231 in
1337 1177 1561 1231 civitate
1595 1175 1906 1230 deliberant
1945 1186 2008 1227 ac
2074 1171 2290 1226 consilii
2326 1171 2539 1236 ineunt,
2603 1186 2765 1241 quam
2800 1181 2858 1225 ut
2902 1171 2988 1237 iis,
3015 1171 3107 1241 qui
3150 1172 3330 1225 minus
3363 1170 3583 1239 placen-

308 1262 393 1343 tia
422 1262 685 1328 dixerint.
714 1268 1123 1323 contradicanl.

400 1355 545 1423 Ἐγὼ
578 1357 635 1410 δὲ
667 1361 887 1429 πρῶτον
919 1362 1041 1433 μὲν,
1066 1357 1110 1416 ὦ
1134 1364 1356 1437 ἄνδρες,
1387 1363 1683 1434 ἀξιώσαιμ’
1701 1362 1897 1427 αὐτοὺς

312 1448 515 1516 λέγειν,
550 1452 604 1502 εί
631 1469 685 1504 τι
732 1456 845 1516 τοῖς
899 1455 1213 1525 είρημένοις
1262 1456 1582 1525 ἐπιτιμῶσι,
1641 1458 1738 1511 καὶ
1786 1457 1898 1509 δει-

311 1538 499 1591 κνύειν
529 1540 559 1610 ἢ
592 1540 668 1604 ὡς
698 1543 793 1613 οὐχ
822 1543 1052 1599 ἕκαστον
1076 1546 1183 1598 τῶν
1203 1547 1700 1618 ἀπηριθιμημένων
1737 1565 1901 1619 προσ-

309 1630 453 1680 εῖναι
501 1631 581 1682 δεῖ
618 1635 731 1696 τοῖς
796 1635 927 1704 ἡμῖν
972 1638 1468 1709 συμμαχήσουσινο
1522 1639 1554 1709 ἦ
1601 1636 1712 1707 ἐγὼ
1770 1638 1898 1696 τοὺς

315 1721 408 1773 ὑπ’
446 1722 626 1777 αὐτῶν
666 1725 995 1796 λεγομένους
1054 1730 1399 1800 συκοφαντῶ,
1442 1730 1538 1783 καὶ¹
1588 1729 1895 1801 χρησίμους

312 1814 607 1885 ἐσομένους
633 1821 698 1888 τῇ
738 1820 913 1882 πόλει,
958 1825 1229 1891 πονηροὺς
1270 1824 1573 1892 ἀποφαίνω.
1613 1825 1674 1875 Εί
1698 1824 1754 1876 δὲ
1789 1841 1895 1891 μη-

308 1901 535 1970 δέτερον
572 1909 748 1960 ποιεῖν
781 1908 1152 1979 ἐθελήσουσιν,
1207 1912 1344 1981 ὅπερ
1385 1913 1516 1981 ἡμῖν
1549 1911 1890 1978 ἐγκαλοῦσιν,

309 1994 469 2046 αὐτοὶ
516 1996 781 2066 πρότερον
816 1997 1120 2062 πείσονται,
1163 2001 1257 2053 καὶ
1292 1999 1539 2064 δόξουσιν
1574 2002 1705 2070 ἡμῖν
1744 2002 1896 2053 ἀντι-

309 2085 516 2153 λέγειν,
576 2087 837 2157 οὐδεμίαν
894 2090 1051 2143 αὐτοὶ
1090 2090 1318 2161 γνώμην
1365 2091 1731 2160 εἰσφέροντες.
1761 2089 1896 2143 Είδ⁹

312 2181 601 2249 ἀμφότερα
620 2179 801 2242 καλῶς
823 2182 1038 2251 εἴρηται
1066 2183 1200 2253 παρ’
1219 2184 1395 2252 ἡμῶν,
1411 2182 1657 2236 λείπεται
1673 2184 1894 2236 σκοπεῖν

313 2267 371 2319 ἐν
400 2270 589 2340 κοινῷ,
624 2270 768 2332 τίνες
809 2272 860 2322 οἱ
891 2272 1028 2342 πρὸς
1060 2274 1128 2326 τὰ
1176 2274 1419 2342 παρόντα
1460 2277 1524 2345 τῇ
1561 2274 1717 2327 πόλει
1748 2273 1895 2326 λυσι-

312 2361 652 2430 τελήσοντες.
692 2364 767 2415 Οὐ
814 2364 920 2433 μὴν
948 2364 1066 2419 ἀλλ’
1113 2365 1200 2418 ῐνα
1245 2367 1320 2436 μὴ
1359 2366 1502 2419 δοκῶ
1535 2366 1694 2434 λόγον
1718 2367 1893 2425 ἄλλως

314 2452 476 2521 μόνον
504 2450 643 2507 εἶναι
673 2456 742 2507 τά
772 2455 905 2527 παρ’
934 2457 1111 2527 ἡμῶν,
1145 2458 1253 2511 τῶν
1294 2458 1349 2511 δὲ
1382 2458 1727 2529 πραγμάτων
1752 2457 1894 2512 ἑκὼν

307 2539 377 2592 δι’
410 2542 651 2608 ἀπορίαν
675 2544 1034 2612 ἀφίστασθαι,
1068 2547 1176 2617 ἐρῶ
1200 2547 1267 2599 τὰ
1297 2547 1590 2601 δοκοῦντα·
1639 2548 1894 2601 τοσοῦτον

312 2631 471 2701 ἡμῶν
505 2633 741 2702 δεηθεὶς,
774 2637 849 2706 μὴ
888 2639 1152 2710 πρότερον
1184 2638 1456 2709 θορυϐεῖν,
1484 2640 1540 2693 εῐ
1566 2659 1619 2695 τι
1653 2642 1808 2712 παρὰ
1834 2644 1894 2695 τδ

307 2722 513 2776 δοκοῦν
533 2726 663 2795 ὑμῖν
715 2730 747 2798 ἡ
783 2729 1066 2800 συμϐουλὴ
1116 2730 1389 2799 περιέξειο
1427 2731 1543 2786 ἀλλ’
1578 2733 1891 2802 ἀνασχομέ-

307 2831 437 2880 νους
471 2817 581 2871 τῶν
612 2818 837 2881 λοιπῶν,
871 2821 993 2873 τότε
1041 2820 1073 2891 ἦ
1109 2820 1422 2885 συνθέσθαι,
1469 2822 1501 2891 ἢ
1536 2824 1647 2885 τοῖς
1677 2827 1893 2894 καιροῖς

308 2908 446 2962 ἄλλο
484 2927 535 2962 τι
584 2912 1001 2983 χρησιμώτερον
1047 2913 1388 2983 ἐξευρίσκειν
1417 2914 1737 2983 πειρᾶσθαι.
1777 2914 1893 2967 Οὐκ

307 3003 518 3073 ἀπορία
556 3005 862 3073 συμμάχων
918 3007 1012 3057 ἐπὶ
1060 3005 1208 3059 τοῦτ’
1258 3006 1562 3076 ἀφίγμεθα,
1592 3001 1637 3060 ὦ
1675 3007 1887 3077 ἄνδρες,

2077 1361 2191 1429 Ego
2226 1368 2435 1421 autem,
2468 1359 2767 1423 auditores,
2784 1374 2880 1412 eos
2912 1359 3149 1429 primum
3182 1359 3400 1413 edicere
3429 1373 3586 1425 roga-

2001 1452 2197 1515 verim,
2233 1466 2362 1504 num
2398 1450 2528 1519 quid
2564 1450 2616 1502 in
2649 1448 2889 1518 praefatis
2927 1448 3447 1515 reprehendendum
3482 1448 3584 1501 ha-

2000 1552 2184 1614 beant,
2216 1548 2636 1617 ostcndantque,
2669 1555 2764 1599 aut
2812 1560 2919 1600 non
2967 1560 3189 1601 necesse
3226 1559 3348 1599 esse
3381 1552 3439 1597 ut
3470 1544 3586 1598 haec

2004 1641 2189 1693 omnia
2243 1641 2445 1701 adsint,
2500 1638 2627 1692 belli
2672 1637 2829 1691 nobis
2867 1636 3063 1691 futuris
3114 1636 3312 1697 sociis,
3343 1634 3427 1688 vel
3459 1649 3582 1703 ego,

1932 1769 1971 1823 Β
2004 1750 2146 1803 quos
2178 1734 2254 1787 illi
2288 1733 2529 1787 dixerint
2554 1733 2605 1784 in
2638 1731 2848 1786 crimen
2876 1729 3109 1791 vocabo,
3152 1728 3385 1797 urbique
3419 1728 3583 1781 utiles

2002 1827 2345 1881 existimatos
2402 1826 2577 1879 malos
2627 1823 3027 1895 pronuntiabo.
3084 1821 3181 1876 Sin
3234 1830 3413 1874 autem
3448 1836 3587 1875 neu-

1998 1927 2142 1971 trum
2201 1914 2374 1969 velint
2428 1922 2708 1983 praestare,
2760 1914 2863 1983 ipsi
2917 1912 3074 1983 prius
3132 1924 3297 1965 causa
3362 1908 3584 1974 cadent,

1994 2005 2442 2072 videbunturque
2502 2003 2660 2057 nobis
2715 2001 3119 2066 contradicere,
3182 2012 3307 2052 cum
3378 1998 3583 2064 nullam

1997 2095 2096 2166 ipsi
2122 2095 2446 2150 sententiam
2479 2082 2737 2147 inferant.
2762 2092 2917 2158 Quod
2938 2092 2982 2144 si
3003 2092 3144 2147 bene
3162 2102 3217 2146 et
3241 2102 3299 2147 ut
3327 2105 3423 2160 par
3438 2097 3581 2151 erat,

1996 2197 2223 2256 utraque
2242 2187 2501 2248 diximus,
2527 2185 2796 2253 reliquum
2816 2184 3186 2238 estcommuni
3218 2183 3585 2238 deliberemus

1993 2278 2245 2340 consilio,
2275 2278 2499 2346 quinam
2560 2292 2741 2330 rerum
2778 2278 3030 2341 praesenti
3060 2286 3228 2339 statu,
3265 2273 3438 2328 futuri
3471 2273 3583 2328 sint

1996 2370 2118 2424 urbi
2157 2369 2339 2424 utiles.
2377 2368 2701 2434 Enimvero,
2754 2378 2912 2422 utne
2949 2368 3157 2421 nudum
3206 2375 3414 2421 temere
3459 2380 3578 2420 ser-

1999 2475 2219 2514 monem
2283 2461 2504 2516 eﬂ‘utire
2560 2459 2796 2525 videar,
2855 2460 3144 2527 libensque
3202 2473 3315 2527 prae
3363 2456 3584 2511 consilii

1998 2552 2181 2623 inopia
2211 2570 2241 2609 a
2271 2554 2437 2609 rebus
2491 2561 2693 2608 memet
2726 2551 3073 2615 abstrahere,
3115 2550 3292 2603 dicam
3322 2564 3444 2617 qua:
3489 2548 3577 2600 vi-

1997 2648 2224 2709 dentur,
2265 2649 2369 2702 hoc
2408 2655 2621 2701 tantum
2683 2660 2903 2721 rogans,
2955 2653 3013 2697 ut
3053 2642 3235 2712 siquid
3288 2640 3579 2695 consilium

1997 2756 2025 2793 a
2063 2749 2248 2795 vestro
2282 2740 2523 2795 alienum
2557 2753 2722 2792 sensu
2778 2736 3200 2805 complectatur.
3256 2748 3365 2787 non
3428 2733 3582 2802 prius

1998 2832 2293 2887 tumultum
2329 2832 2524 2887 cientis
2553 2870 2569 2894 ,
2606 2829 2701 2885 sed
2734 2828 3065 2898 exspectetis
3093 2827 3327 2895 reliqua,
3357 2833 3591 2892 tumque»

1994 2925 2081 2978 vel
2117 2923 2408 2993 praeheatis
2467 2937 2777 2985 assensum,
2812 2922 2896 2976 vel
2947 2919 3097 2975 aliud
3132 2917 3413 2989 quidpiam
3450 2932 3577 2971 con-

1998 3033 2193 3085 gruum
2245 3018 2431 3087 magis
2478 3015 2819 3086 temporibus
2872 3013 3123 3069 invenire
3183 3013 3427 3069 tentetis.
3458 3010 3578 3066 Non

307 3094 402 3148 οὗ·
432 3097 549 3149 ἀλλ’
602 3096 766 3167 ἕτερα
803 3099 911 3150 τῶν
943 3099 1231 3169 παρόντων
1270 3099 1457 3153 κακῶν
1504 3099 1635 3170 ἡμῖν
1669 3100 1893 3167 γέγονεν

2006 3107 2128 3162 belli
2181 3109 2459 3163 sociorum
2511 3106 2751 3169 defectu,
2786 3106 3091 3170 auditores,
3130 3104 3184 3159 in
3213 3119 3339 3158 eum
3375 3109 3578 3157 statum

313 3188 468 3240 αἴτια
491 3204 507 3219 ο
534 3188 567 3242 ἃ
600 3188 699 3258 τῆς
741 3190 1017 3253 πολιτείας
1058 3191 1438 3262 κρατήσαντα,
1464 3193 1561 3244 καὶ
1578 3193 1891 3261 συμμαχεῖν

309 3278 647 3348 δυναμένους
672 3281 879 3350 ἑτέροις
913 3283 1084 3351 ἡμᾶς,
1116 3282 1209 3335 νῦν
1233 3283 1358 3345 τοὺς
1400 3281 1766 3351 βοηθήσοντας
1797 3298 1893 3333 πε-

315 3372 554 3443 ριιόντας
588 3374 891 3441 ἀναγκάζει
944 3374 1149 3445 ζητεῖν.
1203 3375 1494 3445 Σύμμαχοι
1531 3376 1576 3427 δ’
1605 3376 1736 3445 ἡμῖν
1784 3374 1892 3426 εισι

308 3464 412 3517 καὶ
435 3465 621 3519 πολλοὶ
649 3468 747 3520 καὶ
798 3467 955 3521 καλοὶ
988 3468 1085 3520 καὶ
1136 3466 1390 3520 τοσοῦτον
1437 3467 1732 3536 ἀχθόμενοι
1777 3467 1892 3528 τοῖς

304 3560 604 3630 ἡμετέροις
628 3562 839 3627 κακοῖς,
867 3563 990 3614 ὅσον
1012 3561 1156 3631 ἡμᾶς
1180 3560 1346 3628 ἔγωγ’
1369 3561 1435 3614 ἂν
1464 3560 1736 3630 εὐξαίμην
1762 3560 1892 3629 ὑμῖν

310 3651 502 3714 αὐτοῖς
534 3651 840 3719 συναλγεῖν.
900 3651 1056 3706 Εἴπω
1090 3653 1240 3715 τίνας
1264 3670 1279 3686 ·
1324 3652 1597 3716 κελεύετε,
1659 3653 1753 3707 καὶ
1789 3651 1890 3705 οὐκ

306 3747 607 3814 ὀργιεῖσθε.

308 3843 453 3898 lcste
480 3842 680 3907 ferant,
709 3850 770 3897 ut
801 3842 882 3898 sic
930 3856 1032 3897 nos
1058 3843 1174 3913 ipse
1204 3852 1386 3911 optem
1418 3849 1606 3899 nostra
1672 3840 1844 3907 ferre,
1907 3853 1973 3894 ac

306 3935 611 3989 continete.

384 4028 521 4091 Τοὺς
546 4027 639 4082 νῦν
665 4028 900 4099 ἥκοντας
941 4026 1248 4096 Ῥωμαίους
1284 4027 1427 4097 φημὶ
1477 4025 1572 4080 καὶ
1625 4025 1694 4079 τά
1758 4024 1903 4078 ἐκεί·

307 4138 421 4175 νων
448 4122 609 4186 ὅπλα,
636 4122 727 4174 καὶ
752 4121 853 4191 τὴν
877 4119 1103 4189 ἀνδρίαν
1127 4135 1141 4150 ο
1171 4118 1200 4171 δ
1260 4120 1353 4173 καὶ
1391 4116 1661 4185 θαυμάζω
1704 4118 1750 4169 εί
1805 4118 1901 4171 καὶ

306 4213 557 4280 τοῖινομα
607 4212 737 4280 γοῦν
801 4212 898 4281 οὐχ
963 4212 1147 4264 ἱκανὸν
1202 4211 1332 4279 ὑμῖν
1383 4208 1720 4263 διαλλάττειν
1772 4208 1900 4270 τοὺς

312 4304 539 4372 ἄνδρας.
573 4303 852 4373 Σκέψασθε
876 4301 1078 4365 τοίνυν,
1099 4302 1145 4352 εἰ
1176 4301 1320 4362 τίνος
1350 4299 1460 4351 τῶν
1478 4298 1899 4369 προειρημένων

316 4398 459 4452 ἐνδεῖ
485 4398 596 4459 τοῖς
639 4393 948 4464 συμμάχοις
1002 4393 1156 4461 ἡμῖν,
1216 4390 1417 4460 μᾶλλον
1443 4389 1489 4441 δ’
1521 4390 1571 4441 ει
1628 4389 1703 4457 μὴ
1763 4387 1900 4457 πρὸς

2000 3198 2208 3254 redacti
2240 3214 2450 3255 sumus.
2484 3199 2706 3253 Minime
2738 3197 2985 3267 gentium
3016 3213 3030 3263 ;
3063 3211 3251 3251 verum
3284 3195 3389 3250 alia
3420 3190 3589 3248 nobis

2002 3302 2064 3348 ut
2094 3294 2149 3346 in
2181 3292 2296 3347 haec
2335 3293 2475 3346 mala
2505 3291 2905 3356 incideremus,
2934 3291 2989 3345 iu
3020 3305 3183 3344 causa
3213 3289 3581 3351 exstiterunt,

2000 3398 2175 3451 caque
2206 3382 2530 3451 occupantia
2561 3382 2976 3453 rempublicam,
3002 3396 3127 3436 cum
3155 3381 3288 3435 tales
3312 3392 3583 3443 essemus,

2000 3475 2096 3546 qui
2152 3475 2283 3530 belli
2328 3474 2463 3530 socii
2514 3474 2637 3529 aliis
2692 3474 2942 3528 auxiliari
2996 3485 3304 3541 possemus,
3357 3485 3425 3524 eo
3482 3484 3585 3523 nos

2002 3567 2340 3638 compulere,
2388 3574 2448 3620 ut
2477 3567 2625 3620 omni
2677 3575 2832 3634 parte
2860 3565 3175 3619 auxiliarios
3202 3577 3450 3632 quaerere
3484 3574 3583 3613 ne-

2000 3670 2217 3712 cessum
2258 3655 2581 3711 habeamus.
2632 3655 2806 3709 Porro
2865 3654 3024 3709 nobis
3080 3663 3212 3707 sunt
3246 3651 3374 3706 belli
3420 3648 3581 3715 socii,

2000 3747 2150 3816 iique
2182 3746 2341 3801 multi
2373 3759 2436 3800 ac
2468 3745 2622 3811 boni,
2647 3747 2851 3815 quique
2896 3745 3038 3799 adeo
3064 3754 3247 3799 nostra
3281 3746 3421 3797 mala
3456 3756 3577 3796 mo-

2010 3839 2171 3895 nobis
2207 3838 2525 3894 condolere.
2573 3839 2760 3892 Dicam
2816 3837 3090 3903 homines,
3129 3836 3339 3907 iubete,
3371 3849 3436 3889 ac
3470 3833 3582 3889 iras

2079 4025 2377 4082 Venientes
2420 4043 2570 4082 nunc
2605 4028 2882 4083 Romanos
2931 4026 3056 4082 dico
3089 4040 3395 4096 eorumque
3427 4040 3581 4079 arma

2006 4132 2071 4172 ac
2098 4117 2515 4177 fortitudinem:
2543 4134 2607 4173 ac
2635 4121 2856 4183 mirum,
2885 4119 2941 4174 ui
2971 4120 3147 4189 ipsum
3178 4133 3399 4182 nomen,
3434 4117 3588 4170 viros

2004 4209 2164 4265 vobis
2194 4211 2471 4267 conciliet.
2500 4213 2731 4266 Pensate
2752 4227 2905 4281 ergo,
2936 4228 3064 4267 num
3085 4212 3216 4282 quid
3241 4226 3434 4266 eorum
3458 4224 3590 4279 quae

2004 4299 2383 4369 pratdiximus,
2441 4302 2569 4357 belli
2604 4303 2765 4357 nobis
2797 4303 2966 4357 sociis
3009 4303 3187 4367 desit;
3232 4302 3366 4371 quin
3402 4301 3593 4371 potius

2006 4408 2137 4446 num
2171 4393 2389 4447 abunde
2412 4394 2692 4460 omnibus,
2726 4394 2927 4463 quibus
2952 4394 3080 4464 quis
3102 4394 3417 4455 auxilietur,
3447 4408 3583 4463 pm—

317 4490 497 4544 πάντα
536 4488 675 4558 μετά
709 4484 802 4539 τοῦ
862 4484 1148 4554 περιόντος
1202 4480 1486 4551 ἀρκοῦσιν.
1517 4479 1727 4533 Οὐκοῦν
1773 4479 1894 4532 ὅθεν

2006 4479 2107 4535 diti
2150 4481 2281 4535 sint.
2320 4481 2507 4549 Itaque
2542 4481 2688 4537 unde
2717 4483 2856 4553 ccepi
2879 4525 2894 4549 ,
2925 4499 2953 4537 a
2985 4485 3290 4550 communi,
3330 4485 3579 4554 inquam,

315 4584 598 4654 ἠρξάμην,
625 4582 732 4634 ἀπὸ
796 4574 890 4632 τοῦ
950 4575 1131 4630 κοινοῦ
1177 4575 1418 4645 δηλονότι
1476 4564 1892 4643 προσρήματος,

317 4676 622 4743 ποιήσομαι
650 4672 751 4741 τὴν
776 4671 976 4741 ἀρχήν.
1036 4667 1192 4730 Τίνες
1247 4666 1540 4734 Ῥωμαίοις
1606 4662 1897 4732 Ῥωμαίων

314 4769 638 4835 οἰκειότεροι
696 4762 1007 4833 σύμμιχοις
1045 4760 1078 4831 ἢ
1113 4760 1258 4820 τίνες
1295 4756 1733 4825 ἀξιοπιστότεροι
1789 4755 1898 4808 τῶν

314 4857 420 4929 τὴν
450 4858 618 4925 αὐτὴν
646 4855 879 4926 ἑχόντων
923 4850 1185 4920 πατρίδας
1228 4849 1295 4900 Ἣ
1332 4849 1437 4917 γὰρ
1490 4848 1713 4900 ἐκείνων
1746 4846 1899 4909 πόλις

317 4950 424 5020 τῆς
449 4949 721 5019 ἡμετέρας
749 4946 1081 5015 μητρόπολις
1113 4932 1305 5012 γέγονε
1328 4957 1345 4975 ο
1377 4940 1471 4994 καὶ
1507 4943 1619 4999 τοῖς
1650 4938 1901 5000 ἀποίκοις

319 5042 704 5111 κοινωνήσασα
732 5039 827 5106 τῆς
854 5035 1191 5104 ἐπωνυμίας,
1224 5031 1406 5099 ἐκείνη
1451 5031 1548 5100 μὲν
1593 5031 1781 5100 ὥσπερ
1817 5046 1901 5092 τις

320 5133 587 5205 πρόϐολος
647 5131 861 5200 ἔμεινεν
888 5130 980 5183 ἐπὶ
1034 5126 1133 5194 τῆς
1192 5126 1467 5194 ἑσπέρα;’
1503 5123 1649 5191 ἡμᾶς
1693 5122 1749 5175 δὲ
1799 5124 1899 5191 τῆς

336 5227 521 5288 Ἀσίας
555 5224 928 5294 ἡγησομένους
956 5218 1261 5289 ὶξέπεμψεν
1282 5234 1295 5248 ’
1320 5214 1451 5270 ὥσθ’
1477 5216 1571 5268 ἕνα
1606 5216 1703 5285 μὲν
1729 5216 1790 5281 δῇ
1801 5232 1901 5285 μον

324 5317 475 5387 ἡμᾶς
508 5332 567 5367 τε
598 5308 886 5375 κάκείνους
913 5312 1109 5372 δοκεῖν,
1146 5308 1273 5377 μίαν
1297 5307 1353 5359 δὲ
1377 5306 1530 5359 πόλιν
1561 5307 1897 5375 ἀμφοτέρας,

324 5409 386 5459 ἐν
421 5404 651 5457 ἀποίκου
676 5404 768 5456 καὶ
801 5398 1183 5471 μητροπόλεως
1225 5396 1465 5464 σχήματι
1521 5396 1861 5460 τεταγμένας
1882 5412 1896 5426 ο

328 5492 499 5564 μηδὲν
566 5491 623 5544 δὲ
683 5489 901 5543 εἶναιτὸ
952 5485 1211 5556 διαιροῦν,
1273 5483 1410 5552 πλὴν
1458 5482 1583 5533 ὅσον
1640 5481 1737 5551 τὴν
1804 5484 1902 5551 μὲν

339 5585 619 5655 Ῥωμύλος
648 5582 902 5652 ἱδρύσατο
925 5598 940 5612 ·
970 5578 1071 5647 τὴν
1092 5578 1137 5630 δ’
1157 5579 1185 5629 ὁ
1234 5575 1331 5645 τὴν
1366 5572 1576 5627 ἐκείνου
1626 5573 1901 5641 βασιλείαν

329 5676 712 5745 διαδεξάμενος
744 5672 911 5742 ἔπηξε
943 5669 1371 5728 Κωνσταντῖνος.
1408 5665 1570 5716 ’Λλλὰ
1605 5665 1713 5736 μὴν
1743 5665 1901 5719 αὐτόν

336 5786 390 5821 τε
418 5770 846 5833 Κωνσταντῖνον,
883 5764 944 5821 οὗ
1006 5765 1179 5820 πάντα
1223 5762 1292 5815 τὰ
1346 5760 1588 5830 ἡμέτερα
1645 5759 1897 5830 ἤρτηται,

2006 4572 2395 4640 appellatione,
2426 4573 2553 4627 inde
2583 4575 2778 4627 ducam
2807 4576 3115 4630 exordium.
3164 4576 3438 4642 Quasnam
3472 4577 3589 4631 Ro.

2007 4663 2155 4716 mani
2206 4664 2470 4720 Romanis
2506 4665 2678 4735 magis
2704 4666 3051 4722 necessarios
3099 4669 3279 4723 socios
3310 4667 3587 4723 habeant?

2006 4753 2289 4819 Quosnam
2342 4772 2479 4811 vero
2517 4756 2586 4811 ad
2613 4756 2776 4811 tidem
2811 4759 3263 4826 comparatiores,
3287 4773 3450 4816 quam
3484 4760 3581 4827 qui

2008 4848 2213 4904 habent
2243 4850 2493 4903 eamdem
2538 4848 2808 4917 patriam?
2845 4848 3046 4903 Eorum
3080 4864 3316 4919 namque
3364 4850 3593 4911 civitas,-

2009 4948 2211 4993 nostraa
2242 4939 2562 5008 metropolis
2592 4950 2714 5002 est;
2749 4955 2985 5008 cumque
3024 4940 3255 4995 colonia:
3289 4956 3582 4995 commune

2007 5030 2343 5100 impertisset
2381 5047 2605 5097 nomen,
2662 5032 2777 5102 ipsa
2816 5032 3038 5101 quidem
3092 5033 3241 5087 velut
3273 5048 3585 5102 prapugna—

2008 5124 2194 5178 culum
2213 5122 2267 5176 in
2290 5123 2587 5178 Occidente
2611 5122 2847 5188 mansit;
2873 5138 2973 5177 nos
2992 5138 3144 5187 vero,
3169 5125 3261 5193 qui
3287 5124 3428 5178 Asiae
3442 5139 3581 5192 prae-

2007 5224 2275 5276 essemus,
2324 5210 2527 5274 emisit,
2560 5219 2621 5264 ut
2650 5211 2808 5279 plane
2857 5212 3097 5281 utrique,
3145 5229 3288 5268 unus
3322 5214 3577 5283 idemque

2009 5302 2245 5372 p0pulus
2293 5300 2619 5365 videamur;
2672 5302 2959 5371 ambaque
2998 5303 3163 5358 urbes
3202 5304 3332 5359 urbs
3363 5305 3579 5367 eadem,

2010 5410 2109 5462 pro
2157 5393 2388 5449 colonia:
2434 5409 2498 5449 ac
2553 5395 2873 5465 metropolis
2920 5396 3167 5450 ratione:
3217 5396 3463 5465 nihilque
3512 5401 3583 5452 sit

2008 5484 2154 5554 quod
2190 5485 2516 5556 distinguat,
2566 5496 2797 5557 excepto
2831 5496 2890 5541 ut
2923 5489 3149 5542 alteram
3197 5488 3421 5557 quidem
3471 5488 3580 5542 Ro-

2010 5577 2195 5632 mulus
2228 5576 2580 5646 fundaverit;
2610 5581 2839 5634 alteram
2879 5596 3027 5643 vero,
3060 5580 3179 5651 ejus
3207 5580 3423 5649 imperii
3452 5595 3580 5635 suc-

2011 5684 2197 5725 cessor
2239 5668 2639 5726 Constantinus
2672 5670 3003 5726 condiderit.
3037 5670 3179 5737 Quin
3228 5681 3285 5726 et
3315 5672 3582 5727 Conslan-

2014 5760 2187 5817 tinum
2235 5777 2264 5815 a
2302 5777 2411 5831 quo
2456 5762 2637 5816 omnia
2673 5772 2858 5819 nostra
2891 5762 3152 5833 pendent,
3184 5762 3364 5819 sciunt
3389 5775 3587 5819 omnes.
