3862 6220
308 287 417 347 97)

1544 285 1920 347 DEMETBII
1965 285 2274 346 CYDONH

3482 287 3586 350 9330

310 397 624 453 Romanum
654 398 955 461 exstitisse,
989 414 1050 452 ac
1079 413 1240 467 quam
1270 398 1518 453 condidit
1548 399 1764 462 urbem,
1801 415 1880 467 pa‘

2010 397 2281 466 Ῥωμαῖον
2305 399 2450 451 ίσασι
2473 399 2692 462 πάντες,
2713 400 2886 470 παὶτῇ
2906 399 3004 468 τῆς
3026 399 3282 469 πατρίδος
3306 399 3587 471 ἐπωνυμίᾳ

314 491 436 545 tria:
482 503 788 562 cognomen
833 491 1190 556 tribuentem,
1227 491 1552 546 honorasse.
1587 492 1699 547 Hoc
1747 492 1894 545 enim

312 584 594 639 universis
627 583 906 647 studebat,
959 591 1020 638 ut
1056 583 1270 650 ambas,
1314 593 1374 637 ut
1407 585 1482 638 ita
1515 583 1716 647 dicam,
1749 582 1897 636 velut

314 674 699 729 commiscet-et
737 673 937 727 urbes:
976 682 1036 729 ut
1062 676 1266 728 nedum
1297 690 1463 728 unum
1506 674 1680 744 ipsum
1708 673 1898 728 amba-

318 764 422 820 bus
446 766 716 835 imperare
736 763 882 818 haud
907 765 1042 820 satis
1063 765 1450 826 arbitraretur,
1476 774 1646 834 utque
1673 765 1725 819 in
1750 776 1896 820 utra-

308 871 416 926 que
464 855 680 925 imperii
733 854 920 911 sedem
967 865 1234 925 poneret;
1273 856 1378 910 nisi
1426 855 1647 909 abunde
1699 853 1892 908 iisdem

308 948 477 1002 urbes
507 947 829 1002 nominibus
868 958 1251 1012 censerentur,
1283 964 1394 1018 quo
1438 948 1525 1001 vix
1562 963 1670 1002 non
1697 947 1892 1014 ambae,

306 1057 412 1094 una
447 1041 643 1098 civitas
689 1049 904 1096 essent.
937 1042 1057 1096 Mox
1098 1057 1228 1111 ergo
1274 1057 1337 1097 ac
1379 1057 1501 1095 eam
1533 1040 1890 1108 condidisset,

311 1147 421 1186 una
453 1147 578 1187 cum
610 1132 854 1187 nominis
887 1135 1278 1203 appellatione.
1313 1134 1499 1187 Romae
1522 1132 1686 1188 etiam
1713 1132 1894 1201 digni-

304 1233 386 1277 tas
420 1224 474 1278 in
506 1224 699 1279 urbem
752 1225 900 1279 illata
933 1235 1048 1291 est;
1098 1235 1439 1297 senatusque
1474 1226 1757 1280 Romanus
1787 1225 1894 1282 huc

304 1316 714 1387 commigravit,
772 1333 970 1371 novam
1030 1317 1257 1372 Romam
1315 1319 1635 1383 honestans,
1687 1317 1893 1388 quique

306 1408 832 1476 commigraverant,
867 1400 1135 1480 majorum
1168 1421 1480 1464 nostrorum
1518 1422 1773 1481 parentes
1798 1428 1896 1467 ex-

306 1499 592 1553 stiterunt.
1283 1507 1294 1516 '

377 1592 619 1661 ldipsum
650 1608 784 1647 vero
816 1593 962 1662 quod
1001 1596 1196 1650 attinet
1232 1594 1299 1649 ad
1335 1595 1729 1663 imperatorum
1761 1612 1890 1669 pro-

303 1683 386 1736 les
413 1684 764 1750 servabatur,
815 1685 1082 1753 urbisque
1124 1687 1380 1741 conditor
1408 1689 1548 1758 apud
1582 1705 1700 1753 nos,
1752 1691 1891 1745 ﬁlios

304 1777 649 1843 prucveabat,
683 1775 851 1846 inque
873 1792 935 1830 ea
965 1777 1090 1833 illos
1119 1779 1485 1843 constituens,
1517 1782 1609 1850 qui
1639 1783 1759 1852 ejus
1789 1782 1890 1836 im-

303 1867 458 1937 perio
509 1870 819 1923 successuri
874 1883 1031 1922 erant
1080 1871 1369 1940 imperium
1437 1873 1518 1928 eis
1575 1889 1698 1928 cum
1751 1877 1892 1931 urbe

306 1958 590 2014 tradebat:
633 1961 894 2015 Romanis
944 1963 1317 2016 Romanorum
1355 1977 1572 2034 sceptra
1625 1967 1678 2021 in
1712 1985 1888 2024 mvum

301 2051 661 2114 tenentibus;
717 2068 858 2122 quos
889 2053 1079 2107 favens
1113 2065 1350 2124 tempus.
1405 2058 1472 2111 ad
1513 2068 1754 2115 nostram
1798 2077 1888 2117 us-

298 2157 408 2210 que
446 2150 660 2197 mtaletn
692 2143 980 2212 provexit;
1012 2154 1178 2213 atque
1216 2150 1422 2200 utinam
1455 2161 1746 2206 conservet
1775 2153 1888 2209 de-

301 2240 491 2306 inceps
547 2237 864 2292 immortale
914 2253 1108 2306 genus.
1152 2240 1221 2294 At
1261 2256 1363 2294 nec
1395 2242 1517 2296 aliis
1574 2253 1704 2299 tunc
1760 2256 1880 2302 utev

297 2330 496 2384 bamur
543 2329 863 2384 divinorum
917 2331 1273 2399 doctoribus;
1329 2335 1462 2404 quin
1500 2336 1665 2392 iidem
1700 2340 1880 2406 nobis,

297 2433 410 2476 tum
462 2424 800 2494 reipublicae,
850 2434 966 2480 tum
1002 2436 1287 2481 sacrorum
1319 2444 1383 2483 ac
1429 2430 1710 2501 religionis
1741 2449 1879 2502 pra:-

297 2515 442 2569 sides
473 2525 654 2583 erant,
688 2517 932 2586 quandiu
966 2518 1205 2573 necdum
1242 2521 1379 2576 scita
1429 2521 1519 2576 illa
1551 2535 1881 2596 versutaque

295 2605 441 2674 apud
463 2621 658 2661 omnes
683 2607 933 2677 vigebant
961 2626 975 2672 ;
1000 2609 1095 2664 sed
1128 2610 1354 2664 tandem.
1374 2611 1498 2666 linis
1527 2613 1728 2684 aliquis
1751 2631 1880 2671 con-

297 2697 560 2754 tendendi
591 2712 733 2755 erat.
762 2700 1049 2770 Siquidem
1086 2718 1218 2771 ergo
1243 2704 1528 2773 multiplex
1559 2707 1878 2761 communio

294 2798 542 2858 mutuam
585 2791 774 2846 dolere
808 2795 982 2847 vicem
1020 2794 1500 2849 communit-antes
1537 2795 1738 2861 allicit;
1786 2813 1876 2850 ea-

293 2883 528 2953 demque
551 2891 610 2938 ιιι
634 2884 914 2945 fortiores,
945 2885 1404 2940 imbecillioribus
1436 2889 1770 2942 auxilientur
1796 2890 1876 2942 in-

295 2975 470 3040 ducit,
524 2975 592 3030 ad
645 2975 1033 3047 quosjustiori
1093 2976 1252 3032 titulo
1289 2977 1672 3047 confugiamus
1723 2979 1873 3034 hisce

1997 491 2064 561 ἣν
2087 491 2280 561 ἀνίστη
2311 492 2465 545 πόλιν
2495 494 2852 563 τετιμηκότα.
2885 492 3044 547 Οὐτω
3066 493 3174 562 γάρ
3205 493 3463 546 ὲόούλετο
3505 493 3586 545 διὰ

1998 585 2241 650 πάντων,
2263 579 2375 638 οἷόν
2395 583 2443 636 τ’
2459 585 2657 650 είπεῖν,
2674 583 2990 655 ἀμφοτέρας
3008 586 3242 653 κερᾶσαι
3261 584 3361 647 τὰς
3381 583 3584 646 πόλεις·

1997 671 2128 724 ὥστ’
2161 672 2220 724 οὐ
2250 671 2408 742 μόνον
2439 672 2602 726 αὐτὸν
2633 675 2727 726 ἕνα
2756 673 2885 727 ὂντα
2917 674 3221 744 βασιλεύειν
3260 676 3584 746 ἀμφοτέρων

1998 761 2203 842 ἀρκοῦν
2235 764 2642 834 ὑπελάμϐανεν,
2671 769 2768 820 καὶ
2826 767 2958 837 παρ’
2993 769 3235 838 ἑκατέρᾳ
3293 770 3386 821 τὸν
3438 768 3580 837 βασί·

1999 858 2146 913 λειον
2181 859 2506 928 ἱδρύσασθαι
2534 859 2746 930 θρόνον,
2765 859 2882 912 ἀλλ’
2905 863 2950 914 εί
2976 861 3052 932 μὴ
3087 862 3182 915 καὶ
3237 862 3355 924 τοῖς
3405 861 3587 924 αὐτοῖς

1998 953 2264 1022 ὀνόμασιν
2294 953 2348 1004 αἱ
2379 952 2572 1024 πόλεις
2597 951 2971 1022 σημαίνοιντο,
2999 952 3138 1024 πρδς
3186 951 3245 1005 τὸ
3309 953 3445 1022 μίαν
3483 954 3588 1021 άμ-

1998 1047 2234 1118 φοτέρας
2261 1042 2400 1099 εἷναι
2433 1046 2532 1108 τὰς
2564 1021 2746 1108 ⁵πόλεις
2773 1045 2872 1098 οὐκ
2893 1021 3071 1114 ὀλίγον
3096 1045 3283 1099 ἐνδεῖν.
3313 1021 3474 1114 ν”Ᾱμα
3527 1062 3588 1097 τε

1995 1131 2090 1188 οὖν
2123 1134 2330 1204 ταύτην
2362 1131 2594 1204 ίδρύετο,
2627 1134 2719 1186 καὶ
2751 1125 2823 1204 τῇ
2857 1133 3006 1187 πόλει
3033 1135 3172 1204 μετὰ
3198 1133 3295 1188 τοῦ
3320 1133 3592 1203 ὀνόματος

2001 1225 2270 1298 τυνεισῄει
2297 1225 2392 1277 καί⁸
2439 1223 2499 1276 τὸ
2519 1225 2619 1293 τῆς
2668 1223 2889 1296 Ῥώμης
2953 1225 3171 1295 ἀξίωμα
3191 1241 3207 1258 ο
3235 1227 3330 1280 καὶ
3357 1228 3388 1295 ἡ
3453 1224 3592 1278 Ῥωο

1998 1319 2174 1388 μαίων
2199 1317 2460 1386 γερουσία
2486 1316 2649 1385 δεῦρο
2677 1316 2984 1387 μετέϐαιντ,
3009 1317 3106 1386 τὴν
3127 1317 3254 1370 νέαν
3273 1317 3594 1386 κοσμήσου-

1995 1424 2065 1463 σα
2106 1407 2327 1479 Ῥώμην
2348 1425 2364 1444 ν
2393 1409 2484 1462 καὶ
2507 1411 2556 1462 oi
2589 1407 2958 1478 μεταστάντες
2987 1407 3218 1476 ἐγέννων
3281 1408 3415 1470 τούς
3449 1423 3596 1477 προ-

1995 1502 2187 1570 γόνους
2219 1501 2398 1572 ἡμῶν.

2070 1594 2144 1646 Τὸ
2174 1593 2219 1646 δ’
2252 1592 2383 1646 αὐτύ
2429 1592 2524 1646 καὶ
2583 1590 2714 1663 περὶ
2771 1591 2870 1654 τὰς
2927 1589 3039 1643 τῶν
3101 1587 3371 1660 βασιλέων
3420 1589 3595 1656 γονὰς

1996 1689 2280 1757 ἐτηρεῖτο*
2329 1685 2426 1740 καί⁸
2454 1684 2584 1756 παρ’
2635 1685 2768 1754 ἡμῖν
2834 1685 2863 1737 ό
2912 1683 3015 1753 τῆς
3061 1683 3272 1744 πόλεως
3332 1683 3594 1750 οἰκιστὴς

1965 1790 1968 1792 ’
1997 1781 2396 1834 ἐπαιδοποιεῖτο
2415 1796 2427 1810 ο
2461 1779 2586 1838 τοὺς
2616 1779 2714 1848 τὴν
2742 1776 3020 1847 βασιλείαν
3048 1775 3218 1832 αὐτοῦ
3265 1775 3598 1842 διαδεξομέο

1993 1889 2115 1935 νους
2148 1871 2380 1924 ἐνταῦθα
2412 1867 2646 1936 καθίστη
2670 1887 2684 1901 ·
2727 1868 2824 1922 καὶ
2847 1869 2986 1939 μετὰ
3017 1868 3116 1937 τῆς
3151 1867 3360 1946 πόλεως
3404 1866 3597 1935 αὐτῆς

1992 1966 2086 2018 καὶ
2139 1963 2238 2033 τὴν
2299 1963 2478 2032 ἀρχὴν
2529 1961 2843 2032 παρεδίδου,
2911 1961 3210 2030 Ῥωμαίοις
3276 1959 3597 2028 Ῥωμαίων

1989 2061 2220 2129 ἄρχουσι
2267 2059 2337 2113 δι’
2387 2058 2619 2119 αἰῶνος·
2671 2055 2789 2121 οὓς,
2826 2054 2888 2109 εὐ
2941 2055 3112 2109 ποιῶν
3154 2054 3419 2124 όχρόνος,
3489 2056 3595 2106 καὶ

1992 2151 2186 2222 μέχρις
2237 2151 2394 2222 ἡμῶν
2443 2149 2751 2204 διεϐίϐασεο
2801 2149 2896 2201 καὶ
2941 2147 3138 2217 τηροίη
3192 2163 3258 2214 γε
3305 2146 3370 2198 τὸ
3423 2145 3595 2212 γένος

1987 2246 2278 2301 ἀθάνατον.
2311 2245 2384 2298 Οὐ
2423 2243 2530 2314 μὴν
2560 2242 2668 2296 οὐδ’
2700 2242 2912 2312 ἑτέροις
2943 2239 3236 2311 ἐχρώμεθα
3287 2239 3408 2292 τότε
3465 2240 3596 2292 τῶν

1987 2340 2148 2393 θείων
2169 2339 2464 2408 ἐξηγηταῖς
2491 2353 2504 2368 ο
2530 2335 2646 2388 ἀλλ’
2678 2335 2728 2387 οί
2756 2335 2912 2387 αὐτοὶ
2953 2335 3051 2403 τῆς
3076 2349 3139 2386 τε
3183 2331 3458 2393 πολιτείας
3485 2332 3598 2385 καὶ

1985 2433 2094 2486 τῶν
2126 2433 2257 2502 περὶ
2279 2432 2382 2500 τὴν
2408 2429 2693 2484 εὐσέϐειαν
2719 2429 2852 2497 ἡμῖν
2907 2423 3052 2498 ἦσαν
3090 2427 3420 2496 προστάται,
3462 2424 3593 2485 ἕως

1986 2523 2140 2577 οΰπω
2167 2523 2237 2577 τὰ
2266 2521 2457 2592 κομψά
2511 2519 2684 2574 ταῦτα
2738 2519 2896 2587 παρὰ
2947 2519 3114 2571 πᾶσιν
3162 2516 3424 2586 ἐκράτειο
3457 2514 3598 2568 ἀλλ’

1983 2611 2052 2686 ἦν
2104 2633 2157 2668 τι
2215 2615 2310 2669 καὶ
2360 2613 2536 2684 πέρας
2596 2612 2697 2678 τῆς
2753 2611 3108 2679 φιλονεικίας.
3135 2608 3349 2663 Οὐκοῦν
3402 2609 3452 2659 εί
3506 2608 3582 2660 τὸ

1987 2709 2156 2763 πολλά
2181 2725 2324 2762 τισιν
2349 2702 2490 2760 είναι
2543 2705 2699 2759 κοινὰ
2753 2704 3039 2771 συναλγεῖν
3095 2703 3352 2772 ἀλλήλοις
3409 2701 3594 2772 πείθῃ

1980 2803 2106 2863 τοὺς
2144 2798 2555 2863 κοινωνοῦντας,
2596 2797 2755 2851 τοῦτο
2793 2797 2849 2849 δὲ
2881 2799 2976 2852 καὶ
3023 2796 3148 2858 τούς
3190 2793 3597 2864 ἰσχυροτέρους

1980 2891 2213 2960 ἀμύνειν
2279 2891 2458 2945 πείθει
2516 2894 2632 2952 τοῖς
2721 2889 3180 2959 ἀσθενεστέροις·
3246 2887 3342 2942 ἐπὶ
3418 2888 3593 2949 τίνας

1978 2981 2427 3054 καταφευξόμεθα
2457 2984 2814 3052 δικαιότερον,
2836 2983 3054 3046 τούτους
3078 2982 3550 3052 παραδραμόντες
3572 2999 3592 3044 ;

291 3068 554 3122 omissis?
595 3068 737 3121 haud
791 3083 954 3123 secus
986 3081 1049 3123 ac
1082 3069 1128 3122 si
1158 3069 1282 3138 quis
1313 3070 1600 3124 lacessitus
1627 3087 1693 3126 ac
1732 3074 1873 3126 male

1989 3073 2363 3142 παραπλήσιον
2417 3071 2610 3138 ὥσπερ
2663 3073 2730 3124 ἂν
2789 3071 2966 3133 εἴτις
3018 3069 3592 3139 προπηλακιζόμενος

292 3159 527 3224 habens,
565 3159 732 3213 alium
760 3174 924 3228 quem
958 3160 1234 3228 appellare
1265 3162 1418 3224 velit,
1445 3179 1569 3216 cum
1594 3164 1737 3218 adsit
1764 3181 1876 3216 ma—

293 3263 398 3311 ter,
449 3268 511 3307 ac
559 3253 812 3306 auxiliari
863 3253 1054 3320 possit.
1094 3251 1252 3318 Quod
1308 3262 1491 3308 autem
1534 3256 1878 3325 metropolis,

293 3345 490 3400 matris
520 3345 728 3399 babeat
763 3345 942 3400 vicem
967 3345 1148 3400 ductis
1181 3347 1250 3400 ab
1283 3347 1400 3415 ipsa
1429 3348 1681 3413 coloniis,
1717 3364 1878 3404 nemo

292 3438 492 3500 nescit,
527 3437 634 3492 nisi
671 3437 800 3508 quis
820 3439 1102 3509 propriam
1141 3439 1315 3509 ipsam
1347 3454 1539 3494 vocem
1572 3441 1879 3511 intelligere

293 3530 450 3584 nolit.
474 3528 791 3586 Ostendunt
823 3543 953 3586 vero
979 3549 1041 3586 ac
1075 3532 1332 3608 probant,
1372 3548 1493 3601 quae
1525 3536 1879 3604 metmpoles,

291 3625 782 3680 adversus'omnes
815 3627 910 3696 qui
947 3626 1202 3697 iujuriam
1238 3627 1444 3682 vellent
1492 3628 1720 3693 inferre,
1757 3639 1879 3683 tan-

295 3731 460 3785 quam
495 3715 628 3784 ipsa:
649 3725 1067 3784 appeterentur.
1097 3729 1388 3787 gesserunt
1417 3718 1587 3773 bella:
1619 3734 1649 3772 e
1673 3721 1879 3788 quibus

294 3808 457 3863 fidem
489 3809 888 3877 amplissimam
932 3809 1158 3872 habent,
1213 3810 1554 3880 multamque
1584 3811 1874 3881 scriptoris

292 3900 397 3955 bus
431 3900 680 3968 praebent
725 3910 988 3970 segetem,
1046 3915 1168 3968 quae
1201 3903 1375 3954 nostri
1408 3901 1573 3952 caiisa
1610 3904 1876 3956 adversus

296 3991 571 4048 Barbaros
623 3993 714 4047 isti
765 4007 1241 4047 ronsumrnavere.
1273 3995 1352 4046 Ac
1401 4007 1534 4046 vero
1587 3992 1780 4055 miror,
1818 4002 1874 4048 ut

291 4099 394 4140 nec
424 4085 621 4139 similis
663 4085 987 4148 necessitas,
1022 4083 1235 4138 similes
1265 4083 1425 4138 nobis
1454 4083 1634 4150 socios
1664 4084 1719 4138 in
1755 4097 1872 4140 me-

288 4180 521 4234 moriam
551 4178 800 4234 reducat.
827 4178 1062 4245 Quinam
1081 4179 1229 4233 enim
1257 4177 1348 4232 alii
1376 4178 1636 4249 adusque
1660 4177 1872 4250 Syriam

289 4285 354 4324 ac
373 4270 717 4325 Palmstinam
746 4271 920 4325 nostri
953 4285 1116 4325 causa
1154 4269 1423 4324 Barbaros
1453 4282 1870 4340 persequentes,

289 4371 514 4416 centum
552 4361 802 4416 millibus
829 4362 1158 4416 cadaverum
1193 4361 1260 4417 ad
1291 4359 1579 4426 Orontem,
1617 4377 1871 4432 campum

1982 3163 2074 3216 καὶ
2098 3163 2284 3225 κακῶς
2314 3163 2557 3232 πάσχων,
2586 3163 2776 3229 ἕτερον
2805 3163 2958 3230 ἠξίου
2994 3161 3198 3221 καλεῖν,
3227 3161 3324 3230 τῆς
3356 3162 3590 3230 μητρὸς

1981 3255 2133 3327 αὐτῷ
2166 3255 2605 3325 παρισταμένης,
2639 3257 2736 3309 καὶ
2791 3255 3098 3324 δυναμένης
3165 3253 3418 3322 ἀμύνειν.
3449 3255 3592 3308 Ὀτι

1979 3347 2023 3401 δ’
2058 3350 2090 3415 ἡ
2124 3348 2456 3418 μητρόπολις
2485 3350 2598 3411 τοῖς
2633 3349 2884 3409 ἀποίκοις
2907 3350 2964 3401 ὲν
2994 3346 3206 3416 μητρὸς
3237 3347 3589 3401 καθίσταται

1982 3441 2247 3509 σχήματι,
2281 3442 2469 3506 ἀγνοεῖ
2493 3441 2591 3509 μὲν
2617 3441 2814 3502 οὐδεὶς,
2847 3441 2896 3493 εί
2926 3439 2999 3508 μή
3025 3457 3108 3500 τις
3131 3440 3224 3492 καὶ
3274 3442 3370 3504 τῆς
3431 3440 3584 3517 ιδίας

1980 3535 2164 3604 φωνῆς
2187 3535 2288 3588 οὐκ
2313 3535 2482 3587 ἐθέλει
2509 3537 2750 3586 συνεῖναι
2780 3573 2794 3595 ,
2827 3533 3049 3602 δηλοῦσι
3081 3532 3140 3585 δὲ
3194 3534 3289 3586 καὶ
3317 3533 3371 3584 οἱ
3426 3532 3587 3604 ὑπὲρ

1977 3625 2088 3680 τῶν
2119 3624 2364 3679 ἀποίκων
2393 3625 2530 3695 πρὸς
2563 3626 2772 3687 πάντας
2798 3627 2923 3686 τοὺς
2979 3626 3324 3680 πλεονεκτεῖν
3389 3625 3584 3694 genite.

1983 3719 2180 3787 μένους
2205 3717 2315 3770 τῶν
2343 3717 2729 3790 μητροπόλεων
2751 3718 2826 3780 ὡς
2855 3717 2995 3788 ὑπὲρ
3022 3717 3231 3770 ἑαυτῶν
3286 3718 3582 3786 γινόμενοι

1981 3811 2227 3880 πόλεμοι,
2257 3804 2330 3864 ὧν
2353 3809 2778 3877 ,ἀξιολογώτατοί
2796 3810 2927 3869 είσι.
2952 3813 3046 3864 καί⁵
3068 3810 3272 3879 πολλὴν
3300 3811 3583 3880 εὐπορίαν

1977 3903 2091 3961 τοῖς
2124 3900 2500 3968 συγγράφουσι
2529 3898 2914 3968 παρεχόμενοι,
2932 3899 2980 3950 οί
3009 3899 3144 3967 πρὸς
3165 3901 3418 3951 τουτουσὶ
3442 3900 3582 3960 τοὺς

1981 3990 2294 4062 βαρϐάρους
2320 3989 2461 4060 ὑπὲρ
2486 3988 2644 4059 ἡμῶν
2674 3988 2882 4051 τούτοις
2924 3989 3302 4058 διηνυσμένοι.
3354 3991 3426 4043 Ὃ
3473 3992 3581 4044 καὶ

1979 4084 2268 4155 θαυμάζω,
2302 4085 2350 4138 εί
2377 4082 2512 4155 μηδὲ
2535 4083 2594 4136 τὸ
2613 4083 2712 4150 τῆς
2740 4083 2931 4150 χρείας
2983 4083 3172 4151 ὅμοιον
3217 4083 3330 4135 τῶν
3362 4084 3579 4152 ὁμοίων

1979 4177 2124 4248 ἡμᾶς
2155 4177 2567 4246 ἀναμιμνήσκει
2625 4174 2956 4243 συμμάχων.
2982 4174 3138 4236 Τίνες
3189 4175 3300 4244 γάρ
3326 4177 3472 4228 εἰσιν
3522 4177 3576 4228 οί

1982 4268 2145 4337 μέχρι
2197 4267 2398 4337 Συρίας
2463 4267 2556 4320 καὶ
2610 4266 2978 4332 Παλαιστίνης
3033 4265 3179 4336 ὑπὲρ
3231 4266 3394 4335 ήμῶν
3445 4268 3574 4327 τοὺς

1980 4361 2286 4432 βαρϐάρους
2309 4358 2620 4421 διώκοντες,
2650 4359 2746 4410 καὶ
2773 4359 2901 4410 δέκα
2940 4357 3038 4426 μὲν
3069 4357 3297 4426 μυριάσι
3353 4359 3571 4427 νεκρῶν

292 4458 655 4521 operuerunt,
687 4469 753 4510 ac
795 4455 955 4510 nobis
990 4455 1181 4525 gratis,
1209 4454 1584 4524 quasZablatas
1609 4456 1872 4510 amisera-

1989 4428 2198 4520 rb'nepi.
2229 4451 2321 4505 τδν
2360 4451 2619 4522 Ὀρόντην
2669 4449 2852 4502 πεδίον
2920 4449 3286 4518 καλύψαντες,
3337 4452 3483 4519 ἡμῖν
3511 4451 3570 4503 δὲ

288 4559 431 4609 ntus,
463 4547 634 4602 urbes
670 4547 1068 4603 reddiderunt?
1096 4550 1174 4604 Ac
1225 4548 1448 4618 quidem
1481 4548 1583 4619 ipsi
1628 4550 1871 4604 exantla-

289 4651 421 4695 runt
453 4640 709 4708 labores;
756 4643 962 4696 nostris
1000 4657 1131 4696 vero
1178 4641 1408 4697 fruenda
1443 4642 1664 4712 praemia
1702 4641 1871 4696 tradi-

1979 4548 2158 4615 προῖκ’
2218 4544 2638 4604 ἀποδεδωκότες,
2698 4541 2764 4605 ἃς
2825 4541 3162 4613 ἀφῃρήμεθα
3212 4542 3441 4606 πόλεις·
3474 4546 3570 4598 καὶ

1972 4639 2100 4702 τοὺς
2125 4637 2225 4707 μὲν
2251 4636 2447 4698 πόνους
2475 4635 2655 4687 αὐτῶν
2689 4635 3068 4704 ποιησάμενοι,
3095 4635 3165 4686 τά
3195 4633 3237 4686 δ’
3271 4630 3420 4688 ἆθλα
3447 4639 3562 4699 τοῖς

287 4733 524 4798 derunt;
568 4721 880 4790 libertatem
930 4735 1138 4804 pariter
1165 4749 1229 4789 ac
1276 4735 1560 4803 pietatem,
1600 4734 1872 4788 universis

1989 4729 2263 4800 ἡμετέροις
2282 4727 2576 4789 δεδωκότες
2602 4726 2954 4797 καρποῦσθαι
2979 4739 2995 4757 ⁶
3029 4725 3132 4796 τὴν
3163 4726 3208 4779 δ’
3238 4727 3564 4797 ἐλευθερίαν

285 4828 470 4882 Asiam
529 4827 904 4882 incolentibus
935 4825 1162 4888 Graecis,
1219 4839 1318 4881 ceu
1372 4825 1680 4896 fugitivam,
1720 4835 1874 4894 post-

262 4920 503 4974 ‘liminio
555 4921 919 4985 reducentes;
972 4920 1137 4989 idque
1189 4933 1314 4975 cum
1365 4914 1635 4973 beneficio
1663 4918 1869 4984 ali'ecti,

285 5029 352 5068 ne
400 5015 605 5082 gratias
646 5015 870 5084 quidem
922 5014 1186 5069 beneﬁcis
1220 5019 1484 5082 agerent:
1537 5011 1646 5065 imo
1690 5026 1870 5084 neque

285 5104 429 5158 bello
477 5115 666 5175 petere
724 5114 1069 5166 vererentur,
1127 5103 1415 5172 modisque
1463 5103 1725 5158 omnibus
1773 5118 1871 5157 eos

286 5214 505 5265 vexare,
542 5199 636 5269 qui
670 5201 908 5269 prompti
940 5207 1126 5253 essent
1156 5195 1344 5251 omnia
1368 5199 1566 5263 facere,
1593 5205 1649 5251 ut
1677 5209 1744 5251 ne
1768 5211 1870 5251 nos

285 5290 352 5346 ab
391 5291 649 5346 hostibus
683 5292 809 5346 talia
851 5301 1188 5360 pateremur.

357 5469 620 5538 Quisnam
653 5485 785 5525 vero
821 5472 873 5525 in
893 5471 1030 5525 alios
1055 5469 1275 5534 referat,
1307 5479 1368 5524 ut
1388 5471 1653 5523 hactenus
1673 5467 1865 5532 simus,

286 5563 475 5632 sicque
522 5576 802 5634 utcunque
840 5565 1162 5628 habeamus,
1202 5573 1568 5633 praeterquam
1602 5563 1657 5614 in
1689 5561 1870 5616 octin-

286 5663 479 5723 gentos
519 5657 666 5720 illos,
698 5658 792 5724 qui
827 5665 1076 5710 nostrum
1106 5655 1326 5708 cuidam
1358 5655 1753 5724 imperatorum
1778 5653 1868 5704 ad-

287 5745 582 5808 haerentes,
609 5745 795 5799 sobrio
830 5746 925 5811 illi,
953 5757 1122 5814 utque
1158 5745 1393 5810 videtur,
1434 5745 1689 5816 prudenti
1715 5745 1866 5811 viro;

1977 4825 2072 4876 xui.
2120 4822 2222 4892 τὴν
2267 4822 2572 4886 εὐσέϐειαν,
2609 4823 2744 4876 πᾶσι
2796 4825 2908 4885 τοῖς
2943 4822 3044 4892 τὴν
3077 4822 3262 4876 Ἀσίαν
3315 4824 3564 4875 οίκοῦσιν

1976 4913 2259 4980 Ἕλλησιν,
2301 4912 2494 4982 ὥσπερ
2536 4912 2655 4965 τινὰ
2708 4912 2927 4980 φυγάδα
2979 4913 3395 4980 καταγαγόντες
3422 4932 3438 4948 ·
3471 4914 3562 4966 καὶ

1975 5003 2146 5058 ταῦτα
2183 5007 2293 5056 τῶν
2341 4999 2402 5057 εὖ
2463 5004 2784 5072 πασχόντων
2839 5004 2960 5057 οὐδὲ
3009 5005 3172 5076 χάριν
3230 5006 3424 5068 αὐτοῖς
3465 5010 3558 5074 τῆς

1974 5097 2298 5165 εὐεργεσίας
2333 5095 2552 5148 εἰδότων
2578 5112 2592 5126 ·
2623 5094 2760 5148 ἀλλὰ
2791 5096 2886 5149 καὶ
2918 5096 3179 5165 πολεμεῖν
3208 5097 3312 5148 οὐκ
3333 5097 3557 5150 timetis-

1971 5205 2103 5252 των,
2137 5187 2232 5239 καὶ
2268 5186 2446 5240 πάντα
2488 5187 2690 5256 τρόπον
2741 5187 3064 5241 κακούντων
3112 5189 3264 5251 τούς,
3303 5189 3451 5260 ὅπερ
3486 5192 3554 5260 μὴ

1972 5278 2129 5333 ταῦθ’
2157 5280 2318 5349 ἡμεῖς
2372 5277 2480 5331 ὑπὸ
2534 5279 2644 5332 τῶν
2685 5279 2964 5347 πολεμίων
2995 5279 3328 5351 πεισόμεθα,
3379 5285 3553 5339 πάντα

1977 5374 2151 5424 ποιεῖν
2193 5371 2487 5440 ἑλομένους

2046 5467 2117 5519 Ἢ
2143 5467 2292 5525 τίνας
2325 5465 2390 5518 ἄν
2437 5483 2523 5529 τις
2555 5465 2752 5530 ἄλλους
2781 5468 3092 5521 αἰτιάσαιτο
3129 5464 3226 5521 τοῦ
3273 5465 3372 5519 νῦν
3412 5469 3551 5537 ἡμᾶς

1970 5557 2236 5613 εἶναικαὶ
2263 5558 2514 5611 ὁπωσοῦν
2551 5560 2585 5630 ἢ
2628 5560 2756 5622 τούς
2805 5560 3161 5623 ὀκτακοσίους
3203 5562 3476 5624 ἐκείνους,
3507 5561 3552 5612 οἱ

1977 5652 2194 5720 βασιλεῖ
2231 5669 2337 5704 τινι
2383 5653 2490 5704 τῶν
2543 5653 2834 5722 ἡμετέρων
2871 5655 3257 5725 προσθέμενοι,
3311 5653 3550 5720 σώφρονι

1971 5748 2044 5800 τὰ
2064 5747 2241 5800 πάντα
2269 5745 2360 5799 καὶ
2390 5743 2532 5810 νοῦν,
2559 5745 2632 5808 ὡς
2659 5745 2853 5814 ἔοικεν,
2887 5748 3083 5821 ἔχοντι,
3113 5747 3269 5802 αὐτοὶ
3298 5747 3399 5818 μὲν
3419 5746 3552 5802 ἀπέ-
