3862 6220
301 298 402 367 98'.
664 374 674 387 ἱ
1220 298 1507 361 ORATIO
1547 297 1694 359 PRO
1740 300 2100 363 SUBSIDIO
2141 295 2621 362 LATINORUM.
3453 287 3558 348 982

298 419 484 483 θάνον,
512 412 783 469 ἀθάνατον
823 411 889 479 ἐξ
928 407 1003 469 ὧν
1037 416 1359 485 προείλοντο
1386 416 1545 480 δόξαν
1592 418 1876 487 κτησάμε-

2011 419 2088 488 psi
2128 418 2352 487 quidem
2403 423 2636 470 mortem
2686 412 2962 468 obierunt.
3025 405 3320 461 immortali
3361 421 3391 459 a
3430 421 3561 475 pro-

298 526 378 561 νοι
401 523 419 540 ·
447 508 595 577 ἡμᾶς
641 505 698 559 δὲ
735 506 870 576 πρδς
927 505 988 559 τὸ
1023 507 1104 578 μὴ
1152 507 1430 561 δουλεύειν
1485 509 1751 578 αίσχρῶς,
1785 510 1884 562 καὶ

2011 512 2164 566 ιοείιο
2200 510 2481 579 animique
2529 503 2897 577 generositate
2943 499 3172 569 gloriam
3219 511 3565 566 consequen-

299 601 522 653 πάντων
537 597 651 650 τῶν
673 599 738 667 τῇ
759 597 898 668 τύχῃ
920 597 1095 668 ταύτῃ
1121 599 1685 671 συγκεκληρωμένων,
1709 601 1885 670 ἀπήλο

2011 619 2106 666 es;
2139 617 2240 656 nos
2269 617 2403 655 vero
2433 615 2557 654 cum
2583 615 2613 651 a
2646 596 2789 666 turpi
2820 594 3102 652 servitute,
3138 599 3252 644 tum
3279 604 3309 642 a
3336 589 3563 658 reliquis

297 690 469 754 λαξαν
490 707 505 722 ο
537 689 654 752 οὓς,
692 690 794 742 οὐκ
836 689 902 743 ἀν
929 707 1013 751 τις
1047 691 1306 760 ἁμάρτοι.
1340 692 1584 762 ¹πύργους
1615 693 1714 760 τῆς
1744 695 1882 761 ἠμε-

296 784 465 852 τέρας
494 781 698 836 είπῶν·
732 783 808 843 ὥς
867 783 918 835 εί
973 783 1056 853 μὴ
1109 785 1250 852 σφᾶς
1283 783 1480 842 αὐτοὺς
1535 785 1646 838 τότ’
1682 787 1882 838 ὲκεῖνοι

297 877 414 936 τοῖς
465 875 766 944 βαρϐάροις
800 877 1162 947 ἀντέστησαν,
1215 877 1326 930 οὐδ’
1356 877 1424 930 ἀν
1474 873 1544 948 ἦν
1580 877 1723 948 ὑπὲρ
1758 879 1881 931 ὅτου

303 967 403 1020 νῦν
431 967 539 1020 ἔδει
567 967 940 1036 βουλεύεσθαι.
978 968 1119 1021 Ἀλλ’
1149 970 1224 1021 ἐῶ
1253 970 1414 1023 τοῦτό
1440 987 1504 1036 γε
1528 985 1545 1001 ·
1570 970 1622 1023 of.
1649 971 1694 1024 δ’
1718 970 1884 1039 ὀλίγῳ

309 1055 476 1124 πρότε
486 1073 577 1127 ρον
600 1056 696 1126 τὴν
719 1056 980 1128 Σμύρναν
1004 1058 1427 1126 καταλαϐόντες,
1457 1063 1550 1114 καὶ
1574 1063 1666 1116 τὲν
1691 1061 1886 1130 λιμένα

308 1150 409 1218 μὲν
439 1149 834 1218 κατασχόντες,
870 1145 936 1204 οὗ
962 1152 1032 1205 τά
1064 1155 1244 1206 πᾶσαν
1270 1153 1367 1224 τὴν
1399 1154 1678 1225 ἡμετέραν
1697 1154 1887 1222 ἀοίκη-

299 1259 396 1294 τον
437 1244 780 1312 πεποιηκότα
813 1244 977 1298 πλοῖα
1014 1246 1122 1300 τῶν
1150 1246 1442 1317 βαρϐάρων
1475 1248 1880 1318 συνηθροίζετο,

298 1331 393 1382 τὸν
425 1330 481 1384 δὲ
513 1331 788 1401 βάρϐαρον
819 1334 1009 1388 αὐτόθι
1039 1338 1177 1404 πρὸς
1199 1340 1311 1401 τοῖς
1340 1339 1546 1408 τείχεσι
1576 1339 1884 1408 μαχόμενον

302 1427 641 1488 κτείναντες,
678 1420 740 1480 οὗ
767 1427 995 1495 ζῶντος,
1026 1430 1181 1490 οὐδὲν
1207 1431 1318 1485 τῶν
1345 1432 1533 1485 κακῶν
1562 1432 1886 1486 ἀνέλπιστον

299 1512 394 1587 ἦν,
444 1517 614 1570 πόθεν
671 1519 962 1590 ὡρμῶντο,
1015 1522 1114 1576 καὶ
1162 1524 1271 1576 τίσι
1304 1517 1676 1594 ’χαριζόμενοι
1729 1524 1888 1578 τοῦτο

301 1608 523 1662 ὲποίουν
554 1627 568 1675 ;
601 1611 740 1664 Οὔτε
776 1612 882 1684 γάρ
930 1613 1154 1668 Σκυθῶν
1181 1631 1330 1679 τινες
1377 1616 1410 1686 ἢ
1447 1615 1652 1670 Μυσῶν
1684 1616 1754 1670 τά
1783 1633 1890 1670 τοι-

303 1701 449 1754 αῦτα
481 1703 747 1772 ἐτόλμων,
781 1705 897 1758 οὔτ’
925 1707 1108 1770 ἀλλοις
1153 1708 1295 1778 πλὴν
1326 1710 1486 1778 ἡμῶν
1522 1709 1887 1780 βοηθήσοντες

1986 694 2115 748 huic
2144 692 2278 747 sorti
2313 691 2655 760 fortunaeque
2685 689 3015 760 conjunctis,
3050 687 3394 746 liberarunt;
3428 696 3566 749 quos

1987 800 2114 840 vere
2159 784 2350 854 patria:
2385 790 2586 837 nostra:
2621 779 3030 852 propugnacula
3060 793 3123 832 ac
3156 787 3334 831 turres
3379 774 3564 827 dicas:

1988 888 2048 933 ut
2077 877 2183 931 nisi
2213 892 2292 941 se,
2330 885 2462 930 tunc
2490 875 2568 928 illi
2599 873 2858 927 Barbaris
2887 870 3241 941 obiecissent,
3293 883 3361 922 ne
3401 865 3567 918 modo

1987 969 2210 1038 quidem
2239 976 2385 1022 esset
2415 966 2574 1036 cujus
2604 965 2778 1036 gratia
2809 963 3264 1018 deliberaremus.
3301 959 3480 1026 Atque
3512 953 3566 1008 id

1986 1060 2209 1130 quidem
2246 1060 2418 1122 bene;
2466 1059 2560 1127 qui
2610 1067 2793 1112 autem
2829 1057 2972 1110 haud
3021 1056 3092 1111 ita
3139 1054 3352 1124 pridem
3382 1050 3570 1118 Smyr-

1988 1168 2112 1207 nam
2144 1162 2432 1222 ceperunt,
2460 1166 2523 1205 ac
2550 1159 2771 1220 portum
2809 1149 3028 1220 quidem
3071 1152 3431 1216 occuparunt.
3473 1143 3565 1194 ubi

1990 1246 2360 1300 Barbarorum
2381 1244 2592 1308 classis,
2621 1258 2742 1313 quae
2763 1242 3072 1296 universam
3099 1249 3296 1293 terram
3320 1245 3564 1289 nostram

1989 1341 2355 1405 desolaverat,
2404 1339 2632 1392 collecta
2665 1346 2823 1400 erat;
2873 1336 3182 1404 eodemque
3210 1333 3332 1384 loco
3369 1329 3572 1384 Barba-

1991 1450 2112 1490 rum
2145 1435 2212 1488 ad
2240 1446 2428 1487 muros
2453 1438 2786 1501 pugnantem
2821 1435 3173 1498 peremerunt
3203 1422 3303 1492 (2),
3332 1437 3442 1491 quo
3485 1435 3572 1474 su-

1992 1527 2242 1596 perstite,
2298 1523 2508 1581 nullum
2559 1531 2676 1576 erat
2728 1521 2996 1574 malorum
3032 1531 3222 1588 genus,
3262 1513 3408 1584 quod
3461 1527 3572 1564 non

1993 1619 2328 1678 immineret,
2359 1615 2632 1670 undenam
2676 1611 2902 1680 profecti
2940 1619 3136 1673 erant,
3181 1608 3233 1660 in
3263 1619 3571 1672 quorumve

1993 1713 2250 1783 gratiam,
2295 1724 2410 1763 rem
2461 1705 2730 1778 ejusmodi
2786 1700 3156 1774 prrcstabant?
3188 1699 3374 1768 Neque
3424 1695 3573 1750 enim

302 1790 460 1866 ἧκον.
481 1797 546 1849 Οἱ
566 1813 628 1864 γε
651 1801 760 1868 γάρ
783 1800 1027 1864 ἐλθόντες
1049 1803 1111 1854 ἐκ
1137 1803 1248 1856 τῶν
1272 1779 1530 1866 Ἄλπεων
1546 1779 1755 1857 ἔπλεον.
1777 1805 1886 1857 Καὶ

2011 1779 2210 1876 icythze
2237 1801 2427 1870 aliqui,
2460 1813 2555 1852 aut
2592 1795 2720 1866 Mysi
2756 1794 2876 1852 talia
2913 1795 3420 1860 praesumpserant;
3476 1799 3578 1838 nec

303 1889 333 1939 ὁ
359 1887 469 1940 τῶν
495 1889 821 1960 Σμυρναίων
851 1890 1022 1962 λιμὴν
1053 1894 1167 1946 ίστε
1209 1895 1410 1958 πάντες
1437 1889 1525 1949 οἷα
1557 1898 1723 1950 πᾶσιν
1753 1897 1889 1965 ἡμῖν

303 1980 500 2050 ἧγειρε
533 1981 776 2049 κύματα.
813 1983 984 2038 Πόσον
1014 1985 1061 2038 δ’
1093 1987 1232 2057 ὑπὲρ
1277 1986 1469 2040 τούτου
1503 1989 1593 2042 καὶ
1619 1989 1890 2061 σωμάτων

305 2074 406 2126 καὶ
437 2075 741 2144 χρημάτων
765 2076 973 2146 πλῆθος
1001 2078 1098 2131 καὶ
1123 2079 1387 2150 πρότερον
1417 2079 1749 2149 ἀνηλοῦσθαι
1799 2081 1890 2134 δο-

315 2168 488 2232 κεῖτε,
507 2170 598 2220 καὶ
614 2167 714 2219 νῦν
731 2169 1059 2224 ἀναλοῦσθαι
1091 2173 1209 2224 κατ’
1236 2173 1354 2236 ἔτος
1375 2190 1387 2236 ;
1421 2174 1646 2236 Πάντως
1672 2173 1739 2226 ἀν
1762 2173 1890 2245 ἔστη

311 2259 407 2310 καὶ
438 2258 622 2325 πηγὰς
649 2258 771 2328 ἔχον
796 2261 993 2331 ἀρχήν.
1025 2263 1306 2316 Κάκείνων
1339 2263 1441 2333 μὲν
1463 2266 1512 2318 οί
1543 2265 1777 2320 κίνδυνοι
1802 2267 1895 2320 καὶ

315 2355 381 2400 τά
399 2347 755 2418 ἀναλώματα·
784 2351 918 2420 ἡμῖν
933 2351 989 2404 δὲ
1013 2352 1347 2422 καθημένοις
1364 2356 1433 2406 τά
1450 2353 1701 2407 ἐντεῦθεν
1721 2372 1896 2425 προσ-

316 2442 524 2508 γίνεται
554 2442 746 2511 κέρδη.
781 2444 914 2496 Τίνα
961 2445 1016 2497 δὲ
1045 2445 1191 2510 λέγω
1231 2446 1440 2511 ταῦτα;
1472 2446 1594 2499 Τῶν
1619 2444 1899 2516 αἰχμαλώ-

311 2550 427 2585 των
453 2535 502 2586 οί
553 2534 878 2603 καθημέραν
926 2536 1356 2605 ἀνασωζόμενοι,
1387 2541 1482 2605 οὒς
1531 2545 1899 2614 ἀπειρήκασιν

314 2618 704 2688 ἀριθμοῦντες,
723 2615 806 2684 οἷς
820 2623 993 2676 ταῦτα
1017 2626 1286 2695 ἐμέλησεν
1308 2631 1648 2699 ἀναγράφειν
1669 2647 1685 2662 ο
1716 2633 1772 2685 αί
1794 2633 1900 2686 τῶν

287 2712 580 2782 ’ἀμπόρων
623 2716 950 2783 ἀναγωγαί·
976 2717 1037 2768 τδ
1077 2717 1211 2786 μηδὲ
1245 2719 1347 2785 τῆς
1394 2720 1664 2792 θαλάττης
1719 2724 1904 2793 εἵργε-

317 2805 446 2860 σθαι
472 2824 485 2837 ’
517 2805 576 2859 τὺ
619 2808 720 2869 τὰς
753 2811 951 2878 νήσους
997 2808 1073 2878 μὴ
1127 2811 1515 2881 ἀνηρπάσθαι·
1553 2814 1715 2868 πάνθ’
1762 2816 1904 2868 ὅσων

319 2897 454 2968 πρὶν
485 2899 841 2967 ἡνειχόμεθα.
902 2901 981 2952 Ta
1024 2901 1080 2954 δὲ
1117 2902 1252 2972 πρὸς
1290 2904 1504 2976 Ἴμϐρῳ
1553 2907 1687 2977 παρ’
1723 2907 1906 2961 αὐτῶν

318 2990 591 3059 γενόμενα
616 3031 629 3054 ,
673 2991 809 3058 πρὸς
837 2992 936 3062 τῆς
964 2992 1222 3060 ἀληθείας
1251 2995 1440 3065 αὐτῆς,
1472 2997 1613 3066 ὑπὲρ
1644 2998 1792 3062 τίνος
1821 3016 1908 3063 τις

1994 1896 2031 1951 ii
2079 1894 2202 1948 aliis
2244 1908 2406 1964 quam
2439 1891 2600 1946 nobis
2631 1887 2912 1959 suppetias
2940 1892 3249 1938 venerunt:
3284 1880 3377 1952 qui
3428 1877 3578 1933 enim

1994 1995 2284 2051 venerant,
2311 1985 2381 2040 ab
2401 1983 2628 2055 Alpibus
2653 1984 2995 2051 navigarant.
3019 1976 3184 2033 Scitis
3207 1988 3340 2030 vero
3361 1987 3577 2034 omnes,

1996 2090 2234 2152 quantos
2264 2079 2541 2135 universis
2588 2076 2748 2131 nobis
2785 2071 3112 2128 excitaverit
3146 2069 3350 2126 fluctus
3387 2066 3580 2134 Smyr-

1998 2188 2082 2228 nae
2133 2182 2348 2243 portus.
2396 2171 2668 2236 Quantam
2721 2181 2851 2220 vero
2905 2165 3026 2235 ejus
3074 2175 3239 2223 causa
3293 2159 3582 2212 hominum

2001 2263 2430 2327 multitudinem,
2447 2271 2748 2332 quantasve
2770 2273 2924 2329 opes,
2947 2272 3070 2311 cum
3087 2256 3243 2324 prius
3256 2260 3582 2318 consumpta

1999 2355 2342 2418 existimatis,
2374 2353 2790 2419 etiamnumque
2835 2347 2994 2402 annis
3027 2343 3262 2415 singulis
3288 2336 3585 2396 censenti?

2002 2450 2169 2503 Plane
2217 2447 2450 2502 stitisset
2492 2444 2581 2498 cui
2629 2444 2715 2498 vel
2745 2443 2924 2497 fontes
2973 2440 3193 2494 initium
3225 2434 3476 2490 fuissent.
3511 2431 3589 2485 Ae

2005 2544 2082 2598 illi
2123 2543 2345 2613 quidem
2380 2539 2644 2610 periculis
2668 2536 2907 2592 defuncti
2937 2543 3087 2613 sunt,
3116 2536 3478 2599 sumptusque
3510 2523 3590 2576 fe-

2005 2611 2226 2694 cerunt,
2256 2631 2416 2686 nobis
2439 2645 2568 2685 vero
2595 2628 2942 2688 sedentibus,
2966 2611 3088 2694 quae
3113 2622 3238 2676 inde
3265 2629 3392 2676 sunt
3415 2618 3588 2688 lucra,

2009 2727 2303 2780 accedunt.
2335 2724 2596 2790 Quaenam
2625 2736 2753 2776 vero
2784 2720 2897 2774 haec
2928 2716 3087 2771 dico?
3119 2712 3348 2782 Recepti
3368 2726 3430 2766 ac
3452 2710 3585 2764 salvi

2008 2815 2256 2888 quotidie
2306 2814 2546 2882 captivi,
2597 2812 2798 2882 quibus
2840 2807 3202 2864 numerandis
3250 2819 3318 2858 ne
3355 2801 3590 2858 sufﬁcie-

2011 2913 2143 2966 bant
2163 2909 2408 2979 quidem,
2459 2905 2552 2976 qui
2591 2901 3003 2975 perseribendis
3025 2914 3248 2968 operam
3273 2897 3548 2967 ponebant
3578 2911 3589 2946 :

2013 3002 2412 3062 mercatoribus
2433 3001 2604 3056 libera
2631 2996 2993 3065 navigation“
3023 3009 3091 3048 ne
3109 2991 3245 3048 mari
3279 3002 3589 3048 arceamur,

316 3084 534 3149 νομίσει
572 3082 928 3153 πεπρᾶχθαι;
960 3085 1030 3136 Ἦ
1057 3085 1222 3137 κάκεῖ
1245 3088 1374 3148 τοὺς
1416 3087 1734 3158 βαρϐάρους
1767 3092 1904 3162 ὑπὲρ

2013 3105 2074 3150 ut
2102 3112 2168 3149 ne
2198 3095 2387 3148 hostes
2417 3091 2706 3161 rapuerint
2738 3088 2966 3147 insulas,
2999 3095 3345 3155 quaecunque
3370 3080 3594 3134 denum

317 3176 536 3230 ἑαυτῶν
570 3179 925 3248 ἀμυνόμενοι,
961 3177 1030 3232 τά
1053 3179 1260 3232 τοιαῦτ’
1285 3181 1692 3251 ὲπεδείκνυντο;

2009 3189 2166 3258 prius
2197 3184 2341 3258 passi
2381 3198 2593 3239 sumus.
2621 3183 2754 3249 Quae
2781 3196 2910 3238 vero
2946 3180 3013 3234 ab
3044 3177 3126 3233 eis
3159 3174 3304 3244 apud
3349 3173 3590 3228 imbrum

320 3279 475 3340 gesta
511 3279 659 3334 sunt,
707 3287 806 3341 per
843 3270 1016 3340 ipsam
1056 3271 1318 3350 .obtestor
1363 3275 1678 3343 veritatem,
1716 3280 2001 3350 cujusnam
2077 3280 2202 3348 quis
2270 3279 2442 3350 gratia
2510 3284 2663 3345 gesta
2736 3273 3053 3344 putaverit?
3096 3273 3286 3326 lllicne
3351 3281 3593 3337 Quoquc’

322 3373 386 3416 ut
421 3361 690 3417 Barbaros
724 3367 808 3418 sui
848 3379 1014 3419 causa
1063 3366 1483 3434 ulciscerentur,
1541 3370 1668 3424 talia
1726 3371 2122 3442 designarunt?

409 3454 549 3505 Ἀλλ’
600 3453 712 3508 οὔτ’
765 3458 963 3508 ἐκεῖνοι
1008 3457 1227 3508 πώποτε
1285 3459 1536 3528 καθῆκαν
1570 3463 1650 3524 είς
1695 3463 1786 3515 τὸν
1822 3463 1912 3516 Ἀ-

318 3546 503 3615 δρίαν,
533 3537 587 3598 οἵ
634 3565 697 3615 γε
730 3548 839 3602 οὐδ’
871 3549 1071 3613 ῐσασιν,
1100 3552 1214 3604 οὐθ’
1256 3550 1408 3622 εὖροι
1430 3570 1513 3616 τις
1544 3553 1610 3608 ἂν
1650 3554 1912 3609 Ἰταλικὸν

322 3637 667 3706 ἀνδράποδον
712 3639 770 3690 ὲν
816 3638 1027 3711 Ἐφέσῳ
1080 3643 1177 3694 καὶ
1222 3643 1555 3716 Μαγνησίᾳ·
1595 3643 1709 3697 ἀλλ’
1745 3647 1908 3718 ἡμεῖς

322 3730 496 3796 ἐσμὲν
520 3732 568 3783 οἱ
593 3726 940 3795 ϐουλεῦοντες
966 3735 1244 3803 πανταχοῦ
1268 3751 1282 3764 ·
1317 3736 1459 3807 ὑπὲρ
1488 3730 1560 3791 ὧν
1591 3738 1791 3790 ἐκεῖνοι
1818 3755 1914 3791 πα-

325 3823 702 3891 ροξυνθέντες,
748 3826 959 3895 ὀλίγαις
1002 3828 1288 3898 τριήρεσιν
1328 3829 1782 3898 ἐπιπλεύσαντες,
1813 3848 1912 3884 κα-

261 3928 270 3934 ·
324 3915 558 3969 τέλαϐον
591 3917 719 3980 τοὺς
745 3917 1078 3989 βαρϐάρους,
1114 3921 1290 3974 εἴκοσι
1338 3923 1431 3975 καὶ
1475 3922 1670 3978 ἑκατὸν
1703 3922 1913 3988 πλοίοις

327 4008 895 4080 ἁνδραποδιζομένους
925 4013 1282 4090 τὴνἿμϐρον.
1307 4013 1440 4067 Οῖαν
1473 4013 1519 4067 δ’
1547 4016 1664 4069 ἐκεῖ
1688 4015 1913 4080 τούτους

329 4101 470 4170 ὑπὲρ
529 4103 688 4172 ἡμῶν
738 4101 1029 4173 ἀπῄτησαν
1081 4104 1262 4173 δίκην,
1302 4105 1486 4158 ἴσασιν
1523 4107 1571 4158 oi
1625 4105 1784 4176 μέχρι
1814 4106 1911 4161 νῦν

325 4195 560 4248 ἐκείνων
617 4195 959 4263 μεμνημένοι
992 4195 1100 4248 τῶν
1130 4197 1424 4264 ναυαγίων.
1460 4197 1653 4267 Σχεδὸν
1690 4199 1800 4270 γάρ
1821 4201 1913 4254 οὐ·

324 4287 440 4348 531;
465 4287 584 4338 τότε
608 4287 827 4365 λέγεται
857 4287 964 4340 τῶν
989 4287 1284 4358 βαρϐάρων
1306 4290 1612 4358 διαφυγεῖν.
1644 4293 1754 4344 Καὶ
1783 4309 1913 4344 σιω-

328 4379 420 4431 πῶ
450 4379 518 4432 τά
559 4382 615 4432 ὲν
673 4379 1066 4450 Πελοποννήσῳ
1115 4381 1385 4450 λῃστρικά
1417 4381 1597 4446 πλοῖα,
1663 4384 1758 4438 καὶ
1802 4383 1911 4438 τῶν

335 4471 632 4544 βαρϐάρων
661 4471 788 4535 τοὺς
835 4471 1022 4526 αὐτόθι
1055 4473 1452 4543 διαφθαρέντας
1475 4515 1490 4540 ,
1535 4475 1628 4527 καλ¹
1655 4475 1816 4529 πάλιν
1845 4478 1916 4531 τά

335 4565 474 4634 πρὸς
509 4563 798 4636 Θετταλίᾳ,
845 4567 938 4618 καὶ
997 4565 1128 4637 ἱερῷ
1176 4565 1316 4635 ὄρει,
1373 4567 1470 4620 καὶ
1505 4566 1912 4638 Ἑλλησπόντῳ,

332 4659 433 4712 καὶ
463 4657 668 4721 πάσαις
714 4657 919 4728 νήσοις.
951 4657 1145 4727 Σχεδὸν
1189 4659 1295 4728 γὰρ
1332 4661 1574 4730 ἑκάστης
1608 4661 1826 4731 ἡμέρας
1859 4661 1913 4714 ἐ-

2091 3463 2388 3518 Enimvero
2430 3474 2608 3529 neque
2634 3458 2712 3513 illi
2740 3473 2978 3528 unquam
3003 3458 3056 3512 in
3083 3455 3422 3511 Adriaticum
3451 3469 3602 3510 mare

2016 3555 2445 3616 descenderunt,
2492 3552 2642 3624 quod
2674 3566 2742 3606 ne
2776 3560 2984 3605 norunt
3026 3547 3290 3619 quidem;
3341 3564 3442 3603 nec
3471 3549 3597 3617 quis

2018 3661 2241 3702 servum
2295 3663 2360 3702 ex
2411 3646 2562 3700 Italia
2608 3644 2814 3714 Ephesi
2859 3660 2922 3697 ac
2954 3643 3246 3712 Magnesiae
3281 3643 3593 3698 invenerit:

2016 3756 2118 3794 nos
2139 3755 2277 3802 vero.
2298 3740 2334 3794 ii
2362 3755 2572 3805 sumus,
2597 3739 2694 3810 qui
2720 3738 2926 3808 ubique
2948 3737 3194 3807 gentium
3219 3737 3363 3790 servi
3381 3751 3594 3796 sumus,

2016 3847 2253 3904 quorum
2314 3832 2390 3886 illi
2427 3846 2591 3887 causa
2638 3829 2976 3893 exacerbati,
3025 3828 3220 3898 paucis
3276 3827 3598 3882 triremibus

2016 3926 2252 3992 advecti,
2301 3927 2570 3982 Barbaros
2617 3931 2908 3994 ceperunt,
2960 3937 3086 3976 cum
3127 3921 3205 3978 illi
3255 3930 3476 3978 centum
3532 3936 3597 3974 ae

2018 4020 2211 4089 viginti
2266 4020 2614 4091 navigiorum
2665 4019 2863 4084 classe,
2919 4016 3160 4070 imbrum
3196 4013 3594 4084 manciparent.

2017 4113 2192 4180 Quam
2227 4129 2357 4167 vero
2389 4128 2584 4184 graves
2613 4111 2682 4165 ab
2707 4112 2789 4166 eis
2812 4123 3000 4182 pinnas
3028 4122 3129 4163 nos
3152 4107 3480 4162 ulciscentes
3504 4121 3596 4160 ex-

2017 4206 2251 4273 egerint,
2283 4207 2468 4262 scinnt
2507 4204 2600 4273 qui
2642 4203 2912 4258 hactenus
2959 4199 3100 4260 facta
3150 4198 3263 4260 illic
3312 4197 3596 4268 naufragia

2020 4297 2283 4350 memoria
2321 4295 2584 4349 retinent.
2623 4293 2830 4352 Ferunt
2857 4290 3005 4346 enim
3036 4291 3122 4344 vix
3156 4304 3490 4360 quemquam
3519 4288 3600 4344 ei-

2020 4381 2224 4457 fugisse
2249 4387 2640 4443 Barbarorum.
2673 4386 2822 4442 Sileo
2855 4385 3117 4457 piraticas
3141 4385 3196 4439 in
3219 4383 3606 4453 Peloponneso

2018 4495 2208 4544 naves,
2233 4495 2295 4534 ac
2313 4479 2588 4534 Barbaros
2614 4477 2727 4532 illic
2755 4478 3120 4532 internecioni
3139 4477 3330 4531 datos:
3355 4491 3590 4531 rursum-

2021 4587 2128 4639 que
2157 4581 2308 4641 gesta
2335 4571 2390 4624 in
2419 4570 2724 4636 Thessalia,
2763 4579 2951 4626 monte
2981 4577 3194 4637 sancto,
3232 4567 3591 4638 Hellesponto

2019 4679 2083 4720 ac
2113 4663 2374 4720 omnibus
2409 4663 2624 4718 insulis.
2673 4663 2776 4722 Vix
2824 4662 2973 4727 enim
3025 4663 3271 4732 praeterit
3297 4663 3439 4728 dies,
3480 4676 3605 4730 qua}

330 4751 494 4819 χουσί
523 4767 575 4802 τι
606 4750 787 4820 λέγειν
821 4748 968 4802 κατά
999 4749 1107 4802 τῶν
1143 4749 1438 4821 βαρϐάρων
1479 4753 1570 4806 ὑπ’
1607 4753 1785 4808 αὐτῶν
1820 4773 1904 4807 πεη

2020 4771 2132 4812 non
2180 4757 2389 4826 aliquid
2425 4757 2480 4810 in
2533 4755 2802 4811 Barbaros
2834 4756 2902 4810 ab
2930 4755 3012 4810 eis
3040 4755 3386 4825 designatum
3437 4751 3602 4805 ferat.

331 4844 676 4914 πραγμὲνον.
720 4843 909 4908 Οὕτως
939 4846 1124 4908 αὐτοῖς
1159 4844 1258 4914 μὲν
1291 4845 1350 4898 τὸ
1407 4847 1644 4916 νικᾷν,ή
1689 4839 1830 4918 ἦττα
1855 4846 1912 4900 δὲ

2025 4847 2117 4904 Sic
2142 4848 2366 4917 quidem
2406 4849 2563 4919 ipsis,
2597 4849 2857 4912 vincere;
2889 4845 3146 4902 Barbaris
3175 4853 3357 4899 autem
3388 4841 3535 4897 vinci
3571 4856 3601 4894 a

1619 4940 1722 5001 Fr.
1760 4940 2129 5004 Combetisii
2161 4950 2348 5006 notas.

415 5059 496 5120 (ἓ)
537 5060 798 5116 Esimdcm
829 5062 1244 5118 Cantacuzenus
1277 5061 1563 5115 historiam
1600 5063 1788 5126 refert,
1820 5063 1919 5120 lib.

341 5145 426 5190 ιιι,
461 5132 550 5183 ubi
583 5133 813 5187 classem
845 5133 1185 5187 Rhodiorum
1218 5148 1280 5186 ac
1309 5133 1543 5185 aliorum
1569 5132 1918 5196 Latinorum,

343 5216 452 5272 qua
496 5201 724 5271 Smyrna
770 5212 927 5272 capta
977 5209 1081 5272 est,
1113 5203 1185 5256 24
1237 5203 1542 5272 triremium
1603 5205 1773 5258 fuisse
1823 5205 1920 5269 ait,

343 5271 698 5340 celebratque
755 5271 948 5326 eorum
1021 5271 1344 5326 immensam
1405 5271 1808 5339 fortitudinem,
1865 5284 1926 5328 ut

345 5340 506 5412 ipse,
560 5357 800 5410 praesens
876 5345 1102 5395 Ameras
1181 5359 1291 5397 non
1378 5345 1618 5410 potuerit
1705 5354 1923 5412 portum

347 5411 511 5482 tutari
552 5427 616 5465 ac
646 5414 859 5468 urbem.
911 5412 1030 5465 Non
1075 5412 1247 5479 liquet
1278 5428 1571 5482 quemnam
1621 5411 1923 5468 Barbarum

349 5480 659 5559 pemetrius
693 5482 768 5538 ibi
814 5482 1056 5559 occisum
1105 5480 1490 5559 dicat,a_quo
1513 5492 1666 5559 tanta
1722 5484 1926 5539 ercis

349 5551 664 5622 immineret
727 5552 1034 5622 pernicies;
1073 5552 1208 5606 nihil
1278 5553 1425 5606 enim
1504 5554 1926 5609 Cantacuzenns

349 5621 620 5688 ejusmodi
651 5621 836 5694 habet.
871 5622 1093 5694 Lubens
1124 5622 1362 5694 doceretj
1397 5624 1449 5694 in
1481 5639 1644 5692 quem
1689 5624 1929 5694 impera-

353 5699 522 5762 torem
551 5693 865 5762 prmeedens
897 5692 1126 5748 historia
1175 5691 1366 5748 referri
1409 5692 1627 5756 debeat,
1677 5691 1804 5748 vere
1839 5696 1926 5750 illa

354 5757 566 5817 Latinis
603 5780 665 5818 ac
700 5762 973 5830 Occiduis,
1021 5772 1082 5817 ut
1115 5779 1218 5833 qua
1264 5763 1390 5829 alia,
1438 5763 1694 5833 gloriosa.
1740 5764 1844 5821 Sed
1873 5776 1928 5821 et

2030 5064 2241 5133 reliqua
2285 5063 2338 5118 in
2393 5062 2616 5117 eosdem
2665 5058 2901 5133 subinde
2946 5060 3094 5114 velut
3136 5055 3511 5133 obitermdicta
3545 5073 3607 5133 ac

2031 5125 2292 5195 indicata,
2331 5133 2559 5188 omnino
2596 5133 2684 5184 illa
2713 5129 2995 5200 praeclara,
3024 5145 3088 5200 ac
3134 5143 3263 5183 vere
3303 5125 3604 5200 Christiani

2032 5205 2273 5274 pectoris
2294 5219 2418 5260 curn
2452 5205 2568 5272 pari
2596 5198 3045 5274 magnanimitate
3075 5199 3306 5274 heroum
3335 5198 3608 5274 majorum

2032 5267 2373 5338 nostrorum,
2426 5267 2662 5338 quorum
2691 5267 2866 5324 'orbis
2929 5286 3083 5326 sacro
3132 5267 3430 5338 ejusmodi
3463 5267 3609 5322 bello

2032 5343 2359 5408 facinorum,
2426 5339 2704 5398 theatrum
2767 5341 2903 5403 fuit,
2964 5339 3297 5409 praemiator,
3352 5339 3494 5392 Deus
3545 5353 3608 5392 ac

2034 5415 2180 5469 coeli.
2206 5415 2426 5471 Utinam
2468 5428 2598 5469 vero
2623 5421 2845 5467 tandem
2895 5409 3214 5479 aliquando.
3246 5425 3310 5464 ac
3339 5409 3420 5462 vel
3462 5422 3610 5472 sero,

2034 5494 2262 5555 nepotes
2296 5500 2358 5541 ac
2383 5486 2502 5549 filii,
2526 5486 2613 5538 vix
2639 5483 2938 5555 quidquam
2961 5481 3328 5555 generositate
3348 5479 3614 5555 impares,

2035 5550 2322 5624 ξμῐρὺλιον,
2396 5572 2505 5624 quo
2573 5550 2934 5624 discordibus
2973 5550 3138 5606 nobis
3193 5550 3456 5606 dilabitur
3525 5565 3615 5624 res

2033 5619 2366 5689 Christiana,
2413 5619 2880 5679 'commutaverint
2921 5619 2975 5675 in
3027 5636 3156 5675 vere
3206 5635 3443 5685 sacrum,
3499 5620 3616 5673 avi-

2037 5703 2198 5764 taque
2233 5698 2431 5766 pietate
2459 5704 2687 5749 matrem
2715 5693 2997 5747 vindicare
3027 5690 3361 5746 studuerint.
