3862 6220
318 272 419 332 θςτι

1562 268 1934 332 DEMETBU
1975 267 2284 331 CYDONII

3479 272 3573 337 98!

330 387 600 457 principio
630 388 848 443 videtur
876 388 1161 460 obtigisse.
1192 391 1305 446 Nec
1331 390 1777 461 congressionem
1815 400 1899 438 as-

2010 390 2114 450 τοῖς
2145 388 2444 458 βαρϐάροις
2474 388 2533 453 ἐξ
2564 389 2740 460 ἀρχῆς
2802 390 3275 459 συγκεκλήρωται.
3332 390 3448 443 Καὶ
3478 389 3572 440 οὐκ

315 482 532 550 signare
560 480 741 546 liceat,
772 498 878 551 qua
910 498 1046 537 non
1088 484 1324 539 victores
1350 494 1551 553 tropzea
1587 482 1889 539 erexerint.

318 571 611 626 Enimvero
643 587 767 627 cum
804 574 872 626 ab
903 575 1131 644 antiquo
1167 577 1437 645 cmperint
1468 576 1739 629 Barbaros
1764 588 1891 641 pro-

313 664 469 729 sequi
511 663 659 726 odio,
697 662 965 718 hactenus
1003 676 1375 733 perseverant,
1408 677 1469 720 ut
1487 665 1623 720 nihil
1648 680 1889 733 unquam

314 753 537 807 foederis
565 754 785 807 ineundi
830 756 1220 810 meminerint:
1258 767 1423 827 atque
1455 757 1593 811 adeo
1630 771 1717 810 res
1748 756 1893 823 ejus-

317 844 484 908 modi,
535 845 736 899 nedum
784 860 902 900 zevo
954 847 1080 911 hoc,
1114 849 1352 902 nominis
1388 849 1467 902 eis
1495 848 1685 901 aﬂ‘erct
1725 847 1888 901 clari~

316 944 516 1000 tate-m;
557 950 752 988 verum
793 937 956 990 etiam
1013 938 1199 1010 futuro
1248 953 1571 1008 magnorum
1622 940 1889 991 bonorum

314 1027 480 1080 habet
512 1029 1022 1096 repromissionem.
1056 1030 1241 1099 Atqui,
1283 1031 1408 1100 quis
1436 1030 1642 1084 certius
1670 1028 1889 1098 aliquod

312 1128 698 1187 argumentum
754 1120 906 1184 velit,
952 1130 1011 1173 ut
1045 1136 1149 1175 non
1200 1121 1235 1174 ii
1289 1121 1468 1185 facile,
1506 1130 1763 1190 tanquam
1795 1135 1892 1173 co-

314 1208 486 1263 lorem
518 1211 627 1263 sint
655 1210 982 1264 sententiam
1015 1211 1301 1274 mutaturi,
1344 1228 1505 1281 quam
1539 1221 1598 1266 ut
1627 1212 1893 1265 diuturno

311 1302 449 1355 adeo
485 1310 731 1370 tempore
767 1302 1033 1355 adversus
1066 1302 1334 1355 Barbaros
1361 1303 1762 1371 depugnantes,
1797 1317 1891 1357 ne-

313 1406 418 1459 que
455 1392 557 1460 ipsi
608 1407 848 1460 unquam
879 1392 1127 1446 inducias
1174 1393 1479 1461 petierint,
1512 1407 1614 1446 nec
1642 1392 1891 1446 hostibus

311 1483 587 1536 voluerint
631 1482 877 1545 concedi,
916 1491 1171 1551 tanquam
1224 1498 1352 1536 vero
1399 1483 1466 1535 ab
1514 1483 1630 1552 ipsa
1690 1492 1891 1537 natura

317 1575 372 1627 in
404 1589 499 1628 cos
532 1574 731 1628 bellum
773 1574 1137 1643 susceperint,
1170 1574 1247 1629 sic
1276 1589 1466 1628 eorum
1502 1574 1715 1627 ruinam
1754 1575 1891 1629 lucri

314 1666 536 1719 maximi
567 1667 690 1719 loco
729 1666 978 1721 habent?
1005 1664 1158 1730 Quod
1207 1674 1387 1719 autem
1422 1682 1526 1719 non
1559 1666 1664 1719 nisi
1699 1666 1893 1736 grandi

2003 479 2147 534 ἔστιν
2174 482 2262 535 ὅτε
2290 482 2662 552 συμϐαλόντες
2683 484 2783 536 οὐκ
2812 483 3118 552 ἀνέστησαν
3145 480 3404 550 τρόπαια.
3422 479 3574 531 Ἀλλὰ

2004 573 2110 641 μὴν
2135 572 2344 629 ἀνωθεν
2381 574 2475 627 τοῦ
2513 574 2650 646 πρὸς
2690 576 2816 637 τοὺς
2854 573 3167 645 βαρϐάρους
3201 572 3397 642 μίσους
3420 570 3577 638 apes-

2004 683 2176 735 μενοι,
2208 665 2356 734 δεῦρ’
2376 666 2463 719 ἀεὶ
2492 664 2893 732 διαγιγόνασιν,
2923 664 3046 717 οὐδέ
3075 679 3205 715 ποτε
3244 660 3576 731 μνησθέντες

2004 759 2284 812 σπονδῶν·
2323 759 2399 821 ῶς
2452 758 2600 811 τοῦτ’
2652 757 2837 820 αὐτοῖς
2871 757 2973 809 οὐκ
3010 753 3244 809 ἐνταῦθα
3299 754 3465 821 μόνον
3494 749 3580 803 εὖ·

2002 852 2191 906 κλειαν
2218 847 2385 916 οἷσον,
2419 848 2554 903 ἀλλὰ
2597 850 2690 901 καὶ
2724 847 2863 916 πρὸς
2887 846 2949 899 τὸ
2977 845 3173 915 μέλλον
3216 845 3446 910 ἀγαθῶν
3485 861 3580 911 μευ

2000 945 2180 1012 γάλων
2216 943 2340 1013 ἔχον
2372 940 2727 1010 ἐπαγγελίαν.
2762 941 2956 995 Καίτοι
2988 938 3074 1001 τίς
3118 938 3185 991 ἃν
3230 935 3362 991 ἄλλο
3400 936 3584 1003 μεῖζον

2001 1035 2116 1104 ἔχοι
2155 1034 2457 1103 τεκμήριον
2486 1032 2581 1085 τοῦ
2630 1033 2758 1094 τοὺς
2790 1031 2989 1097 ἄνδρας
3028 1028 3103 1097 μὴ
3152 1027 3358 1097 ῥᾴδιον,
3393 1025 3587 1093 ὥσπερ

2001 1129 2213 1199 χροιὰς,
2249 1126 2607 1197 μεταϐάλλειν
2638 1125 2737 1184 τὰς
2771 1121 2995 1192 γνώμας
3025 1121 3058 1191 ἢ
3097 1118 3355 1173 τοσοῦτον
3388 1118 3590 1186 χρόνον

2003 1222 2380 1290 πολεμοῦντας
2415 1220 2550 1289 πρὸς
2583 1218 2918 1287 βαρϐάρους,
2948 1216 3151 1283 ἀνοχὰς
3202 1213 3329 1281 μήτ’
3382 1212 3595 1270 αὐτοὺς

2000 1316 2240 1383 αἰτῆσαι,
2273 1315 2410 1382 μήτε
2465 1311 2691 1379 θελῆσαι
2729 1308 2915 1363 δοῦναι
2955 1308 3069 1367 τοῖς
3100 1304 3391 1371 πολεμίοις
3418 1318 3433 1333 °
3468 1300 3596 1354 ἀλλ’

2001 1405 2191 1474 ῶσπερ
2223 1403 2318 1455 καὶ
2361 1401 2459 1471 τὴν
2491 1401 2629 1471 πρὸς
2664 1397 2909 1481 ἐκείνους
2951 1397 3132 1465 μάχην
3162 1394 3301 1464 μετά
3337 1396 3439 1461 τῆς
3488 1395 3601 1458 (p35-

2005 1517 2139 1561 σεως
2170 1496 2517 1564 δεξαμένους,
2566 1493 2711 1546 οὔτω
2740 1491 2839 1562 τὴν
2872 1492 3095 1544 ἐκείνων
3144 1487 3428 1541 ἀπώλειαν
3469 1486 3601 1555 ἣδι-

2005 1608 2128 1644 στον
2158 1587 2402 1657 νομίζειν
2430 1586 2673 1656 κερδῶν;
2699 1585 2821 1639 Ὀτι
2846 1583 2893 1637 δ’
2921 1583 3022 1637 οὐκ
3044 1581 3170 1635 ἄνευ
3188 1580 3503 1650 χρημάτων
3528 1580 3598 1630 τὰ

2001 1681 2228 1735 τοιαῦτα
2284 1679 2350 1733 ἂν
2380 1676 2749 1748 ἠδυνήθησαν,
2792 1674 2983 1741 ,γέλως
3042 1673 3141 1742 μὲν
3190 1670 3598 1725 ἀποδεικνύναι

314 1774 421 1812 aere
448 1758 574 1811 talia
607 1758 893 1828 designare
927 1757 1226 1826 potuerint,
1261 1756 1529 1811 ridiculus
1559 1758 1657 1812 sim
1686 1768 1744 1811 ut
1768 1772 1891 1827 pro-

2010 1771 2297 1845 πειρᾶσθαι
2318 1786 2330 1799 '
2373 1738 2675 1823 (saetoso!
2713 1738 3107 1827 τὰς-ναυτικάς
3135 1764 3397 1829 δυνάμεις
3424 1761 3601 1827 ἐξαρ-

316 1852 445 1904 bare
476 1850 825 1903 tentaverim.
859 1849 1055 1903 Sciunt
1085 1865 1215 1902 vero
1242 1850 1336 1917 qui
1367 1850 1585 1903 navales
1614 1850 1898 1905 instruunt

320 1941 530 2010 copias,
584 1940 717 1994 nihil
756 1938 1110 2008 paucioribus
1144 1938 1387 2008 indigere
1426 1939 1491 1993 ad
1533 1948 1897 1994 commeatum

318 2030 466 2085 bello
499 2041 869 2099 comparatam
905 2031 1108 2093 navim,
1143 2038 1305 2097 atque
1342 2030 1585 2097 indigeat
1629 2046 1733 2083 una
1766 2031 1899 2083 urbs

318 2133 453 2178 tota.
507 2123 612 2176 Tot
647 2138 781 2176 vero
829 2123 904 2176 illi
960 2123 1220 2176 continue
1268 2123 1549 2176 instruunt
1580 2123 1801 2188 classes,
1842 2130 1901 2175 ut

317 2215 483 2269 ludus
517 2214 738 2284 quidem
788 2213 1062 2278 videatur,
1101 2230 1265 2282 quam
1300 2214 1469 2268 (ἐπ’ωοὶ
1506 2216 1773 2267 miserunt
1805 2230 1901 2267 cx-

320 2316 619 2376 pugnalum
657 2305 920 2375 Trojam:
970 2306 1049 2359 sic
1082 2306 1231 2359 velut
1277 2321 1307 2359 e
1342 2305 1609 2369 fontibus,
1652 2306 1902 2375 pecunize

318 2400 573 2454 amount.
621 2399 735 2455 Nec
766 2400 1052 2453 hominum
1110 2415 1273 2469 quam
1328 2400 1689 2469 pecuniarum
1725 2398 1905 2452 minor

320 2492 500 2561 mpia.
540 2491 647 2544 Per
696 2490 949 2544 nationes
989 2490 1162 2556 enim,
1216 2490 1581 2559 sodalitiaque
1631 2505 1693 2544 ac
1728 2490 1905 2544 tribus

322 2591 631 2645 transeunt,
667 2591 726 2635 ut
757 2581 1051 2634 videantur
1076 2581 1251 2651 patria
1284 2581 1471 2636 relicta
1505 2582 1612 2634 alio
1667 2580 1896 2635 comini-

319 2689 498 2745 grare.
530 2673 686 2738 Quod
717 2673 763 2728 si
795 2674 917 2742 quis
946 2689 1012 2727 eo
1046 2675 1251 2728 moveri
1290 2674 1461 2738 dicat,
1499 2675 1642 2744 quod
1676 2690 1774 2727 nos
1804 2674 1904 2727 mi-

321 2770 590 2826 serantes,
622 2763 763 2816 mala
809 2770 993 2815 nostra
1047 2777 1201 2815 suam
1242 2764 1485 2832 ipsorum
1536 2763 1904 2817 calamitatem

321 2852 561 2916 ducant;
589 2851 722 2921 quid
752 2852 836 2905 vel
862 2860 1120 2920 parentes
1150 2852 1478 2920 ampliorum
1513 2852 1565 2904 in
1600 2866 1699 2903 nos
1731 2850 1907 2904 visce-

323 2962 443 2999 rum
495 2943 791 2998 ostendere
848 2942 1098 2995 valeant?
1154 2940 1251 2994 Sin
1307 2955 1513 3004 autem,
1552 2948 1711 2994 tanta:
1758 2940 1905 2994 illius

1999 1864 2275 1931 τυὸμενοι,
2302 1862 2374 1924 ῶς
2403 1861 2542 1913 ὅσων
2574 1859 2671 1929 μιᾷ
2712 1856 2886 1921 πόλει,
2917 1854 3191 1907 τοσούτων
3226 1854 3306 1905 δεῖ
3352 1852 3450 1904 καὶ
3488 1853 3601 1919 μιᾷ

2001 1954 2090 2023 νηῒ
2122 1952 2489 2022 στρατιώτιδι.
2536 1950 2892 2011 ’Λποστόλους
2944 1946 2986 1999 δ’
3022 1948 3227 1999 ἐκεῖνοι
3280 1943 3600 2006 τοσούτους

2004 2044 2242 2114 συνεχῶς
2294 2044 2668 2112 ἐξαρτύονται,
2709 2040 2785 2103 ὼς
2839 2038 3059 2092 παιδιάν
3119 2055 3241 2090 τινα
3280 2038 3487 2099 δοκεῖν,
3531 2036 3601 2087 ὃν

2003 2136 2266 2201 Ἕλληνες
2291 2135 2383 2186 ἐπὶ⁸
2414 2134 2615 2204 Τροίαν
2651 2132 2979 2185 ἀπέστειλαν
3004 2149 3016 2161 ο
3050 2129 3194 2182 οῦτω
3240 2127 3310 2180 τὰ
3335 2126 3602 2196 χρήματ’

2003 2231 2187 2291 αὐτοῖς
2213 2227 2404 2297 ὥσπερ
2434 2226 2542 2280 ἀπὸ
2568 2225 2766 2295 πηγῶν
2796 2226 3034 2294 ἐπιρρεῖ,
3066 2224 3162 2275 καὶ
3192 2220 3285 2273 τοῦ
3310 2221 3420 2271 τῶν
3452 2237 3605 2286 χρη-

2008 2322 2194 2389 μάτων
2226 2319 2465 2389 πλήθους
2522 2318 2619 2387 οὐχ
2651 2311 2813 2387 ἦττον
2849 2315 2909 2369 τὸ
2938 2315 3045 2367 τῶν
3102 2314 3397 2380 σωμάτων.
3430 2310 3607 2362 Κατὰ

2004 2416 2131 2485 ἔθνη
2163 2414 2271 2483 γὰρ
2303 2411 2398 2465 καὶ
2426 2410 2569 2465 κατὰ
2597 2411 2835 2480 φατρίας
2866 2410 2962 2461 καὶ
2993 2408 3132 2460 κατὰ
3165 2404 3337 2473 φυλὰς
3372 2402 3611 2455 διαϐαί-

2005 2524 2224 2571 νουσιν,
2260 2504 2332 2566 ὡς
2380 2504 2559 2557 δοκεῖν
2600 2502 2792 2555 ἄλλοσε
2846 2495 3271 2568 μετοικίζεσθαι,
3319 2494 3424 2563 τὴν
3484 2510 3609 2545 tta.-

2004 2598 2160 2667 τρίδα
2195 2594 2623 2657 καταλιπόντας.
2661 2592 2735 2643 Τὸ
2768 2591 2813 2644 δ’
2842 2592 2937 2642 ἐπὶ
2961 2586 3134 2641 ταῦτα
3182 2583 3367 2638 κινοῦν
3398 2584 3448 2635 εί
3492 2584 3613 2651 μὲν

2004 2689 2065 2740 τὸ
2111 2688 2402 2754 συναλγεῖν
2439 2687 2573 2754 ἡμῖν
2613 2683 2759 2735 εἴποι
2804 2698 2913 2745 τις,
2956 2681 3050 2732 καὶ
3087 2679 3378 2746 συμφορὰν
3412 2678 3613 2727 ποιεῖ-

2009 2778 2132 2829 σθαι
2166 2776 2232 2827 τὰ
2258 2774 2501 2843 ἡμέτερα
2551 2772 2724 2840 πάθη,
2782 2770 2834 2822 τί
2864 2770 2974 2830 τοῖς
3008 2765 3226 2834 γονεῦσι
3261 2766 3392 2833 περὶ
3439 2765 3612 2833 ἡμᾶς

2008 2864 2387 2928 ἐπιδείξασθαι
2422 2862 2586 2914 πλέον
2621 2860 2945 2921 κατέλιπον;
2977 2860 3026 2909 εί
3052 2857 3111 2909 δέ
3137 2857 3237 2925 τὴν
3264 2855 3357 2907 ἐπὶ
3377 2852 3608 2914 τούτοις

2007 2959 2166 3023 δόξαν
2191 2953 2351 3010 ἆθλον
2379 2954 2479 3022 τῆς
2528 2953 2799 3019 τοσαύτης
2830 2947 3235 3019 μεγαλοψυχίας
3276 2944 3609 3007 ποιοῦνται,

324 3036 746 3106 magnificentiae
772 3034 1083 3104 praemium,
1110 3048 1274 3103 quam
1312 3031 1438 3085 inde
1470 3042 1903 3100 consequuntur,

2010 3052 2124 3103 πότ’
2159 3049 2223 3103 ἂν
2262 3045 2405 3102 οὗτοι
2434 3044 2646 3116 μικρῶν
2681 3061 2842 3096 τινων
2887 3042 3047 3094 ἕνεκα
3095 3040 3221 3101 τοὺς
3266 3038 3611 3106 συμμάχους

324 3128 552 3200 gloriam
593 3136 863 3197 quaerant,
896 3126 1243 3197 quandonam
1297 3124 1333 3179 ii
1369 3122 1551 3177 induci
1582 3123 1811 3192 possint,
1844 3133 1901 3175 ut

326 3220 540 3277 levibus
574 3220 904 3290 quibusdam
929 3236 992 3274 ex
1026 3218 1207 3273 causis
1241 3217 1370 3271 belli
1399 3218 1580 3271 socios
1607 3214 1899 3280 deserant;

329 3314 423 3384 qui
456 3329 588 3368 vero
636 3328 746 3367 non
776 3312 845 3367 iis
890 3313 999 3367 sint
1049 3310 1386 3370 auxiliaturi,
1418 3323 1652 3377 quorum
1704 3308 1903 3371 salute,

330 3417 538 3462 tantam
581 3403 821 3458 habeant
872 3410 1155 3473 reportare
1192 3398 1461 3469 gloriam?
1512 3397 1606 3450 Sin
1642 3397 1901 3466 denique,

328 3500 473 3570 quod
522 3499 700 3569 majus
760 3495 1060 3564 veriusque
1109 3493 1349 3556 dicatur,
1410 3490 1556 3560 quod
1594 3492 1647 3544 in
1680 3492 1794 3544 suis
1842 3504 1907 3545 ac

327 3589 673 3655 necessariis,
698 3604 945 3659 quosque
967 3597 1025 3641 ut
1042 3602 1139 3642 sua
1166 3586 1406 3656 ipsorum
1427 3584 1670 3640 membra
1688 3592 1905 3649 curent,

332 3683 597 3754 pietatem
640 3681 864 3735 videant
909 3682 964 3733 in
1006 3679 1301 3733 discrimen
1346 3678 1568 3740 vocari;
1619 3686 1781 3745 atque
1810 3690 1907 3729 eos

329 3774 575 3844 quicum
612 3774 746 3842 ipsis
772 3787 834 3825 ac
860 3786 958 3842 per
986 3771 1133 3840 ipsos
1157 3770 1435 3825 universis
1461 3769 1905 3832 dominabantur,

330 3882 523 3921 eorum
576 3864 879 3934 mancipari
940 3878 1150 3926 servos,
1208 3877 1347 3931 quos
1399 3861 1549 3931 prius
1586 3860 1910 3913 habuissent

333 3958 607 4027 mancipia
658 3972 757 4027 pro
804 3956 1063 4010 omnibus
1112 3954 1214 4024 ipsi
1268 3954 1521 4008 adierunt
1563 3951 1904 4022 periculum;

336 4066 508 4105 unum
544 4049 679 4104 illud
705 4048 806 4103 sibi
834 4055 1227 4117 proponentes,
1260 4062 1369 4115 quo
1393 4044 1710 4113 religionem
1732 4059 1911 4098 sacra-

336 4142 601 4197 tissimam
624 4140 693 4195 ab
725 4139 1018 4208 impiorum
1046 4136 1243 4207 injuria
1275 4135 1597 4196 liberarent,
1634 4132 1909 4203 quomodo

336 4248 447 4287 non
479 4231 745 4285 eximium
799 4228 931 4298 quid
986 4227 1235 4281 videatur
1282 4225 1425 4295 quod
1479 4225 1547 4280 ab
1578 4224 1660 4279 eis
1689 4224 1912 4294 agitur?

337 4324 450 4375 Aut
483 4320 609 4389 quis
643 4317 915 4373 illustrius
941 4314 1118 4385 possit
1147 4314 1342 4368 all‘erre
1370 4311 1590 4381 pietatis
1614 4308 1913 4364 indicium?

2009 3140 2432 3206 ἐγκαταλίποιεν
2461 3152 2476 3166 ·
2511 3134 2543 3205 ἢ
2591 3136 2710 3195 πῶς
2736 3134 2837 3186 οὐκ
2863 3134 2928 3185 ἂν
2964 3131 3180 3201 βοηθεῖν
3212 3130 3467 3190 ἐκείνοις,
3500 3127 3612 3190 οὓς

2008 3232 2301 3292 σώσαντες,
2333 3227 2602 3295 τοσαύτην
2643 3223 2888 3278 οἴσεσθαι
2925 3223 3177 3291 μέλλουσι
3206 3221 3361 3285 δόξαν
3384 3222 3407 3284 ς’
3464 3222 3524 3274 εί
3558 3221 3609 3273 δ’

2004 3322 2032 3374 ὂ
2070 3321 2255 3391 μεῖζον
2288 3320 2380 3371 καὶ
2424 3315 2790 3385 ἀληθέστερον
2819 3314 2963 3367 εῐποι
2998 3331 3103 3378 τις,
3130 3312 3205 3375 ὡς
3263 3311 3506 3380 ὁρῶντες
3542 3313 3608 3364 ἐν

2007 3415 2116 3473 τοῖς
2140 3408 2358 3472 οίκείοις
2388 3408 2484 3459 καὶ
2507 3400 2579 3458 ὧν
2608 3405 2683 3468 ὡς
2713 3404 2935 3461 οἰκείων
2965 3403 3146 3475 μελῶν
3182 3401 3462 3469 κήδονται,
3491 3402 3608 3469 τὴν

2006 3500 2288 3554 εὒσέϐειαν
2351 3494 2812 3550 κινδυνεύουσαν·
2872 3495 2967 3546 καὶ
3021 3492 3149 3555 τοὺς
3204 3491 3320 3559 μετ’
3385 3490 3606 3553 αὐτῶν,

2006 3594 2105 3647 καὶ
2161 3592 2229 3645 δι’
2281 3589 2461 3645 αὐτῶν
2500 3589 2715 3640 πάντων
2766 3585 3127 3657 κρατοῦντας,
3164 3585 3275 3647 τοῖς
3314 3583 3605 3653 πρότερον

2008 3684 2367 3753 ἀνδραπόδοις
2413 3680 2895 3750 ἀναγκαζομένους
2952 3677 3251 3742 δουλεύειν,
3306 3677 3470 3730 αὐτοὶ
3503 3678 3605 3730 τὸν

2011 3778 2152 3849 ὑπὲρ
2194 3777 2300 3837 τῶν
2335 3776 2472 3829 ὅλων
2499 3774 2816 3839 ἀνεδέξαντο
2862 3770 3140 3834 κίνδυνον,
3179 3771 3237 3821 ἓν
3267 3768 3431 3821 τοῦτο
3464 3786 3604 3821 σκο-

2012 3871 2262 3931 ποῦντες,
2297 3870 2449 3930 ὅπως
2485 3868 2588 3935 τὴν
2622 3865 2933 3934 ἀγιωτάτην
3000 3862 3300 3933 θρησκείαν
3348 3863 3455 3930 τῆς
3484 3861 3604 3913 τῶν

2012 3962 2227 4018 ἀσεϐῶν
2271 3960 2483 4029 ’ύϐρεως
2515 3958 2867 4028 ἐξαρπάσωσι
2889 3974 2902 3989 ο
2939 3955 3058 4018 πῶς
3089 3956 3187 4025 οὐχ
3219 3956 3503 4024 ὐπερςρυές
3538 3955 3605 4008 τὸ

2014 4053 2135 4107 κατ’
2165 4052 2384 4115 αὐτοὺς,
2438 4051 2471 4120 ἢ
2528 4049 2579 4101 τί
2632 4066 2718 4111 τις
2760 4048 3141 4119 λαμπρότερον
3170 4046 3457 4106 εὐσεϐείας
3482 4047 3605 4110 ἐξε-

2014 4145 2211 4212 νέγκαι
2243 4142 2546 4211 τεκμήριον
2574 4156 2589 4205 ;
2628 4139 2684 4192 οἵ
2717 4155 2778 4207 γε
2812 4142 2923 4199 τοῖς
2960 4138 3050 4190 τὸν
3082 4137 3320 4207 Χριστὸν
3346 4137 3602 4207 βλασφη-

2020 4232 2203 4304 μοῦσι,
2260 4232 2511 4293 καὶτοῖς
2561 4230 2771 4282 ἐκείνου
2829 4228 2997 4289 θείοις
3060 4229 3243 4295 νόμοις
3304 4228 3409 4293 τὴν
3468 4226 3602 4295 παρ’

2022 4328 2236 4388 ἑαυτοῖς
2268 4323 2679 4376 ἀντιτάττουσιν
2709 4319 2960 4389 ἀνομίαν,
2999 4320 3095 4371 καὶ
3138 4320 3252 4381 τοῖς
3286 4318 3382 4370 ἀπ’
3420 4319 3597 4372 αὐτοῦ

340 4411 614 4482 siquidem
671 4405 1186 4477 blasphemantibus
1237 4404 1540 4464 Christum.
1600 4401 1903 4470 divinisque

2020 4413 2383 4481 καλουμένοις
2407 4407 2675 4470 τοσαύτας
2701 4405 3060 4477 περιτιθεῖσιν
3092 4406 3357 4473 ἀνάγκας,
3385 4406 3469 4468 ὡς
3498 4407 3598 4459 οὒκ

340 4502 461 4573 ejus
523 4499 733 4567 legibus
768 4512 919 4552 suam
968 4496 1213 4565 ipsorum
1264 4493 1674 4565 opponentibus
1708 4491 1910 4559 iniqui-

341 4602 534 4655 tatem,
568 4593 734 4662 inque
764 4598 943 4645 tantas
970 4590 1323 4644 necessitates
1356 4587 1532 4642 dictos
1563 4585 1633 4640 ab
1662 4600 1728 4639 eo
1755 4582 1916 4637 Chri-

341 4688 553 4742 stianos
586 4684 959 4751 mittentibus,
1013 4693 1073 4741 ut
1122 4696 1191 4735 ne
1226 4680 1447 4750 quidem
1496 4677 1701 4746 alioqui
1752 4676 1915 4730 liceat

250 4803 255 4807 «
342 4779 453 4832 vita
484 4776 838 4846 superstitem
872 4791 1017 4838 esse,
1066 4773 1173 4829 nisi
1212 4787 1331 4835 eam
1376 4771 1499 4839 quis
1545 4770 1731 4824 laudet
1784 4783 1910 4823 cor-

344 4870 683 4939 ruptionem,
736 4869 835 4924 soli
888 4884 946 4923 se
981 4865 1254 4923 universis
1297 4864 1633 4933 adversaque
1669 4863 1786 4918 acie
1814 4861 1912 4916 ob-

337 4962 614 5034 jeCerunt.
651 4963 730 5015 Ac
778 4977 956 5031 neque
1007 4960 1201 5015 civitas
1222 4967 1348 5024 est;
1404 4972 1512 5010 non
1546 4957 1766 5021 insula;
1803 4970 1913 5010 non

343 5053 659 5115 continens,
696 5052 788 5107 ubi
840 5068 948 5105 non
986 5052 1048 5114 ii,
1094 5050 1239 5104 illius
1275 5066 1373 5119 pro
1407 5050 1607 5119 pietate
1644 5050 1744 5103 zeli
1777 5047 1917 5104 assi-

343 5142 453 5196 due
491 5144 774 5210 specimen
820 5138 1006 5201 edant,
1051 5155 1147 5193 eos
1189 5138 1254 5192 ad
1290 5138 1474 5191 ﬂetum
1509 5148 1785 5208 cogentes,
1819 5138 1914 5206 qui

348 5232 599 5288 irrisioni
628 5233 885 5301 pietatem
916 5232 1141 5286 habent.
1182 5231 1245 5285 lli
1277 5240 1404 5284 sunt
1431 5231 1522 5298 qui
1555 5230 1607 5283 in
1639 5230 1823 5284 Africa
1853 5244 1918 5284 ac

344 5325 675 5397 Carthagine
700 5340 989 5380 numerosa
1015 5323 1316 5378 triremium
1340 5324 1534 5386 classe,
1564 5336 1626 5376 ac
1651 5321 1919 5392 pedestri-

344 5415 450 5471 bus
472 5418 647 5488 copiis
666 5417 1028 5473 Barbarorum
1048 5415 1300 5488 injuriam
1330 5415 1589 5469 cohibent
1609 5432 1622 5467 :
1643 5415 1845 5483 quique
1863 5414 1917 5468 in

348 5505 649 5581 Egyptian
690 5517 996 5575 moventes,
1026 5510 1245 5563 illorum
1279 5508 1623 5576 metropolim
1658 5507 1793 5577 igni,
1824 5521 1917 5560 ca-

350 5602 670 5669 daveribus,
724 5617 788 5656 ac
831 5602 1129 5656 ruderibus
1170 5600 1536 5668 repleverint:
1570 5599 1753 5654 Asiam
1787 5614 1916 5653 vero

358 5690 442 5745 sic
487 5690 863 5757 percusserint
910 5690 1333 5757 terruerintquc,
1384 5698 1442 5743 ut
1475 5689 1653 5758 magni
1686 5688 1913 5744 mstimet

2018 4505 2138 4559 ἐνὸν
2167 4503 2340 4564 ἄλλως
2371 4500 2494 4571 ζῇν,
2520 4500 2584 4550 ἂν
2619 4498 2693 4566 μή
2727 4515 2810 4559 τις
2847 4498 3063 4565 ἐκείνην
3093 4498 3288 4565 ἐπαινῇ
3340 4496 3439 4565 τὴν
3472 4498 3599 4565 φθο-

2022 4597 2140 4667 ρὰν,
2168 4592 2319 4661 μόνοι
2349 4592 2513 4643 πᾶσιν
2536 4590 2761 4641 ἑαυτοὺς
2782 4587 3168 4656 ἁντεξήγαγον.
3193 4587 3301 4637 Καὶ
3328 4587 3431 4637 οὐκ
3450 4588 3598 4639 ἔστιν

2019 4684 2080 4738 οὐ
2116 4682 2294 4745 πόλις,
2327 4680 2387 4733 ού
2419 4679 2600 4748 νῆσος.
2625 4680 2724 4730 ούκ
2755 4678 3005 4747 ήπειρος,
3036 4668 3095 4727 οὗ
3134 4675 3208 4745 μὴ
3240 4675 3482 4743 συνεχῶς
3511 4670 3600 4728 οὖ-

2019 4794 2099 4830 τοι
2138 4776 2230 4828 τδν
2265 4773 2403 4841 ὑπὲρ
2457 4774 2554 4841 τῆς
2606 4771 2889 4832 εὐσεϐείας
2940 4769 3344 4822 ἐπιδείκνυνται
3405 4768 3594 4837 ζῆλον,

2020 4868 2233 4923 κλαίειν
2265 4864 2667 4933 ἀναγκάζοντες
2712 4862 2840 4924 τοὺς
2893 4860 2991 4929 τῆς
3037 4860 3319 4920 εὐσεϐείας
3352 4877 3600 4925 καταγεο

2018 4960 2245 5021 λῶντας.
2269 4954 2428 5011 Οὗτοι
2452 4958 2558 5024 γάρ
2584 4958 2722 5006 εἰσιν
2744 4956 2791 5005 oi
2818 4953 2955 5020 πρὸς
2986 4950 3162 5022 Λιϐύῃ
3191 4952 3287 5019 μὲν
3319 4952 3417 5003 καὶ
3450 4953 3603 5017 Καρ-

2023 5051 2206 5121 χηδόνι
2227 5049 2450 5109 πολλαῖς
2475 5047 2732 5116 τριήρεσι
2772 5045 2869 5095 καὶ
2929 5044 3068 5111 πεζῇ
3100 5042 3328 5108 δυνάμει
3359 5045 3459 5110 τὴν
3487 5043 3591 5093 uir.

2021 5140 2315 5210 βαρϐάρων
2377 5137 2535 5207 ὕϐριν
2602 5136 2971 5205 ἀνείργοντες.
3010 5132 3330 5199 Αἰγυπτίοις
3384 5131 3440 5184 δὲ
3475 5135 3589 5183 tm-

2025 5230 2482 5303 στρατεύσαντες,
2516 5230 2608 5282 καὶ
2638 5228 2737 5290 τὴν
2770 5226 2993 5279 ἐκείνων
3038 5224 3370 5293 μητρόπολιν
3420 5230 3593 5295 πυρᾶς

2023 5326 2116 5377 καὶ
2152 5307 2362 5392 νεκρῶν
2415 5322 2509 5372 καὶ
2563 5318 2818 5387 ἐρειπίων
2866 5317 3245 5386 ἐμπλήσαντες
3272 5332 3286 5346 ·
3326 5315 3523 5368 Ἀσίαν
3548 5316 3591 5368 δ⁴

2022 5415 2163 5468 οὓτω
2191 5413 2511 5483 πλήξαντες,
2547 5410 2676 5463 ὥστ’
2705 5410 2925 5478 ἀγαπᾷν
2960 5411 3007 5460 εἱ
3052 5412 3124 5477 μή
3154 5425 3202 5460 τι
3238 5410 3550 5477 προσπάθοι
3572 5425 3586 5439 ο

2020 5510 2147 5569 τοὺς
2189 5506 2234 5558 δ’
2282 5507 2339 5557 ἐν
2377 5503 2755 5575 Ἑλλησπόντῳ
2794 5503 2889 5555 καὶ
2929 5499 3250 5570 Προποντίδι
3303 5504 3399 5554 καὶ
3457 5502 3590 5571 πρὸς

2028 5599 2195 5667 μόνην
2220 5596 2320 5665 τὴν
2350 5595 2520 5665 ἀκοὴν
2541 5596 2637 5664 τῆς
2664 5596 2844 5647 αὐτῶν
2872 5595 3156 5662 δυνάμεως
3185 5595 3591 5660 ἀναγκάζοντες

2024 5689 2287 5760 φρίττειν.
2332 5687 2541 5742 Ἀλλων
2570 5688 2624 5741 δέ
2659 5704 2821 5741 τινων
2848 5686 2986 5755 ὑπὲρ
3020 5686 3109 5738 τὸν
3138 5685 3427 5739 Καύκασον
3458 5706 3586 5757 μαιο
