3862 6220
260 296 368 359 983

1182 303 1468 365 ORATIO
1508 306 1657 366 PRO
1699 307 2065 367 SUBSIDIO
2106 308 2581 372 LATINORUM.

3417 310 3521 370 986

257 410 520 479 νομένων,
544 412 636 465 καὶ⁸
657 412 735 482 τῷ
766 432 838 466 πυ
850 414 904 480 pi.
926 416 1316 485 προσαγόντων
1338 417 1374 470 ἃ
1400 420 1668 489 προσήκει
1692 419 1836 491 Θεῷ,

1950 419 2080 472 nihil
2099 420 2222 472 mali
2249 420 2531 488 amplioris
2551 418 2696 489 pati:
2733 417 2826 488 qui
2855 418 3267 487 Hellespontum
3288 431 3349 470 ac
3390 418 3524 470 Pro-

256 504 448 572 ὦσπερ
477 505 577 556 ούκ
607 504 788 568 ἄλλοις
833 506 974 577 ὑπὲρ
1011 508 1108 577 τῆς
1156 509 1310 572 θείας
1344 511 1503 580 δόξης
1555 512 1832 580 προσῆκον

255 598 615 663 ἀγανακτεῖν,
653 592 797 652 οὗτοι
827 602 939 663 τοῖς
975 601 1160 661 ὅπλοις
1189 603 1417 664 ἐκείνοις
1453 605 1831 667 ἐπιπεσόντες,

256 689 357 754 τὴν
397 688 625 743 ἐκείνων
664 690 894 745 ἔσϐεσαν
924 693 1174 760 ἀλογίαν,
1207 695 1470 748 ἀποικίαν
1500 713 1559 747 τε
1592 695 1842 765 πέμπον-

256 796 376 843 τες,
427 783 524 834 καὶ
573 782 778 852 νόμους
817 783 1115 852 τιθέμενοι,
1169 788 1263 839 καὶ
1312 788 1493 840 πάντα
1532 786 1736 855 τρόπον
1772 786 1841 839 τὰ

260 872 370 924 τῶν
400 872 695 943 βαρϐάρων
725 874 1124 944 ἐξημεροῦντες
1153 891 1167 906 ⁸
1204 876 1377 939 οῦτως
1412 879 1692 948 ἀμήχανόν
1720 895 1841 930 τινα

262 964 527 1032 φροντίδα
551 964 609 1017 τὸ
635 968 788 1019 Θεῖον
809 967 948 1037 ὑπὲρ
976 968 1259 1030 εὐσεϐείας
1285 970 1404 1031 ταῖς
1421 970 1647 1023 ἐκείνων
1678 969 1841 1037 ἐνῆκε

254 1056 499 1125 ψυχαῖς·
557 1058 698 1111 ὥστε
735 1059 880 1111 τοῦτ’
935 1062 1121 1123 αὐτοῖς
1154 1055 1294 1113 εἶναι
1350 1062 1487 1129 βίον,
1538 1065 1633 1113 καὶ
1683 1059 1843 1112 τοῦτο

258 1151 507 1212 σκοπεῖν,
535 1150 615 1202 ὅτι
640 1150 766 1213 τοὺς
804 1150 1119 1219 βαρϐάρους
1154 1152 1478 1222 πλήξαντες,
1507 1151 1719 1213 ἀθώους
1742 1150 1841 1218 τῆς

255 1242 484 1294 ἐκείνων
517 1241 726 1311 ῦϐρεως
754 1243 882 1305 τοὺς
915 1243 1034 1313 μετ’
1076 1245 1357 1311 εὐσεϐείας
1394 1246 1707 1316 ᾑρημένους
1743 1240 1841 1310 ζῇν

258 1333 665 1397 ἀποδείξουσιν.

1942 508 2223 577 pontidem
2254 510 2643 572 incolentibus,
2686 509 2874 562 auditu
2894 509 3009 562 solo
3052 524 3241 562 eorum
3274 509 3520 568 virtutis.

1944 599 2226 653 horrorem
2252 600 2517 670 injiciant.
2547 599 2681 654 Cum
2712 612 2894 655 autem
2922 602 3011 654 alii
3040 601 3259 670 quidam
3299 602 3352 654 in
3381 600 3525 666 Cau-

1944 689 2054 742 casi
2079 691 2351 743 montanis
2372 690 2564 744 insano
2586 706 2796 753 errore,
2820 692 2928 744 Deo
2950 692 3186 755 debitos,
3216 691 3322 760 igni
3344 690 3528 745 defer-

1945 791 2066 834 rent
2091 782 2351 846 honores,
2396 791 2654 851 tanquam
2688 783 2821 836 nulli
2850 784 2938 836 alii
2971 796 3157 836 essent
3195 784 3396 850 quibus
3426 797 3526 850 pro

1946 872 2041 924 Dei
2073 871 2242 940 gloria
2268 870 2659 939 indignandum
2686 873 3052 937 incumberet,
3075 874 3342 941 correptis
3359 873 3529 925 armis

1958 965 2010 1015 in
2046 978 2141 1017 eos
2167 963 2509 1024 invadentes,
2544 964 2778 1017 alienam
2809 978 2839 1017 a
2874 964 3088 1017 ratione
3116 979 3307 1017 eorum
3337 979 3529 1030 super-

1946 1056 2229 1110 slitioncm
2260 1054 2681 1119 exstinxeruut;
2715 1056 3000 1109 mittentes
3027 1055 3321 1115 coloniam.
3352 1070 3415 1108 ac
3446 1056 3524 1109 lc-

1947 1146 2107 1212 gibus
2160 1144 2546 1206 iuformantes.
2586 1146 2850 1214 omnique
2904 1146 3066 1199 modo
3107 1147 3374 1200 Barbaros
3420 1149 3526 1199 de-

1947 1238 2245 1292 linientes:
2307 1237 2387 1291 sie
2432 1238 2577 1291 Deus
2612 1237 2933 1291 immensam
2989 1237 3280 1307 quamdam
3339 1252 3526 1289 curam

1951 1330 2172 1398 pii-tatis
2201 1344 2332 1398 ergo
2359 1345 2422 1383 ac
2460 1330 2744 1399 religionis
2781 1330 2997 1383 illorum
3036 1330 3234 1382 animis
3264 1329 3525 1386 immisit:

257 1438 319 1482 ut
349 1430 467 1484 haec
498 1445 692 1484 eorum
733 1431 845 1485 vita
891 1431 985 1495 sit,
1029 1432 1075 1486 is
1107 1446 1329 1500 scopus,
1372 1438 1431 1484 ut
1460 1427 1840 1497 percutientes
1878 1439 1943 1479 ac
1972 1425 2335 1495 percellentes
2361 1423 2652 1489 Barbaros,
2692 1426 2758 1479 ab
2821 1439 3011 1479 eorum
3078 1423 3278 1493 injuria
3314 1422 3528 1476 incolu-

258 1540 378 1579 mes
410 1534 633 1578 servent
665 1525 887 1592 pietatis
912 1525 1174 1580 cultores.

329 1619 568 1680 Τούτους
605 1621 702 1689 μὲν
753 1617 847 1673 οῦν
876 1622 979 1674 κᾶν
1038 1623 1114 1693 μὴ
1180 1621 1537 1691 βουλομένους
1585 1621 1679 1673 καὶ
1735 1620 1836 1687 τὴν

2018 1619 2129 1671 llos
2172 1632 2303 1670 sane
2355 1616 2568 1670 tametsi
2622 1617 2855 1676 nollent,
2921 1613 3157 1681 bellique
3216 1612 3529 1667 societatem

258 1712 580 1782 συμμαχίαν
641 1712 1092 1783 ἀπαγορεύοντας
1160 1715 1268 1767 ἔδει
1328 1710 1834 1781 προσαναγκάζειν.

1950 1709 2339 1767 detrectarent.
2382 1708 2599 1762 abunde
2646 1722 2743 1760 nos
2777 1714 3057 1774 oporteret
3085 1719 3303 1773 cogere,
3337 1719 3536 1772 rogan-

254 1805 543 1870 δεομένους
573 1806 665 1857 καὶ⁵
711 1805 955 1875 χρήμαθ’
997 1807 1485 1875 ὑπισχνουμένους,
1528 1806 1622 1857 καὶ
1665 1805 1846 1855 πάντα

258 1888 572 1953 ποιοῦντας,
620 1890 689 1943 δι’
734 1885 810 1943 ὧν
861 1891 946 1945 ἂν.
981 1892 1100 1961 μεθ’
1149 1893 1309 1962 ἡμῶν
1367 1893 1557 1957 στῆναι
1615 1889 1836 1949 τούτους

259 1982 577 2049 ἐπείθομεν,
598 1983 807 2036 οὐδέσιν
833 1983 1040 2053 ἑτέροις
1069 1984 1270 2052 μᾶλλον
1293 1984 1513 2055 θαρῤεῖν
1539 1984 1753 2053 ἔχοντες
1778 1985 1841 2035 ὲκ

258 2069 372 2121 τῶν
417 2069 746 2138 εἰρημένων.
791 2071 944 2124 Ἐπεὶ
987 2071 1043 2123 δὲ
1073 2071 1299 2134 τούτους
1338 2072 1600 2140 ἡγγελται
1633 2073 1729 2123 καὶ
1775 2069 1839 2139 δὴ

260 2162 539 2225 παρεῖναι,
568 2161 664 2212 καὶ
709 2159 809 2230 τὴν
857 2162 1180 2232 συμμαχίαν
1211 2164 1345 2233 ἡμῖν
1380 2162 1839 2231 ἐπαγγελλόμενοι

259 2252 370 2311 τοῖς
398 2249 574 2302 οὐκέτ’
613 2252 933 2321 ἀντέχουσιν
966 2248 1123 2323 ἧκον,
1158 2255 1255 2306 καὶ
1280 2255 1387 2307 τῶν
1412 2255 1674 2315 πολλάκις
1702 2253 1841 2322 ὑπὲρ

264 2339 421 2407 ἡμῶν
475 2340 616 2392 κατὰ
658 2341 767 2393 τῶν
822 2341 1113 2413 βαρϐάρων
1161 2344 1344 2405 αὐτοῖς
1388 2343 1842 2413 ἐπιδεδειγμένων

268 2432 731 2503 ἀναμνησθέντες,
773 2429 937 2505 ἦλθον
994 2436 1375 2501 ἀποδώσοντες
1430 2438 1530 2506 μὲν
1579 2437 1695 2505 Θεῷ
1741 2438 1840 2506 τὴν

262 2526 594 2592 ἀναγκαίαν,
621 2528 716 2579 καὶ
739 2527 805 2596 ἢν
836 2528 984 2598 αὐτῷ
1018 2529 1237 2597 μάλιστ’
1260 2529 1495 2598 ὀφείλειν
1526 2529 1841 2598 νομίζουσιν

258 2617 552 2685 εἰσφορὰν,
573 2618 903 2687 ἀμυνόμενοι
929 2619 986 2672 δὲ
1024 2622 1117 2673 καὶ
1148 2622 1289 2693 ὑπὲρ
1338 2623 1517 2689 ἡμῶν,
1554 2621 1648 2684 οὓς
1681 2624 1841 2690 ἡμεῖς

261 2709 365 2777 οὐχ
416 2704 518 2761 οἷοί
567 2710 614 2762 τ’
655 2712 841 2779 ἐσμὲν,
893 2713 1067 2782 τολμᾷ
1116 2731 1199 2776 τις
1250 2713 1482 2766 ἐνταῦθα
1533 2694 1843 2783 συμϐουλῆς

265 2799 607 2868 μεμνῆσθαι,
642 2802 735 2853 καὶ
763 2803 1022 2870 συνάγειν
1063 2806 1188 2867 τοὺς
1217 2804 1610 2873 σκεψομένους.
1637 2809 1685 2856 εἰ
1724 2804 1842 2856 δέον

262 2893 413 2960 ἡμᾶς
443 2892 762 2962 ἐλευθέρους
796 2891 975 2961 εἴναι;
1016 2896 1188 2948 Τοῦτο
1239 2896 1348 2965 γὰρ
1373 2898 1631 2965 ἄντικρυς
1661 2898 1841 2959 αὐτοῖς

264 3002 412 3052 φημι
473 2985 751 3052 βούλεσθαι
803 2986 900 3056 τὴν
962 2988 1114 3057 παρὰ
1178 2989 1365 3057 καιρὸν
1408 2989 1613 3058 ταύτην
1678 2989 1838 3041 εὐλα-

260 3075 438 3139 ϐειαν,
482 3074 514 3144 ἥ
554 3076 754 3143 μᾶλλον
788 3078 1168 3148 ἀναισθησίαν.
1206 3081 1269 3131 ΕΞ
1308 3081 1407 3150 μὲν
1438 3081 1548 3151 γὰρ
1590 3080 1622 3151 ἢ
1655 3080 1729 3150 μὴ
1764 3080 1842 3134 δεῖ

262 3167 571 3235 συμμάχων
624 3169 775 3235 ἡμῖν,
815 3168 847 3238 ἢ
885 3169 1091 3221 τούτων
1146 3169 1276 3239 ἐξῆν
1309 3171 1562 3231 καλλίους
1614 3172 1845 3240 πορίσαι

265 3257 419 3321 σθαι,
452 3259 482 3327 ἢ
514 3260 675 3329 τυχὸν
708 3263 1198 3316 ὁποιουστινασοῦν
1225 3264 1356 3328 γοῦν
1387 3262 1499 3317 οἷόν
1526 3268 1572 3316 τ’
1600 3261 1667 3335 ἦν
1692 3266 1843 3331 ἐξευ-

263 3351 407 3417 ρεῖν,
438 3344 583 3419 εἶχεν
618 3351 683 3404 ἄν
710 3369 831 3405 τινα
866 3353 1023 3419 λόγον
1054 3355 1167 3414 τοῖς
1210 3355 1563 3423 παραπλῆξιν
1594 3358 1627 3425 ἡ
1666 3357 1844 3409 πάντα

257 3444 468 3506 ἄτοπος
499 3442 637 3513 αῦτη
673 3444 836 3514 βουλή
861 3461 875 3475 ο
910 3448 1032 3498 ἐπεὶ
1055 3446 1109 3498 δὲ
1146 3447 1213 3500 τὰ
1258 3448 1358 3515 μὲν
1396 3448 1496 3517 τῆς
1528 3448 1736 3510 πόλεως
1766 3449 1845 3501 oi-

258 3546 447 3600 χεται,
485 3535 575 3583 καὶ
607 3533 731 3585 καθ’
763 3534 990 3596 ἑαυτοὺς
1015 3536 1334 3602 ἀνενεγκεῖν
1363 3537 1511 3603 ἡμᾶς
1539 3537 1710 3590 πάλαι
1737 3536 1845 3588 τῶν

258 3622 547 3675 ἀδυνάτων
587 3623 645 3676 ὃν
666 3626 941 3693 κέκριται,
971 3626 1064 3688 οῦς
1094 3627 1138 3680 δ’
1164 3626 1228 3679 ἂν
1255 3629 1597 3695 ἐκαλέσαμεν
1625 3630 1847 3698 συμμά-

259 3731 414 3783 χους,
446 3706 590 3767 οὗτοι
622 3716 821 3778 πάντες
851 3719 955 3785 τὴν
984 3717 1093 3770 τῶν
1130 3719 1404 3787 πολεμίων
1450 3720 1709 3790 εἰλήφασι
1749 3721 1844 3773 τά·

262 3804 355 3868 ξιν
377 3819 390 3832 ·
417 3803 559 3857 οῦτω
590 3806 635 3856 δ’
666 3808 780 3877 ἔχει
808 3808 977 3877 τύχης
1006 3810 1076 3863 τὰ
1131 3812 1436 3881 πράγματα
1470 3813 1589 3877 νῦν,
1637 3815 1766 3867 ὥστ’
1799 3817 1851 3867 εί

259 3899 527 3965 τιςνὴμᾶς
559 3898 759 3967 ἔροιτο,
792 3901 964 3953 Τίνων
1012 3902 1136 3954 ἐστὲ
1195 3903 1407 3972 κύριοις
1444 3906 1567 3974 μηδ’
1616 3907 1682 3959 ἂν
1717 3907 1849 3958 αὐτὸ

258 3989 533 4058 τοῦδαφος
586 3993 990 4064 ἀποκρίνασθαι
1023 3995 1211 4048 λοιπὸν
1261 3996 1528 4066 ὑπάρχειν
1560 3999 1694 4066 ἡμῖν
1717 4013 1731 4027 ·
1763 3998 1847 4061 τίς

260 4086 296 4153 ἡ
353 4083 655 4150 φιλονεικία
701 4085 769 4137 δι’
815 4085 882 4156 ἢν
918 4086 1098 4139 πάντα
1133 4087 1561 4153 ἀπολωλεκότες,
1612 4090 1707 4143 νῦν
1754 4092 1849 4143 καὶ

258 4179 374 4231 τῶν
403 4177 632 4232 ἐλπίδων
663 4180 843 4232 αὐτῶν
876 4179 1274 4237 κινδυνεύομεν
1308 4184 1641 4236 στεοτπθῆναι
1661 4201 1676 4213 '

345 4446 413 4498 Ἦ
456 4444 593 4514 πρὸς
625 4444 726 4514 μὲν
750 4446 878 4510 τοὺς
904 4445 1083 4511 δεῖνας
1111 4448 1372 4519 πρέσϐεις
1414 4447 1839 4515 ἁποστελοῦμεν,
1879 4460 1919 4511 1)

267 4538 365 4590 καὶ
398 4539 660 4607 χρήματα
694 4539 965 4609 δώσομεν,
1001 4541 1097 4593 καὶ
1135 4540 1345 4610 γάμους
1397 4540 1846 4609 ὑποσχησόμεθα,

261 4630 364 4682 καὶ
402 4630 531 4692 τοὺς
560 4630 879 4699 οἱκοτρίϐας
911 4629 1007 4682 ἐπὶ
1036 4630 1134 4689 τὰς
1184 4631 1507 4701 ὑπερορίους
1556 4633 1848 4699 στρατείας

260 4723 572 4791 κινήσομεν
596 4739 610 4753 ·
642 4723 770 4784 τοὺς
800 4724 857 4775 δὲ
892 4727 1094 4792 προῖκα
1143 4727 1454 4793 συμμαχεῖν
1485 4724 1847 4792 βουλομένους

255 4812 739 4881 ἀποπεμψόμεθα,
768 4814 828 4866 τὸ
858 4814 1093 4885 μηδενὸς
1119 4816 1273 4882 ἡμῶν
1301 4816 1509 4867 δεῖσθαι
1543 4816 1727 4885 μόνον,
1769 4816 1845 4880 ὡς

260 4903 474 4965 ἔοικεν,
507 4904 724 4971 ἔχοντες
766 4904 1056 4968 ἐγκαλεῐνσ
1096 4906 1192 4958 καὶ
1242 4908 1364 4969 τοὺς
1401 4909 1500 4976 μὲν
1555 4907 1629 4980 μὴ
1663 4907 1850 4977 βουλο-

262 4996 470 5063 μένους
501 4998 933 5068 ἐπιχειρήσομεν
970 4998 1180 5051 πείθειν
1204 5014 1217 5027 °
1253 5001 1301 5051 εἰ
1332 4999 1389 5052 δέ
1425 5018 1506 5063 τις
1537 5003 1847 5071 αὐτόματος

258 5082 413 5158 ἧκε,
468 5093 1002 5157 καταφρονήσομεν·
1060 5090 1154 5142 καὶ
1206 5090 1282 5159 μὴ
1341 5092 1702 5157 φαινομένους
1750 5097 1847 5162 μὲν

260 5179 398 5240 τοὺς
444 5180 769 5248 συμμάχους
797 5180 1129 5250 ποθήσομεν,
1166 5182 1444 5251 φανέντων
1475 5183 1530 5235 δὲ
1579 5184 1850 5254 ἀμελήσο-

263 5260 376 5341 μεν
400 5287 415 5301 ⁸
465 5272 562 5325 καὶ
595 5272 703 5325 τῶν
736 5272 836 5341 μὲν
879 5272 1137 5325 κινδύνων
1182 5274 1530 5340 ἐφεστώτων,
1562 5273 1674 5326 θεοί
1704 5293 1848 5336 τινες

261 5359 417 5417 εἶναι
442 5363 692 5434 δόξομεν,
724 5366 823 5417 καὶ
846 5364 946 5435 τὴν
977 5365 1232 5435 εὐτυχίαν
1280 5367 1413 5433 ἡμῖν
1449 5366 1716 5421 ἀθάνατον
1752 5386 1849 5421 πε-

263 5454 555 5524 πηγέναις
591 5456 785 5508 Καίτοι
823 5458 872 5508 εί
930 5457 1030 5525 μὲν
1084 5457 1251 5525 μηδὲν
1305 5459 1421 5510 ἐστι
1476 5460 1846 5529 προσδοκῆσαι

262 5547 406 5613 παρ’
436 5548 620 5600 αὐτῶν
652 5548 939 5619 βλαϐερὸν,
976 5548 1092 5608 πῶς
1123 5550 1183 5601 ού
1218 5551 1369 5619 παρά
1405 5552 1596 5617 καιρὸν
1627 5553 1757 5619 ἡμῖν
1790 5553 1846 5604 τὸ

261 5634 667 5707 βουλεύεσθαις
699 5640 747 5692 εί
776 5638 821 5691 δ’
866 5638 1069 5709 ὑποψία
1121 5640 1312 5692 κακῶν
1356 5642 1449 5692 ἐπὶ
1505 5641 1651 5693 τοῦθ’
1698 5643 1845 5711 ἡμᾶς

261 5730 422 5799 ἄγει,
452 5731 664 5786 εἰπάτω
699 5749 784 5795 τις
831 5732 890 5784 τὸ
925 5731 1064 5798 δέος,
1094 5730 1163 5786 δι’
1198 5733 1223 5785 5
1262 5732 1451 5789 παθεῖν
1480 5734 1539 5786 οῦ
1582 5735 1841 5799 δέδοικεν,

1946 1811 2049 1861 les,
2099 1800 2486 1869 promittentes
2518 1799 2799 1867 pecunias,
2849 1799 3144 1867 omniaque
3187 1807 3532 1865 praestantes,

1944 1892 2145 1962 quibus
2182 1892 2465 1945 nobiscum
2494 1900 2640 1943 stare
2675 1890 3057 1953 suaderemus,
3090 1904 3214 1942 cum
3244 1904 3308 1942 ex
3350 1890 3532 1952 dictis,

1945 1985 2111 2038 nullis
2134 1982 2254 2037 aliis
2285 1983 2512 2051 perinde
2550 1980 2716 2036 ﬁdere
2745 1982 3063 2034 habeamus.
3101 1980 3180 2034 Ex
3211 1997 3319 2049 quo
3350 1990 3533 2034 autem

1944 2078 2110 2131 etiam
2159 2075 2352 2129 adesse
2398 2075 2707 2127 nuntiatum
2751 2083 2855 2135 est,
2904 2072 3141 2141 bellique
3191 2074 3371 2126 socios
3422 2072 3535 2126 fore

1944 2168 2303 2238 spondentes,
2345 2167 2410 2219 iis
2461 2174 2659 2234 prmsto
2693 2174 2822 2219 sunt
2869 2164 2960 2232 Qui
3018 2164 3255 2217 necdum
3305 2179 3400 2218 eos
3428 2164 3532 2218 sibi

1945 2257 2223 2311 devincire
2256 2254 2552 2309 studebant
2579 2271 2591 2305 :
2625 2263 2789 2321 atque
2821 2253 2874 2305 in
2910 2252 3228 2304 memoriam
3262 2266 3532 2305 revocan-

1946 2360 2028 2403 tes
2052 2363 2173 2417 quze
2200 2348 2396 2416 sapius
2430 2347 2487 2399 in
2538 2345 2808 2398 Barbaros
2844 2343 3015 2396 nostri
3046 2358 3209 2397 causa
3251 2342 3530 2411 designas-

1944 2449 2086 2502 sent,
2120 2439 2231 2493 Deo
2262 2437 2485 2505 quidem
2520 2436 2788 2490 reddituri
2814 2443 3105 2499 venerunt,
3136 2434 3528 2491 necessariam.
3612 2425 3619 2430 ’

1944 2546 2006 2585 ac
2036 2531 2194 2599 cujus
2239 2544 2298 2583 se
2343 2530 2579 2582 maxime
2615 2543 2740 2580 reos
2789 2525 3148 2589 arbitrantur,
3179 2524 3530 2587 oblationem,

1943 2636 2039 2674 eos
2067 2628 2250 2673 autem
2301 2627 2525 2688 propter
2566 2634 2666 2671 nos
2714 2617 2905 2677 ulturi.
2947 2632 3086 2685 quos
3138 2615 3295 2669 nobis
3343 2615 3533 2668 ulcisci

1946 2729 2052 2768 non
2086 2713 2243 2776 licet;
2278 2712 2473 2781 quisue
2504 2711 2595 2764 hic
2623 2710 2839 2765 consilii
2869 2711 3033 2763 audet
3070 2709 3407 2771 meminisse,
3446 2711 3533 2762 in-

1944 2820 2053 2876 que
2113 2800 2405 2859 consilium
2473 2817 2669 2870 cogere
2748 2803 3182 2860 deliberaturos.
3241 2818 3369 2855 num
3433 2817 3537 2854 nos

1945 2905 2199 2963 eporleat
2229 2909 2352 2948 esse
2387 2892 2629 2947 liberos?
2658 2892 2890 2947 Perinde
2917 2893 3062 2946 enim
3092 2892 3229 2947 velle
3254 2892 3534 2958 existimo,

1946 3003 2109 3056 quem
2146 2988 2594 3055 intempestivum
2634 2986 2885 3039 timorem
2926 2993 3254 3054 prastexunt,
3284 3001 3379 3039 seu
3422 3002 3538 3038 ina-

1946 3079 2028 3147 gis
2058 3076 2562 3132 insensibilitateni.
2596 3076 2877 3147 Siquidem
2910 3079 3057 3132 enim
3097 3088 3193 3132 aut
3223 3094 3331 3131 non
3369 3078 3540 3131 hahe-

1947 3186 2130 3225 remus
2157 3170 2501 3224 necessarios
2529 3169 2656 3222 belli
2692 3169 2894 3233 socios,
2921 3170 3005 3224 vel
3034 3186 3323 3239 possemus
3349 3170 3559 3223 melior

1946 3281 2033 3319 res
2060 3265 2143 3318 his
2164 3279 2509 3333 comparare,
2533 3279 2594 3316 ae
2622 3268 2763 3316 forte
2786 3264 2923 3315 alios
2946 3263 3234 3337 quospiam
3259 3264 3539 3332 adjutores

1946 3359 2195 3412 invenire
2234 3358 2447 3419 liceret,
2500 3357 2725 3408 haberet
2775 3355 2963 3423 utique
3009 3354 3258 3408 attonitis
3308 3353 3538 3406 rationis

1948 3450 2152 3518 aliquid
2188 3464 2283 3517 per
2311 3449 2494 3501 omnia
2531 3447 2827 3500 absurdum
2876 3446 3201 3510 consilium;
3249 3456 3534 3513 postquam

1946 3557 2077 3594 vero
2109 3539 2348 3594 civitatis
2379 3538 2549 3592 robur
2577 3537 2910 3591 exstinctum
2944 3545 3047 3599 est,
3083 3548 3249 3603 utque
3284 3552 3382 3588 nos
3437 3534 3538 3602 ipsi

1948 3650 1975 3685 a
2027 3632 2187 3687 nobis
2233 3645 2516 3699 emergere
2565 3629 2863 3698 possimus,
2921 3626 3258 3696 impossibile
3324 3627 3538 3695 priilein

1942 3722 2248 3794 julieatum
2283 3730 2395 3785 est;
2451 3736 2589 3789 quos
2636 3734 2766 3773 vero
2798 3718 2921 3771 belli
2968 3718 3128 3771 nobis
3166 3718 3542 3771 asciveramus

1949 3815 2150 3878 socios,
2191 3815 2225 3867 ii
2263 3828 2456 3867 omnes
2489 3812 2730 3866 hostium
2772 3817 3108 3879 acceperunt
3137 3820 3342 3878 partes,
3376 3819 3541 3877 atque

1952 3907 2019 3960 ad
2049 3922 2145 3961 eas
2172 3908 2335 3961 modo
2371 3906 2577 3960 redacti
2615 3918 2805 3958 sumus
2850 3903 3152 3971 angustias,
3200 3911 3259 3954 ut
3308 3917 3542 3970 percon-

1950 4011 2104 4055 tante
2136 4016 2204 4055 ex
2252 3999 2406 4052 nobis
2451 3998 2658 4066 aliquo,
2705 4010 2942 4064 quorum
2982 3994 3189 4047 domini
3245 3994 3439 4057 simus,
3472 4008 3541 4047 ne

1953 4092 2162 4146 nudum
2192 4090 2370 4143 solum
2401 4088 2576 4141 nostri
2605 4085 2864 4154 deinceps
2890 4084 3030 4153 juris
3053 4098 3175 4138 esse
3207 4083 3541 4151 respondere

1952 4184 2226 4252 possimus
2268 4200 2281 4235 :
2321 4196 2569 4249 quantum
2603 4178 2719 4231 haae
2748 4176 3222 4245 contentio,cujus
3249 4176 3381 4230 vitio
3420 4190 3542 4229 om-

1951 4273 2116 4327 nibus
2144 4273 2383 4331 amissio.
2420 4272 2591 4340 ipsius
2614 4284 2834 4340 quoque
2872 4284 3017 4323 nunc
3053 4269 3366 4323 amittendae
3423 4270 3538 4339 spei

1951 4364 2127 4419 aleam
2153 4362 2418 4418 facimus?

2018 4456 2358 4523 Num,rogo,
2419 4453 2485 4506 ad
2537 4452 2781 4509 incertos
2827 4454 3089 4523 quosdam
3144 4452 3540 4509 destinabimus

1953 4549 2182 4617 legatos,
2221 4546 2585 4614 dabimusque
2637 4546 2921 4615 pecunias,
2953 4560 3017 4599 ac
3053 4546 3272 4614 nuptias
3313 4544 3539 4614 proruit-

1955 4650 2152 4705 temus,
2189 4638 2547 4705 hominesque
2600 4637 2743 4690 domi
2797 4646 3066 4701 aSsuetos,
3102 4636 3166 4690 ad
3223 4636 3540 4705 peregrinas

1950 4741 2211 4803 extraque
2260 4728 2603 4797 provinciam
2649 4729 3028 4796 expeditiones
3085 4727 3539 4796 provocabimus;

1950 4836 2047 4873 eos
2097 4829 2279 4873 autem
2329 4819 2424 4888 qui
2479 4834 2536 4873 se
2587 4819 2758 4886 gratis
2788 4818 2842 4871 iu
2876 4818 3056 4871 socios
3108 4817 3230 4869 belli
3273 4816 3538 4879 oﬂ‘erunt,

1952 4914 2298 4982 repellemus,
2325 4928 2494 4966 unum
2524 4913 2646 4977 hoc,
2676 4922 2830 4979 puto,
2857 4912 2965 4964 illis
2997 4909 3261 4963 habentes
3293 4909 3533 4961 dandum

1950 5003 2190 5067 crimini,
2232 5006 2376 5071 quod
2414 5001 2579 5055 nullis
2616 5003 2819 5054 nostris
2848 5000 3162 5070 indigeant?
3195 5016 3258 5054 ac
3290 5000 3540 5053 nolentes

1950 5096 2193 5164 quidem,
2228 5094 2508 5147 inﬂectere
2540 5093 2897 5158 conabimur;
2947 5093 3120 5162 siquis
3168 5104 3351 5146 autem
3393 5092 3539 5146 ultro

1949 5186 2154 5249 veniat,
2185 5196 2641 5250 contemnemus;
2676 5201 2740 5240 ac
2771 5185 2951 5239 socios
2986 5183 3206 5253 quidem
3237 5200 3361 5237 cum
3406 5199 3539 5237 nus-

1949 5292 2109 5344 quam
2162 5285 2443 5344 apparent,
2499 5274 2974 5341 desidet-abimus;
3027 5285 3351 5345 apparentes
3408 5291 3540 5327 vero

1949 5381 2012 5417 ac
2045 5380 2166 5418 cum
2204 5366 2471 5425 videmus,
2506 5365 2876 5435 negligemus;
2922 5366 3339 5418 imminentibus
3387 5364 3540 5417 deni-
3574 5387 3579 5391 -

1950 5474 2056 5524 que
2092 5458 2369 5527 periculis,
2404 5458 2477 5511 dii
2509 5458 2730 5526 quidam
2774 5459 2933 5514 nobis
2972 5460 3304 5519 videbimur,
3345 5457 3539 5510 ﬁxam-

1949 5566 2057 5622 que
2138 5550 2297 5605 nobis
2376 5552 2736 5606 immorta'em
2800 5551 3116 5604 felicitatem
3187 5547 3536 5619 putabimus?

1949 5643 2135 5711 Atqui,
2186 5652 2244 5696 ut
2300 5643 2522 5711 quidem
2578 5643 2709 5697 nihil
2766 5644 2831 5697 ab
2888 5644 2970 5697 eis
3019 5641 3144 5697 mali
3209 5657 3272 5695 ac
3321 5640 3536 5711 injuriae

1950 5734 2375 5804 exspectandum
2411 5738 2501 5799 sit,
2543 5734 2819 5805 quomodo
2856 5749 2962 5790 non
3016 5735 3326 5806 importuna
3373 5731 3532 5787 nobis
