3862 6220
379 278 482 333 $387

1656 289 2035 348 DEMETRH
2078 290 2389 351 CYDONII

374 393 464 447 del
492 393 522 442 Ι»
545 393 738 446 ratio?
787 394 869 447 sill
925 397 1191 451 malorum
1229 399 1624 471 su~picio.nos
1669 416 1732 454 eo
1783 400 1958 463 ducit,

2072 393 2150 454 ὧν
2187 400 2398 456 δέδοικε
2439 403 2626 474 χείρω.
2677 405 2951 476 Ἰσχυρούς
2988 424 3154 477 φησιν
3203 404 3348 462 εἷναι
3391 410 3522 473 τοὺς
3565 415 3626 464 ἐλ·

374 486 521 540 dicat
551 486 678 555 quis
705 497 931 550 metum,
964 490 1120 558 cujus
1149 507 1306 546 causa
1338 509 1444 546 non
1477 495 1686 557 timeat,
1716 495 1782 549 iis
1810 497 1953 549 dete-

378 576 543 639 riora,
581 594 704 646 quae
753 578 930 634 timet.
965 580 1159 636 Fortes
1207 584 1360 638 aiunt
1385 600 1528 647 esse,
1566 588 1660 654 qui
1701 586 1834 640 socii
1869 602 1959 642 ve-

380 667 562 731 niunt,
611 684 672 720 ac
715 684 949 737 quorum
994 675 1251 728 omnibus
1285 677 1628 742 generositas
1676 693 1740 732 ac
1780 679 1957 736 virtus

378 769 503 811 nota
535 759 605 812 sit
634 777 646 812 :
685 761 833 815 velut
862 764 986 817 data
1011 780 1176 833 opera
1207 767 1540 825 inﬁrmiores
1567 772 1798 842 eligendi
1825 773 1954 839 sint,

374 850 459 902 vel
497 850 716 906 timidos
747 870 868 909 e~se
918 867 1172 926 oporteat
1214 875 1309 915 eos
1343 864 1432 928 qui
1485 875 1614 918 sunt
1652 881 1752 934 pro
1800 867 1958 922 nobis

377 937 430 990 in
460 949 736 996 certamen
800 947 1038 1000 venturi.
1072 948 1142 1004 Ut
1183 952 1330 1004 enim
1361 953 1461 1008 hoc
1494 955 1628 1011 satis
1673 943 1768 1024 sit,
1793 973 1957 1027 opor-

382 1037 599 1099 teatque
636 1036 1042 1093 commilitones
1075 1055 1139 1096 ac
1168 1042 1352 1098 socios
1381 1044 1602 1100 timidos
1636 1063 1757 1103 esse
1791 1061 1956 1119 atque

378 1119 703 1188 imbecilles,
734 1127 926 1195 quidni
962 1145 1029 1185 ex
1080 1131 1234 1187 hisce
1278 1136 1623 1191 coturnicum
1665 1140 1954 1204 altoribus,

381 1211 933 1287 balneatoribusque,
1007 1237 1072 1277 ac
1138 1226 1489 1290 tonsoribus,
1553 1233 1958 1301 conscripsistis

378 1306 702 1369 exercitum,
731 1309 912 1378 iisque
936 1315 1112 1382 cepiis
1139 1318 1204 1370 ad
1246 1317 1446 1372 bellum
1481 1335 1578 1374 vos
1619 1337 1742 1376 cum
1773 1324 1958 1378 fortis-

356 1396 534 1451 simis
568 1399 925 1465 instruxistis,
975 1421 1038 1460 ac
1089 1422 1185 1475 per
1226 1423 1319 1463 eos
1363 1415 1717 1468 asserendam
1767 1421 1956 1486 patriae

381 1486 684 1544 libertatem
720 1493 1106 1551 existimastis?
1143 1498 1238 1553 Sin
1286 1512 1467 1558 autem
1515 1505 1690 1560 aliena
1724 1508 1839 1563 hwc
1888 1511 1956 1566 ab

379 1579 530 1632 omni
564 1583 794 1647 ratione,
825 1601 892 1640 ne
932 1589 1208 1645 sociorum
1242 1595 1463 1662 quidem
1506 1613 1631 1666 spes
1681 1602 1836 1656 nobis
1867 1617 1958 1657 suo

379 1681 563 1737 specta
590 1676 678 1729 sit.
725 1677 896 1733 Porro
925 1680 1104 1738 libens
1135 1686 1401 1742 dicentem
1428 1694 1718 1757 quemdam
1748 1699 1953 1765 audivi,

377 1761 522 1816 haud
562 1766 733 1822 videri
766 1778 966 1838 tutum,
1001 1785 1058 1827 ut
1097 1776 1253 1832 nobis
1298 1777 1618 1837 fortioribus
1643 1785 1806 1840 sociis
1837 1761 1958 1842 uta;

380 1868 524 1918 mur,
579 1859 682 1912 nisi
739 1860 924 1917 hostes
977 1863 1228 1922 hostibus
1283 1881 1624 1928 commutare
1677 1877 1958 1935 velimus:

377 1961 518 2014 quos
543 1952 804 2020 patimur,
841 1955 1032 2011 iisdem
1075 1963 1434 2017 successuris.
1467 1964 1610 2020 Sane
1651 1983 1799 2035 vero,
1833 1973 1961 2025 sub-

380 2037 473 2091 t’le
516 2039 617 2095 hoc
667 2059 850 2097 rerum
880 2063 1133 2115 examen,
1169 2066 1358 2105 eorum
1391 2055 1534 2119 dico,
1570 2059 1662 2125 qui
1685 2061 1795 2128 jam
1833 2061 1959 2116 bOni

378 2131 582 2200 aliqui!
636 2148 880 2203 sperent,
933 2155 1038 2194 non
1089 2158 1279 2197 eorum
1330 2149 1423 2215 qui
1480 2150 1682 2206 redacti
1729 2154 1840 2208 sint
1893 2157 1960 2210 ad

377 2233 656 2280 extremas
706 2227 1005 2298 angustias,
1054 2236 1246 2301 quales
1294 2254 1396 2291 nos
1451 2241 1686 2311 quisque
1734 2245 1957 2302 dixerit.

378 2313 449 2365 lis
477 2315 625 2368 enim
675 2319 770 2387 qui
816 2321 922 2374 huc
958 2323 1186 2379 fortunae
1225 2339 1514 2397 venerunt,
1563 2332 1666 2388 hoc
1710 2347 1962 2405 superest

378 2415 437 2457 ut
462 2419 773 2474 supremam
810 2421 1073 2468 tesseram
1106 2417 1332 2485 jaciant.

449 2495 745 2555 Enimvero
772 2505 895 2572 quis
918 2509 1205 2562 consilium
1233 2511 1340 2565 hoc
1362 2528 1469 2567 non
1489 2516 1759 2586 anigmati
1782 2521 1961 2577 simile

378 2589 616 2644 dixerit?
645 2594 699 2648 Si
730 2599 951 2665 quidem
984 2603 1129 2656 enim
1159 2602 1246 2668 iis,
1277 2609 1476 2675 quibus
1513 2620 1771 2680 tanquam
1804 2617 1962 2671 nobis

380 2682 841 2745 imbecillioribus
892 2707 1084 2748 sumus
1138 2698 1307 2759 usuri,
1362 2703 1628 2757 adversus
1683 2720 1780 2759 eos
1833 2700 1960 2762 belli

380 2775 648 2831 incumbit
700 2781 892 2845 moles,
941 2786 1036 2850 qui
1089 2802 1186 2840 nos
1241 2791 1379 2844 adeo
1423 2793 1635 2849 viribus
1679 2811 1959 2867 superant,

379 2867 656 2933 quomodo
688 2884 795 2924 non
829 2872 882 2925 id
906 2875 1122 2941 accidit,
1149 2880 1297 2946 quod
1322 2881 1468 2936 dixi?
1500 2885 1756 2942 nimirum
1784 2891 1964 2948 simile

379 2957 682 3026 quidpiam,
713 2976 778 3015 ac
827 2963 871 3016 si
903 2967 1027 3032 quis
1067 2968 1276 3024 minora
1313 2973 1644 3040 minoribus,
1675 2981 1866 3047 primis
1899 3001 1963 3040 ac

2061 491 2253 554 Θόντας
2285 496 2629 566 συμμάχους,
2664 498 2754 550 καὶ
2785 498 2990 567 πολλὴν
3014 500 3241 570 ἀνδρίαν
3283 501 3478 564 αὐτοῖς
3509 503 3629 554 πάν-

2061 601 2152 646 τες
2185 586 2504 640 συνίσασινο
2545 588 2737 658 ὥσπερ
2781 592 3098 662 ἐξεπίτηδες
3141 596 3271 658 τοὺς
3311 595 3632 648 ἀσθενεστά-

2059 693 2186 739 τους
2217 678 2338 731 δέον
2367 679 2664 750 αίρεῖσΘαι,
2693 683 2723 752 ἢ
2760 683 2968 746 δειλοὺς
2990 681 3130 739 εἶναι
3162 687 3292 749 τοὺς
3315 689 3462 756 ὑπὲρ
3487 689 3632 757 ἡμῶν

2059 769 2521 840 ἀγωνιουμένους.
2551 775 2612 826 Ei
2647 776 2756 845 γὰρ
2800 777 2945 830 τοῦτ’
2977 780 3160 848 ἀρκεῖ,
3189 781 3286 832 καὶ
3322 782 3412 833 δεῖ
3437 781 3633 834 δειλίαν

2060 859 2159 913 καὶ
2196 860 2485 915 ἀσθένειαν
2510 868 2796 931 προσεῖναι
2829 869 2944 930 τοῖς
2974 870 3270 939 ἡμετέροις
3300 872 3634 940 συμμάχοις,

2060 952 2158 1004 τοῦ
2183 954 2345 1022 χάριν
2378 955 2452 1026 μὴ
2486 956 2612 1019 τοὺς
2633 957 3074 1029 ὀρτυγοτρόφους
3105 963 3358 1026 τούτους,
3389 963 3492 1018 καὶ
3521 967 3641 1026 τοὺς

2060 1043 2290 1098 ἐπὶτῶν
2321 1045 2623 1115 βαλανείων
2666 1051 2760 1104 καὶ
2809 1052 2920 1104 τῶν
2964 1055 3228 1123 κουρείων
3252 1055 3641 1122 άθροέσαντες.

2064 1137 2382 1207 στράτευμα
2413 1141 2762 1208 κατελέξατε,
2799 1147 2894 1200 καὶ
2919 1148 3054 1213 μετὰ
3081 1146 3289 1198 τούτων
3319 1149 3443 1204 τοῖς
3468 1150 3644 1217 ἐρρργ

2063 1229 2417 1294 μενεστάτοις
2453 1232 2709 1302 πολεμεῖν
2763 1234 3203 1302 παρεσκεύασθε,
3241 1239 3337 1288 καὶ
3383 1237 3478 1289 διὰ
3530 1237 3652 1288 τοῦ·

2058 1335 2166 1370 των
2198 1319 2520 1389 ἐλευθεροῦν
2551 1323 2829 1388 ἐγνώκατε
2867 1324 2964 1396 τὴν
2987 1327 3260 1396 πατρίδας
3293 1329 3357 1381 Ei
3379 1329 3440 1381 δὲ
3472 1330 3652 1384 ταῦτα

2061 1411 2213 1479 παρὰ
2240 1412 2446 1474 πάντας
2473 1414 2588 1466 ἐστὶ
2625 1417 2754 1477 τοὺς
2781 1417 3102 1488 λογισμοὺς,
3137 1419 3264 1488 μηδ’
3293 1421 3326 1489 ἡ
3353 1421 3474 1474 τῶν
3513 1439 3656 1491 aop-

2063 1501 2250 1570 μάχων
2292 1501 2447 1566 ἐλπὶς
2482 1505 2615 1573 ἡμῖν
2648 1503 2894 1570 ὕποπτος
2934 1509 3098 1562 ἔστω.
3123 1510 3328 1580 Χάριεν
3359 1512 3408 1564 δ’
3435 1512 3470 1564 ὃ
3499 1528 3654 1574 τινος

2060 1594 2272 1660 ἧκθυσα
2303 1595 2576 1663 λέγοντος,
2630 1600 2706 1662 ὡς
2731 1602 2834 1654 οὐκ
2885 1602 3128 1670 ἀσφαλὲς
3167 1605 3566 1672 ἰσχυροτέροις
3599 1609 3655 1674 ig-

1992 1737 2032 1793 Β
2065 1685 2182 1753 μῶν
2208 1687 2448 1770 χρῆσθαι
2491 1695 2828 1761 συμμάχοις,
2870 1695 2920 1746 εί
2970 1695 3046 1764 μὴ
3080 1694 3374 1765 μέλλοιμεν
3405 1695 3656 1765 ἐχθροὺς

2065 1778 2280 1846 ἐχθροῖς
2310 1779 2690 1846 ἀλλάττεσθαι,
2718 1784 2828 1838 τῶν
2848 1785 3017 1838 ὄντων
3038 1786 3168 1849 τοὺς
3197 1788 3481 1851 ἐπιόντας.
3499 1788 3656 1856 Ἐγὼ

2061 1871 2116 1924 δὲ
2149 1873 2322 1926 ταῦτα
2358 1875 2457 1942 μὲν
2496 1874 2970 1946 άιῑριόολογεῖαθαι
2999 1881 3108 1932 τῶν
3137 1881 3240 1950 ήδη
3261 1900 3308 1935 τι
3335 1883 3431 1934 καὶ
3468 1899 3661 1949 προσ-

2061 1966 2346 2019 δοκώντων
2401 1971 2635 2040 χρηστὸν
2669 1967 2810 2023 εἶναι
2841 1972 3006 2040 φημὶ,
3037 1972 3099 2024 οὐ
3121 1973 3230 2023 τῶν
3258 1975 3336 2035 είς
3367 1976 3482 2026 πᾶν
3507 1975 3659 2026 ἀπο-

2066 2057 2188 2125 ρίας
2226 2059 2490 2127 ἡκόντων,
2529 2060 2672 2122 οἵους
2708 2062 2853 2130 ἡμᾶς
2896 2063 3002 2124 πᾶς
3045 2079 3130 2124 τις
3177 2062 3244 2115 ἂν
3278 2062 3446 2114 εἴποι.
3521 2066 3656 2126 τοῖς

2063 2150 2173 2218 γὰρ
2205 2151 2440 2205 ἐνταῦθα
2469 2153 2666 2221 ἥκουσι
2689 2155 2856 2224 τύχης
2887 2155 2982 2206 καὶ
3010 2154 3106 2206 τὸν
3149 2155 3382 2224 ἔσχατον
3411 2157 3658 2224 ἀναρῤἰ-

2065 2259 2223 2294 πτειν
2252 2242 2418 2295 κύϐον
2449 2243 2660 2298 λοιπόν.

2148 2514 2308 2568 Ἀλλὰ
2339 2513 2446 2585 μὴν
2497 2513 2548 2566 τί
2590 2530 2677 2576 τις
2716 2512 2784 2566 ἂν
2823 2514 2978 2580 λέγοι
3006 2513 3286 2584 διαφέρειν
3310 2514 3659 2584 αίνῐγματος

2063 2606 2273 2676 ταύτην
2303 2607 2403 2677 τὴν
2436 2606 2784 2675 συμϐουλήνς
2817 2607 2880 2658 Ei
2919 2605 3026 2676 γὰρ
3054 2601 3135 2669 οἷς
3166 2606 3240 2668 ὡς
3268 2607 3429 2675 ἡμῶν
3476 2609 3663 2661 ἀσθε-

2066 2701 2340 2770 νεστέροις
2369 2699 2705 2769 χρησόμεθα,
2734 2691 2878 2752 οὗτοι
2907 2699 3038 2767 πρὸς
3061 2700 3183 2762 τοὺς
3213 2697 3466 2751 τοσοῦτον
3499 2700 3658 2766 ισχυ-

2070 2793 2326 2864 ροτέρους
2357 2793 2514 2862 ἡμῶν
2564 2791 2991 2860 παρατάξονται,
3032 2793 3148 2850 πῶς
3183 2790 3281 2859 οὺχ
3327 2791 3472 2858 ὅπερ
3509 2794 3658 2861 ἔφην

2069 2884 2396 2953 συμϐαίνει;
2434 2885 2816 2954 παραπλήσιον
2872 2884 3062 2953 ὥσπερ
3101 2883 3168 2936 ἂν
3219 2886 3271 2938 εῑ
3303 2901 3388 2945 τις
3423 2885 3498 2936 τὰ
3544 2886 3657 2939 τῶν

2067 2975 2367 3028 ἐλαττόνων
2395 2977 2602 3030 ἐλάττω
2635 2978 2808 3046 μείζω
2833 2978 2942 3030 τῶν
2971 2978 3206 3046 ὲξαρχῆς
3230 2975 3408 3045 ἀξιοίη
3438 2977 3657 3031 δοκεῖν.

381 3067 409 3102 a
455 3051 728 3122 princip'o
771 3058 978 3127 majora
1028 3061 1200 3115 videri
1248 3065 1392 3118 velit.
1431 3068 1484 3120 ld
1533 3072 1816 3129 enimvero
1865 3093 1962 3133 nec

2081 3067 2239 3121 Ἀλλὰ
2275 3066 2432 3120 τοῦτο
2473 3067 2570 3136 μὲν
2605 3067 2728 3120 οὔτε
2770 3069 2871 3135 τὴν
2925 3069 3036 3121 τῶν
3065 3067 3358 3138 βαρϐάρων
3408 3066 3663 3138 δύναμιν

380 3156 573 3196 eorum
624 3157 708 3200 est
757 3150 849 3216 qui
900 3150 1267 3211 Bariiarorum
1316 3164 1616 3228 potentiam
1664 3180 1963 3237 spectatam

386 3232 640 3298 habeant,
659 3237 926 3295 adversus
949 3259 1112 3312 qumt
1139 3247 1452 3319 indigemus
1479 3257 1752 3312 sociorum
1777 3276 1962 3331 opera,

384 3341 487 3380 nec
522 3331 614 3396 qui
665 3342 928 3397 nostram,
963 3345 1022 3390 ut
1053 3339 1135 3392 sic
1179 3342 1328 3410 loqui
1377 3345 1558 3414 liccat,
1587 3352 1786 3407 virium
1820 3358 1968 3413 defe-

381 3419 644 3487 ctionem,
679 3439 840 3492 quam
871 3438 1118 3496 Oporteat
1152 3431 1482 3492 instaurare.
1525 3440 1581 3495 Si
1609 3446 1734 3512 quis
1767 3449 1966 3505 nihilo-

383 3510 568 3564 minus
599 3515 742 3582 ipsas
767 3531 852 3570 res
881 3517 934 3570 in
968 3520 1257 3576 consilium
1291 3528 1420 3580 velit
1450 3510 1730 3598 adhibere,
1755 3538 1967 3595 desinet

383 3617 444 3656 ea
479 3620 724 3660 metm-rc
752 3625 873 3677 quae
921 3623 1125 3666 metmn
1153 3633 1268 3669 non
1317 3619 1540 3683 habent,
1585 3642 1685 3681 nec
1724 3631 1918 3686 decent
1948 3650 1962 3687 :

381 3710 448 3748 ac
479 3713 710 3753 securus
743 3704 1025 3759 consistet.
1061 3708 1326 3776 Equidem
1357 3724 1417 3767 ut
1446 3703 1696 3782 pecuniis
1731 3727 1968 3790 promis-

384 3789 482 3852 sis,
523 3790 774 3860 lucrique
809 3795 1110 3863 cupiditate
1151 3817 1344 3858 corum
1378 3809 1694 3866 attollentes
1729 3816 1963 3882 animos,

383 3880 438 3935 ia
486 3883 610 3937 bi-lli
660 3887 977 3943 societatem
1024 3892 1400 3959 traxissemus,
1447 3899 1553 3951 dici
1605 3915 1809 3969 posset,
1852 3909 1966 3964 fore

386 3989 494 4027 non
544 3987 831 4030 contentos
880 3981 1372 4048 minoribus,cum
1424 3990 1577 4056 plura
1646 3995 1966 4052 lucrifacere

385 4077 607 4134 possent
642 4086 656 4120 :
691 4071 774 4122 sin
826 4086 956 4124 vero
1004 4074 1146 4126 adeo
1188 4076 1257 4129 ab
1311 4078 1379 4131 iis
1422 4081 1622 4136 distant
1673 4086 1765 4153 qui
1809 4089 1966 4143 malis

385 4157 554 4212 lucris
592 4175 704 4212 rem
740 4177 940 4222 augere
972 4167 1212 4230 student,
1245 4178 1303 4221 ut
1345 4185 1442 4223 nec
1486 4173 1784 4230 immensos
1806 4193 1964 4233 vere-

386 4261 551 4303 antur
578 4263 848 4321 sumptus.
883 4254 1192 4326 horumque
1239 4262 1528 4331 perspicue
1571 4265 1969 4324 insensibilita-

390 4351 496 4394 tem
549 4356 838 4411 accusent;
897 4348 1166 4417 siquidem
1223 4353 1407 4407 nullus
1464 4355 1546 4409 eis
1605 4359 1963 4415 maximarum

387 4447 754 4502 expensarum
796 4438 940 4500 linis.
982 4443 1259 4510 quomodo
1292 4462 1396 4498 non
1431 4462 1458 4498 a
1495 4462 1659 4502 sensu
1707 4452 1967 4509 abhorret

392 4535 453 4580 ut
487 4528 696 4582 minora
740 4531 997 4596 periculis
1036 4537 1324 4604 cui-juncta
1351 4541 1656 4606 obtineant,
1692 4546 1843 4610 plura
1872 4562 1966 4602 eos

389 4635 454 4673 ac
493 4621 697 4690 majora
731 4622 1090 4690 profundere.
1124 4643 1246 4694 qua:
1278 4632 1495 4685 nemine
1525 4631 1828 4691 lacessente
1872 4653 1968 4690 ne-

389 4713 597 4779 gotium
629 4730 726 4768 sua
756 4716 1110 4782 possideant?
1143 4718 1276 4772 Nam
1311 4721 1501 4790 liquet,
1538 4725 1618 4778 vel
1646 4726 1692 4780 si
1723 4743 1829 4793 nos,
1862 4729 1966 4797 ipsi

391 4811 642 4864 mercede
669 4810 1042 4872 redderemus,
1070 4828 1139 4868 ne
1163 4823 1368 4882 partem
1401 4816 1622 4884 quidem
1647 4831 1966 4888 sumptuum

392 4904 584 4958 classis
607 4915 946 4974 recepturos.
973 4906 1090 4960 Non
1111 4923 1241 4976 ergo
1266 4911 1410 4978 quod
1439 4911 1766 4978 prudentum
1791 4914 1883 4979 sit,
1905 4931 1969 4970 ac

392 4997 578 5052 nescio
593 5014 958 5066 quarumnam
993 5003 1361 5068 praestiterunt
1387 5019 1548 5072 opus,
1570 5014 1627 5057 ut
1645 5020 1766 5058 cum
1785 5007 1969 5075 quiete

393 5094 546 5158 plura
576 5095 845 5149 haberent
870 5096 1060 5150 labore
1091 5101 1497 5167 comparandis,
1537 5103 1696 5156 anxie
1728 5112 1971 5170 postmo-

393 5184 522 5238 dum
555 5201 618 5240 ea
651 5189 986 5256 quaesierint.
1022 5189 1116 5244 Sin
1163 5192 1288 5259 quis
1322 5191 1614 5261 imperare,
1651 5209 1813 5263 quam
1849 5209 1970 5248 esse

394 5279 644 5343 divitem,
678 5283 1042 5350 priestahilius
1075 5299 1138 5336 ac
1186 5286 1473 5352 augustius
1517 5295 1691 5354 putet,
1737 5301 1970 5355 eamque

395 5372 506 5426 illis
557 5373 703 5427 dicat
739 5389 988 5438 causam,
1048 5388 1106 5428 ut
1166 5377 1328 5430 nuilis
1384 5388 1609 5445 parcant
1662 5377 1968 5445 expensis:

397 5465 516 5533 ipse
560 5465 724 5522 etiam
768 5467 1006 5521 heminis
1049 5469 1262 5522 ratione
1319 5469 1528 5538 agentis
1577 5468 1970 5538 prudentisque

397 5557 666 5611 rationem
716 5573 835 5613 eam
869 5560 1202 5615 admiserim.
1257 5560 1469 5614 Etenim
1504 5569 1694 5613 nostro
1743 5560 1972 5629 imperio

399 5648 536 5702 nihil
561 5652 848 5718 augustius
881 5653 1001 5706 fuit.
1033 5653 1109 5708 Ac
1136 5669 1288 5715 vero,
1321 5665 1379 5707 ut
1410 5655 1533 5721 quis
1562 5652 1806 5704 virorum
1852 5662 1971 5730 stu-

400 5738 550 5790 dium
584 5756 746 5793 omnc
795 5745 1109 5797 ambitionis
1149 5746 1310 5808 dicat,
1352 5745 1772 5812 haudquaquam
1817 5759 1968 5798 erra-

1995 4401 2044 4462 D

2069 3159 2501 3229 ἐπεσκεμμένων
2537 3161 2674 3224 ἐστὶ,
2709 3161 2843 3231 πρὸς
2873 3162 2940 3231 ἢν
2984 3159 3064 3212 δεῖ
3090 3160 3199 3212 τῶν
3235 3161 3561 3230 συμμάχων
3599 3165 3664 3233 ἡ·

2072 3254 2184 3322 μίν,
2215 3253 2340 3306 οῦτε
2371 3253 2470 3322 τὴν
2503 3255 2781 3323 ἡμετέραν
2811 3254 3048 3315 ἔκλυσιν,
3075 3256 3124 3306 εί
3156 3252 3236 3304 δεῖ
3267 3254 3414 3306 τοῦτ’
3443 3257 3661 3315 εἰπεῖν,

2069 3345 2137 3415 ἣν
2176 3345 2592 3414 ἀνακτήσασθαι
2621 3345 2719 3400 δεῖ.
2754 3345 2946 3414 Ὅμως
2979 3346 3031 3398 εί
3062 3361 3146 3407 τις
3177 3347 3288 3408 τοῖς
3317 3347 3664 3418 πράγμασιν

2067 3437 2250 3499 αὐτοῖς
2279 3438 2456 3508 ἀξιοίη
2484 3438 2719 3508 χρῆσθαι
2745 3438 3096 3507 συμϐούλοις,
3124 3437 3395 3490 παύσεται
3423 3440 3496 3491 τὰ
3523 3441 3664 3495 ἀδεᾶ

2069 3532 2256 3592 δεδιὼς
2312 3533 2404 3585 καὶ
2467 3529 2561 3584 τοῦ
2618 3531 2989 3601 προσήκοντος
3043 3529 3146 3593 ἐξω
3193 3531 3294 3598 τῆς
3333 3532 3658 3598 ἀσφαλείας

2071 3622 2348 3691 ἐχόμενος.
2391 3621 2453 3675 El
2489 3621 2587 3690 μὲν
2614 3619 2724 3690 γάρ
2759 3621 3007 3690 χρήματ’
3031 3620 3215 3682 αὐτοῖς
3247 3622 3652 3691 ὑποσχόμενοι,

2073 3715 2164 3767 καὶ
2191 3717 2252 3783 τῇ
2287 3712 2382 3766 τοῦ
2414 3714 2639 3781 κέρδους
2673 3713 2940 3784 ἐπιθυμίᾳ
2990 3714 3089 3776 τὰς
3129 3715 3355 3786 γνώμας
3405 3717 3656 3786 ἐπάραν-

2069 3822 2183 3867 τες,
2219 3806 2311 3856 ἐπὶ
2348 3805 2409 3857 τὸ
2458 3807 2774 3876 συμμαχεῖν
2815 3807 3204 3875 ἐφειλκόμεθα,
3240 3804 3310 3880 ἦν
3342 3805 3414 3860 ἂν
3463 3807 3656 3874 λέγειν

2069 3898 2143 3960 ὡς
2202 3898 2303 3950 οὐκ
2335 3897 2766 3966 ἀρκεσθήσονται
2801 3900 2913 3960 τοῖς
2973 3897 3274 3962 ἐλάττοσιν,
3307 3895 3436 3962 ἐξὸν
3477 3900 3656 3954 nisi...

2071 3989 2378 4059 κερδαίνειν
2398 4003 2414 4017 ⁸
2444 3990 2493 4041 εί
2517 3988 2572 4042 δὲ
2595 3989 2806 4042 τοσοῦτ’
2832 3988 3101 4056 ἀνομοίως
3130 3991 3254 4059 ἐχου
3266 4007 3322 4042 σι
3355 3992 3502 4060 πρὸς
3523 3997 3657 4057 τοὺς

2073 4081 2418 4134 πλεονεκτεῖν
2455 4079 2837 4149 βουλομένους,
2871 4080 2999 4133 ὥστ’
3037 4082 3177 4133 εἰσὶν
3203 4083 3250 4134 οἱ
3283 4083 3386 4155 τὴν
3418 4086 3656 4156 ἄπειρον

2069 4173 2313 4243 δαπάνην
2354 4173 2694 4235 κακίζοντες,
2733 4174 2825 4225 καὶ
2858 4174 3002 4242 σαφῆ
3035 4174 3244 4226 τούτων
3274 4176 3656 4244 κατηγοροῦν-

2069 4282 2160 4327 τες
2214 4265 2314 4333 τὴν
2362 4262 2816 4332 ἀναισθησίαν,εί
2857 4263 3046 4332 μηδεὶς
3091 4264 3276 4326 αὐτοῖς
3323 4266 3479 4318 ἐστιν
3529 4267 3648 4336 ὅρος

2071 4360 2180 4413 τῶν
2231 4359 2480 4426 ἀκαίρων
2518 4357 2931 4424 ἀναλωμάτων·
2989 4356 3107 4418 πῶς
3152 4356 3252 4409 οὐκ
3314 4356 3645 4426 ἀναίσθητον

2071 4452 2210 4522 ὑπὲρ
2240 4450 2333 4502 τοῦ
2360 4448 2468 4502 τῶν
2496 4448 2799 4501 ἐλαττόνων
2831 4447 2971 4516 μετὰ
3001 4446 3112 4498 τῶν
3151 4445 3422 4498 κινδύνων
3465 4449 3646 4515 τυχεῖν

2069 4541 2138 4595 τὰ
2175 4541 2342 4594 πλείω
2374 4543 2542 4610 χωρῖς
2598 4540 2942 4608 πραγμάτων
2980 4537 3300 4608 προΐεσθαι;
3337 4539 3520 4607 Δῆλον
3546 4543 3648 4608 γὰρ

2069 4634 2145 4698 ὡς
2176 4633 2287 4687 οὐδ’
2315 4633 2403 4697 ἂν,
2439 4634 2588 4703 ἡμᾶς
2621 4632 2972 4700 ἀποδόμενοι,
3007 4630 3173 4700 μέρος
3222 4629 3407 4698 ἔχοιεν
3437 4632 3548 4684 τῶν
3576 4634 3650 4693 εἰς

2069 4726 2160 4778 τὴν
2193 4725 2489 4778 ἀπόστολον
2520 4724 2709 4776 τοῦτον
2735 4725 3124 4792 ἀνηλωμένων.
3177 4724 3252 4775 Οὐ
3295 4724 3486 4778 τοίνυν
3527 4726 3649 4778 νοῦν

2071 4818 2302 4888 ἐχόντων
2327 4855 2342 4880 ,
2373 4816 2489 4869 ἀλλ’
2529 4816 2627 4866 οὐκ
2659 4811 2753 4869 οἵδ’
2795 4816 2934 4868 ὅτων
2967 4815 3130 4882 ἔργον
3162 4811 3271 4867 εἷεν
3304 4815 3372 4868 ἂν
3427 4820 3648 4884 εἰργασ-

2075 4911 2246 4980 μένοι,
2283 4911 2330 4961 εί
2358 4903 2432 4961 ὧν
2474 4908 2580 4961 ἔδει
2617 4909 2714 4960 σὺν
2749 4906 2895 4977 πόνῳ
2938 4906 3269 4974 κτήσασθαι,
3303 4905 3484 4959 πλείω
3532 4906 3644 4973 μεθ’

2072 4998 2302 5067 ἡσυχίας
2343 4996 2578 5066 ἔχοντες,
2597 4991 2727 5077 ,εἶτα
2771 4996 3231 5065 περιεργάσαντο.
3272 4992 3335 5044 Et
3369 4993 3433 5044 δέ
3479 5010 3562 5056 τις
3591 4994 3644 5044 τὸ

2071 5092 2262 5163 ἄρχειν
2329 5090 2423 5144 τοῦ
2469 5091 2724 5143 πλουτεῖν
2777 5088 3103 5156 σεμνότερον
3139 5085 3332 5149 οἴεται,
3378 5083 3642 5138 acciso-51‘

2071 5186 2256 5246 αὐτοῖς
2289 5183 2463 5236 αἷτιον
2499 5179 2640 5235 εἶναι
2671 5180 2840 5248 λέγοι,
2886 5180 2981 5232 καὶ
3017 5175 3378 5246 φειδομένους
3433 5176 3640 5234 οὐδενὸς

2072 5279 2412 5340 ἀναλίσκειν,
2447 5273 2571 5327 νοῦν
2601 5275 2700 5343 μὲν
2739 5272 2955 5342 ἔχοντος
2983 5269 3140 5338 κάγὼ
3174 5268 3410 5338 φήσαιμ’
3447 5268 3516 5320 ἂν
3541 5268 3638 5334 γὰρ

2041 5355 2162 5422 ’τὸν
2200 5367 2484 5438 λογισμόν.
2518 5368 2629 5435 Τῆς
2671 5383 2730 5417 τε
2779 5365 2888 5431 γὰρ
2921 5364 3050 5431 παρ’
3080 5364 3213 5429 ἡμῖν
3260 5360 3443 5429 ἀρχῆς
3501 5360 3637 5412 οὑδὲ-θ

2075 5462 2398 5531 σεμνότερον
2429 5459 2643 5526 γέγονε.
2697 5458 2805 5510 Καὶ
2842 5455 3050 5515 τούτοις
3096 5455 3160 5506 ἄν
3191 5470 3277 5514 τις
3316 5455 3392 5521 φῇ
3445 5453 3634 5518 φιλοτι-

2079 5558 2209 5622 μίας
2239 5550 2379 5606 εἶναι
2410 5553 2592 5604 πᾶσαν
2615 5550 2718 5618 τήν
2752 5549 3007 5614 ἄσκησιν,
3038 5546 3139 5598 οὐκ
3170 5543 3236 5596 ἂν
3267 5545 3513 5611 ἁμάρτοι
3549 5543 3631 5606 τῆς

2077 5646 2184 5699 τῶν
2217 5644 2424 5711 ἀνδρῶν
2455 5644 2714 5703 διανοίας.
2745 5641 2907 5693 Ἀλλὰ
2938 5639 3423 5704 προσενθυμείσοω
3455 5638 3548 5689 καὶ
3568 5635 3629 5692 ὡς

2076 5738 2184 5790 οὐδ’
2232 5737 2410 5789 αὐτῶν
2445 5738 2491 5788 ei
2547 5734 2766 5796 πλείους
2800 5733 2937 5785 είσίν
2993 5732 3233 5784 ίδιῶται·
3269 5731 3387 5784 ἀλλ’
3419 5730 3625 5792 ἑκάστῳ
