3862 6220
328 177 363 215 ρ

178 330 179 333 η
239 299 344 363 989

1168 312 1451 373 ORATIO
1492 314 1640 374 PRO
1681 315 2046 378 SUBSIDIO
2088 317 2565 379 LATINORUM.

3389 319 3505 380 99η

240 420 333 471 καὶ.
379 418 549 483 οίκία,
599 420 693 473 καὶ
744 422 924 485 πόλεις
974 424 1301 495 ἀρχόμεναι,
1362 430 1458 480 καὶ
1513 428 1687 497 βῆμα,
1722 431 1816 482 καὶ

1929 429 2059 481 verit
2097 429 2165 484 ab
2207 444 2399 483 eorum
2434 427 2633 482 mentis
2688 428 2970 497 preposito
3001 446 3013 481 :
3050 427 3255 497 cogitet
3297 438 3503 491 tamen,

239 509 531 578 πρόσοδοιο
574 512 799 583 καὶ-οὑκ
845 512 911 567 ἄν
963 533 1044 579 τις
1076 518 1278 589 ῥαδίως
1310 520 1526 573 ἐκλίποι
1576 521 1644 572 τὰ
1678 521 1815 573 οἴκοι

240 616 298 649 σε
308 602 440 669 μνᾶ.

310 879 422 931 Καὶ
450 878 587 947 πρός
624 894 687 945 γε
731 879 811 931 ἔτι
844 880 940 949 οὐχ
971 875 1052 943 εἷς
1081 898 1163 945 τις
1196 883 1325 951 παρ’
1362 885 1545 945 αὐτοῖς
1598 886 1817 939 πάντων

240 966 427 1034 ἄρχων
476 969 588 1027 τοῖς
624 967 804 1030 ἄλλοις
852 969 1050 1037 χρῆται
1090 971 1229 1039 πρὸς
1262 972 1330 1025 τά
1374 972 1633 1027 δοκοῦντα
1658 989 1673 1005 ·
1702 977 1817 1029 ἀλλ’

240 1054 362 1106 ἐστι
410 1055 508 1124 μὲν
553 1049 596 1123 ᾧ
628 1059 831 1120 πάντες
866 1058 1151 1113 ὑπείκουσι
1202 1062 1408 1129 τάξεώς
1460 1082 1607 1126 τινος
1656 1066 1821 1119 ἕνεκα

242 1148 337 1198 καὶ
367 1150 599 1217 κόσμου,
633 1152 723 1202 καὶ
776 1151 869 1203 τοῦ
927 1152 1002 1221 μὴ
1034 1154 1340 1224 φύρεσθαι·
1398 1152 1553 1218 οὗτος
1600 1157 1678 1221 δὲ,
1710 1158 1820 1210 τῶν

243 1238 472 1306 ἀγώνων
513 1240 806 1307 λυθέντων,
847 1244 1059 1307 πολλοῖς
1089 1248 1155 1298 ἂν
1190 1247 1425 1317 ἐκσταίη
1459 1248 1568 1301 τῶν
1600 1248 1693 1300 νῦν
1729 1248 1819 1315 ὑφ’

242 1329 425 1391 αὐτὸν,
458 1331 554 1383 καὶ
583 1331 773 1397 γένους
805 1335 897 1387 καὶ
943 1337 1264 1406 χρημάτων,
1300 1337 1394 1390 καὶ
1422 1339 1520 1407 τῆς
1569 1338 1656 1391 διὰ
1682 1340 1821 1392 πάν-

240 1442 352 1476 των
385 1424 687 1494 ἁϐρότητος
709 1442 722 1457 ’
763 1429 860 1479 καὶ
890 1429 1235 1482 πλεονεκτεῖν
1287 1429 1593 1500 βουληθεὶς,
1625 1432 1724 1485 οὐκ
1756 1431 1822 1485 ἂν

240 1517 357 1587 ἔχοι
393 1519 489 1570 καὶ
513 1519 637 1582 τοὺς
666 1518 859 1582 ἄλλους
893 1522 1251 1585 ἐπαινοῦντας
1280 1525 1380 1592 τὴν
1412 1523 1660 1595 γνώμην.
1696 1524 1822 1577 Οὓτ’

238 1609 337 1663 οῦν
367 1612 575 1672 ἐκεῖνος
605 1613 828 1677 ἀδικῶν,
859 1615 1065 1677 πάντας
1093 1616 1473 1684 ἀντιλέγοντας
1522 1619 1667 1688 ἔχειν
1697 1620 1824 1687 βου-

232 1704 492 1775 λήσεται,
539 1704 651 1759 οὔτ’
699 1707 855 1759 αὐτοὶ
903 1709 1119 1779 μικρῶν
1174 1728 1337 1763 τινων
1368 1712 1555 1765 εἵνεκα
1590 1714 1822 1784 πονηροί

231 1816 391 1860 τινες
418 1800 736 1869 αἱρήσονται
764 1801 936 1866 δόξαι.
986 1802 1146 1855 Ἀλλὰ
1183 1804 1291 1874 μὴν
1322 1806 1413 1856 καὶ
1438 1806 1503 1857 τά
1531 1806 1639 1859 τῶν
1669 1807 1821 1874 τριή-

237 1907 361 1961 ρων
386 1890 750 1962 πληρώματα,
800 1890 890 1954 αἷς
933 1895 1063 1962 πρὸς
1106 1894 1203 1963 τὴν
1239 1896 1610 1965 μετακομιδὴν
1654 1897 1823 1966 χρῶνο

237 2000 359 2045 ται,
397 1982 702 2047 ἐξιὲκείνων
734 1984 842 2036 είσὶ
864 1982 971 2036 τῶν
1005 1986 1236 2048 πόλεων,
1269 1981 1344 2039 ὧν
1368 1989 1425 2038 αἱ
1452 1986 1701 2039 ἀποικίαι
1728 1988 1827 2040 καὶ

233 2077 287 2128 οἱ
312 2074 544 2144 ἔμποροι
566 2077 698 2144 ἡμῖν
722 2093 737 2106 ·
767 2079 864 2129 καὶ
894 2078 1098 2143 ἴσασιν,
1126 2079 1199 2140 ὠς
1230 2080 1386 2149 ἡμῶν
1410 2080 1821 2150 κρατηθέντων,

239 2165 621 2219 κεκλείσονται
686 2164 785 2235 μὲν
818 2168 1001 2229 αὐτοῖς
1030 2167 1079 2219 oi
1134 2168 1392 2235 λιμένες’
1431 2170 1532 2238 τῆς
1581 2170 1638 2222 δὲ
1678 2187 1821 2221 σιτο-

241 2254 493 2320 πομπίας
520 2255 705 2325 ἕτερος
733 2254 922 2324 κύριος
966 2255 1116 2308 ἔσται
1139 2273 1152 2286 -
1191 2259 1285 2309 καί⁹
1324 2260 1421 2328 τῆς
1454 2258 1721 2322 ἀτελείας,
1757 2253 1823 2329 ἧς

244 2346 425 2407 αὐτοῖς
458 2347 931 2418 μεταδεδώκαμεν,
975 2348 1355 2406 ἐκπεσοῦνται.
1381 2352 1535 2405 ’Ὢσθ’
1585 2354 1703 2423 ἅμα
1763 2371 1822 2405 τε

244 2440 277 2506 ἠ
310 2440 461 2501 πόλις
492 2439 784 2506 ἁλώσεται,
833 2442 926 2493 καὶ
977 2438 1124 2496 οὗτοι
1164 2442 1538 2510 δουλεύσουσι,
1578 2448 1674 2498 καὶ
1724 2447 1824 2498 ούκ

242 2533 316 2586 ἂν
343 2534 538 2599 ἔχοιεν,
565 2532 754 2603 ὥσπερ
782 2536 951 2605 ἡμᾶς,
991 2536 1085 2588 καὶ
1111 2536 1335 2600 τούτους
1362 2554 1375 2567 ·
1405 2538 1473 2590 τὰ
1513 2538 1611 2606 μὲν
1642 2538 1826 2605 βιαζόο

248 2642 429 2694 μενοι,
470 2625 536 2676 τὰ
560 2624 615 2677 δὲ
655 2624 936 2689 πείθοντες
968 2627 1029 2677 ὲκ
1064 2626 1282 2680 πάντων
1316 2627 1593 2689 πλουτεῖν,
1619 2623 1699 2689 οἷς
1721 2627 1827 2695 ἀμ‹

242 2719 504 2787 φοτὲροις
544 2718 680 2784 πρὸς
712 2719 858 2788 ἡμᾶς
896 2720 984 2770 ἀεὶ
1021 2718 1285 2789 χρῶνται.
1319 2718 1530 2773 Οὔκουν
1563 2720 1825 2789 βούλοιντ’

241 2809 315 2862 ἂν
344 2812 424 2872 εἰς
454 2810 711 2871 τοιαύτας
744 2810 1055 2879 ἀμηχανίας
1109 2812 1407 2880 ἐμπίπτειν
1427 2827 1439 2839 ·
1472 2811 1587 2864 ἀλλ’
1611 2811 1823 2863 ἐπιοῦσι

241 2904 348 2971 μὲν
382 2905 493 2965 τοῖς
521 2901 814 2971 βαρῦάροις
856 2904 949 2954 καὶ
982 2904 1113 2972 ἡμῖν
1135 2903 1389 2975 βοηθοῦσι
1442 2907 1827 2973 συμπνεύσον-

240 3012 366 3048 σιν·
403 2997 450 3048 εἰ
479 2996 536 3048 δὲ
564 2995 881 3057 πλεονάζειν
921 2997 1269 3066 ἐπιχειροῖεν,
1303 2998 1434 3066 ἡμῖν
1469 2997 1670 3066 μᾶλλον
1692 3013 1823 3066 προσ

240 3088 563 3155 σθήσονται,
597 3089 692 3138 καὶ
730 3085 847 3154 μεθ’
887 3088 1043 3157 ἡμῶν
1071 3090 1266 3153 αὐτοὺς
1298 3089 1649 3159 ἀμυνοῦνται.
1672 3089 1826 3141 Ἐπεὶ

240 3179 349 3230 καὶ
376 3178 432 3230 τὺ
455 3180 553 3240 τὰς
579 3181 825 3251 τριήρεις
854 3181 1036 3242 αὐτοῖς
1060 3184 1389 3249 παρασχεῖν,
1419 3182 1513 3234 καὶ
1539 3180 1635 3248 τῆς
1665 3195 1826 3248 στραο

234 3269 399 3331 τείας
428 3273 726 3335 κοινωνεῖν,
756 3274 901 3324 τοῦτ’
953 3272 1138 3333 αὐτοῖς
1178 3271 1451 3340 βούλεται,
1501 3272 1563 3322 τὸ
1598 3271 1694 3339 τὴν
1730 3271 1827 3338 μὲν

231 3364 405 3416 πόλιν
455 3364 714 3417 κινδύνων
772 3364 1179 3433 ἀπαλλαγῆναι,
1213 3366 1362 3432 ἡμᾶς
1394 3364 1452 3415 δὲ
1486 3362 1692 3428 ταύτης
1742 3362 1829 3430 βε-

233 3455 417 3516 ϐαίως
445 3454 658 3525 ἄρχειν,
686 3457 865 3509 καὶτὸ
894 3459 1120 3525 ἀρχαῖον
1155 3457 1340 3525 σχῆμα
1376 3456 1487 3517 τοῖς
1538 3454 1825 3523 πράγμασι

232 3547 556 3616 τηρηθῆναι
578 3565 592 3579 ·
624 3549 697 3609 ὡς
721 3547 863 3600 οὕτω
903 3548 953 3615 γ’
982 3548 1169 3610 αὐτοῖς
1194 3547 1459 3617 ἐσομένης
1494 3546 1699 3609 ἀδείας,
1733 3546 1828 3597 καὶ

236 3639 406 3690 πλεῖν
433 3639 553 3691 ὅποι
584 3658 661 3700 τις
716 3640 983 3709 βούλεται,
1017 3641 1112 3693 καὶ
1142 3642 1207 3693 τὰ
1255 3640 1382 3692 ὄντα
1409 3639 1579 3691 πλείω
1628 3639 1822 3689 ποιεῖν.

243 3731 348 3793 Ὦς
374 3727 430 3783 τί
452 3730 504 3799 γ’
548 3733 633 3799 ἐφ’
662 3734 806 3801 ἡμᾶς
841 3732 996 3802 ἥξειν
1045 3731 1243 3792 αὐτοὺς
1283 3731 1563 3795 ὑπενόουν,
1596 3730 1750 3782 αὐτοί
1780 3734 1824 3780 τ’

232 3822 321 3874 ἂν
346 3822 590 3891 φανερῶς
630 3822 953 3891 ἐπολέμουν,
988 3824 1083 3875 καὶ
1116 3824 1249 3891 ἡμῖν
1289 3820 1567 3890 παρῄνουν
1615 3818 1823 3887 φυλάτ-

231 3912 460 3965 τεσθαι.
491 3914 554 3964 Τί
580 3914 760 3966 τοίνυν
810 3914 1200 3983 μαλακώτερον
1232 3913 1327 3967 τοῦ
1385 3914 1618 3983 δύναμιν
1666 3907 1733 3983 ἧς
1768 3917 1829 3963 τὸ

236 4005 434 4058 πλεῖον
464 4006 582 4074 μεθ’
610 4006 770 4077 ἡμῶν
797 4009 937 4071 ἐστι,
972 4007 1205 4062 δεδιέναι
1229 4024 1243 4073 ;

317 4284 531 4351 Ὅμως,
592 4284 646 4336 ετ
670 4300 755 4345 τις
805 4284 988 4344 αὐτοῖς
1048 4282 1345 4351 πρόσχημα
1404 4284 1500 4351 μὲν
1540 4279 1679 4336 εἶναι
1730 4282 1827 4352 τὴν

237 4371 501 4444 βοήθειαν
539 4372 706 4439 λέγοι,
744 4374 805 4424 τδ
835 4373 878 4425 δ’
911 4373 1130 4443 ἀληθὲς,
1153 4373 1247 4441 τῆς
1281 4375 1453 4442 ἀρχῆς
1487 4373 1828 4441 ἐπιθυμοῦνν

1923 530 1983 575 ιιι
2013 536 2112 575 nec
2142 535 2333 574 eorum
2368 520 2552 589 plures
2600 521 2822 589 privatae
2871 520 3039 573 sortis
3074 520 3325 574 homines
3358 521 3500 585 sint;

1920 613 2015 665 sed
2047 622 2102 664 ιιι
2130 612 2332 681 singuli
2363 611 2587 665 domum
2612 612 2872 675 habeant,
2902 611 3285 681 subjectasque
3314 612 3503 674 urbes,

1919 720 1983 759 ac
2015 705 2278 769 tribunal,
2316 703 2667 772 reditusque;
2722 712 2890 771 utque
2942 718 3051 755 non
3099 702 3257 756 facile
3302 702 3505 772 aliquis

1921 798 2160 861 deserat,
2193 811 2315 865 quae
2346 796 2490 849 domi
2526 804 2753 863 augusta
2795 809 2859 849 ac
2886 795 3144 863 praeclara
3175 794 3360 848 habet.

1994 890 2263 961 Praeterea
2295 888 2477 941 nullus
2506 886 2705 955 aliquis
2739 885 2881 954 apud
2918 886 3039 940 illos
3070 893 3157 939 est
3181 886 3304 939 aliis
3333 888 3507 954 impe-

1923 996 2072 1047 rans,
2116 981 2322 1050 quique
2365 979 2432 1032 iis
2464 987 2667 1039 utatur,
2703 977 2769 1031 ad
2818 993 2938 1046 quae
2970 977 3278 1046 placuerit:
3317 990 3504 1029 verum

1890 1076 1993 1127 ‘sit
2031 1072 2255 1142 quidem
2288 1087 2430 1125 unus
2464 1070 2608 1139 quis,
2643 1070 2732 1123 cui
2776 1069 2987 1123 ordinis
3020 1081 3183 1122 causa
3219 1078 3383 1136 atque
3419 1067 3508 1120 de-

1856 1777 1896 1830 Β

1854 3133 1895 3188 C

1924 1168 2089 1231 coris,
2125 1177 2179 1223 et
2214 1175 2273 1220 ut
2306 1182 2377 1221 ne
2410 1166 2480 1220 sit
2509 1164 2778 1227 confusio,
2811 1164 3054 1219 universi
3089 1161 3321 1230 subjecti
3348 1163 3455 1215 sint
3490 1176 3504 1215 :

1926 1268 1985 1312 ut
2012 1268 2189 1312 tamen
2234 1258 2429 1312 solutis
2478 1257 2891 1317 certaminibus,
2936 1255 3126 1309 multis
3179 1268 3371 1307 eorum
3414 1252 3505 1320 qui

1924 1365 2071 1403 nunc
2115 1349 2163 1402 ei
2196 1348 2583 1418 subjiciuntur,
2613 1347 2833 1418 generis
2887 1346 3174 1400 nobilitate
3202 1360 3264 1398 ac
3299 1343 3508 1397 divitiis

1925 1442 2104 1506 cedat,
2164 1441 2425 1509 omnique
2480 1440 2599 1512 alio
2645 1438 2937 1506 splendore
2998 1453 3061 1491 ac
3119 1436 3508 1489 ornamentis:

1925 1543 2092 1602 atque
2120 1533 2186 1591 is,
2219 1540 2281 1585 ιιι
2311 1530 2567 1601 injuriam
2606 1529 2737 1582 velit
2774 1529 3003 1592 inferre,
3033 1528 3177 1581 haud
3207 1526 3344 1580 alios
3377 1540 3507 1594 pro-

1926 1624 2089 1693 positi
2135 1624 2447 1677 laudatores
2484 1623 2758 1676 habuerit.
2807 1620 2916 1675 Nec
2960 1635 3091 1689 ergo
3124 1619 3216 1673 ille
3259 1617 3511 1688 injuriam

1932 1716 2160 1781 faciens,
2226 1715 2516 1769 universos
2583 1713 3029 1768 contradicentes
3085 1710 3217 1765 velit
3277 1710 3509 1773 habere;

1924 1822 2102 1875 neque
2126 1806 2162 1858 ii
2188 1806 2259 1859 ob
2279 1806 2477 1874 exigua
2506 1804 2756 1874 quadam
2781 1802 3090 1857 commoda.
3114 1801 3263 1870 pravi
3290 1801 3513 1869 quidam

1924 1912 1987 1951 ac
2015 1896 2234 1950 scelesti
2266 1896 2443 1949 videri
2475 1896 2703 1965 eligant.
2745 1895 2886 1959 Quin
2922 1902 2979 1948 et
3016 1892 3218 1947 nautici
3267 1893 3323 1944 in
3357 1891 3515 1944 trire-

1924 1986 2108 2040 mibus
2153 1986 2431 2047 homines,
2480 1985 2684 2055 quibus
2725 1984 2791 2037 ad
2838 1996 3120 2037 vecturam
3158 1991 3421 2047 utuntur,
3448 1996 3514 2035 ex

1924 2079 2033 2133 illis
2062 2087 2191 2132 sunt
2217 2077 2465 2138 urbibus,
2490 2091 2557 2129 ex
2584 2075 2785 2144 quibus
2810 2075 3057 2127 colonias
3086 2089 3150 2127 ac
3179 2082 3516 2127 mercatores

1924 2169 2236 2222 habemus:
2286 2167 2578 2234 sciuntque
2627 2168 2743 2219 fore
2797 2173 2855 2217 ut
2888 2164 3048 2217 nobis
3101 2162 3284 2223 victis,
3322 2172 3516 2229 portus

1924 2262 2003 2315 eis
2033 2260 2386 2322 claudantur,
2434 2260 2685 2328 aliusque
2718 2256 3036 2310 emittendae
3069 2269 3298 2309 annonae
3349 2264 3514 2321 atque

1929 2350 2193 2403 frumenti
2226 2349 2478 2402 dominus
2504 2349 2575 2402 sit
2602 2367 2613 2401 :
2652 2356 2821 2415 utque
2856 2345 3258 2399 immunitatem
3289 2360 3317 2397 a
3342 2342 3512 2396 vecti-

1927 2441 2160 2509 galibus,
2193 2455 2355 2508 quam
2407 2439 2488 2492 eis
2540 2438 2937 2502 concessimus,
2979 2437 3233 2490 amittant
3276 2454 3289 2490 :
3348 2446 3515 2503 atque

1927 2534 2065 2587 adeo
2109 2549 2207 2588 nec
2253 2535 2493 2587 futuram
2541 2533 2816 2602 ignorant,
2857 2540 2915 2585 ut
2946 2546 3069 2585 mox
3104 2541 3259 2599 capta
3291 2530 3514 2583 civitate

1927 2625 2185 2680 servituri
2211 2625 2321 2677 sint
2346 2641 2358 2676 :
2392 2640 2492 2677 nec
2518 2623 2662 2677 enim
2693 2624 2768 2676 uti
2797 2637 2899 2675 nos
2924 2626 3003 2675 sic
3031 2621 3153 2675 illos
3182 2619 3515 2682 habuerint;

1927 2735 2033 2788 qua
2069 2718 2216 2772 velut
2262 2718 2335 2782 vi,
2369 2733 2477 2785 qua
2512 2726 2732 2785 sponte,
2768 2732 2833 2770 ex
2870 2716 3131 2769 omnibus
3163 2714 3374 2768 divitiis
3421 2728 3518 2766 au-

1928 2810 2042 2877 geri
2080 2815 2413 2877 quaarentes,
2450 2823 2560 2876 quo
2593 2817 2826 2875 utroque
2879 2808 2931 2859 in
2968 2822 3068 2860 nos
3097 2822 3316 2874 semper
3351 2816 3520 2860 utun-

1931 2909 2041 2953 tur.
2080 2899 2234 2953 Haud
2283 2914 2437 2968 ergo,
2489 2899 2562 2952 illi
2614 2903 2665 2951 in
2714 2898 2985 2969 ejusmodi
3038 2898 3317 2969 angustias
3351 2897 3520 2951 velint

1930 2994 2174 3048 incidere
2203 3011 2215 3047 :
2249 2993 2381 3062 quin
2418 3004 2476 3046 ut
2507 2994 2559 3046 in
2589 2994 2862 3047 Barbaros
2890 2994 3116 3062 quidem
3145 2992 3426 3055 invadant,
3455 3007 3518 3046 ac

1929 3092 2088 3145 nobis
2120 3090 2477 3151 auxilientur,
2502 3107 2627 3144 cum
2652 3092 2732 3144 eis
2754 3090 3152 3160 conspirabunt
3178 3107 3190 3143 :
3226 3089 3308 3144 sin
3336 3098 3518 3147 autem

1932 3184 2189 3253 injuriam
2242 3182 2445 3235 inferre
2499 3183 2854 3247 tentaverint,
2892 3183 3051 3235 nobis
3103 3182 3285 3251 potius
3322 3181 3517 3250 adjun-

1928 3284 2146 3343 gentur,
2176 3290 2241 3327 ac
2269 3273 2417 3340 ipsos
2459 3273 2743 3327 nobiscum
2779 3273 3137 3327 ulciscentur.
3172 3274 3306 3327 Nam
3350 3275 3518 3327 etiam

1931 3364 2223 3430 praebendo
2259 3363 2531 3426 triremes,
2564 3380 2627 3417 ac
2668 3363 2798 3417 belli
2846 3366 3111 3419 societate
3158 3346 3514 3425 hoc’volunt,

1931 3461 1991 3505 ut
2038 3452 2170 3505 urbs
2216 3453 2439 3520 quidem
2489 3469 2516 3506 a
2572 3452 2835 3521 periculis
2877 3454 3177 3519 liberetur,
3230 3469 3331 3507 nos
3388 3470 3518 3507 vero

1932 3545 2148 3597 ﬁrmum
2180 3543 2299 3611 ejus
2333 3554 2616 3598 teneamus
2646 3544 2963 3613 imperium,
2994 3559 3193 3613 resque
3233 3544 3516 3610 antiquam

1930 3635 2161 3689 formam
2200 3636 2514 3691 retineant:
2549 3638 2692 3706 quod
2722 3637 2794 3692 ita
2830 3637 3003 3691 libera
3051 3636 3287 3692 facultas
3333 3637 3516 3690 futura

1930 3730 2026 3796 sit,
2054 3739 2114 3784 ut
2154 3745 2264 3799 quo
2298 3730 2490 3794 velint,
2530 3739 2647 3785 tuto
2680 3731 2962 3800 navigem,
3005 3742 3350 3800 augeantque
3391 3744 3519 3783 suas

1930 3822 2238 3877 facultates.
2283 3821 2651 3887 Quamobrem
2702 3831 2763 3875 ut
2808 3823 3053 3891 suspicio
3094 3828 3243 3877 esset
3297 3836 3517 3875 movere

1931 3916 2054 3968 illos
2088 3914 2375 3968 adversum
2427 3929 2547 3977 nos,
2579 3915 2759 3984 palam
2799 3914 2903 3984 ipsi
2943 3922 3134 3969 contra
3179 3923 3511 3984 pugnarent,

1931 4021 1993 4061 ac
2020 4006 2182 4061 nobis
2233 4007 2536 4061 cavendum
2588 4016 2904 4061 monerent.
2939 4005 3081 4073 Quid
3127 4020 3255 4076 ergo
3297 4005 3515 4059 mollius

1930 4098 2435 4169 effeminatiusque,
2463 4115 2626 4169 quam
2662 4109 2721 4153 ut
2748 4099 3007 4153 virtutem
3037 4101 3194 4170 cujus
3226 4098 3511 4155 nobiscum

1930 4205 2057 4258 pars
2085 4190 2316 4243 maxima
2348 4190 2439 4253 sit,
2474 4190 2811 4244 timeamus?

2001 4282 2319 4347 Enimvero,
2348 4295 2406 4337 ut
2435 4284 2560 4352 quis
2586 4284 2667 4339 eis
2707 4285 2972 4338 auxilium
3016 4283 3241 4353 quidem
3284 4283 3511 4353 pra‘texi

1931 4374 2098 4439 dicat,
2148 4390 2338 4429 revera
2392 4385 2571 4430 tamen
2621 4376 2809 4430 venire
2862 4375 3166 4446 imperandi
3216 4375 3517 4443 cupiditate

236 4481 347 4526 τας
382 4466 472 4517 καὶ
496 4465 594 4534 τῆς
627 4466 857 4527 πόλεως,
882 4464 1140 4536 ἔρχεσθαι
1167 4480 1181 4494 ⁸
1220 4467 1482 4534 πρότερον
1542 4465 1712 4535 ἐχρῆν
1737 4465 1822 4533 ἐφ’

1931 4466 2218 4536 impulsos,
2263 4475 2319 4521 et
2364 4476 2423 4521 ut
2475 4468 2630 4522 urbis
2678 4467 2981 4537 potiantur,
3022 4471 3312 4539 Oportebat
3358 4472 3515 4539 prius

233 4554 456 4607 ἑαυτῶν
514 4553 1004 4625 βουλευσαμένους,
1052 4556 1277 4610 καὶτὸν
1334 4556 1505 4616 δόλον.
1540 4558 1614 4621 ὡς
1669 4561 1815 4629 ἐνῆν,

232 4648 672 4712 συσκιάσαντας,
708 4649 880 4712 οὕτως
907 4652 1243 4721 ἐπιχειρεῖν
1274 4651 1370 4704 νῦν
1410 4652 1454 4704 δ’
1488 4652 1660 4721 ῐσμεν.
1690 4655 1819 4716 ὅσας

229 4738 351 4809 μὲν
404 4739 702 4808 πρεσϐείας
776 4745 804 4793 ὁ
868 4740 1120 4809 βασιλεὺς
1194 4743 1288 4794 ἐπὶ
1363 4745 1535 4797 ταῦτα
1603 4746 1821 4815 κεκίνη-

227 4850 363 4896 κεν,
400 4834 559 4893 ὅσους
588 4833 633 4886 δ’
665 4834 821 4887 αὐτοὶ
861 4834 1023 4887 πάλιν
1076 4835 1507 4889 ἀνταπέστειλαν
1538 4838 1817 4907 πρέσϐεις.

223 4925 767 4993 παρασκευάζεσθαι
820 4929 984 4994 σφᾶς.
1019 4928 1112 4981 καὶ
1161 4929 1361 4997 μηκέτι
1397 4930 1688 4999 μελλήσειν
1719 4948 1823 4998 μη-

221 5019 493 5080 νύοντας.
533 5018 696 5071 Ἀλλά
731 5022 824 5072 καὶ
857 5020 917 5083 ἐξ
955 5020 1244 5089 Ἰταλίαςή
1290 5020 1520 5089 δύναμις
1561 5025 1817 5087 ἐκινεῖτο,

226 5109 357 5164 καν
391 5110 512 5161 τότε
560 5110 927 5179 προύπέμψας
956 5111 1149 5181 ἄνδρα,
1200 5113 1540 5182 προεροῦντα
1585 5115 1705 5183 μὲν,
1745 5116 1820 5178 ὼς

224 5202 349 5272 ᾕδη
376 5202 599 5261 τούτους
633 5202 1029 5273 προσδέχεσθαι
1066 5204 1207 5273 χρή·
1237 5205 1595 5273 φροντιοῦντα
1636 5207 1692 5259 δὲ
1726 5209 1821 5259 καὶ

221 5291 356 5345 τῶν
381 5292 699 5359 ἀναγκαίων
721 5332 736 5355 ,
773 5294 866 5346 καὶ
914 5295 1055 5346 ὅσων
1083 5296 1456 5364 στρατεύματι
1492 5295 1591 5350 δεῖ.
1618 5292 1728 5348 Ἦν
1765 5297 1822 5348 δὲ

222 5376 398 5443 οὗτος
424 5382 521 5451 οὐχ
552 5383 579 5434 ὁ
603 5383 779 5451 τυχών
803 5400 817 5414 ⁸
848 5384 985 5437 ἀλλά
1017 5388 1289 5450 κάκείνοις
1319 5372 1543 5451 οἰκεῖος.
1574 5389 1667 5440 καὶ
1689 5390 1819 5453 παρ’

224 5476 378 5542 ἡμῖν
413 5474 606 5545 συχνὶν
651 5476 963 5547 διατρίψας,
1011 5480 1104 5531 καὶ
1138 5482 1332 5549 πεῖραν
1367 5481 1580 5544 εὐνοίας
1608 5481 1685 5550 τῷ
1727 5482 1823 5551 βα-

227 5566 389 5620 σιλεῖ
410 5567 684 5631 δεδωκὼς,
713 5572 809 5623 καὶ
834 5572 900 5623 δι’
923 5564 984 5623 οὗ
1014 5571 1231 5639 μάλισθ’
1255 5575 1282 5624 ὁ
1311 5573 1567 5640 βασιλεὺς
1598 5573 1822 5637 τούτους

227 5654 453 5712 ἐκάλει.
488 5658 548 5711 El
579 5660 759 5712 τοίνυν
814 5663 932 5729 μετ’
960 5664 1178 5733 ἀπάτης
1223 5664 1501 5731 ἠϐούλονθ’
1532 5669 1665 5736 ἡμῖν
1706 5668 1823 5718 ἐπι-

227 5747 455 5816 θέσθαι,
486 5751 587 5804 τίν⁹
619 5750 735 5823 εἶχε
768 5755 920 5823 λόγον
948 5758 1129 5820 αὐτοῖς
1158 5758 1446 5828 προλέγειν
1474 5761 1571 5829 τὴν
1594 5758 1778 5829 ἔφοδον
1803 5777 1816 5825 ;

1924 4559 2066 4629 apud
2119 4560 2268 4628 ipsos
2314 4560 2708 4627 deliberantes,
2758 4561 3081 4631 dolumque,
3131 4572 3188 4616 ut
3242 4562 3511 4642 licuisset,

1924 4651 2337 4716 adumbrantes,
2388 4653 2467 4707 sic
2503 4668 2617 4708 rem
2648 4654 2867 4724 aggredi
2899 4672 2912 4708 :
2947 4670 3094 4708 nunc
3126 4669 3256 4707 vero
3305 4654 3512 4708 scimus

1925 4760 2089 4812 quam
2136 4745 2325 4800 multis
2370 4746 2670 4816 imperator
2710 4747 3079 4818 legationibus
3112 4748 3177 4800 ad
3216 4746 3329 4800 haec
3363 4745 3511 4798 viros

1925 4839 2345 4905 provocaverit;
2385 4850 2629 4908 quotque
2665 4838 2741 4891 illi
2792 4839 3033 4892 vicissim
3089 4838 3296 4891 nuntiis
3334 4836 3510 4889 desti-

1925 4927 2090 4991 natis,
2131 4928 2401 4979 adornare
2438 4928 2691 4989 classem,
2745 4943 2848 4980 nec
2891 4943 2949 4980 se
2997 4929 3137 4979 ultra
3197 4934 3511 4979 moraturos

1925 5017 2378 5087 significaverim.
2415 5019 2557 5083 Quin
2583 5020 2694 5085 jam
2728 5018 2975 5091 exercitu
3006 5020 3074 5071 ab
3104 5017 3256 5071 Italia
3294 5030 3512 5070 moven-

1926 5122 1999 5176 te,
2035 5110 2138 5165 sub
2173 5111 2351 5180 ipsum
2397 5112 2691 5165 articulum
2748 5111 2925 5163 virum
2978 5111 3382 5180 praemiserunt,
3413 5110 3512 5177 qui

1926 5202 2142 5269 iamjam
2178 5206 2578 5270 exspectandos
2618 5200 2959 5275 praediceret,
2996 5203 3082 5256 cui
3118 5201 3282 5255 etiam
3319 5215 3511 5255 neces-

1925 5296 2196 5347 sariorum
2247 5309 2376 5347 cura
2412 5294 2777 5355 incumberet,
2811 5309 2875 5348 ac
2916 5296 2971 5349 in
3022 5295 3325 5349 exercitum
3358 5309 3509 5349 com-

1926 5396 2139 5440 meatus
2170 5387 2432 5456 provisio.
2476 5387 2523 5441 ls
2553 5399 2734 5442 autem
2764 5403 2870 5443 non
2903 5388 3070 5442 homo
3096 5388 3333 5458 vulgaris
3359 5397 3501 5450 erat,

1924 5480 2018 5533 sed
2065 5490 2119 5533 et
2171 5482 2304 5548 ipsis
2361 5480 2663 5543 familiaris,
2718 5496 2783 5534 ac
2832 5481 3147 5550 frequenter
3200 5481 3345 5551 apud
3404 5496 3511 5534 nos

1926 5582 2195 5634 versatus,
2224 5573 2427 5641 quique
2471 5574 2751 5628 bonevola:
2786 5574 2982 5629 mentis
3022 5576 3300 5645 specimen
3334 5574 3506 5642 impe-

1928 5665 2093 5719 ratori
2141 5665 2523 5720 exhibuisset:
2561 5668 2718 5736 cojus
2766 5668 3003 5736 denique
3058 5668 3289 5722 maxime
3334 5682 3499 5735 opera

1928 5759 2226 5829 imperator
2259 5760 2379 5814 il!os
2411 5760 2723 5817 advocaret.
2757 5760 3038 5830 Siquidem
3085 5776 3213 5827 ergo
3255 5760 3507 5814 fraudem
