3862 6220
348 295 443 354 991

1611 261 1615 265 ’
1639 300 2017 361 DEMETlul
2058 302 2369 363 CYDONH

3484 308 3599 369 ‘3'}?

347 411 543 464 facturi
584 411 885 467 voluissent
922 415 1045 467 iuva
1072 414 1206 477 lere,
1244 414 1373 481 quid
1413 416 1643 471 rationis
1676 428 1734 471 ut
1774 419 1926 472 inva-

2057 420 2107 470 )ὖ
2134 422 2241 489 γὰρ
2274 420 2339 490 δὴ
2369 420 2431 474 τό
2465 423 2516 489 γ’
2550 422 2614 476 ἐκ
2655 420 3017 496 προρρήσεως
3060 427 3321 497 πολεμεῖν
3368 429 3599 497 ἀσφαλέα

349 508 559 559 sionem
592 507 983 575 praedicerent?
1006 508 1112 561 Nec
1143 510 1289 561 enim
1322 509 1425 563 hoc
1459 510 1652 574 tutius,
1688 520 1747 564 ut
1775 511 1930 567 hoste

356 599 684 665 praemonito
725 599 791 651 ad
844 599 1043 652 bellum
1077 601 1400 670 accingaris.
1442 600 1538 655 Sin
1566 614 1746 657 autem
1783 605 1931 674 quis,

357 689 576 743 tametsi
623 690 1107 757 prwscutientibus
1141 693 1298 747 nobis
1345 693 1481 748 nihil
1526 694 1655 748 inde
1701 698 1936 766 amplius

355 781 470 836 fore
504 782 727 846 dixerit,
761 784 891 850 quid
920 784 1032 852 jam
1078 800 1171 838 eos
1206 786 1443 840 ludenda
1478 786 1661 841 fabula
1702 805 1764 842 ac
1793 792 1939 844 deci-

356 874 556 944 piendo
584 886 859 942 spectasse
905 876 1184 931 dicemus?
1228 879 1330 933 nisi
1362 880 1486 949 quis
1520 881 1670 935 nullo
1700 895 1797 935 eos
1831 881 1936 935 fine

356 983 518 1033 agere
548 967 771 1022 dixerit.
804 969 1121 1033 Enimvero,
1150 971 1201 1022 id
1232 971 1297 1024 de
1323 973 1524 1026 nostris
1553 973 1703 1027 hisce
1727 988 1939 1027 sermo-

362 1060 522 1112 nibus
571 1060 836 1126 probabili
885 1063 1055 1130 magis
1082 1063 1294 1116 ratione
1328 1064 1531 1117 dictum
1574 1065 1845 1127 videatur,
1879 1074 1940 1119 ut

358 1167 453 1205 eos
477 1153 746 1220 jactetnus
780 1162 1007 1217 temere,
1040 1156 1361 1223 nullumque
1386 1158 1747 1210 ccutendeudi
1774 1156 1937 1211 finem

360 1244 648 1310 faciamus,
698 1246 789 1314 qui
825 1247 1113 1300 sedeamus
1145 1248 1299 1301 lucro
1332 1247 1681 1315 deputantes,
1720 1257 1774 1300 nt
1808 1249 1939 1316 quid

361 1338 609 1391 criminis
640 1340 825 1393 studio
852 1340 1171 1403 inferamus,
1210 1350 1267 1393 ut
1299 1340 1421 1409 quis
1451 1340 1587 1394 bene
1621 1341 1750 1395 velit
1798 1342 1943 1396 Prte~

363 1436 703 1490 terea‘vcro,
754 1447 857 1484 non
906 1432 1020 1486 base
1070 1432 1302 1485 Romani
1350 1449 1379 1487 a
1422 1434 1667 1501 patribus
1715 1434 1939 1498 habent,

363 1537 465 1574 nec
495 1523 665 1593 eisga
698 1522 920 1576 ferenda
979 1534 1072 1576 aut
1114 1531 1341 1590 cognata
1385 1532 1533 1585 sunt,
1574 1521 1751 1590 inquit
1779 1522 1945 1593 juris—

363 1614 804 1668 consultissimns
855 1615 964 1668 ille.
996 1615 1273 1680 Quosnam
1313 1616 1459 1668 enim
1512 1614 1724 1683 priores
1778 1614 1941 1668 nobis

365 1705 726 1774 decipientes.
764 1708 842 1759 sic
884 1706 950 1761 dc
1001 1707 1135 1775 ipsis
1186 1706 1498 1776 suspicandi
1548 1721 1733 1759 ansam
1785 1706 1945 1759 nobis

365 1796 689 1861 praebuere?
736 1796 1048 1861 Enimvero,
1105 1797 1400 1850 multorum
1452 1797 1714 1865 quidem,
1744 1799 1944 1865 rogati,

368 1890 575 1956 patrias
614 1889 958 1942 vindicarunt
999 1904 1063 1942 ac
1109 1888 1453 1954 libertatem;
1502 1899 1560 1943 ut
1594 1898 1774 1943 autem
1824 1889 1949 1958 quis

368 1996 561 2033 eorum
599 1996 785 2044 causa,
818 1996 979 2048 quam
1012 1996 1137 2048 spes
1164 1992 1341 2042 erant,
1370 1982 1611 2036 deterior
1641 1982 1947 2048 recesserit,

368 2086 530 2132 nemo
579 2071 845 2125 hactenus
893 2074 1181 2127 ostendere
1235 2074 1427 2142 possit.
1476 2074 1617 2139 Quin
1664 2074 1803 2142 apud
1855 2088 1950 2128 eos

368 2164 507 2217 adeo
536 2163 712 2217 virtus
748 2166 857 2219 haec
890 2181 1099 2219 summa
1134 2175 1218 2218 est
1258 2181 1322 2219 ac
1352 2181 1707 2233 exsuperans,
1745 2178 1804 2221 ut
1849 2181 1951 2221 nec

368 2256 513 2309 desit
551 2257 643 2324 qui
681 2265 733 2309 et
767 2258 877 2325 jam
913 2257 1161 2310 stultitiae
1185 2273 1247 2309 ea
1286 2265 1437 2325 parte
1463 2269 1707 2313 accuset.

443 2346 657 2414 Quippe
687 2346 810 2415 quis
853 2347 982 2410 fuit,
1025 2361 1121 2414 pro
1156 2361 1413 2413 agrorum
1446 2346 1646 2400 finibus
1678 2347 1826 2401 litem
1858 2347 1948 2401 alii

373 2438 673 2504 intentans,
708 2454 769 2493 ac
800 2438 867 2493 de
901 2439 964 2493 iis
990 2455 1113 2493 cmn
1153 2456 1217 2493 eo
1253 2440 1577 2508 diglaulians.
1632 2439 1733 2494 Ubi
1788 2455 1951 2509 porro

372 2541 547 2583 morte
578 2530 772 2584 habuit
804 2530 1051 2601 defungi,
1083 2532 1321 2585 moriens
1353 2532 1484 2601 ipse.
1522 2532 1756 2585 filiorum
1788 2542 1952 2601 atque

375 2622 564 2675 uxoris
611 2632 917 2676 curatorem
973 2624 1228 2677 aamulum
1260 2636 1335 2676 ex
1366 2631 1689 2677 testamento
1720 2626 1953 2695 inscrip-

373 2712 466 2765 sit.
510 2712 585 2765 Ac
614 2712 834 2780 quidem
881 2712 995 2776 ille,
1030 2715 1079 2767 ei
1133 2717 1372 2768 moriens
1410 2713 1658 2775 confidit,
1713 2732 1950 2784 quocum

372 2804 567 2857 vivens
598 2821 777 2874 pugna
805 2807 1199 2860 contendisset.
1241 2807 1391 2861 Alter
1413 2816 1595 2861 autem
1627 2807 1791 2862 rebus
1821 2809 1953 2878 ipsis

376 2896 689 2965 opinionem
721 2896 1091 2961 confirmavit,
1138 2896 1423 2965 indignum
1462 2912 1525 2951 ac
1571 2898 1951 2968 turpissimum

376 2999 547 3046 ratus.
580 2997 637 3041 ut
667 2988 966 3041 adversarii
1009 2988 1076 3040 de
1111 2988 1228 3057 ipso
1260 2988 1508 3050 meliora,
1543 3005 1704 3058 quam
1737 2990 1849 3058 ipse
1886 2990 1953 3044 de

2035 529 2124 562 στε
2137 529 2248 579 ρον.
2284 505 2350 565 η
2375 514 2430 567 δέ
2459 516 2555 568 καὶ
2574 519 3057 587 προαισθομένοις,
3085 520 3239 573 οὐδὲν
3263 520 3424 574 ἔσται
3455 521 3605 575 πλέον

2035 605 2189 671 ἡμῖν,
2232 605 2394 673 φήσει
2434 622 2540 668 τις,
2574 608 2717 670 τίνος
2744 608 2932 662 λοιπὸν
2973 612 3170 673 αὐτοὺς
3198 611 3444 681 ἐροῦμεν
3478 614 3608 666 ἀπα-

2034 695 2245 757 τῶντας
2277 696 2665 766 στοχάζεσθαι;
2707 702 2756 752 ει
2789 702 2864 772 μή
2897 718 2982 764 τις
3029 705 3165 770 πρὸς
3210 705 3385 773 μηδὲν
3433 706 3610 767 αὐτοῖς

2037 786 2177 840 εἴποι
2211 786 2430 856 βλέπειν
2461 791 2560 853 τὰς
2600 793 2849 862 πράξεις.
2895 793 3058 847 Ἀλλά
3092 798 3223 865 περὶ
3263 796 3375 848 τῶν
3418 799 3616 865 ἡμετέ-

2042 894 2149 947 ρων
2183 882 2410 935 τουτωνὶ
2434 882 2610 951 λόγων
2640 884 3011 956 πιθανώτερον
3042 888 3201 941 τοῦτο
3230 888 3487 955 δοξάζειν
3508 905 3521 918 ·
3548 889 3617 950 ὡς

2039 969 2164 1039 εἰκῆ
2203 972 2428 1036 τούτους
2460 976 2746 1044 ρίπτομεν,
2782 979 2873 1031 καὶ
2902 979 3077 1049 πέρας
3134 982 3267 1049 ἡμῖν
3321 982 3484 1034 οὐδὲν
3526 982 3621 1047 τῆς

2040 1062 2467 1130 φιλονεικίας,οἴ
2487 1083 2546 1135 γε
2573 1070 2863 1138 καθήμεθα
2894 1072 3085 1140 κέρδος
3109 1072 3450 1139 νομίζοντες,
3480 1073 3549 1125 ἄν
3578 1089 3626 1123 τι

2040 1157 2168 1215 τοὺς
2202 1153 2260 1211 εὖ
2294 1161 2468 1213 ποιεῖν
2509 1160 2872 1233 βουλομένους
2915 1162 3314 1232 αίτιασώμεθα.
3351 1164 3553 1233 Χωρὶς
3578 1163 3631 1215 δὲ

2039 1248 2245 1302 τούτων
2274 1251 2373 1305 οὐκ
2422 1246 2490 1323 ἦν
2532 1251 2706 1306 ταῦτα
2762 1254 3057 1323 Ῥωμαίοις
3085 1256 3313 1323 πάτρια,
3352 1253 3471 1306 οὐδ’
3514 1255 3637 1306 ἀνε-

2042 1341 2170 1406 κτὰ,
2198 1342 2308 1395 οὐδ’
2340 1342 2580 1412 ἔμφυτα,
2632 1345 2797 1413 φησὶν
2823 1347 2850 1397 ὁ
2890 1344 3122 1413 μάλιστα
3175 1345 3333 1407 εἰδὼς
3380 1345 3637 1414 συμϐουο

2042 1434 2240 1487 λεύειν.
2271 1436 2436 1499 Τίνας
2472 1436 2579 1503 γάρ
2624 1436 2816 1500 ἄλλους
2863 1439 2969 1509 πρὸ
3013 1437 3169 1507 ἡμῶν
3213 1439 3637 1506 ἀπατήσαντες,

2044 1527 2216 1580 ταῦτα
2241 1530 2520 1596 παρέσχον
2547 1530 2680 1595 ἡμῖν
2711 1531 2840 1600 περὶ
2870 1528 3048 1582 αὐτῶν
3075 1528 3445 1594 ὑποπτεύειν;
3472 1528 3641 1582 Ἀλλά

2050 1622 2157 1687 μὴν
2183 1619 2400 1682 πολλοῖς
2442 1620 2543 1687 μέν
2573 1621 2786 1674 ἐσωσαν
2817 1621 3058 1691 δεηθεῖσι
3092 1624 3191 1685 τὰς
3227 1623 3516 1690 πατρίδας
3549 1624 3642 1675 καὶ

2046 1711 2146 1780 τὴν
2178 1710 2492 1781 ἐλευθερίαν
2514 1730 2529 1744 ο
2576 1714 2722 1775 ὅστις
2759 1714 2815 1767 δέ
2847 1715 2912 1768 δι’
2945 1716 3145 1778 αὐτοὺς
3178 1717 3366 1785 χεῖρον
3395 1714 3521 1765 τῶν
3563 1715 3647 1766 ἐλ-

2050 1802 2217 1855 πίδων
2243 1803 2576 1873 ἀπήλλαξεν,
2613 1804 2712 1857 οὐκ
2744 1806 2810 1859 ἂν
2842 1805 2954 1875 ἔχοι
2983 1824 3068 1870 τις
3125 1807 3286 1876 μέχρι
3324 1805 3499 1875 δεῦρο
3534 1806 3647 1858 δει-

2050 1892 2262 1946 κνύναι.
2312 1896 2419 1947 Καὶ
2476 1897 2712 1964 τοσαύτη
2776 1896 2906 1967 παρ’
2960 1899 3145 1959 αὐτοῖς
3172 1900 3317 1950 ἐστιν
3356 1896 3458 1961 τῆς
3507 1897 3647 1965 περὶ

2048 1986 2203 2039 ταῦτ’
2240 1988 2445 2057 ἀρετῆς
2493 1991 2525 2058 ή
2582 1989 2880 2060 ὑπερϐολὴ,
2913 1990 3039 2043 ὥστ’
3071 1992 3171 2061 ήδη
3205 2008 3287 2053 τις
3335 1991 3403 2043 ἂν
3444 1991 3647 2042 αὖτῶν

2052 2082 2181 2151 περὶ
2210 2080 2384 2134 ταῦτα
2412 2084 2505 2135 καὶ
2536 2082 2789 2153 εὐήθειαν
2820 2082 3141 2152 καταγνοίη.

2127 2344 2345 2398 Τούτων
2372 2344 2481 2416 γάρ
2511 2346 2659 2399 ἐστιν
2700 2348 2726 2400 ὁ
2768 2346 3003 2414 πόλεμον
3034 2348 3172 2418 πρός
3200 2365 3319 2401 τινα
3348 2350 3487 2417 περὶ
3541 2352 3651 2418 γῆς
3704 2324 3715 2335 ⁸

2052 2438 2191 2507 ὅρων
2235 2436 2537 2504 ἐξενεγκὼν
2560 2454 2577 2471 ο
2613 2437 2735 2491 ἐπεὶ
2780 2438 2826 2491 δ’
2871 2437 3155 2505 ἀποθάνοι,
3189 2440 3284 2509 τῆς
3315 2442 3515 2510 χώρας
3551 2447 3651 2496 καὶ

2052 2530 2145 2583 τοῦ
2174 2530 2364 2593 παιδὸς
2399 2532 2798 2601 ἀποσχόμενος,
2837 2534 2944 2595 an,
2990 2534 3145 2603 φησὶ,
3182 2534 3451 2586 τελευτῶν
3482 2538 3516 2588 ὁ
3553 2555 3651 2588 πο·

2052 2620 2260 2691 λέμιος,
2292 2625 2413 2685 ταῖς
2453 2622 2744 2691 διαθήκαις
2775 2624 2980 2677 παίδων
3033 2625 3126 2677 καὶ
3177 2626 3438 2692 γυναικὸς
3468 2629 3652 2679 αὑτὸν

2054 2712 2393 2783 ἐπιμελητὴν
2453 2712 2800 2783 παρέγραψε.
2854 2715 2965 2768 Καὶ
2998 2716 3025 2767 ὀ
3074 2714 3174 2784 μὲν
3230 2716 3460 2785 ἐθάρρει.
3500 2724 3649 2784 pati

2052 2803 2152 2874 τὴν
2184 2803 2464 2875 τελευτὴν,
2495 2798 2537 2872 ᾧ
2568 2804 2679 2869 ζῶν
2720 2806 3019 2876 ἐπολέμει·
3055 2809 3083 2859 ὁ
3111 2807 3157 2860 δ’
3193 2808 3284 2859 ἐπὶ
3312 2808 3427 2860 τῶν
3454 2826 3650 2877 πραγο

2058 2898 2245 2964 μάτων
2272 2895 2521 2949 ἐϐεϐαίου
2554 2897 2652 2965 τὴν
2684 2897 2842 2963 δόξαν
2862 2915 2877 2930 ·
2915 2898 3189 2966 αἴσχιστον
3213 2895 3352 2953 εἶναι
3397 2902 3654 2967 νομίζων

2058 2983 2297 3052 βελτίους
2328 2982 2472 3054 ἔχειν
2495 2987 2626 3055 περὶ
2649 2985 2814 3037 αὑτοῦ
2844 2988 2972 3049 τοὺς
3004 2988 3287 3055 δυσμενεῖς
3312 2988 3651 3057 ὑπολήψεις,

377 3095 434 3132 se
462 3081 692 3134 sentiret
721 3099 733 3134 :
765 3090 934 3149 utque
988 3080 1096 3133 illis
1130 3080 1528 3134 humanitatem
1573 3082 1833 3150 suffragio
1874 3098 1952 3138 as-

2060 3068 2134 3128 ὧν
2164 3074 2324 3140 αὐτὸς
2352 3079 2483 3145 περὶ
2506 3075 2702 3129 ἐαυτοῦ
2732 3093 2747 3111 ·
2773 3078 3058 3140 κάκείνους
3092 3078 3189 3148 μέν
3219 3078 3653 3149 φιλανθρωπίαν

377 3171 714 3229 serentilus.
758 3171 875 3238 ipse
932 3170 1037 3224 sibi
1100 3170 1444 3223 crudelitatis
1478 3172 1733 3223 conscius
1784 3182 1949 3227 esset.

377 3261 565 3330 l'aque
596 3278 785 3316 eorum
816 3261 1047 3316 laudans
1077 3262 1368 3315 consilium
1411 3262 1502 3330 qui
1545 3264 1665 3328 ejus
1715 3264 1789 3317 illi
1840 3265 1956 3318 ani-

380 3354 453 3406 mi
492 3364 746 3407 auctores
781 3353 1033 3417 fuissent,
1072 3354 1215 3407 haud
1250 3354 1450 3409 frustra
1503 3356 1784 3409 inimicum
1831 3372 1956 3427 spe-

379 3461 555 3510 rasse,
622 3446 787 3499 rebus
844 3446 1244 3516 comprobavit.
1306 3445 1444 3501 Cum
1506 3448 1649 3501 enim
1725 3464 1955 3515 puerum

379 3538 523 3601 apud
557 3554 614 3591 se
674 3539 960 3608 magnifice
1008 3537 1283 3600 educavit,
1317 3547 1429 3591 tum
1460 3538 1580 3607 ejus
1620 3540 1958 3608 principatus

379 3643 445 3684 ac
471 3631 835 3698 spectantium
865 3631 928 3684 ad
981 3631 1184 3701 ipsum,
1230 3644 1417 3684 curam
1455 3630 1675 3685 interim
1702 3631 1835 3700 egit,
1863 3630 1960 3684 do-

382 3704 483 3777 nec
516 3722 604 3775 ille
639 3723 759 3790 ejus
792 3723 1120 3776 educatione
1166 3738 1227 3776 ac
1256 3738 1414 3781 cura.
1444 3722 1607 3775 etiam
1665 3732 1818 3790 patre
1855 3721 1959 3774 im-

384 3816 537 3883 perio
570 3816 747 3885 aptior
781 3817 1135 3881 redderetur;
1192 3828 1417 3886 tumque
1473 3817 1659 3870 domui
1697 3816 1957 3885 przefccit,

384 3905 645 3959 idoneum
693 3906 804 3973 jam
855 3908 948 3975 qui
980 3923 1067 3962 res
1102 3908 1434 3962 domesticas
1465 3914 1754 3959 tutaretur.
1789 3906 1960 3960 Caete-

382 4011 502 4049 rum
539 3998 682 4065 qnod
728 3998 989 4067 deinceps
1017 3999 1268 4068 sequitur
1305 4013 1445 4068 quos
1497 4013 1603 4051 non
1645 3998 1863 4053 virtutis
1901 3998 1960 4051 li-

383 4086 582 4157 ιιιιὶῳιο
617 4089 750 4142 fines
793 4089 1038 4145 excedit?
1086 4089 1226 4144 Cum
1285 4091 1434 4143 enim
1488 4089 1726 4158 juvenis,
1779 4090 1961 4144 animo

380 4180 613 4247 juvenili
647 4196 711 4236 ac
757 4182 901 4235 a'tati
955 4196 1200 4247 congruo
1250 4190 1425 4247 esset;
1484 4182 1797 4250 nedumque
1854 4198 1960 4235 non

382 4282 655 4340 quaereret
682 4289 782 4343 pro
813 4272 1096 4327 beneficiis
1128 4272 1329 4342 quibus
1362 4272 1553 4327 fuisset
1586 4273 1815 4327 affectus
1837 4288 1961 4339 gra-

386 4365 516 4417 tiam
550 4365 797 4426 reddere,
834 4374 892 4418 ut
938 4365 1048 4434 jam
1100 4379 1319 4434 quolue
1368 4364 1636 4432 correptis
1693 4364 1860 4417 armis
1908 4364 1961 4417 in

2059 3169 2209 3237 αύτῷ
2239 3170 2563 3239 μαρτυρεῖν,
2595 3168 2743 3239 αύτῷ
2764 3170 2807 3223 δ’
2832 3171 2996 3223 αὐτὸν
3019 3171 3277 3241 ὡμότητα
3308 3172 3651 3227 συνειδέναι.

2058 3262 2266 3331 Τοιγὰρ
2305 3262 2399 3315 καὶ
2430 3259 2556 3322 τοὺς
2584 3260 2778 3329 ἐκείνῳ
2807 3260 3011 3330 ταύτην
3039 3262 3335 3324 δεδωκότας
3369 3265 3469 3333 τὴν
3506 3264 3653 3330 γνώ-

2061 3372 2167 3423 μην
2196 3354 2296 3423 τῆς
2328 3353 2642 3422 συμϐουλῆς
2675 3352 2994 3415 ἐπαινέσας,
3028 3353 3119 3405 ἐπὶ
3148 3352 3258 3407 τῶν
3288 3356 3654 3423 πραγμάτων

2058 3446 2149 3497 καὶ
2167 3444 2328 3507 αὐτὸς
2351 3446 2409 3497 οὗ
2450 3446 2629 3514 μάτην
2656 3443 2928 3513 ὴλπικότα
2962 3444 3053 3497 τὸν
3083 3445 3274 3512 ἐχθρὸν
3299 3446 3468 3497 ἀπεδε
3479 3446 3612 3499 ἱκνυ
3631 3463 3650 3478 ο

2060 3538 2281 3591 καὶτὸν
2322 3554 2382 3589 τε
2425 3536 2593 3588 παῖδα
2645 3536 2864 3605 τρέφων
2912 3537 3049 3605 παρ’
3085 3536 3264 3605 ἐαυτῷ
3311 3537 3651 3606 φιλοτίμως,

2061 3627 2156 3681 καὶ
2181 3627 2283 3696 τῆς
2310 3629 2486 3696 ἀρχῆς
2516 3628 2609 3678 καὶ
2654 3628 2763 3679 τῶν
2794 3626 2989 3696 ἐκείνῳ
3019 3626 3385 3696 διαφερόντων
3439 3629 3648 3699 ἐπιμε-

2059 3720 2318 3787 λούμενος
2366 3720 2662 3787 διεγένετο,
2729 3718 2835 3781 ἕως
2892 3720 3098 3772 ἐκεῖνον
3149 3722 3212 3786 τῇ
3260 3719 3393 3788 παρ’
3441 3722 3648 3774 ἑαυτοῦ

2059 3814 2233 3882 τροφῇ
2269 3812 2360 3863 καὶ
2413 3812 2608 3882 μελέτῃ
2668 3812 2759 3863 καὶ
2791 3809 2886 3863 τοῦ
2923 3812 3127 3879 πατρὸς
3164 3811 3359 3880 βελτίω
3412 3812 3555 3881 πρὸς
3592 3815 3653 3867 τὸ

2062 3906 2248 3974 ἄρχειν
2275 3904 2549 3972 ἀπέδειξε,
2574 3905 2669 3957 καὶ
2698 3904 2816 3957 τότε
2842 3904 2943 3973 τῆς
2968 3904 3175 3966 οἰκείας
3202 3904 3425 3973 ἐφίστη,
3459 3906 3656 3960 ἱκανὸν

2062 3998 2356 4067 γενόμενον
2391 3995 2587 4059 σώζειν
2612 3997 2680 4049 τὰ
2716 3998 2876 4050 οῐκοι.
2914 3996 2985 4048 Τὸ
3014 3996 3060 4048 δ’
3092 3995 3294 4064 ἐφεξῆς
3325 3997 3484 4060 τίνας
3518 3999 3656 4068 ἀρε.

2063 4088 2160 4156 τῆς
2210 4090 2304 4141 κα)⁵
2339 4090 2579 4150 πίστεως
2626 4088 2787 4154 ὅρους
2836 4087 2935 4155 οὐχ
2988 4086 3347 4156 ὑπερϐαίνεις
3384 4088 3494 4141 Τοῦ
3546 4095 3656 4160 γὰρ

2064 4179 2184 4231 νέου
2218 4178 2627 4247 συμϐαίνουσαν
2656 4179 2872 4248 ἔχοντος
2911 4181 3005 4231 καὶ
3035 4181 3133 4247 τὴν
3159 4178 3392 4249 γνώμην
3434 4186 3501 4251 τῇ
3539 4186 3653 4253 ﬁl:-

2065 4272 2179 4343 κίᾳ,
2216 4272 2310 4325 καὶ
2359 4270 2569 4325 τοσοῦτ’
2602 4273 2941 4339 ἀποσχόντος
2980 4266 3055 4325 ὧν
3088 4267 3145 4325 εὖ
3181 4272 3446 4325 πεπόνθει
3490 4278 3651 4344 χάριν

2068 4362 2250 4433 ζητεῖν
2276 4363 2590 4426 ἀποδοῦναι,
2621 4362 2751 4416 ὥστ⁹
2782 4364 2884 4434 ήδη
2915 4364 3009 4416 καὶ
3030 4362 3097 4415 τὰ
3127 4363 3268 4416 ὅπλα
3295 4366 3644 4433 ἁρπάσαντα,

384 4472 508 4510 eum
546 4458 887 4525 procederet,
928 4457 1022 4525 qui
1063 4457 1233 4525 patris
1265 4457 1471 4527 justius
1497 4472 1657 4526 quam
1691 4457 1952 4510 curatoris

2068 4456 2264 4523 χωρεῖν
2292 4455 2385 4507 ἐπὶ
2421 4455 2512 4506 τὸν
2540 4455 2877 4525 δικαιότερον
2914 4454 2978 4506 ἂν
3024 4456 3237 4523 πατέρα
3279 4454 3312 4524 ἢ
3346 4458 3649 4524 ἐπίτροπον

384 4545 629 4597 omnium
658 4544 915 4614 suffragio
950 4560 1149 4599 nomen
1191 4546 1455 4611 referret;
1497 4540 1604 4608 ille,
1648 4561 1747 4600 nec
1782 4545 1961 4599 illatas

383 4651 411 4688 a
445 4646 599 4704 patre
641 4636 873 4705 injurias
914 4637 966 4689 in
1024 4637 1343 4691 memoriam
1399 4637 1697 4699 revocavit,
1752 4652 1851 4690 nec
1905 4636 1958 4690 in

378 4726 601 4793 juvenis
644 4726 734 4779 illa
786 4726 1001 4789 deliria,
1038 4735 1096 4779 ut
1148 4742 1247 4796 par
1281 4737 1421 4794 erat,
1451 4736 1536 4781 est
1568 4728 1960 4793 exacerbatus;

384 4834 488 4873 nec
516 4819 753 4888 denique
781 4820 891 4889 egit
916 4820 1118 4889 gratias
1160 4819 1414 4882 fortunae,
1442 4820 1604 4873 dante
1626 4820 1745 4889 ejus
1771 4805 1961 4873 ansam

385 4912 639 4977 stuititia,
676 4923 735 4966 ut
781 4928 879 4967 sua
928 4913 1041 4981 ipse
1094 4928 1288 4984 eaque,
1325 4927 1420 4981 pro
1455 4911 1656 4981 quibus
1690 4919 1815 4963 ante
1863 4910 1962 4963 de-

386 5015 741 5074 pugnaverat,
780 5007 1080 5076 reciperet;
1122 5007 1253 5075 qnin
1303 5007 1435 5068 imo,
1485 5004 1720 5059 mirabili
1774 5019 1965 5058 arces-

386 5100 539 5155 sionc
592 5102 922 5171 principiqu
960 5116 1181 5171 augere,
1231 5100 1374 5153 nulla
1411 5100 1528 5168 ipse
1555 5100 1657 5153 alia
1689 5098 1962 5161 mercede,

386 5208 549 5261 quam
576 5208 770 5247 eorum
811 5193 904 5262 qui
959 5192 1213 5261 injuriam
1266 5191 1458 5245 fecisse
1509 5189 1816 5245 videantur.
1875 5190 1965 5245 Sic

390 5298 523 5338 vero
552 5283 718 5337 etiam
772 5299 891 5352 quae
936 5285 1106 5352 patris
1132 5294 1315 5338 essent
1349 5283 1402 5336 iu
1436 5282 1840 5336 adolescentem
1874 5298 1965 5336 su-

393 5394 585 5446 perare
618 5377 919 5438 contendit,
966 5385 1026 5429 ut
1053 5375 1273 5447 quidem
1327 5386 1551 5443 paterna
1610 5376 1811 5445 majora
1849 5375 1965 5443 pie-

393 5482 502 5525 tate
555 5471 752 5537 fcrrct;
807 5470 1063 5537 velutque
1128 5483 1227 5535 pro
1285 5466 1442 5537 pueri
1496 5467 1791 5536 petulantia
1842 5482 1969 5519 cru-

392 5562 625 5618 bescens
654 5564 791 5631 ipse,
827 5578 895 5615 ne
932 5562 1059 5630 quis
1099 5562 1219 5630 ejus
1257 5576 1376 5615 eam
1427 5559 1831 5629 improbitatem
1868 5574 1969 5627 pu—

394 5656 637 5717 twisset,
660 5655 796 5709 alios
827 5654 1049 5708 dicebat
1082 5653 1299 5723 juvenis
1342 5653 1585 5706 animum
1626 5651 1693 5705 ad
1725 5666 1788 5705 ea
1833 5650 1967 5703 inei-

396 5760 509 5798 tare
538 5761 552 5797 :
590 5746 845 5800 mouebat
872 5762 999 5800 vero
1026 5754 1086 5799 ut
1122 5744 1292 5798 malos
1330 5742 1595 5810 ejusmodi
1626 5741 1969 5798 consiliarios

2064 4545 2169 4598 ὑπὸ
2200 4546 2421 4598 πάντων
2452 4545 2722 4616 κληθέντα
2743 4561 2755 4573 ·
2791 4547 2999 4610 ἐκεῖνος
3027 4541 3229 4600 οὗθ’ὦν
3267 4548 3374 4601 ὑπὸ
3406 4550 3505 4602 τοῦ
3548 4568 3648 4602 πα·

2066 4633 2193 4701 τρὺς
2222 4634 2469 4703 ἠδίκητο,
2505 4633 2845 4701 ἀνεμνήσθη,
2894 4634 3017 4686 οὔτε
3051 4637 3188 4703 πρὸς
3234 4637 3361 4698 τοὺς
3393 4638 3493 4689 τοῦ
3527 4638 3645 4691 νέου

2066 4725 2291 4796 λήρους,
2330 4726 2405 4787 ὡς
2436 4725 2604 4787 εἰκὸς,
2654 4725 3005 4795 παρωξύνθη,
3038 4725 3161 4778 οὔτε
3194 4730 3259 4794 τῇ
3309 4726 3453 4799 τύχῃ
3487 4731 3648 4800 χάριν

2066 4816 2229 4884 ἔγνω,
2257 4817 2355 4887 τῆς
2391 4817 2601 4870 ἐκείνου
2629 4816 2841 4885 μωρίας
2870 4817 3062 4886 καιρὸν
3096 4821 3532 4888 παρασχομένης
3567 4837 3645 4872 κοη

2072 4909 2333 4978 μίσασθαι
2363 4909 2460 4977 μὲν
2493 4908 2561 4961 τὰ
2588 4909 2766 4962 οἰκεῖα
2811 4910 2902 4961 καὶ
2934 4908 3076 4978 ὑπερ
3104 4902 3179 4962 ὧν
3221 4910 3496 4980 πρότερον
3525 4915 3645 4963 ἐπο-

2068 5002 2259 5071 λέμειο
2292 5000 2578 5070 θαυμαστῇ
2622 5000 2677 5053 δέ
2712 5018 2819 5053 τινι
2866 5000 3153 5070 προσθήκῃ
3200 5000 3303 5071 τὴν
3329 5001 3510 5070 ἀρχὴν
3556 5003 3645 5055 αξ.

2070 5093 2254 5160 ξῆδαι,
2306 5092 2685 5161 προσλαϐόντα
2724 5092 2793 5144 τὰ
2841 5092 2949 5145 τῶν
2989 5091 3272 5162 ὕϐρικέναι
3304 5093 3639 5146 δοκυὺντωνο

2070 5184 2185 5237 ἀλλ’
2227 5182 2372 5237 οὕτω
2422 5183 2518 5235 καὶ
2561 5184 2631 5236 τὰ
2667 5181 2761 5235 τοῦ
2808 5182 3016 5253 πατρὸς
3062 5184 3503 5251 ὑπερϐάλλεσθαι
3533 5188 3637 5246 τοῖς

2070 5279 2148 5336 εἰς
2175 5276 2266 5327 τὸν
2294 5276 2413 5326 νέον
2442 5274 2834 5342 ἐφιλονείκησε,
2882 5273 3013 5325 ὥστ’
3044 5273 3303 5342 ἠνέσχετο
3348 5274 3475 5342 μὲν,
3507 5278 3637 5328 ὅσων

2070 5368 2179 5420 οὐδ’
2202 5367 2267 5420 ἂν
2284 5367 2493 5428 ἐκεῖνος
2511 5385 2526 5399 ο
2557 5366 2749 5437 ὥσπερ
2778 5366 2824 5445 δξ
2851 5366 2991 5435 ὑπὲρ
3021 5359 3096 5419 ὧν
3120 5366 3449 5434 ἠσέλγαινεν
3474 5371 3502 5420 δ
3521 5370 3641 5427 παῖς

2070 5460 2484 5529 αἰσχυνόμενος,
2527 5460 2599 5529 μή
2637 5476 2721 5521 τις
2758 5458 2923 5511 αὑτοῦ
2949 5458 3048 5529 τήν
3078 5460 3486 5528 ἀγνωμοσύνην
3512 5463 3644 5513 hisi-

2072 5572 2169 5621 νην
2194 5553 2411 5625 νομίσῃ,
2438 5551 2632 5611 ἄλλους
2657 5551 2840 5617 ἔλεγεν
2871 5546 3010 5602 εἶναι
3032 5550 3155 5612 τοὺς
3177 5550 3339 5602 αὑτὸν
3362 5552 3461 5603 ἐπὶ
3480 5553 3640 5605 ταῦτα

2076 5644 2436 5711 κεκινηκότας
2462 5659 2476 5672 ·
2512 5642 2675 5695 αὑτὸν
2708 5642 2763 5694 δέ
2792 5641 3025 5711 παρῄνει
3057 5643 3180 5703 τοὺς
3205 5642 3481 5709 πονηροὺς
3517 5659 3643 5709 00;;-

2078 5738 2302 5801 δούλους
2343 5737 2672 5808 μισήσαντα,
2722 5733 2830 5785 τῶν
2876 5731 2969 5785 τοῦ
3002 5731 3205 5801 πατρὸς
3248 5731 3529 5800 διαθηκῶν
3553 5736 3639 5784 καὶ
