  <div class='ocr_page' id='page_1' title='image "/cluster/home/n/w/nwhite01/storage/ocr_20150623/154/hvd.32044073505299/530.png"; bbox 0 0 3862 6220; ppageno 0'>
   <div class='ocr_carea' id='block_1_1' title="bbox 241 339 345 402">
    <p class='ocr_par' dir='ltr' id='par_1_1' title="bbox 241 339 345 402">
     <span class='ocr_line' id='line_1_1' title="bbox 241 339 345 402; baseline 0.019 -3"><span class='ocrx_word' id='word_1_1' title='bbox 241 339 345 402; x_wconf 76' lang='lat'><strong>997</strong></span> 
     </span>
    </p>
   </div>
   <div class='ocr_carea' id='block_1_2' title="bbox 1169 327 2562 396">
    <p class='ocr_par' dir='ltr' id='par_1_2' title="bbox 1169 327 2562 396">
     <span class='ocr_line' id='line_1_2' title="bbox 1169 327 2562 396; baseline 0.001 -2"><span class='ocrx_word' id='word_1_2' title='bbox 1169 329 1456 394; x_wconf 81' lang='lat' dir='ltr'><strong>ORATIO</strong></span> <span class='ocrx_word' id='word_1_3' title='bbox 1496 328 1646 391; x_wconf 75' lang='lat' dir='ltr'><strong>PRO</strong></span> <span class='ocrx_word' id='word_1_4' title='bbox 1685 327 2043 388; x_wconf 70' lang='lat' dir='ltr'><strong>SUBSlDlO</strong></span> <span class='ocrx_word' id='word_1_5' title='bbox 2089 333 2562 396; x_wconf 74' lang='lat' dir='ltr'><strong>LATlNOHUM.</strong></span> 
     </span>
    </p>
   </div>
   <div class='ocr_carea' id='block_1_3' title="bbox 3400 351 3506 411">
    <p class='ocr_par' dir='ltr' id='par_1_3' title="bbox 3400 351 3506 411">
     <span class='ocr_line' id='line_1_3' title="bbox 3400 351 3506 411; baseline 0 -1"><span class='ocrx_word' id='word_1_6' title='bbox 3400 351 3506 411; x_wconf 74' lang='lat'><strong>998</strong></span> 
     </span>
    </p>
   </div>
   <div class='ocr_carea' id='block_1_4' title="bbox 240 448 1821 530">
    <p class='ocr_par' dir='ltr' id='par_1_4' title="bbox 240 448 1818 524">
     <span class='ocr_line' id='line_1_4' title="bbox 240 448 1818 524; baseline -0.008 -14"><span class='ocrx_word' id='word_1_7' title='bbox 240 457 307 520; x_wconf 74' lang='grc' dir='ltr'>ἃς</span> <span class='ocrx_word' id='word_1_8' title='bbox 341 452 632 523; x_wconf 80' lang='grc' dir='ltr'>ἀμφότερα</span> <span class='ocrx_word' id='word_1_9' title='bbox 669 457 1118 523; x_wconf 84' lang='grc' dir='ltr'>προσπαρέχοντο</span> <span class='ocrx_word' id='word_1_10' title='bbox 1154 454 1402 524; x_wconf 77' lang='grc' dir='ltr'><strong>τριήρεις</strong></span> <span class='ocrx_word' id='word_1_11' title='bbox 1445 452 1524 515; x_wconf 84' lang='grc' dir='ltr'><strong>εἰς</strong></span> <span class='ocrx_word' id='word_1_12' title='bbox 1578 449 1668 501; x_wconf 77' lang='grc' dir='ltr'>τὸν</span> <span class='ocrx_word' id='word_1_13' title='bbox 1719 448 1818 500; x_wconf 86' lang='grc' dir='ltr'>πό-</span> 
     </span>
    </p>
   </div>
   <div class='ocr_carea' id='block_1_5' title="bbox 1929 448 3510 530">
    <p class='ocr_par' dir='ltr' id='par_1_5' title="bbox 1929 455 3510 530">
     <span class='ocr_line' id='line_1_5' title="bbox 1929 455 3510 530; baseline 0.012 -31"><span class='ocrx_word' id='word_1_14' title='bbox 1929 455 2204 502; x_wconf 84' lang='lat' dir='ltr'><strong>strcnuam</strong></span> <span class='ocrx_word' id='word_1_15' title='bbox 2251 467 2508 516; x_wconf 84' lang='lat' dir='ltr'><strong>manum;</strong></span> <span class='ocrx_word' id='word_1_16' title='bbox 2563 467 2807 524; x_wconf 86' lang='lat' dir='ltr'><strong>quasque</strong></span> <span class='ocrx_word' id='word_1_17' title='bbox 2863 455 2938 510; x_wconf 84' lang='lat' dir='ltr'><strong>illi</strong></span> <span class='ocrx_word' id='word_1_18' title='bbox 2978 459 3232 514; x_wconf 86' lang='lat' dir='ltr'><strong>triremes</strong></span> <span class='ocrx_word' id='word_1_19' title='bbox 3288 475 3510 530; x_wconf 68' lang='lat' dir='ltr'><strong>praesta-</strong></span> 
     </span>
    </p>
   </div>
   <div class='ocr_carea' id='block_1_6' title="bbox 239 541 1818 616">
    <p class='ocr_par' dir='ltr' id='par_1_6' title="bbox 239 541 1818 616">
     <span class='ocr_line' id='line_1_6' title="bbox 239 541 1818 616; baseline -0.005 -16"><span class='ocrx_word' id='word_1_20' title='bbox 239 551 403 616; x_wconf 81' lang='grc' dir='ltr'>λεμον</span> <span class='ocrx_word' id='word_1_21' title='bbox 433 548 544 601; x_wconf 87' lang='grc' dir='ltr'><strong>τῶν</strong></span> <span class='ocrx_word' id='word_1_22' title='bbox 599 549 815 616; x_wconf 76' lang='grc' dir='ltr'>ἐχθρῶν</span> <span class='ocrx_word' id='word_1_23' title='bbox 866 545 1206 607; x_wconf 83' lang='grc' dir='ltr'>διπλασίους’</span> <span class='ocrx_word' id='word_1_24' title='bbox 1263 547 1356 598; x_wconf 67' lang='grc' dir='ltr'>καὶ</span> <span class='ocrx_word' id='word_1_25' title='bbox 1403 545 1500 606; x_wconf 80' lang='grc' dir='ltr'>τὰς</span> <span class='ocrx_word' id='word_1_26' title='bbox 1541 541 1818 612; x_wconf 68' lang='grc' dir='ltr'>ἡμετέρας</span> 
     </span>
    </p>
   </div>
   <div class='ocr_carea' id='block_1_7' title="bbox 241 633 1820 704">
    <p class='ocr_par' dir='ltr' id='par_1_7' title="bbox 241 633 1820 704">
     <span class='ocr_line' id='line_1_7' title="bbox 241 633 1820 704; baseline -0.008 -10"><span class='ocrx_word' id='word_1_27' title='bbox 241 639 408 694; x_wconf 79' lang='grc' dir='ltr'>πάλιν</span> <span class='ocrx_word' id='word_1_28' title='bbox 465 639 565 701; x_wconf 83' lang='grc' dir='ltr'>τὰς</span> <span class='ocrx_word' id='word_1_29' title='bbox 625 637 848 702; x_wconf 76' lang='grc' dir='ltr'>πολλὰς,</span> <span class='ocrx_word' id='word_1_30' title='bbox 901 639 997 691; x_wconf 68' lang='grc' dir='ltr'><strong>καὶ</strong></span> <span class='ocrx_word' id='word_1_31' title='bbox 1033 639 1134 692; x_wconf 82' lang='grc' dir='ltr'>ὅσα</span> <span class='ocrx_word' id='word_1_32' title='bbox 1192 635 1304 690; x_wconf 78' lang='grc' dir='ltr'>τότ’</span> <span class='ocrx_word' id='word_1_33' title='bbox 1347 633 1686 704; x_wconf 77' lang='grc' dir='ltr'>ἐτρίφθημεν</span> <span class='ocrx_word' id='word_1_34' title='bbox 1742 633 1820 693; x_wconf 80' lang='grc' dir='ltr'><strong>εἰς</strong></span> 
     </span>
    </p>
   </div>
   <div class='ocr_carea' id='block_1_8' title="bbox 245 725 1818 803">
    <p class='ocr_par' dir='ltr' id='par_1_8' title="bbox 245 725 1818 803">
     <span class='ocr_line' id='line_1_8' title="bbox 245 725 1818 803; baseline -0.008 -16"><span class='ocrx_word' id='word_1_35' title='bbox 245 734 428 803; x_wconf 82' lang='grc' dir='ltr'>μάχην</span> <span class='ocrx_word' id='word_1_36' title='bbox 473 731 712 800; x_wconf 76' lang='grc' dir='ltr'>ἐκείνην,</span> <span class='ocrx_word' id='word_1_37' title='bbox 747 731 924 784; x_wconf 86' lang='grc' dir='ltr'>καίτοι</span> <span class='ocrx_word' id='word_1_38' title='bbox 978 731 1252 783; x_wconf 80' lang='grc' dir='ltr'><strong>τοσούτων</strong></span> <span class='ocrx_word' id='word_1_39' title='bbox 1307 730 1612 797; x_wconf 75' lang='grc' dir='ltr'><strong>ἀνεχόντων</strong></span> <span class='ocrx_word' id='word_1_40' title='bbox 1649 725 1818 794; x_wconf 75' lang='grc' dir='ltr'>ἡμᾶς.</span> 
     </span>
    </p>
   </div>
   <div class='ocr_carea' id='block_1_9' title="bbox 241 813 1820 890">
    <p class='ocr_par' dir='ltr' id='par_1_9' title="bbox 241 813 1820 890">
     <span class='ocr_line' id='line_1_9' title="bbox 241 813 1820 890; baseline -0.006 -16"><span class='ocrx_word' id='word_1_41' title='bbox 241 822 544 890; x_wconf 76' lang='grc' dir='ltr'>Μέμνησθε</span> <span class='ocrx_word' id='word_1_42' title='bbox 615 825 715 882; x_wconf 77' lang='grc' dir='ltr'>τὰς</span> <span class='ocrx_word' id='word_1_43' title='bbox 767 820 1134 890; x_wconf 72' lang='grc' dir='ltr'><strong>περιεχούσας</strong></span> <span class='ocrx_word' id='word_1_44' title='bbox 1195 819 1315 872; x_wconf 82' lang='grc' dir='ltr'>τότε</span> <span class='ocrx_word' id='word_1_45' title='bbox 1386 815 1676 887; x_wconf 76' lang='grc' dir='ltr'>συμφορὰς</span> <span class='ocrx_word' id='word_1_46' title='bbox 1723 813 1820 883; x_wconf 81' lang='grc' dir='ltr'>τὴν</span> 
     </span>
    </p>
   </div>
   <div class='ocr_carea' id='block_1_10' title="bbox 238 904 1819 988">
    <p class='ocr_par' dir='ltr' id='par_1_10' title="bbox 238 904 1819 988">
     <span class='ocr_line' id='line_1_10' title="bbox 238 904 1819 988; baseline -0.008 -16"><span class='ocrx_word' id='word_1_47' title='bbox 238 918 502 988; x_wconf 70' lang='grc' dir='ltr'>πατρίδα,</span> <span class='ocrx_word' id='word_1_48' title='bbox 547 917 644 970; x_wconf 75' lang='grc' dir='ltr'>καὶ</span> <span class='ocrx_word' id='word_1_49' title='bbox 695 918 824 981; x_wconf 80' lang='grc' dir='ltr'>τοὺς</span> <span class='ocrx_word' id='word_1_50' title='bbox 868 914 1258 980; x_wconf 75' lang='grc' dir='ltr'>Σωζοπολιτῶν</span> <span class='ocrx_word' id='word_1_51' title='bbox 1287 904 1692 982; x_wconf 74' lang='grc' dir='ltr'>αἰχμαλώτους,</span> <span class='ocrx_word' id='word_1_52' title='bbox 1725 910 1819 960; x_wconf 67' lang='grc' dir='ltr'>καὶ</span> 
     </span>
    </p>
   </div>
   <div class='ocr_carea' id='block_1_11' title="bbox 242 995 1819 1082">
    <p class='ocr_par' dir='ltr' id='par_1_11' title="bbox 242 995 1819 1082">
     <span class='ocr_line' id='line_1_11' title="bbox 242 995 1819 1082; baseline -0.008 -17"><span class='ocrx_word' id='word_1_53' title='bbox 242 1011 345 1082; x_wconf 80' lang='grc' dir='ltr'>τὴν</span> <span class='ocrx_word' id='word_1_54' title='bbox 393 1009 701 1080; x_wconf 79' lang='grc' dir='ltr'><strong>Περινθίων</strong></span> <span class='ocrx_word' id='word_1_55' title='bbox 761 1009 1100 1071; x_wconf 81' lang='grc' dir='ltr'><strong>ἀνάστασιν,</strong></span> <span class='ocrx_word' id='word_1_56' title='bbox 1160 1007 1255 1060; x_wconf 77' lang='grc' dir='ltr'>καὶ</span> <span class='ocrx_word' id='word_1_57' title='bbox 1306 995 1461 1059; x_wconf 64' lang='grc' dir='ltr'>τᾶλλ’</span> <span class='ocrx_word' id='word_1_58' title='bbox 1512 1003 1654 1056; x_wconf 81' lang='grc' dir='ltr'>ὅσων</span> <span class='ocrx_word' id='word_1_59' title='bbox 1699 1001 1819 1054; x_wconf 75' lang='grc' dir='ltr'><strong>ούδέ</strong></span> 
     </span>
    </p>
   </div>
   <div class='ocr_carea' id='block_1_12' title="bbox 239 1094 1820 1174">
    <p class='ocr_par' dir='ltr' id='par_1_12' title="bbox 239 1094 1820 1174">
     <span class='ocr_line' id='line_1_12' title="bbox 239 1094 1820 1174; baseline -0.006 -18"><span class='ocrx_word' id='word_1_60' title='bbox 239 1103 631 1174; x_wconf 78' lang='grc' dir='ltr'>μεμνημένους</span> <span class='ocrx_word' id='word_1_61' title='bbox 665 1101 902 1171; x_wconf 79' lang='grc' dir='ltr'><strong>μετρίως</strong></span> <span class='ocrx_word' id='word_1_62' title='bbox 945 1099 1122 1164; x_wconf 77' lang='grc' dir='ltr'>ἔξεστι</span> <span class='ocrx_word' id='word_1_63' title='bbox 1148 1099 1362 1170; x_wconf 77' lang='grc' dir='ltr'>φέρειν.</span> <span class='ocrx_word' id='word_1_64' title='bbox 1396 1098 1508 1150; x_wconf 82' lang='grc' dir='ltr'><strong>Καὶ</strong></span> <span class='ocrx_word' id='word_1_65' title='bbox 1537 1095 1727 1148; x_wconf 82' lang='grc' dir='ltr'>σιωπῶ</span> <span class='ocrx_word' id='word_1_66' title='bbox 1759 1094 1820 1146; x_wconf 83' lang='grc' dir='ltr'>τὸ</span> 
     </span>
    </p>
   </div>
   <div class='ocr_carea' id='block_1_13' title="bbox 241 1187 1818 1265">
    <p class='ocr_par' dir='ltr' id='par_1_13' title="bbox 241 1187 1818 1265">
     <span class='ocr_line' id='line_1_13' title="bbox 241 1187 1818 1265; baseline -0.006 -17"><span class='ocrx_word' id='word_1_67' title='bbox 241 1192 369 1265; x_wconf 72' lang='grc' dir='ltr'>μηδ’</span> <span class='ocrx_word' id='word_1_68' title='bbox 395 1193 482 1259; x_wconf 82' lang='grc' dir='ltr'>ἂν,</span> <span class='ocrx_word' id='word_1_69' title='bbox 520 1192 784 1255; x_wconf 83' lang='grc' dir='ltr'><strong>πολλάκις</strong></span> <span class='ocrx_word' id='word_1_70' title='bbox 811 1192 1100 1253; x_wconf 81' lang='grc' dir='ltr'>τοσούτους</span> <span class='ocrx_word' id='word_1_71' title='bbox 1127 1192 1277 1261; x_wconf 84' lang='grc' dir='ltr'>ἡμᾶς</span> <span class='ocrx_word' id='word_1_72' title='bbox 1317 1207 1376 1242; x_wconf 90' lang='grc' dir='ltr'><strong>τε</strong></span> <span class='ocrx_word' id='word_1_73' title='bbox 1405 1190 1498 1243; x_wconf 74' lang='grc' dir='ltr'>καὶ</span> <span class='ocrx_word' id='word_1_74' title='bbox 1531 1189 1656 1250; x_wconf 81' lang='grc' dir='ltr'>τοὺς</span> <span class='ocrx_word' id='word_1_75' title='bbox 1697 1187 1818 1239; x_wconf 82' lang='grc' dir='ltr'>τότε</span> 
     </span>
    </p>
   </div>
   <div class='ocr_carea' id='block_1_14' title="bbox 239 1282 1819 1354">
    <p class='ocr_par' dir='ltr' id='par_1_14' title="bbox 239 1282 1819 1354">
     <span class='ocr_line' id='line_1_14' title="bbox 239 1282 1819 1354; baseline -0.004 -16"><span class='ocrx_word' id='word_1_76' title='bbox 239 1286 564 1354; x_wconf 82' lang='grc' dir='ltr'><strong>συμμάχους</strong></span> <span class='ocrx_word' id='word_1_77' title='bbox 600 1285 783 1347; x_wconf 78' lang='grc' dir='ltr'>ὄντας,</span> <span class='ocrx_word' id='word_1_78' title='bbox 827 1284 966 1354; x_wconf 83' lang='grc' dir='ltr'>πρὸς</span> <span class='ocrx_word' id='word_1_79' title='bbox 1012 1283 1196 1349; x_wconf 79' lang='grc' dir='ltr'>ὀλίγον</span> <span class='ocrx_word' id='word_1_80' title='bbox 1238 1283 1340 1350; x_wconf 84' lang='grc' dir='ltr'><strong>τῆς</strong></span> <span class='ocrx_word' id='word_1_81' title='bbox 1381 1282 1499 1334; x_wconf 88' lang='grc' dir='ltr'>τότε</span> <span class='ocrx_word' id='word_1_82' title='bbox 1535 1282 1819 1348; x_wconf 81' lang='grc' dir='ltr'>δυνάμεως</span> 
     </span>
    </p>
   </div>
   <div class='ocr_carea' id='block_1_15' title="bbox 236 1369 1818 1446">
    <p class='ocr_par' dir='ltr' id='par_1_15' title="bbox 236 1369 1818 1446">
     <span class='ocr_line' id='line_1_15' title="bbox 236 1369 1818 1446; baseline -0.004 -18"><span class='ocrx_word' id='word_1_83' title='bbox 236 1378 538 1444; x_wconf 82' lang='grc' dir='ltr'>ἀντισχεῖν.</span> <span class='ocrx_word' id='word_1_84' title='bbox 589 1376 750 1442; x_wconf 82' lang='grc' dir='ltr'>Λέγω</span> <span class='ocrx_word' id='word_1_85' title='bbox 805 1376 916 1446; x_wconf 80' lang='grc' dir='ltr'>γὰρ</span> <span class='ocrx_word' id='word_1_86' title='bbox 967 1369 1062 1428; x_wconf 80' lang='grc' dir='ltr'>οὖν</span> <span class='ocrx_word' id='word_1_87' title='bbox 1111 1373 1147 1427; x_wconf 77' lang='grc' dir='ltr'>ἃ</span> <span class='ocrx_word' id='word_1_88' title='bbox 1192 1376 1346 1444; x_wconf 81' lang='grc' dir='ltr'>κοινῇ</span> <span class='ocrx_word' id='word_1_89' title='bbox 1390 1377 1546 1443; x_wconf 72' lang='grc' dir='ltr'>παρὰ</span> <span class='ocrx_word' id='word_1_90' title='bbox 1598 1374 1818 1424; x_wconf 77' lang='grc' dir='ltr'>πάντων</span> 
     </span>
    </p>
   </div>
   <div class='ocr_carea' id='block_1_16' title="bbox 233 1465 1814 1537">
    <p class='ocr_par' dir='ltr' id='par_1_16' title="bbox 233 1465 1814 1537">
     <span class='ocr_line' id='line_1_16' title="bbox 233 1465 1814 1537; baseline -0.005 -15"><span class='ocrx_word' id='word_1_91' title='bbox 233 1469 444 1523; x_wconf 88' lang='grc' dir='ltr'>ἀκούω.</span> <span class='ocrx_word' id='word_1_92' title='bbox 479 1470 542 1522; x_wconf 80' lang='lat' dir='ltr'><strong>Ei</strong></span> <span class='ocrx_word' id='word_1_93' title='bbox 594 1469 775 1522; x_wconf 89' lang='grc' dir='ltr'>τοίνυν</span> <span class='ocrx_word' id='word_1_94' title='bbox 807 1467 1008 1536; x_wconf 83' lang='grc' dir='ltr'>ἀληθὲς</span> <span class='ocrx_word' id='word_1_95' title='bbox 1053 1467 1128 1531; x_wconf 87' lang='grc' dir='ltr'><strong>ὡς</strong></span> <span class='ocrx_word' id='word_1_96' title='bbox 1169 1469 1300 1537; x_wconf 85' lang='grc' dir='ltr'>ἡμῖν</span> <span class='ocrx_word' id='word_1_97' title='bbox 1352 1465 1814 1519; x_wconf 78' lang='grc' dir='ltr'>ἐπιδουλεύουσιν</span> 
     </span>
    </p>
   </div>
   <div class='ocr_carea' id='block_1_17' title="bbox 227 1555 1817 1630">
    <p class='ocr_par' dir='ltr' id='par_1_17' title="bbox 227 1555 1817 1630">
     <span class='ocr_line' id='line_1_17' title="bbox 227 1555 1817 1630; baseline -0.003 -16"><span class='ocrx_word' id='word_1_98' title='bbox 227 1555 412 1625; x_wconf 75' lang='grc' dir='ltr'>οὗτοι,</span> <span class='ocrx_word' id='word_1_99' title='bbox 442 1562 537 1614; x_wconf 79' lang='grc' dir='ltr'><strong>καὶ</strong></span> <span class='ocrx_word' id='word_1_100' title='bbox 571 1560 644 1622; x_wconf 77' lang='grc' dir='ltr'>ὡς</span> <span class='ocrx_word' id='word_1_101' title='bbox 693 1560 830 1630; x_wconf 84' lang='grc' dir='ltr'>πρὸς</span> <span class='ocrx_word' id='word_1_102' title='bbox 863 1559 922 1612; x_wconf 82' lang='grc' dir='ltr'>ἓν</span> <span class='ocrx_word' id='word_1_103' title='bbox 961 1559 1109 1612; x_wconf 84' lang='grc' dir='ltr'>τοῦθ’</span> <span class='ocrx_word' id='word_1_104' title='bbox 1139 1561 1287 1621; x_wconf 79' lang='grc' dir='ltr'>ὅπως</span> <span class='ocrx_word' id='word_1_105' title='bbox 1319 1560 1467 1628; x_wconf 81' lang='grc' dir='ltr'>ἡμᾶς</span> <span class='ocrx_word' id='word_1_106' title='bbox 1504 1557 1817 1611; x_wconf 84' lang='grc' dir='ltr'>δουλώσων-</span> 
     </span>
    </p>
   </div>
   <div class='ocr_carea' id='block_1_18' title="bbox 227 1651 1821 1723">
    <p class='ocr_par' dir='ltr' id='par_1_18' title="bbox 227 1651 1821 1723">
     <span class='ocr_line' id='line_1_18' title="bbox 227 1651 1821 1723; baseline -0.003 -16"><span class='ocrx_word' id='word_1_107' title='bbox 227 1673 331 1708; x_wconf 89' lang='grc' dir='ltr'><strong>ται</strong></span> <span class='ocrx_word' id='word_1_108' title='bbox 383 1653 537 1707; x_wconf 83' lang='grc' dir='ltr'>πάντ’</span> <span class='ocrx_word' id='word_1_109' title='bbox 579 1653 763 1716; x_wconf 80' lang='grc' dir='ltr'>αὐτοῖς</span> <span class='ocrx_word' id='word_1_110' title='bbox 801 1653 982 1723; x_wconf 73' lang='grc' dir='ltr'>ἀφορᾷ</span> <span class='ocrx_word' id='word_1_111' title='bbox 1011 1692 1026 1717; x_wconf 91' lang='grc'><strong>,</strong></span> <span class='ocrx_word' id='word_1_112' title='bbox 1061 1652 1295 1706; x_wconf 79' lang='grc' dir='ltr'>κωλύειν</span> <span class='ocrx_word' id='word_1_113' title='bbox 1325 1652 1381 1704; x_wconf 84' lang='grc' dir='ltr'>δὲ</span> <span class='ocrx_word' id='word_1_114' title='bbox 1424 1651 1651 1714; x_wconf 82' lang='grc' dir='ltr'>τούτους</span> <span class='ocrx_word' id='word_1_115' title='bbox 1677 1652 1821 1721; x_wconf 82' lang='grc' dir='ltr'>ἀμή-</span> 
     </span>
    </p>
   </div>
   <div class='ocr_carea' id='block_1_19' title="bbox 227 1739 1818 1814">
    <p class='ocr_par' dir='ltr' id='par_1_19' title="bbox 227 1739 1818 1814">
     <span class='ocr_line' id='line_1_19' title="bbox 227 1739 1818 1814; baseline -0.001 -19"><span class='ocrx_word' id='word_1_116' title='bbox 227 1755 426 1811; x_wconf 62' lang='grc' dir='ltr'>χανον</span> <span class='ocrx_word' id='word_1_117' title='bbox 458 1739 584 1795; x_wconf 90' lang='grc' dir='ltr'>τίνα</span> <span class='ocrx_word' id='word_1_118' title='bbox 612 1741 678 1795; x_wconf 78' lang='grc' dir='ltr'>ἄν</span> <span class='ocrx_word' id='word_1_119' title='bbox 710 1757 796 1804; x_wconf 89' lang='grc' dir='ltr'><strong>τις</strong></span> <span class='ocrx_word' id='word_1_120' title='bbox 823 1741 1024 1811; x_wconf 80' lang='grc' dir='ltr'>τρόπον</span> <span class='ocrx_word' id='word_1_121' title='bbox 1048 1742 1235 1804; x_wconf 80' lang='grc' dir='ltr'>αὐτοῖς</span> <span class='ocrx_word' id='word_1_122' title='bbox 1275 1744 1544 1814; x_wconf 84' lang='grc' dir='ltr'>χρήσαιτο</span> <span class='ocrx_word' id='word_1_123' title='bbox 1581 1758 1818 1810; x_wconf 83' lang='grc' dir='ltr'>μετριω-</span> 
     </span>
    </p>
   </div>
   <div class='ocr_carea' id='block_1_20' title="bbox 225 1831 1819 1902">
    <p class='ocr_par' dir='ltr' id='par_1_20' title="bbox 225 1831 1819 1902">
     <span class='ocr_line' id='line_1_20' title="bbox 225 1831 1819 1902; baseline 0 -18"><span class='ocrx_word' id='word_1_124' title='bbox 225 1833 440 1902; x_wconf 84' lang='grc' dir='ltr'>τέροις,</span> <span class='ocrx_word' id='word_1_125' title='bbox 494 1831 593 1885; x_wconf 69' lang='grc' dir='ltr'><strong>καὶ</strong></span> <span class='ocrx_word' id='word_1_126' title='bbox 643 1831 781 1900; x_wconf 82' lang='grc' dir='ltr'>πρὸς</span> <span class='ocrx_word' id='word_1_127' title='bbox 814 1832 875 1884; x_wconf 87' lang='grc' dir='ltr'>τὸ</span> <span class='ocrx_word' id='word_1_128' title='bbox 906 1831 1172 1902; x_wconf 82' lang='grc' dir='ltr'>βλάπτειν</span> <span class='ocrx_word' id='word_1_129' title='bbox 1217 1834 1625 1902; x_wconf 81' lang='grc' dir='ltr'>ύκνηροτέροις’</span> <span class='ocrx_word' id='word_1_130' title='bbox 1652 1835 1819 1899; x_wconf 83' lang='grc' dir='ltr'>ἐγκα-</span> 
     </span>
    </p>
   </div>
   <div class='ocr_carea' id='block_1_21' title="bbox 225 1921 1819 1993">
    <p class='ocr_par' dir='ltr' id='par_1_21' title="bbox 225 1921 1819 1993">
     <span class='ocr_line' id='line_1_21' title="bbox 225 1921 1819 1993; baseline 0.002 -21"><span class='ocrx_word' id='word_1_131' title='bbox 225 1924 348 1974; x_wconf 80' lang='grc' dir='ltr'><strong>λῶν</strong></span> <span class='ocrx_word' id='word_1_132' title='bbox 375 1924 469 1975; x_wconf 61' lang='grc' dir='ltr'>καὶ</span> <span class='ocrx_word' id='word_1_133' title='bbox 518 1921 778 1992; x_wconf 85' lang='grc' dir='ltr'>πολεμῶν</span> <span class='ocrx_word' id='word_1_134' title='bbox 823 1923 920 1977; x_wconf 71' lang='grc' dir='ltr'>καὶ</span> <span class='ocrx_word' id='word_1_135' title='bbox 970 1924 1343 1993; x_wconf 79' lang='grc' dir='ltr'>μεμφόμενος,</span> <span class='ocrx_word' id='word_1_136' title='bbox 1384 1924 1414 1993; x_wconf 82' lang='grc' dir='ltr'>ἦ</span> <span class='ocrx_word' id='word_1_137' title='bbox 1448 1926 1634 1992; x_wconf 80' lang='grc' dir='ltr'>φίλους</span> <span class='ocrx_word' id='word_1_138' title='bbox 1674 1923 1819 1992; x_wconf 74' lang='grc' dir='ltr'>ἔχειν</span> 
     </span>
    </p>
   </div>
   <div class='ocr_carea' id='block_1_22' title="bbox 230 2013 1820 2087">
    <p class='ocr_par' dir='ltr' id='par_1_22' title="bbox 230 2013 1820 2087">
     <span class='ocr_line' id='line_1_22' title="bbox 230 2013 1820 2087; baseline 0.002 -21"><span class='ocrx_word' id='word_1_139' title='bbox 230 2013 744 2084; x_wconf 79' lang='grc' dir='ltr'>σχηματιζόμενος,</span> <span class='ocrx_word' id='word_1_140' title='bbox 807 2017 899 2068; x_wconf 84' lang='grc' dir='ltr'>καὶ</span> <span class='ocrx_word' id='word_1_141' title='bbox 963 2017 1254 2086; x_wconf 89' lang='grc' dir='ltr'>δεχόμενος</span> <span class='ocrx_word' id='word_1_142' title='bbox 1317 2016 1610 2087; x_wconf 86' lang='grc' dir='ltr'>προσηνῶς</span> <span class='ocrx_word' id='word_1_143' title='bbox 1645 2057 1660 2080; x_wconf 88' lang='grc'><strong>,</strong></span> <span class='ocrx_word' id='word_1_144' title='bbox 1725 2018 1820 2070; x_wconf 74' lang='grc' dir='ltr'>καὶ</span> 
     </span>
    </p>
   </div>
   <div class='ocr_carea' id='block_1_23' title="bbox 230 2107 1818 2181">
    <p class='ocr_par' dir='ltr' id='par_1_23' title="bbox 230 2107 1818 2181">
     <span class='ocr_line' id='line_1_23' title="bbox 230 2107 1818 2181; baseline 0.001 -17"><span class='ocrx_word' id='word_1_145' title='bbox 230 2112 635 2181; x_wconf 77' lang='grc' dir='ltr'>συνευχόμενος</span> <span class='ocrx_word' id='word_1_146' title='bbox 688 2109 758 2163; x_wconf 82' lang='grc' dir='ltr'>τὰ</span> <span class='ocrx_word' id='word_1_147' title='bbox 815 2109 1049 2179; x_wconf 83' lang='grc' dir='ltr'>βελτίω;</span> <span class='ocrx_word' id='word_1_148' title='bbox 1111 2111 1255 2178; x_wconf 83' lang='grc' dir='ltr'>Ἐγὼ</span> <span class='ocrx_word' id='word_1_149' title='bbox 1287 2111 1386 2181; x_wconf 83' lang='grc' dir='ltr'>μὲν</span> <span class='ocrx_word' id='word_1_150' title='bbox 1438 2107 1592 2181; x_wconf 67' lang='grc' dir='ltr'>οἶμαι</span> <span class='ocrx_word' id='word_1_151' title='bbox 1641 2112 1818 2166; x_wconf 75' lang='grc' dir='ltr'>τοῦτο.</span> 
     </span>
    </p>
   </div>
   <div class='ocr_carea' id='block_1_24' title="bbox 228 2203 1818 2274">
    <p class='ocr_par' dir='ltr' id='par_1_24' title="bbox 228 2203 1818 2274">
     <span class='ocr_line' id='line_1_24' title="bbox 228 2203 1818 2274; baseline 0.001 -18"><span class='ocrx_word' id='word_1_152' title='bbox 228 2205 351 2258; x_wconf 71' lang='grc' dir='ltr'><strong>Καὶ</strong></span> <span class='ocrx_word' id='word_1_153' title='bbox 399 2203 522 2256; x_wconf 75' lang='grc' dir='ltr'>οὐδὲ</span> <span class='ocrx_word' id='word_1_154' title='bbox 573 2207 820 2272; x_wconf 77' lang='grc' dir='ltr'><strong>ἐνεγκεῖν</strong></span> <span class='ocrx_word' id='word_1_155' title='bbox 870 2204 937 2258; x_wconf 82' lang='grc' dir='ltr'>ἂν</span> <span class='ocrx_word' id='word_1_156' title='bbox 995 2204 1147 2274; x_wconf 77' lang='grc' dir='ltr'>ἡμᾶς</span> <span class='ocrx_word' id='word_1_157' title='bbox 1209 2205 1309 2274; x_wconf 72' lang='grc' dir='ltr'>τὴν</span> <span class='ocrx_word' id='word_1_158' title='bbox 1357 2205 1604 2256; x_wconf 71' lang='grc' dir='ltr'>δουλείαν</span> <span class='ocrx_word' id='word_1_159' title='bbox 1653 2206 1818 2274; x_wconf 77' lang='grc' dir='ltr'>φημί.</span> 
     </span>
    </p>
   </div>
   <div class='ocr_carea' id='block_1_25' title="bbox 236 2295 1822 2367">
    <p class='ocr_par' dir='ltr' id='par_1_25' title="bbox 236 2295 1822 2367">
     <span class='ocr_line' id='line_1_25' title="bbox 236 2295 1822 2367; baseline 0.001 -18"><span class='ocrx_word' id='word_1_160' title='bbox 236 2295 458 2365; x_wconf 77' lang='grc' dir='ltr'>Μήποθ’</span> <span class='ocrx_word' id='word_1_161' title='bbox 488 2295 664 2358; x_wconf 80' lang='grc' dir='ltr'>οὕτως</span> <span class='ocrx_word' id='word_1_162' title='bbox 713 2295 924 2365; x_wconf 78' lang='grc' dir='ltr'>ἔρημος</span> <span class='ocrx_word' id='word_1_163' title='bbox 953 2296 1218 2366; x_wconf 83' lang='grc' dir='ltr'>γενοίμην</span> <span class='ocrx_word' id='word_1_164' title='bbox 1263 2296 1499 2367; x_wconf 82' lang='grc' dir='ltr'>φρενῶν,</span> <span class='ocrx_word' id='word_1_165' title='bbox 1530 2297 1660 2350; x_wconf 79' lang='grc' dir='ltr'>ὥστ’</span> <span class='ocrx_word' id='word_1_166' title='bbox 1693 2297 1822 2351; x_wconf 80' lang='grc' dir='ltr'>ἄλλο</span> 
     </span>
    </p>
   </div>
   <div class='ocr_carea' id='block_1_26' title="bbox 238 2390 1820 2461">
    <p class='ocr_par' dir='ltr' id='par_1_26' title="bbox 238 2390 1820 2461">
     <span class='ocr_line' id='line_1_26' title="bbox 238 2390 1820 2461; baseline 0.001 -21"><span class='ocrx_word' id='word_1_167' title='bbox 238 2406 294 2440; x_wconf 89' lang='grc' dir='ltr'><strong>τι</strong></span> <span class='ocrx_word' id='word_1_168' title='bbox 341 2392 618 2461; x_wconf 77' lang='grc' dir='ltr'>προτιμᾷν</span> <span class='ocrx_word' id='word_1_169' title='bbox 652 2392 780 2460; x_wconf 81' lang='grc' dir='ltr'>’τῆς</span> <span class='ocrx_word' id='word_1_170' title='bbox 837 2390 1176 2457; x_wconf 85' lang='grc' dir='ltr'>ἐλευθερίας.</span> <span class='ocrx_word' id='word_1_171' title='bbox 1229 2390 1368 2441; x_wconf 80' lang='grc' dir='ltr'>Ἀλλ’</span> <span class='ocrx_word' id='word_1_172' title='bbox 1393 2390 1624 2456; x_wconf 84' lang='grc' dir='ltr'>ἐπείπερ</span> <span class='ocrx_word' id='word_1_173' title='bbox 1668 2391 1820 2444; x_wconf 79' lang='grc' dir='ltr'>οὐδὲν</span> 
     </span>
    </p>
   </div>
   <div class='ocr_carea' id='block_1_27' title="bbox 237 2479 1822 2554">
    <p class='ocr_par' dir='ltr' id='par_1_27' title="bbox 237 2479 1822 2554">
     <span class='ocr_line' id='line_1_27' title="bbox 237 2479 1822 2554; baseline 0.001 -20"><span class='ocrx_word' id='word_1_174' title='bbox 237 2484 462 2554; x_wconf 67' lang='grc' dir='ltr'>ἰσχυρὸν</span> <span class='ocrx_word' id='word_1_175' title='bbox 496 2479 571 2536; x_wconf 80' lang='grc' dir='ltr'>ὦν</span> <span class='ocrx_word' id='word_1_176' title='bbox 603 2482 1013 2550; x_wconf 82' lang='grc' dir='ltr'>ὑποπτεύομεν,</span> <span class='ocrx_word' id='word_1_177' title='bbox 1048 2481 1248 2548; x_wconf 81' lang='grc' dir='ltr'>μᾶλλον</span> <span class='ocrx_word' id='word_1_178' title='bbox 1269 2480 1314 2533; x_wconf 88' lang='grc' dir='ltr'>δ’</span> <span class='ocrx_word' id='word_1_179' title='bbox 1337 2482 1412 2542; x_wconf 87' lang='grc' dir='ltr'>ὼς</span> <span class='ocrx_word' id='word_1_180' title='bbox 1448 2479 1623 2534; x_wconf 79' lang='grc' dir='ltr'>εὔνοοι</span> <span class='ocrx_word' id='word_1_181' title='bbox 1651 2484 1822 2536; x_wconf 78' lang='grc' dir='ltr'>πᾶσιν</span> 
     </span>
    </p>
   </div>
   <div class='ocr_carea' id='block_1_28' title="bbox 232 2574 1818 2648">
    <p class='ocr_par' dir='ltr' id='par_1_28' title="bbox 232 2574 1818 2648">
     <span class='ocr_line' id='line_1_28' title="bbox 232 2574 1818 2648; baseline -0.001 -19"><span class='ocrx_word' id='word_1_182' title='bbox 232 2579 375 2648; x_wconf 77' lang='grc' dir='ltr'>ἡμῖν</span> <span class='ocrx_word' id='word_1_183' title='bbox 425 2593 585 2647; x_wconf 88' lang='grc' dir='ltr'>ηκον,</span> <span class='ocrx_word' id='word_1_184' title='bbox 628 2577 692 2630; x_wconf 86' lang='grc' dir='ltr'>ὲκ</span> <span class='ocrx_word' id='word_1_185' title='bbox 740 2579 964 2630; x_wconf 85' lang='grc' dir='ltr'>πάντων</span> <span class='ocrx_word' id='word_1_186' title='bbox 1020 2575 1128 2628; x_wconf 89' lang='grc' dir='ltr'><strong>τῶν</strong></span> <span class='ocrx_word' id='word_1_187' title='bbox 1164 2574 1446 2643; x_wconf 82' lang='grc' dir='ltr'>λογισμῶν</span> <span class='ocrx_word' id='word_1_188' title='bbox 1481 2575 1818 2644; x_wconf 73' lang='grc' dir='ltr'>βεὸαιοῦταιο</span> 
     </span>
    </p>
   </div>
   <div class='ocr_carea' id='block_1_29' title="bbox 233 2667 1823 2739">
    <p class='ocr_par' dir='ltr' id='par_1_29' title="bbox 233 2667 1823 2739">
     <span class='ocr_line' id='line_1_29' title="bbox 233 2667 1823 2739; baseline 0 -17"><span class='ocrx_word' id='word_1_189' title='bbox 233 2671 293 2722; x_wconf 88' lang='grc' dir='ltr'><strong>τί</strong></span> <span class='ocrx_word' id='word_1_190' title='bbox 331 2669 413 2721; x_wconf 85' lang='grc' dir='ltr'><strong>δεῖ</strong></span> <span class='ocrx_word' id='word_1_191' title='bbox 435 2668 534 2722; x_wconf 63' lang='grc' dir='ltr'>ιτοῆ</span> <span class='ocrx_word' id='word_1_192' title='bbox 576 2669 727 2739; x_wconf 86' lang='grc' dir='ltr'><strong>παρά</strong></span> <span class='ocrx_word' id='word_1_193' title='bbox 761 2670 956 2738; x_wconf 78' lang='grc' dir='ltr'>καιρὸν</span> <span class='ocrx_word' id='word_1_194' title='bbox 990 2668 1163 2733; x_wconf 80' lang='grc' dir='ltr'>δέους,</span> <span class='ocrx_word' id='word_1_195' title='bbox 1206 2667 1370 2720; x_wconf 83' lang='grc' dir='ltr'>ὁπότε</span> <span class='ocrx_word' id='word_1_196' title='bbox 1400 2669 1494 2721; x_wconf 82' lang='grc' dir='ltr'>καὶ</span> <span class='ocrx_word' id='word_1_197' title='bbox 1523 2668 1823 2722; x_wconf 83' lang='grc' dir='ltr'>δεδοικόσιν</span> 
     </span>
    </p>
   </div>
   <div class='ocr_carea' id='block_1_30' title="bbox 234 2763 1821 2837">
    <p class='ocr_par' dir='ltr' id='par_1_30' title="bbox 234 2763 1821 2837">
     <span class='ocr_line' id='line_1_30' title="bbox 234 2763 1821 2837; baseline -0.001 -21"><span class='ocrx_word' id='word_1_198' title='bbox 234 2763 395 2837; x_wconf 64' lang='grc' dir='ltr'>οὐδὲν</span> <span class='ocrx_word' id='word_1_199' title='bbox 434 2763 590 2816; x_wconf 77' lang='grc' dir='ltr'>ἔσται</span> <span class='ocrx_word' id='word_1_200' title='bbox 635 2763 842 2825; x_wconf 85' lang='grc' dir='ltr'>πλέον,</span> <span class='ocrx_word' id='word_1_201' title='bbox 905 2763 1034 2816; x_wconf 53' lang='grc' dir='ltr'>ὄτλν</span> <span class='ocrx_word' id='word_1_202' title='bbox 1094 2765 1126 2833; x_wconf 80' lang='grc' dir='ltr'><strong>ἢ</strong></span> <span class='ocrx_word' id='word_1_203' title='bbox 1181 2763 1547 2832; x_wconf 74' lang='grc' dir='ltr'>κρατηθέντες</span> <span class='ocrx_word' id='word_1_204' title='bbox 1596 2763 1662 2816; x_wconf 72' lang='grc' dir='ltr'><strong>τὰ</strong></span> <span class='ocrx_word' id='word_1_205' title='bbox 1713 2764 1821 2815; x_wconf 84' lang='grc' dir='ltr'><strong>τῶν</strong></span> 
     </span>
    </p>
   </div>
   <div class='ocr_carea' id='block_1_31' title="bbox 242 2856 1821 2927">
    <p class='ocr_par' dir='ltr' id='par_1_31' title="bbox 242 2856 1821 2927">
     <span class='ocr_line' id='line_1_31' title="bbox 242 2856 1821 2927; baseline -0.003 -17"><span class='ocrx_word' id='word_1_206' title='bbox 242 2856 488 2910; x_wconf 79' lang='grc' dir='ltr'>ἁλόντων</span> <span class='ocrx_word' id='word_1_207' title='bbox 527 2856 970 2924; x_wconf 66' lang='grc' dir='ltr'><strong>ἀναγκαζώμεθα</strong></span> <span class='ocrx_word' id='word_1_208' title='bbox 1020 2857 1268 2926; x_wconf 80' lang='grc' dir='ltr'>πάσχειν,</span> <span class='ocrx_word' id='word_1_209' title='bbox 1305 2857 1337 2926; x_wconf 79' lang='grc' dir='ltr'><strong>ἧ</strong></span> <span class='ocrx_word' id='word_1_210' title='bbox 1385 2857 1821 2927; x_wconf 82' lang='grc' dir='ltr'>περιγενόμενοι,</span> 
     </span>
    </p>
   </div>
   <div class='ocr_carea' id='block_1_32' title="bbox 241 2947 1822 3019">
    <p class='ocr_par' dir='ltr' id='par_1_32' title="bbox 241 2947 1822 3019">
     <span class='ocr_line' id='line_1_32' title="bbox 241 2947 1822 3019; baseline 0.001 -18"><span class='ocrx_word' id='word_1_211' title='bbox 241 2948 436 3016; x_wconf 80' lang='grc' dir='ltr'>ὥσπερ</span> <span class='ocrx_word' id='word_1_212' title='bbox 462 2953 531 3000; x_wconf 65' lang='grc' dir='ltr'>ὲν</span> <span class='ocrx_word' id='word_1_213' title='bbox 562 2949 774 3019; x_wconf 78' lang='grc' dir='ltr'>σαγήνῃ</span> <span class='ocrx_word' id='word_1_214' title='bbox 823 2947 1125 3017; x_wconf 74' lang='grc' dir='ltr'><strong>καθώμεθα</strong></span> <span class='ocrx_word' id='word_1_215' title='bbox 1165 2951 1276 3011; x_wconf 86' lang='grc' dir='ltr'>τοῖς</span> <span class='ocrx_word' id='word_1_216' title='bbox 1310 2950 1514 3019; x_wconf 85' lang='grc' dir='ltr'>τείχεσι</span> <span class='ocrx_word' id='word_1_217' title='bbox 1559 2949 1822 3019; x_wconf 87' lang='grc' dir='ltr'>καθειργ-</span> 
     </span>
    </p>
   </div>
   <div class='ocr_carea' id='block_1_33' title="bbox 243 3040 1824 3111">
    <p class='ocr_par' dir='ltr' id='par_1_33' title="bbox 243 3040 1824 3111">
     <span class='ocr_line' id='line_1_33' title="bbox 243 3040 1824 3111; baseline -0.001 -17"><span class='ocrx_word' id='word_1_218' title='bbox 243 3043 424 3111; x_wconf 84' lang='grc' dir='ltr'>μένοι,</span> <span class='ocrx_word' id='word_1_219' title='bbox 462 3042 601 3111; x_wconf 85' lang='grc' dir='ltr'>μήτε</span> <span class='ocrx_word' id='word_1_220' title='bbox 635 3041 766 3109; x_wconf 81' lang='grc' dir='ltr'>πρὸς</span> <span class='ocrx_word' id='word_1_221' title='bbox 799 3040 897 3108; x_wconf 85' lang='grc' dir='ltr'>τὴν</span> <span class='ocrx_word' id='word_1_222' title='bbox 922 3041 1047 3110; x_wconf 85' lang='grc' dir='ltr'>γῆν,</span> <span class='ocrx_word' id='word_1_223' title='bbox 1081 3043 1216 3111; x_wconf 83' lang='grc' dir='ltr'>μήτε</span> <span class='ocrx_word' id='word_1_224' title='bbox 1253 3043 1389 3110; x_wconf 78' lang='grc' dir='ltr'>πρὸς</span> <span class='ocrx_word' id='word_1_225' title='bbox 1424 3046 1522 3111; x_wconf 75' lang='grc' dir='ltr'>τὴν</span> <span class='ocrx_word' id='word_1_226' title='bbox 1543 3042 1824 3097; x_wconf 82' lang='grc' dir='ltr'>θάλατταν</span> 
     </span>
    </p>
   </div>
   <div class='ocr_carea' id='block_1_34' title="bbox 1925 538 3507 625">
    <p class='ocr_par' dir='ltr' id='par_1_34' title="bbox 1925 538 3507 625">
     <span class='ocr_line' id='line_1_34' title="bbox 1925 538 3507 625; baseline 0.015 -34"><span class='ocrx_word' id='word_1_227' title='bbox 1925 538 2056 594; x_wconf 89' lang='lat' dir='ltr'><strong>bant</strong></span> <span class='ocrx_word' id='word_1_228' title='bbox 2085 541 2136 594; x_wconf 90' lang='lat' dir='ltr'><strong>in</strong></span> <span class='ocrx_word' id='word_1_229' title='bbox 2171 542 2297 596; x_wconf 88' lang='lat' dir='ltr'><strong>belli</strong></span> <span class='ocrx_word' id='word_1_230' title='bbox 2334 544 2666 607; x_wconf 82' lang='lat' dir='ltr'><strong>subsidium,</strong></span> <span class='ocrx_word' id='word_1_231' title='bbox 2688 547 2858 616; x_wconf 89' lang='lat' dir='ltr'><strong>duplo</strong></span> <span class='ocrx_word' id='word_1_232' title='bbox 2889 549 2998 604; x_wconf 80' lang='lat' dir='ltr'><strong>illis</strong></span> <span class='ocrx_word' id='word_1_233' title='bbox 3033 551 3271 608; x_wconf 86' lang='lat' dir='ltr'><strong>hostium</strong></span> <span class='ocrx_word' id='word_1_234' title='bbox 3300 557 3507 625; x_wconf 87' lang='lat' dir='ltr'><strong>plures,</strong></span> 
     </span>
    </p>
   </div>
   <div class='ocr_carea' id='block_1_35' title="bbox 1924 643 3508 722">
    <p class='ocr_par' dir='ltr' id='par_1_35' title="bbox 1924 643 3508 722">
     <span class='ocr_line' id='line_1_35' title="bbox 1924 643 3508 722; baseline 0.015 -38"><span class='ocrx_word' id='word_1_235' title='bbox 1924 645 1986 684; x_wconf 91' lang='lat' dir='ltr'><strong>ac</strong></span> <span class='ocrx_word' id='word_1_236' title='bbox 2013 643 2257 688; x_wconf 89' lang='lat' dir='ltr'><strong>nostram</strong></span> <span class='ocrx_word' id='word_1_237' title='bbox 2309 653 2527 693; x_wconf 87' lang='lat' dir='ltr'><strong>rursum</strong></span> <span class='ocrx_word' id='word_1_238' title='bbox 2579 643 2882 697; x_wconf 86' lang='lat' dir='ltr'><strong>auctiorem</strong></span> <span class='ocrx_word' id='word_1_239' title='bbox 2920 643 3151 701; x_wconf 82' lang='lat' dir='ltr'><strong>classem</strong></span> <span class='ocrx_word' id='word_1_240' title='bbox 3182 665 3195 701; x_wconf 91' lang='lat'><strong>:</strong></span> <span class='ocrx_word' id='word_1_241' title='bbox 3231 665 3508 722; x_wconf 72' lang='lat' dir='ltr'><strong>quamquae</strong></span> 
     </span>
    </p>
   </div>
   <div class='ocr_carea' id='block_1_36' title="bbox 1923 723 3513 800">
    <p class='ocr_par' dir='ltr' id='par_1_36' title="bbox 1923 723 3513 800">
     <span class='ocr_line' id='line_1_36' title="bbox 1923 723 3513 800; baseline 0.016 -27"><span class='ocrx_word' id='word_1_242' title='bbox 1923 735 1988 774; x_wconf 87' lang='lat' dir='ltr'><strong>ea</strong></span> <span class='ocrx_word' id='word_1_243' title='bbox 2048 723 2412 781; x_wconf 85' lang='lat' dir='ltr'><strong>nihilominus</strong></span> <span class='ocrx_word' id='word_1_244' title='bbox 2440 744 2618 797; x_wconf 82' lang='lat' dir='ltr'><strong>pugna</strong></span> <span class='ocrx_word' id='word_1_245' title='bbox 2649 733 2820 786; x_wconf 90' lang='lat' dir='ltr'><strong>attriti</strong></span> <span class='ocrx_word' id='word_1_246' title='bbox 2847 737 3038 800; x_wconf 90' lang='lat' dir='ltr'><strong>simus,</strong></span> <span class='ocrx_word' id='word_1_247' title='bbox 3069 742 3286 794; x_wconf 79' lang='lat' dir='ltr'><strong>tametsi</strong></span> <span class='ocrx_word' id='word_1_248' title='bbox 3323 745 3513 800; x_wconf 90' lang='lat' dir='ltr'><strong>multis</strong></span> 
     </span>
    </p>
   </div>
   <div class='ocr_carea' id='block_1_37' title="bbox 1923 813 3509 900">
    <p class='ocr_par' dir='ltr' id='par_1_37' title="bbox 1923 813 3509 900">
     <span class='ocr_line' id='line_1_37' title="bbox 1923 813 3509 900; baseline 0.016 -34"><span class='ocrx_word' id='word_1_249' title='bbox 1923 813 2060 868; x_wconf 87' lang='lat' dir='ltr'><strong>adeo</strong></span> <span class='ocrx_word' id='word_1_250' title='bbox 2091 818 2389 873; x_wconf 83' lang='lat' dir='ltr'><strong>tuentibus.</strong></span> <span class='ocrx_word' id='word_1_251' title='bbox 2430 821 2756 877; x_wconf 80' lang='lat' dir='ltr'><strong>Meministis</strong></span> <span class='ocrx_word' id='word_1_252' title='bbox 2786 827 2989 893; x_wconf 76' lang='lat' dir='ltr'><strong>quibus</strong></span> <span class='ocrx_word' id='word_1_253' title='bbox 3022 837 3153 884; x_wconf 89' lang='lat' dir='ltr'><strong>tunc</strong></span> <span class='ocrx_word' id='word_1_254' title='bbox 3203 834 3378 900; x_wconf 88' lang='lat' dir='ltr'><strong>patria</strong></span> <span class='ocrx_word' id='word_1_255' title='bbox 3414 853 3509 891; x_wconf 81' lang='lat' dir='ltr'><strong>ca-</strong></span> 
     </span>
    </p>
   </div>
   <div class='ocr_carea' id='block_1_38' title="bbox 1923 904 3506 996">
    <p class='ocr_par' dir='ltr' id='par_1_38' title="bbox 1923 904 3506 996">
     <span class='ocr_line' id='line_1_38' title="bbox 1923 904 3506 996; baseline 0.016 -37"><span class='ocrx_word' id='word_1_256' title='bbox 1923 904 2265 964; x_wconf 85' lang='lat' dir='ltr'><strong>lamitatibus</strong></span> <span class='ocrx_word' id='word_1_257' title='bbox 2328 912 2524 967; x_wconf 67' lang='lat' dir='ltr'><strong>affecta</strong></span> <span class='ocrx_word' id='word_1_258' title='bbox 2583 915 2675 977; x_wconf 88' lang='lat' dir='ltr'><strong>sit,</strong></span> <span class='ocrx_word' id='word_1_259' title='bbox 2741 915 3156 987; x_wconf 71' lang='lat' dir='ltr'><strong>Sozopolitanos</strong></span> <span class='ocrx_word' id='word_1_260' title='bbox 3232 917 3506 996; x_wconf 83' lang='lat' dir='ltr'><strong>captivos;</strong></span> 
     </span>
    </p>
   </div>
   <div class='ocr_carea' id='block_1_39' title="bbox 1925 1003 3507 1090">
    <p class='ocr_par' dir='ltr' id='par_1_39' title="bbox 1925 1003 3507 1090">
     <span class='ocr_line' id='line_1_39' title="bbox 1925 1003 3507 1090; baseline 0.013 -36"><span class='ocrx_word' id='word_1_261' title='bbox 1925 1014 2172 1054; x_wconf 84' lang='lat' dir='ltr'><strong>eversam</strong></span> <span class='ocrx_word' id='word_1_262' title='bbox 2205 1003 2549 1068; x_wconf 81' lang='lat' dir='ltr'><strong>Perinthum,</strong></span> <span class='ocrx_word' id='word_1_263' title='bbox 2583 1008 2822 1076; x_wconf 87' lang='lat' dir='ltr'><strong>aliaque,</strong></span> <span class='ocrx_word' id='word_1_264' title='bbox 2872 1027 3107 1080; x_wconf 88' lang='lat' dir='ltr'><strong>quorum</strong></span> <span class='ocrx_word' id='word_1_265' title='bbox 3165 1032 3268 1072; x_wconf 83' lang='lat' dir='ltr'><strong>nec</strong></span> <span class='ocrx_word' id='word_1_266' title='bbox 3335 1021 3507 1090; x_wconf 85' lang='lat' dir='ltr'><strong>ipsam</strong></span> 
     </span>
    </p>
   </div>
   <div class='ocr_carea' id='block_1_40' title="bbox 1925 1091 3506 1176">
    <p class='ocr_par' dir='ltr' id='par_1_40' title="bbox 1925 1091 3506 1176">
     <span class='ocr_line' id='line_1_40' title="bbox 1925 1091 3506 1176; baseline 0.015 -34"><span class='ocrx_word' id='word_1_267' title='bbox 1925 1091 2246 1147; x_wconf 83' lang='lat' dir='ltr'><strong>memoriam</strong></span> <span class='ocrx_word' id='word_1_268' title='bbox 2286 1095 2474 1148; x_wconf 84' lang='lat' dir='ltr'><strong>mitius</strong></span> <span class='ocrx_word' id='word_1_269' title='bbox 2528 1096 2668 1150; x_wconf 83' lang='lat' dir='ltr'><strong>ferre</strong></span> <span class='ocrx_word' id='word_1_270' title='bbox 2716 1114 3025 1166; x_wconf 81' lang='lat' dir='ltr'><strong>possumus.</strong></span> <span class='ocrx_word' id='word_1_271' title='bbox 3072 1105 3251 1161; x_wconf 80' lang='lat' dir='ltr'><strong>Taceo</strong></span> <span class='ocrx_word' id='word_1_272' title='bbox 3298 1120 3506 1176; x_wconf 87' lang='lat' dir='ltr'><strong>autem,</strong></span> 
     </span>
    </p>
   </div>
   <div class='ocr_carea' id='block_1_41' title="bbox 1924 1189 3512 1257">
    <p class='ocr_par' dir='ltr' id='par_1_41' title="bbox 1924 1189 3512 1257">
     <span class='ocr_line' id='line_1_41' title="bbox 1924 1189 3512 1257; baseline 0.011 -22"><span class='ocrx_word' id='word_1_273' title='bbox 1924 1191 1985 1235; x_wconf 85' lang='lat' dir='ltr'><strong>ut</strong></span> <span class='ocrx_word' id='word_1_274' title='bbox 2011 1199 2188 1252; x_wconf 87' lang='lat' dir='ltr'><strong>neque</strong></span> <span class='ocrx_word' id='word_1_275' title='bbox 2223 1201 2324 1240; x_wconf 91' lang='lat' dir='ltr'><strong>nos</strong></span> <span class='ocrx_word' id='word_1_276' title='bbox 2353 1203 2477 1240; x_wconf 92' lang='lat' dir='ltr'><strong>cum</strong></span> <span class='ocrx_word' id='word_1_277' title='bbox 2506 1189 2638 1241; x_wconf 81' lang='lat' dir='ltr'><strong>tanti</strong></span> <span class='ocrx_word' id='word_1_278' title='bbox 2681 1205 2948 1255; x_wconf 33' lang='lat' dir='ltr'><strong>essv‘mus,</strong></span> <span class='ocrx_word' id='word_1_279' title='bbox 2977 1212 3076 1251; x_wconf 89' lang='lat' dir='ltr'><strong>nec</strong></span> <span class='ocrx_word' id='word_1_280' title='bbox 3111 1200 3243 1253; x_wconf 83' lang='lat' dir='ltr'><strong>socii</strong></span> <span class='ocrx_word' id='word_1_281' title='bbox 3292 1209 3361 1255; x_wconf 81' lang='lat' dir='ltr'><strong>ad</strong></span> <span class='ocrx_word' id='word_1_282' title='bbox 3393 1219 3512 1257; x_wconf 84' lang='lat' dir='ltr'><strong>mn.</strong></span> 
     </span>
    </p>
   </div>
   <div class='ocr_carea' id='block_1_42' title="bbox 1927 1274 3506 1360">
    <p class='ocr_par' dir='ltr' id='par_1_42' title="bbox 1927 1274 3506 1360">
     <span class='ocr_line' id='line_1_42' title="bbox 1927 1274 3506 1360; baseline 0.017 -35"><span class='ocrx_word' id='word_1_283' title='bbox 1927 1274 2110 1359; x_wconf 77' lang='lat' dir='ltr'><strong>dicunt</strong></span> <span class='ocrx_word' id='word_1_284' title='bbox 2186 1277 2426 1332; x_wconf 87' lang='lat' dir='ltr'><strong>hostium</strong></span> <span class='ocrx_word' id='word_1_285' title='bbox 2497 1280 2574 1334; x_wconf 85' lang='lat' dir='ltr'><strong>illi</strong></span> <span class='ocrx_word' id='word_1_286' title='bbox 2636 1282 2824 1336; x_wconf 86' lang='lat' dir='ltr'><strong>virtuti</strong></span> <span class='ocrx_word' id='word_1_287' title='bbox 2887 1288 3060 1341; x_wconf 88' lang='lat' dir='ltr'><strong>olmiti</strong></span> <span class='ocrx_word' id='word_1_288' title='bbox 3141 1293 3506 1360; x_wconf 83' lang='lat' dir='ltr'><strong>quiverintus.</strong></span> 
     </span>
    </p>
   </div>
   <div class='ocr_carea' id='block_1_43' title="bbox 1927 1367 3507 1458">
    <p class='ocr_par' dir='ltr' id='par_1_43' title="bbox 1927 1367 3507 1458">
     <span class='ocr_line' id='line_1_43' title="bbox 1927 1367 3507 1458; baseline 0.017 -38"><span class='ocrx_word' id='word_1_289' title='bbox 1927 1368 2053 1420; x_wconf 80' lang='lat' dir='ltr'><strong>Dico</strong></span> <span class='ocrx_word' id='word_1_290' title='bbox 2082 1367 2247 1438; x_wconf 83' lang='lat' dir='ltr'><strong>igitur</strong></span> <span class='ocrx_word' id='word_1_291' title='bbox 2285 1371 2430 1439; x_wconf 87' lang='lat' dir='ltr'><strong>quod</strong></span> <span class='ocrx_word' id='word_1_292' title='bbox 2478 1374 2724 1427; x_wconf 80' lang='lat' dir='ltr'><strong>omzium</strong></span> <span class='ocrx_word' id='word_1_293' title='bbox 2759 1383 3127 1436; x_wconf 89' lang='lat' dir='ltr'><strong>communiter</strong></span> <span class='ocrx_word' id='word_1_294' title='bbox 3169 1402 3264 1440; x_wconf 88' lang='lat' dir='ltr'><strong>ore</strong></span> <span class='ocrx_word' id='word_1_295' title='bbox 3308 1391 3507 1458; x_wconf 80' lang='lat' dir='ltr'><strong>jactari</strong></span> 
     </span>
    </p>
   </div>
   <div class='ocr_carea' id='block_1_44' title="bbox 1922 1461 3508 1549">
    <p class='ocr_par' dir='ltr' id='par_1_44' title="bbox 1922 1461 3508 1549">
     <span class='ocr_line' id='line_1_44' title="bbox 1922 1461 3508 1549; baseline 0.016 -36"><span class='ocrx_word' id='word_1_296' title='bbox 1922 1461 2110 1515; x_wconf 83' lang='lat' dir='ltr'><strong>audio.</strong></span> <span class='ocrx_word' id='word_1_297' title='bbox 2151 1463 2208 1517; x_wconf 89' lang='lat' dir='ltr'><strong>Si</strong></span> <span class='ocrx_word' id='word_1_298' title='bbox 2242 1465 2421 1532; x_wconf 84' lang='lat' dir='ltr'><strong>itaque</strong></span> <span class='ocrx_word' id='word_1_299' title='bbox 2453 1465 2527 1518; x_wconf 87' lang='lat' dir='ltr'><strong>ita</strong></span> <span class='ocrx_word' id='word_1_300' title='bbox 2565 1465 2748 1532; x_wconf 84' lang='lat' dir='ltr'><strong>habet,</strong></span> <span class='ocrx_word' id='word_1_301' title='bbox 2789 1481 2847 1522; x_wconf 91' lang='lat' dir='ltr'><strong>ut</strong></span> <span class='ocrx_word' id='word_1_302' title='bbox 2879 1471 2912 1524; x_wconf 95' lang='lat' dir='ltr'><strong>ii</strong></span> <span class='ocrx_word' id='word_1_303' title='bbox 2966 1474 3123 1530; x_wconf 84' lang='lat' dir='ltr'><strong>nobis</strong></span> <span class='ocrx_word' id='word_1_304' title='bbox 3155 1478 3508 1549; x_wconf 86' lang='lat' dir='ltr'><strong>insidientur.</strong></span> 
     </span>
    </p>
   </div>
   <div class='ocr_carea' id='block_1_45' title="bbox 1923 1556 3512 1639">
    <p class='ocr_par' dir='ltr' id='par_1_45' title="bbox 1923 1556 3512 1639">
     <span class='ocr_line' id='line_1_45' title="bbox 1923 1556 3512 1639; baseline 0.019 -34"><span class='ocrx_word' id='word_1_305' title='bbox 1923 1568 2025 1608; x_wconf 87' lang='lat' dir='ltr'><strong>nec</strong></span> <span class='ocrx_word' id='word_1_306' title='bbox 2051 1570 2244 1639; x_wconf 84' lang='lat' dir='ltr'><strong>eorum</strong></span> <span class='ocrx_word' id='word_1_307' title='bbox 2285 1556 2394 1610; x_wconf 89' lang='lat' dir='ltr'><strong>alio</strong></span> <span class='ocrx_word' id='word_1_308' title='bbox 2447 1559 2746 1626; x_wconf 76' lang='lat' dir='ltr'><strong>respiciant</strong></span> <span class='ocrx_word' id='word_1_309' title='bbox 2792 1567 3044 1632; x_wconf 84' lang='lat' dir='ltr'><strong>consilia,</strong></span> <span class='ocrx_word' id='word_1_310' title='bbox 3089 1587 3253 1638; x_wconf 88' lang='lat' dir='ltr'><strong>quam</strong></span> <span class='ocrx_word' id='word_1_311' title='bbox 3298 1588 3354 1631; x_wconf 89' lang='lat' dir='ltr'><strong>ut</strong></span> <span class='ocrx_word' id='word_1_312' title='bbox 3414 1597 3512 1636; x_wconf 90' lang='lat' dir='ltr'><strong>nos</strong></span> 
     </span>
    </p>
   </div>
   <div class='ocr_carea' id='block_1_46' title="bbox 1921 1647 3510 1738">
    <p class='ocr_par' dir='ltr' id='par_1_46' title="bbox 1921 1647 3510 1738">
     <span class='ocr_line' id='line_1_46' title="bbox 1921 1647 3510 1738; baseline 0.019 -43"><span class='ocrx_word' id='word_1_313' title='bbox 1921 1659 2112 1700; x_wconf 89' lang='lat' dir='ltr'><strong>omnes</strong></span> <span class='ocrx_word' id='word_1_314' title='bbox 2145 1647 2210 1700; x_wconf 89' lang='lat' dir='ltr'><strong>ad</strong></span> <span class='ocrx_word' id='word_1_315' title='bbox 2247 1664 2416 1702; x_wconf 90' lang='lat' dir='ltr'><strong>unum</strong></span> <span class='ocrx_word' id='word_1_316' title='bbox 2461 1650 2565 1704; x_wconf 86' lang='lat' dir='ltr'><strong>sibi</strong></span> <span class='ocrx_word' id='word_1_317' title='bbox 2603 1655 2947 1722; x_wconf 82' lang='lat' dir='ltr'><strong>mancipem;</strong></span> <span class='ocrx_word' id='word_1_318' title='bbox 3004 1675 3104 1715; x_wconf 88' lang='lat' dir='ltr'><strong>nec</strong></span> <span class='ocrx_word' id='word_1_319' title='bbox 3147 1664 3260 1719; x_wconf 85' lang='lat' dir='ltr'><strong>fieri</strong></span> <span class='ocrx_word' id='word_1_320' title='bbox 3309 1680 3510 1738; x_wconf 83' lang='lat' dir='ltr'><strong>potest,</strong></span> 
     </span>
    </p>
   </div>
   <div class='ocr_carea' id='block_1_47' title="bbox 1925 1739 3511 1825">
    <p class='ocr_par' dir='ltr' id='par_1_47' title="bbox 1925 1739 3511 1825">
     <span class='ocr_line' id='line_1_47' title="bbox 1925 1739 3511 1825; baseline 0.016 -35"><span class='ocrx_word' id='word_1_321' title='bbox 1925 1746 1983 1790; x_wconf 89' lang='lat' dir='ltr'><strong>ut</strong></span> <span class='ocrx_word' id='word_1_322' title='bbox 2015 1739 2414 1806; x_wconf 73' lang='lat' dir='ltr'><strong>prohibeamus</strong></span> <span class='ocrx_word' id='word_1_323' title='bbox 2445 1742 2699 1812; x_wconf 87' lang='lat' dir='ltr'><strong>injuriam</strong></span> <span class='ocrx_word' id='word_1_324' title='bbox 2724 1763 2737 1811; x_wconf 93' lang='lat'><strong>;</strong></span> <span class='ocrx_word' id='word_1_325' title='bbox 2767 1764 3006 1816; x_wconf 88' lang='lat' dir='ltr'><strong>quonam</strong></span> <span class='ocrx_word' id='word_1_326' title='bbox 3049 1768 3143 1808; x_wconf 90' lang='lat' dir='ltr'><strong>eos</strong></span> <span class='ocrx_word' id='word_1_327' title='bbox 3177 1759 3300 1825; x_wconf 87' lang='lat' dir='ltr'><strong>quis</strong></span> <span class='ocrx_word' id='word_1_328' title='bbox 3347 1765 3511 1817; x_wconf 88' lang='lat' dir='ltr'><strong>modo</strong></span> 
     </span>
    </p>
   </div>
   <div class='ocr_carea' id='block_1_48' title="bbox 1925 1828 3508 1921">
    <p class='ocr_par' dir='ltr' id='par_1_48' title="bbox 1925 1828 3508 1921">
     <span class='ocr_line' id='line_1_48' title="bbox 1925 1828 3508 1921; baseline 0.018 -41"><span class='ocrx_word' id='word_1_329' title='bbox 1925 1828 2278 1886; x_wconf 85' lang='lat' dir='ltr'><strong>humaniores</strong></span> <span class='ocrx_word' id='word_1_330' title='bbox 2303 1848 2484 1901; x_wconf 68' lang='lat' dir='ltr'><strong>exspet</strong></span> <span class='ocrx_word' id='word_1_331' title='bbox 2507 1845 2603 1899; x_wconf 87' lang='lat' dir='ltr'><strong>tet,</strong></span> <span class='ocrx_word' id='word_1_332' title='bbox 2633 1848 2796 1907; x_wconf 85' lang='lat' dir='ltr'><strong>atque</strong></span> <span class='ocrx_word' id='word_1_333' title='bbox 2831 1842 2897 1895; x_wconf 91' lang='lat' dir='ltr'><strong>ad</strong></span> <span class='ocrx_word' id='word_1_334' title='bbox 2949 1844 3254 1904; x_wconf 78' lang='lat' dir='ltr'><strong>la-dendum</strong></span> <span class='ocrx_word' id='word_1_335' title='bbox 3291 1857 3508 1921; x_wconf 84' lang='lat' dir='ltr'><strong>segnio-</strong></span> 
     </span>
    </p>
   </div>
   <div class='ocr_carea' id='block_1_49' title="bbox 1923 1926 3514 2016">
    <p class='ocr_par' dir='ltr' id='par_1_49' title="bbox 1923 1926 3514 2016">
     <span class='ocr_line' id='line_1_49' title="bbox 1923 1926 3514 2016; baseline 0.023 -47"><span class='ocrx_word' id='word_1_336' title='bbox 1923 1937 2041 1982; x_wconf 80' lang='lat' dir='ltr'><strong>res;</strong></span> <span class='ocrx_word' id='word_1_337' title='bbox 2074 1939 2203 1978; x_wconf 91' lang='lat' dir='ltr'><strong>num</strong></span> <span class='ocrx_word' id='word_1_338' title='bbox 2236 1926 2565 1991; x_wconf 82' lang='lat' dir='ltr'><strong>accusando,</strong></span> <span class='ocrx_word' id='word_1_339' title='bbox 2609 1929 2893 1986; x_wconf 85' lang='lat' dir='ltr'><strong>inferendo</strong></span> <span class='ocrx_word' id='word_1_340' title='bbox 2947 1937 3169 2002; x_wconf 81' lang='lat' dir='ltr'><strong>bellum,</strong></span> <span class='ocrx_word' id='word_1_341' title='bbox 3223 1946 3514 2016; x_wconf 83' lang='lat' dir='ltr'><strong>vituperiis</strong></span> 
     </span>
    </p>
   </div>
   <div class='ocr_carea' id='block_1_50' title="bbox 1923 2011 3511 2092">
    <p class='ocr_par' dir='ltr' id='par_1_50' title="bbox 1923 2011 3511 2092">
     <span class='ocr_line' id='line_1_50' title="bbox 1923 2011 3511 2092; baseline 0.016 -28"><span class='ocrx_word' id='word_1_342' title='bbox 1923 2011 2273 2081; x_wconf 85' lang='lat' dir='ltr'><strong>lacessendo;</strong></span> <span class='ocrx_word' id='word_1_343' title='bbox 2307 2032 2374 2069; x_wconf 87' lang='lat' dir='ltr'><strong>an</strong></span> <span class='ocrx_word' id='word_1_344' title='bbox 2412 2018 2574 2071; x_wconf 85' lang='lat' dir='ltr'><strong>amici</strong></span> <span class='ocrx_word' id='word_1_345' title='bbox 2611 2021 2852 2088; x_wconf 85' lang='lat' dir='ltr'><strong>speciem</strong></span> <span class='ocrx_word' id='word_1_346' title='bbox 2891 2028 3251 2092; x_wconf 64' lang='lat' dir='ltr'><strong>praeferendo.</strong></span> <span class='ocrx_word' id='word_1_347' title='bbox 3286 2011 3511 2089; x_wconf 57' lang='lat' dir='ltr'><strong>blande-</strong></span> 
     </span>
    </p>
   </div>
   <div class='ocr_carea' id='block_1_51' title="bbox 1924 2109 3516 2198">
    <p class='ocr_par' dir='ltr' id='par_1_51' title="bbox 1924 2109 3516 2198">
     <span class='ocr_line' id='line_1_51' title="bbox 1924 2109 3516 2198; baseline 0.014 -38"><span class='ocrx_word' id='word_1_348' title='bbox 1924 2123 2031 2175; x_wconf 89' lang='lat' dir='ltr'><strong>que</strong></span> <span class='ocrx_word' id='word_1_349' title='bbox 2062 2109 2401 2176; x_wconf 85' lang='lat' dir='ltr'><strong>recipiendo.</strong></span> <span class='ocrx_word' id='word_1_350' title='bbox 2437 2125 2503 2164; x_wconf 89' lang='lat' dir='ltr'><strong>ac</strong></span> <span class='ocrx_word' id='word_1_351' title='bbox 2550 2113 2778 2168; x_wconf 78' lang='lat' dir='ltr'><strong>meliora</strong></span> <span class='ocrx_word' id='word_1_352' title='bbox 2828 2121 3142 2184; x_wconf 85' lang='lat' dir='ltr'><strong>precando?</strong></span> <span class='ocrx_word' id='word_1_353' title='bbox 3195 2125 3310 2180; x_wconf 90' lang='lat' dir='ltr'><strong>lloc</strong></span> <span class='ocrx_word' id='word_1_354' title='bbox 3357 2132 3516 2198; x_wconf 82' lang='lat' dir='ltr'><strong>equi-</strong></span> 
     </span>
    </p>
   </div>
   <div class='ocr_carea' id='block_1_52' title="bbox 1924 2199 3512 2276">
    <p class='ocr_par' dir='ltr' id='par_1_52' title="bbox 1924 2199 3512 2276">
     <span class='ocr_line' id='line_1_52' title="bbox 1924 2199 3512 2276; baseline 0.017 -27"><span class='ocrx_word' id='word_1_355' title='bbox 1924 2199 2047 2250; x_wconf 87' lang='lat' dir='ltr'><strong>dem</strong></span> <span class='ocrx_word' id='word_1_356' title='bbox 2108 2200 2410 2254; x_wconf 85' lang='lat' dir='ltr'><strong>secundum</strong></span> <span class='ocrx_word' id='word_1_357' title='bbox 2463 2212 2615 2270; x_wconf 80' lang='lat' dir='ltr'><strong>puto.</strong></span> <span class='ocrx_word' id='word_1_358' title='bbox 2676 2205 2788 2259; x_wconf 84' lang='lat' dir='ltr'><strong>Nec</strong></span> <span class='ocrx_word' id='word_1_359' title='bbox 2845 2224 2971 2264; x_wconf 78' lang='lat' dir='ltr'><strong>vero</strong></span> <span class='ocrx_word' id='word_1_360' title='bbox 3021 2216 3298 2270; x_wconf 58' lang='lat' dir='ltr'><strong>tctentlam</strong></span> <span class='ocrx_word' id='word_1_361' title='bbox 3352 2221 3512 2276; x_wconf 86' lang='lat' dir='ltr'><strong>nobis</strong></span> 
     </span>
    </p>
   </div>
   <div class='ocr_carea' id='block_1_53' title="bbox 1925 2287 3512 2366">
    <p class='ocr_par' dir='ltr' id='par_1_53' title="bbox 1925 2287 3512 2366">
     <span class='ocr_line' id='line_1_53' title="bbox 1925 2287 3512 2366; baseline 0.018 -27"><span class='ocrx_word' id='word_1_362' title='bbox 1925 2287 2246 2342; x_wconf 82' lang='lat' dir='ltr'><strong>servitutem</strong></span> <span class='ocrx_word' id='word_1_363' title='bbox 2296 2290 2440 2346; x_wconf 87' lang='lat' dir='ltr'><strong>dico.</strong></span> <span class='ocrx_word' id='word_1_364' title='bbox 2475 2294 2647 2356; x_wconf 83' lang='lat' dir='ltr'><strong>Absit,</strong></span> <span class='ocrx_word' id='word_1_365' title='bbox 2687 2296 2759 2349; x_wconf 87' lang='lat' dir='ltr'><strong>ita</strong></span> <span class='ocrx_word' id='word_1_366' title='bbox 2793 2313 2957 2351; x_wconf 83' lang='lat' dir='ltr'><strong>sensu</strong></span> <span class='ocrx_word' id='word_1_367' title='bbox 2992 2301 3290 2361; x_wconf 78' lang='lat' dir='ltr'><strong>deSIitutus</strong></span> <span class='ocrx_word' id='word_1_368' title='bbox 3321 2310 3420 2362; x_wconf 86' lang='lat' dir='ltr'><strong>sim</strong></span> <span class='ocrx_word' id='word_1_369' title='bbox 3450 2329 3512 2366; x_wconf 73' lang='lat' dir='ltr'><strong>ac</strong></span> 
     </span>
    </p>
   </div>
   <div class='ocr_carea' id='block_1_54' title="bbox 1927 2379 3514 2470">
    <p class='ocr_par' dir='ltr' id='par_1_54' title="bbox 1927 2379 3514 2470">
     <span class='ocr_line' id='line_1_54' title="bbox 1927 2379 3514 2470; baseline 0.016 -40"><span class='ocrx_word' id='word_1_370' title='bbox 1927 2379 2177 2443; x_wconf 88' lang='lat' dir='ltr'><strong>insanus,</strong></span> <span class='ocrx_word' id='word_1_371' title='bbox 2211 2389 2270 2434; x_wconf 91' lang='lat' dir='ltr'><strong>ut</strong></span> <span class='ocrx_word' id='word_1_372' title='bbox 2301 2383 2449 2436; x_wconf 87' lang='lat' dir='ltr'><strong>aliud</strong></span> <span class='ocrx_word' id='word_1_373' title='bbox 2495 2385 2776 2456; x_wconf 84' lang='lat' dir='ltr'><strong>quidpiam</strong></span> <span class='ocrx_word' id='word_1_374' title='bbox 2812 2391 2974 2443; x_wconf 88' lang='lat' dir='ltr'><strong>velim</strong></span> <span class='ocrx_word' id='word_1_375' title='bbox 3022 2393 3263 2451; x_wconf 87' lang='lat' dir='ltr'><strong>libertati</strong></span> <span class='ocrx_word' id='word_1_376' title='bbox 3322 2405 3514 2470; x_wconf 67' lang='lat' dir='ltr'><strong>prada-</strong></span> 
     </span>
    </p>
   </div>
   <div class='ocr_carea' id='block_1_55' title="bbox 1928 2470 3514 2555">
    <p class='ocr_par' dir='ltr' id='par_1_55' title="bbox 1928 2470 3514 2555">
     <span class='ocr_line' id='line_1_55' title="bbox 1928 2470 3514 2555; baseline 0.017 -32"><span class='ocrx_word' id='word_1_377' title='bbox 1928 2483 2063 2524; x_wconf 90' lang='lat' dir='ltr'><strong>tum.</strong></span> <span class='ocrx_word' id='word_1_378' title='bbox 2101 2470 2206 2526; x_wconf 81' lang='lat' dir='ltr'><strong>Sed</strong></span> <span class='ocrx_word' id='word_1_379' title='bbox 2239 2476 2368 2543; x_wconf 87' lang='lat' dir='ltr'><strong>quia</strong></span> <span class='ocrx_word' id='word_1_380' title='bbox 2400 2477 2535 2530; x_wconf 83' lang='lat' dir='ltr'><strong>nihil</strong></span> <span class='ocrx_word' id='word_1_381' title='bbox 2567 2496 2759 2532; x_wconf 83' lang='lat' dir='ltr'><strong>eorum</strong></span> <span class='ocrx_word' id='word_1_382' title='bbox 2792 2499 2916 2550; x_wconf 65' lang='lat' dir='ltr'><strong>qum</strong></span> <span class='ocrx_word' id='word_1_383' title='bbox 2956 2499 3209 2555; x_wconf 80' lang='lat' dir='ltr'><strong>suspecta</strong></span> <span class='ocrx_word' id='word_1_384' title='bbox 3247 2493 3514 2551; x_wconf 77' lang='lat' dir='ltr'><strong>habemus</strong></span> 
     </span>
    </p>
   </div>
   <div class='ocr_carea' id='block_1_56' title="bbox 1930 2566 3515 2647">
    <p class='ocr_par' dir='ltr' id='par_1_56' title="bbox 1930 2566 3515 2647">
     <span class='ocr_line' id='line_1_56' title="bbox 1930 2566 3515 2647; baseline 0.016 -29"><span class='ocrx_word' id='word_1_385' title='bbox 1930 2566 2146 2621; x_wconf 87' lang='lat' dir='ltr'><strong>firmum</strong></span> <span class='ocrx_word' id='word_1_386' title='bbox 2180 2579 2287 2634; x_wconf 79' lang='lat' dir='ltr'><strong>est,</strong></span> <span class='ocrx_word' id='word_1_387' title='bbox 2319 2572 2452 2640; x_wconf 86' lang='lat' dir='ltr'><strong>quin</strong></span> <span class='ocrx_word' id='word_1_388' title='bbox 2516 2575 2698 2641; x_wconf 68' lang='lat' dir='ltr'><strong>potius</strong></span> <span class='ocrx_word' id='word_1_389' title='bbox 2747 2585 3091 2647; x_wconf 81' lang='lat' dir='ltr'><strong>argumentis</strong></span> <span class='ocrx_word' id='word_1_390' title='bbox 3146 2589 3402 2642; x_wconf 73' lang='lat' dir='ltr'><strong>munibus</strong></span> <span class='ocrx_word' id='word_1_391' title='bbox 3453 2592 3515 2642; x_wconf 79' lang='lat' dir='ltr'><strong>li-</strong></span> 
     </span>
    </p>
   </div>
   <div class='ocr_carea' id='block_1_57' title="bbox 1927 2663 3517 2749">
    <p class='ocr_par' dir='ltr' id='par_1_57' title="bbox 1927 2663 3517 2749">
     <span class='ocr_line' id='line_1_57' title="bbox 1927 2663 3517 2749; baseline 0.015 -36"><span class='ocrx_word' id='word_1_392' title='bbox 1927 2669 2081 2726; x_wconf 86' lang='lat' dir='ltr'><strong>quet,</strong></span> <span class='ocrx_word' id='word_1_393' title='bbox 2119 2663 2306 2717; x_wconf 86' lang='lat' dir='ltr'><strong>venire</strong></span> <span class='ocrx_word' id='word_1_394' title='bbox 2338 2666 2598 2719; x_wconf 88' lang='lat' dir='ltr'><strong>omnibus</strong></span> <span class='ocrx_word' id='word_1_395' title='bbox 2651 2670 2811 2722; x_wconf 82' lang='lat' dir='ltr'><strong>nobis</strong></span> <span class='ocrx_word' id='word_1_396' title='bbox 2860 2672 2998 2727; x_wconf 83' lang='lat' dir='ltr'><strong>bene</strong></span> <span class='ocrx_word' id='word_1_397' title='bbox 3049 2676 3302 2744; x_wconf 80' lang='lat' dir='ltr'><strong>allectos;</strong></span> <span class='ocrx_word' id='word_1_398' title='bbox 3357 2683 3517 2749; x_wconf 74' lang='lat' dir='ltr'><strong>quid-</strong></span> 
     </span>
    </p>
   </div>
   <div class='ocr_carea' id='block_1_58' title="bbox 1928 2755 3515 2842">
    <p class='ocr_par' dir='ltr' id='par_1_58' title="bbox 1928 2755 3515 2842">
     <span class='ocr_line' id='line_1_58' title="bbox 1928 2755 3515 2842; baseline 0.013 -37"><span class='ocrx_word' id='word_1_399' title='bbox 1928 2769 2052 2806; x_wconf 89' lang='lat' dir='ltr'><strong>nam</strong></span> <span class='ocrx_word' id='word_1_400' title='bbox 2087 2755 2405 2823; x_wconf 88' lang='lat' dir='ltr'><strong>itnportuno</strong></span> <span class='ocrx_word' id='word_1_401' title='bbox 2448 2761 2718 2830; x_wconf 79' lang='lat' dir='ltr'><strong>ejusmodi</strong></span> <span class='ocrx_word' id='word_1_402' title='bbox 2771 2779 2911 2832; x_wconf 84' lang='lat' dir='ltr'><strong>opus</strong></span> <span class='ocrx_word' id='word_1_403' title='bbox 2956 2777 3127 2832; x_wconf 80' lang='lat' dir='ltr'><strong>metu,</strong></span> <span class='ocrx_word' id='word_1_404' title='bbox 3179 2785 3302 2823; x_wconf 90' lang='lat' dir='ltr'><strong>cum</strong></span> <span class='ocrx_word' id='word_1_405' title='bbox 3338 2788 3515 2842; x_wconf 73' lang='lat' dir='ltr'><strong>neque</strong></span> 
     </span>
    </p>
   </div>
   <div class='ocr_carea' id='block_1_59' title="bbox 1927 2845 3516 2932">
    <p class='ocr_par' dir='ltr' id='par_1_59' title="bbox 1927 2845 3516 2932">
     <span class='ocr_line' id='line_1_59' title="bbox 1927 2845 3516 2932; baseline 0.014 -35"><span class='ocrx_word' id='word_1_406' title='bbox 1927 2845 1969 2897; x_wconf 88' lang='lat' dir='ltr'><strong>si</strong></span> <span class='ocrx_word' id='word_1_407' title='bbox 2015 2845 2386 2914; x_wconf 64' lang='lat' dir='ltr'><strong>tiu‘tuerimns,</strong></span> <span class='ocrx_word' id='word_1_408' title='bbox 2427 2855 2603 2920; x_wconf 87' lang='lat' dir='ltr'><strong>majus</strong></span> <span class='ocrx_word' id='word_1_409' title='bbox 2647 2855 2847 2924; x_wconf 89' lang='lat' dir='ltr'><strong>aliquid</strong></span> <span class='ocrx_word' id='word_1_410' title='bbox 2892 2859 2957 2911; x_wconf 80' lang='lat' dir='ltr'><strong>sit</strong></span> <span class='ocrx_word' id='word_1_411' title='bbox 2996 2857 3264 2926; x_wconf 90' lang='lat' dir='ltr'><strong>futurum,</strong></span> <span class='ocrx_word' id='word_1_412' title='bbox 3296 2868 3516 2932; x_wconf 76' lang='lat' dir='ltr'><strong>quando</strong></span> 
     </span>
    </p>
   </div>
   <div class='ocr_carea' id='block_1_60' title="bbox 1927 2938 3514 3023">
    <p class='ocr_par' dir='ltr' id='par_1_60' title="bbox 1927 2938 3514 3023">
     <span class='ocr_line' id='line_1_60' title="bbox 1927 2938 3514 3023; baseline 0.016 -34"><span class='ocrx_word' id='word_1_413' title='bbox 1927 2938 2012 2991; x_wconf 92' lang='lat' dir='ltr'><strong>vel</strong></span> <span class='ocrx_word' id='word_1_414' title='bbox 2059 2939 2186 2992; x_wconf 86' lang='lat' dir='ltr'><strong>vieti</strong></span> <span class='ocrx_word' id='word_1_415' title='bbox 2217 2956 2279 2994; x_wconf 90' lang='lat' dir='ltr'><strong>ea</strong></span> <span class='ocrx_word' id='word_1_416' title='bbox 2313 2943 2502 2998; x_wconf 71' lang='lat' dir='ltr'><strong>subi-e</strong></span> <span class='ocrx_word' id='word_1_417' title='bbox 2557 2961 2967 3018; x_wconf 69' lang='lat' dir='ltr'><strong>cogemurquae</strong></span> <span class='ocrx_word' id='word_1_418' title='bbox 3022 2964 3149 3006; x_wconf 79' lang='lat' dir='ltr'><strong>sunt</strong></span> <span class='ocrx_word' id='word_1_419' title='bbox 3207 2956 3257 3008; x_wconf 90' lang='lat' dir='ltr'><strong>vi</strong></span> <span class='ocrx_word' id='word_1_420' title='bbox 3300 2967 3514 3023; x_wconf 85' lang='lat' dir='ltr'><strong>torum;</strong></span> 
     </span>
    </p>
   </div>
   <div class='ocr_carea' id='block_1_61' title="bbox 1929 3030 3516 3111">
    <p class='ocr_par' dir='ltr' id='par_1_61' title="bbox 1929 3030 3516 3111">
     <span class='ocr_line' id='line_1_61' title="bbox 1929 3030 3516 3111; baseline 0.016 -31"><span class='ocrx_word' id='word_1_421' title='bbox 1929 3030 2013 3082; x_wconf 90' lang='lat' dir='ltr'><strong>vel</strong></span> <span class='ocrx_word' id='word_1_422' title='bbox 2048 3035 2284 3087; x_wconf 75' lang='lat' dir='ltr'><strong>v‘ctores</strong></span> <span class='ocrx_word' id='word_1_423' title='bbox 2317 3035 2440 3104; x_wconf 86' lang='lat' dir='ltr'><strong>ipsi.</strong></span> <span class='ocrx_word' id='word_1_424' title='bbox 2477 3039 2628 3092; x_wconf 88' lang='lat' dir='ltr'><strong>velut</strong></span> <span class='ocrx_word' id='word_1_425' title='bbox 2674 3040 2726 3092; x_wconf 90' lang='lat' dir='ltr'><strong>in</strong></span> <span class='ocrx_word' id='word_1_426' title='bbox 2755 3056 2954 3111; x_wconf 79' lang='lat' dir='ltr'><strong>sagcna</strong></span> <span class='ocrx_word' id='word_1_427' title='bbox 3011 3047 3284 3101; x_wconf 75' lang='lat' dir='ltr'><strong>inmitibus</strong></span> <span class='ocrx_word' id='word_1_428' title='bbox 3323 3056 3516 3104; x_wconf 74' lang='lat' dir='ltr'><strong>arctati</strong></span> 
     </span>
    </p>
   </div>
   <div class='ocr_carea' id='block_1_62' title="bbox 235 3125 1821 3209">
    <p class='ocr_par' dir='ltr' id='par_1_62' title="bbox 235 3133 1821 3204">
     <span class='ocr_line' id='line_1_62' title="bbox 235 3133 1821 3204; baseline -0.001 -17"><span class='ocrx_word' id='word_1_429' title='bbox 235 3135 461 3203; x_wconf 77' lang='grc' dir='ltr'>ἔχοντες</span> <span class='ocrx_word' id='word_1_430' title='bbox 493 3134 712 3204; x_wconf 77' lang='grc' dir='ltr'>βλέπειν</span> <span class='ocrx_word' id='word_1_431' title='bbox 753 3133 964 3198; x_wconf 78' lang='grc' dir='ltr'>λοιπὸν,</span> <span class='ocrx_word' id='word_1_432' title='bbox 989 3133 1093 3201; x_wconf 74' lang='grc' dir='ltr'>τῆς</span> <span class='ocrx_word' id='word_1_433' title='bbox 1129 3134 1229 3204; x_wconf 85' lang='grc' dir='ltr'>μὲν</span> <span class='ocrx_word' id='word_1_434' title='bbox 1269 3135 1536 3204; x_wconf 82' lang='grc' dir='ltr'>πρότερον</span> <span class='ocrx_word' id='word_1_435' title='bbox 1579 3135 1684 3188; x_wconf 80' lang='grc' dir='ltr'><strong>ὑπὸ</strong></span> <span class='ocrx_word' id='word_1_436' title='bbox 1713 3138 1821 3188; x_wconf 85' lang='grc' dir='ltr'><strong>τῶν</strong></span> 
     </span>
    </p>
   </div>
   <div class='ocr_carea' id='block_1_63' title="bbox 1929 3125 3590 3209">
    <p class='ocr_par' dir='ltr' id='par_1_63' title="bbox 1929 3125 3590 3209">
     <span class='ocr_line' id='line_1_63' title="bbox 1929 3125 3590 3209; baseline 0.011 -33"><span class='ocrx_word' id='word_1_437' title='bbox 1929 3125 2134 3178; x_wconf 85' lang='lat' dir='ltr'><strong>sessuri</strong></span> <span class='ocrx_word' id='word_1_438' title='bbox 2169 3141 2378 3187; x_wconf 87' lang='lat' dir='ltr'><strong>sntnus.</strong></span> <span class='ocrx_word' id='word_1_439' title='bbox 2433 3131 2626 3197; x_wconf 88' lang='lat' dir='ltr'><strong>utjam</strong></span> <span class='ocrx_word' id='word_1_440' title='bbox 2674 3148 2849 3201; x_wconf 86' lang='lat' dir='ltr'><strong>neque</strong></span> <span class='ocrx_word' id='word_1_441' title='bbox 2882 3139 2944 3188; x_wconf 86' lang='lat' dir='ltr'><strong>ad</strong></span> <span class='ocrx_word' id='word_1_442' title='bbox 2982 3145 3181 3190; x_wconf 83' lang='lat' dir='ltr'><strong>terram</strong></span> <span class='ocrx_word' id='word_1_443' title='bbox 3227 3157 3406 3209; x_wconf 68' lang='lat' dir='ltr'><strong>neque</strong></span> <span class='ocrx_word' id='word_1_444' title='bbox 3448 3145 3521 3196; x_wconf 83' lang='lat' dir='ltr'><strong>ad.</strong></span> <span class='ocrx_word' id='word_1_445' title='bbox 3586 3146 3590 3154; x_wconf 95' lang='lat'><strong><em>&#39;</em></strong></span> 
     </span>
    </p>
   </div>
   <div class='ocr_carea' id='block_1_64' title="bbox 237 3227 1822 3298">
    <p class='ocr_par' dir='ltr' id='par_1_64' title="bbox 237 3227 1822 3298">
     <span class='ocr_line' id='line_1_64' title="bbox 237 3227 1822 3298; baseline 0.002 -19"><span class='ocrx_word' id='word_1_446' title='bbox 237 3227 541 3298; x_wconf 73' lang='grc' dir='ltr'>βαρϐάρων</span> <span class='ocrx_word' id='word_1_447' title='bbox 572 3227 988 3296; x_wconf 72' lang='grc' dir='ltr'>ἐκϐεϐλημένοι.</span> <span class='ocrx_word' id='word_1_448' title='bbox 1019 3229 1116 3295; x_wconf 78' lang='grc' dir='ltr'>τῆς</span> <span class='ocrx_word' id='word_1_449' title='bbox 1150 3229 1194 3280; x_wconf 79' lang='grc' dir='ltr'>δ’</span> <span class='ocrx_word' id='word_1_450' title='bbox 1225 3229 1384 3281; x_wconf 79' lang='grc' dir='ltr'>αὐτοὶ</span> <span class='ocrx_word' id='word_1_451' title='bbox 1421 3228 1516 3281; x_wconf 83' lang='grc' dir='ltr'>νῦν</span> <span class='ocrx_word' id='word_1_452' title='bbox 1549 3231 1822 3282; x_wconf 77' lang='grc' dir='ltr'>ἀποστάν-</span> 
     </span>
    </p>
   </div>
   <div class='ocr_carea' id='block_1_65' title="bbox 241 3318 1818 3390">
    <p class='ocr_par' dir='ltr' id='par_1_65' title="bbox 241 3318 1818 3390">
     <span class='ocr_line' id='line_1_65' title="bbox 241 3318 1818 3390; baseline 0.001 -18"><span class='ocrx_word' id='word_1_453' title='bbox 241 3338 346 3382; x_wconf 88' lang='grc' dir='ltr'><strong>τες</strong></span> <span class='ocrx_word' id='word_1_454' title='bbox 373 3321 459 3372; x_wconf 77' lang='grc' dir='ltr'>διὰ</span> <span class='ocrx_word' id='word_1_455' title='bbox 493 3319 560 3372; x_wconf 74' lang='grc' dir='ltr'>τὰ</span> <span class='ocrx_word' id='word_1_456' title='bbox 609 3318 839 3372; x_wconf 83' lang='grc' dir='ltr'>ἐνύπνια</span> <span class='ocrx_word' id='word_1_457' title='bbox 878 3319 1086 3384; x_wconf 64' lang='lat' dir='ltr'><strong>tufam;</strong></span> <span class='ocrx_word' id='word_1_458' title='bbox 1140 3320 1200 3371; x_wconf 85' lang='grc' dir='ltr'>Εἰ</span> <span class='ocrx_word' id='word_1_459' title='bbox 1233 3319 1288 3372; x_wconf 82' lang='grc' dir='ltr'>δὲ</span> <span class='ocrx_word' id='word_1_460' title='bbox 1326 3320 1484 3373; x_wconf 76' lang='grc' dir='ltr'>πάνθ’</span> <span class='ocrx_word' id='word_1_461' title='bbox 1507 3323 1641 3390; x_wconf 78' lang='grc' dir='ltr'>ἡμῖν</span> <span class='ocrx_word' id='word_1_462' title='bbox 1678 3338 1818 3389; x_wconf 82' lang='grc' dir='ltr'><strong>συγ⁴</strong></span> 
     </span>
    </p>
   </div>
   <div class='ocr_carea' id='block_1_66' title="bbox 232 3406 1819 3484">
    <p class='ocr_par' dir='ltr' id='par_1_66' title="bbox 232 3406 1819 3484">
     <span class='ocr_line' id='line_1_66' title="bbox 232 3406 1819 3484; baseline 0.001 -19"><span class='ocrx_word' id='word_1_463' title='bbox 232 3415 618 3484; x_wconf 77' lang='grc' dir='ltr'>χωρήσαντες,</span> <span class='ocrx_word' id='word_1_464' title='bbox 658 3414 754 3466; x_wconf 73' lang='grc' dir='ltr'><strong>καὶ</strong></span> <span class='ocrx_word' id='word_1_465' title='bbox 800 3411 931 3482; x_wconf 81' lang='grc' dir='ltr'>μήθ’</span> <span class='ocrx_word' id='word_1_466' title='bbox 965 3406 1040 3465; x_wconf 84' lang='grc' dir='ltr'><strong>ὧν</strong></span> <span class='ocrx_word' id='word_1_467' title='bbox 1065 3413 1264 3474; x_wconf 79' lang='grc' dir='ltr'>αὐτοὺς</span> <span class='ocrx_word' id='word_1_468' title='bbox 1298 3412 1722 3474; x_wconf 82' lang='grc' dir='ltr'>καλέσαντες....</span> <span class='ocrx_word' id='word_1_469' title='bbox 1753 3417 1819 3466; x_wconf 79' lang='grc' dir='ltr'>τὰ</span> 
     </span>
    </p>
   </div>
   <div class='ocr_carea' id='block_1_67' title="bbox 235 3504 1822 3576">
    <p class='ocr_par' dir='ltr' id='par_1_67' title="bbox 235 3504 1822 3576">
     <span class='ocr_line' id='line_1_67' title="bbox 235 3504 1822 3576; baseline 0 -20"><span class='ocrx_word' id='word_1_470' title='bbox 235 3504 597 3576; x_wconf 80' lang='grc' dir='ltr'>μετριώτατα</span> <span class='ocrx_word' id='word_1_471' title='bbox 648 3505 711 3564; x_wconf 81' lang='grc' dir='ltr'>δὴ</span> <span class='ocrx_word' id='word_1_472' title='bbox 765 3504 944 3558; x_wconf 82' lang='grc' dir='ltr'>ταῦτα</span> <span class='ocrx_word' id='word_1_473' title='bbox 1009 3505 1212 3569; x_wconf 81' lang='grc' dir='ltr'>ἀξιοῖεν</span> <span class='ocrx_word' id='word_1_474' title='bbox 1263 3505 1435 3556; x_wconf 80' lang='grc' dir='ltr'>αἰτεῖν</span> <span class='ocrx_word' id='word_1_475' title='bbox 1492 3507 1625 3574; x_wconf 78' lang='grc' dir='ltr'>παρ’</span> <span class='ocrx_word' id='word_1_476' title='bbox 1666 3505 1822 3574; x_wconf 84' lang='grc' dir='ltr'>ἡμῶν</span> 
     </span>
    </p>
   </div>
   <div class='ocr_carea' id='block_1_68' title="bbox 235 3597 1824 3668">
    <p class='ocr_par' dir='ltr' id='par_1_68' title="bbox 235 3597 1824 3668">
     <span class='ocr_line' id='line_1_68' title="bbox 235 3597 1824 3668; baseline -0.001 -18"><span class='ocrx_word' id='word_1_477' title='bbox 235 3598 358 3651; x_wconf 86' lang='grc' dir='ltr'><strong>τῶν</strong></span> <span class='ocrx_word' id='word_1_478' title='bbox 402 3598 958 3668; x_wconf 72' lang='grc' dir='ltr'>παρακρουσαμένων</span> <span class='ocrx_word' id='word_1_479' title='bbox 987 3639 1002 3662; x_wconf 92' lang='grc'><strong>,</strong></span> <span class='ocrx_word' id='word_1_480' title='bbox 1035 3597 1407 3661; x_wconf 75' lang='grc' dir='ltr'>ἀπολαϐόντας</span> <span class='ocrx_word' id='word_1_481' title='bbox 1441 3597 1584 3668; x_wconf 74' lang='grc' dir='ltr'>ἅπερ</span> <span class='ocrx_word' id='word_1_482' title='bbox 1614 3598 1824 3665; x_wconf 78' lang='grc' dir='ltr'>ἀνηλώ-</span> 
     </span>
    </p>
   </div>
   <div class='ocr_carea' id='block_1_69' title="bbox 233 3688 1823 3762">
    <p class='ocr_par' dir='ltr' id='par_1_69' title="bbox 233 3688 1823 3762">
     <span class='ocr_line' id='line_1_69' title="bbox 233 3688 1823 3762; baseline -0.002 -18"><span class='ocrx_word' id='word_1_483' title='bbox 233 3706 374 3744; x_wconf 84' lang='grc' dir='ltr'>κασι</span> <span class='ocrx_word' id='word_1_484' title='bbox 401 3693 503 3762; x_wconf 69' lang='grc' dir='ltr'><strong>χρή</strong></span> <span class='ocrx_word' id='word_1_485' title='bbox 515 3707 682 3758; x_wconf 85' lang='grc' dir='ltr'>ματα,</span> <span class='ocrx_word' id='word_1_486' title='bbox 711 3689 884 3753; x_wconf 79' lang='grc' dir='ltr'>οὕτως</span> <span class='ocrx_word' id='word_1_487' title='bbox 931 3689 1108 3742; x_wconf 74' lang='grc' dir='ltr'>οῖκαδ⁸</span> <span class='ocrx_word' id='word_1_488' title='bbox 1137 3689 1495 3742; x_wconf 78' lang='grc' dir='ltr'>ἐπαναπλεῖν·</span> <span class='ocrx_word' id='word_1_489' title='bbox 1522 3688 1678 3742; x_wconf 83' lang='grc' dir='ltr'>τοῦτο</span> <span class='ocrx_word' id='word_1_490' title='bbox 1713 3693 1823 3758; x_wconf 86' lang='grc' dir='ltr'>γὰρ</span> 
     </span>
    </p>
   </div>
   <div class='ocr_carea' id='block_1_70' title="bbox 233 3780 1825 3852">
    <p class='ocr_par' dir='ltr' id='par_1_70' title="bbox 233 3780 1825 3852">
     <span class='ocr_line' id='line_1_70' title="bbox 233 3780 1825 3852; baseline -0.003 -16"><span class='ocrx_word' id='word_1_491' title='bbox 233 3784 343 3836; x_wconf 73' lang='grc' dir='ltr'>καὶ</span> <span class='ocrx_word' id='word_1_492' title='bbox 399 3782 560 3852; x_wconf 76' lang='grc' dir='ltr'>ἡμεῖς</span> <span class='ocrx_word' id='word_1_493' title='bbox 612 3780 678 3835; x_wconf 80' lang='grc' dir='ltr'>ἂν</span> <span class='ocrx_word' id='word_1_494' title='bbox 704 3781 1020 3851; x_wconf 76' lang='grc' dir='ltr'>αἱρεθέντες</span> <span class='ocrx_word' id='word_1_495' title='bbox 1074 3782 1349 3850; x_wconf 75' lang='grc' dir='ltr'>διαιτηταὶ</span> <span class='ocrx_word' id='word_1_496' title='bbox 1383 3781 1505 3834; x_wconf 85' lang='grc' dir='ltr'>καθ’</span> <span class='ocrx_word' id='word_1_497' title='bbox 1538 3781 1694 3850; x_wconf 77' lang='grc' dir='ltr'>ἡμῶν</span> <span class='ocrx_word' id='word_1_498' title='bbox 1729 3782 1825 3832; x_wconf 81' lang='grc' dir='ltr'><strong>αὑ-</strong></span> 
     </span>
    </p>
   </div>
   <div class='ocr_carea' id='block_1_71' title="bbox 230 3861 1819 3942">
    <p class='ocr_par' dir='ltr' id='par_1_71' title="bbox 230 3861 1819 3942">
     <span class='ocr_line' id='line_1_71' title="bbox 230 3861 1819 3942; baseline -0.003 -14"><span class='ocrx_word' id='word_1_499' title='bbox 230 3876 352 3928; x_wconf 83' lang='grc' dir='ltr'><strong>τῶν</strong></span> <span class='ocrx_word' id='word_1_500' title='bbox 381 3861 786 3942; x_wconf 71' lang='grc' dir='ltr'>ψηφισαῖμεθα·</span> <span class='ocrx_word' id='word_1_501' title='bbox 825 3871 998 3926; x_wconf 89' lang='grc' dir='ltr'>ποίων</span> <span class='ocrx_word' id='word_1_502' title='bbox 1045 3873 1179 3941; x_wconf 78' lang='grc' dir='ltr'>ἡμῖν</span> <span class='ocrx_word' id='word_1_503' title='bbox 1234 3871 1519 3942; x_wconf 80' lang='grc' dir='ltr'>μετάλλων</span> <span class='ocrx_word' id='word_1_504' title='bbox 1549 3873 1819 3941; x_wconf 73' lang='grc' dir='ltr'>διορυχαὶ,</span> 
     </span>
    </p>
   </div>
   <div class='ocr_carea' id='block_1_72' title="bbox 233 3966 1825 4038">
    <p class='ocr_par' dir='ltr' id='par_1_72' title="bbox 233 3966 1825 4038">
     <span class='ocr_line' id='line_1_72' title="bbox 233 3966 1825 4038; baseline -0.003 -17"><span class='ocrx_word' id='word_1_505' title='bbox 233 3967 382 4038; x_wconf 74' lang='grc' dir='ltr'>πρὸς</span> <span class='ocrx_word' id='word_1_506' title='bbox 434 3967 533 4036; x_wconf 84' lang='grc' dir='ltr'>τὴν</span> <span class='ocrx_word' id='word_1_507' title='bbox 568 3966 825 4019; x_wconf 83' lang='grc' dir='ltr'>ἀπόδοσιν</span> <span class='ocrx_word' id='word_1_508' title='bbox 874 3966 1080 4019; x_wconf 86' lang='grc' dir='ltr'>τούτων</span> <span class='ocrx_word' id='word_1_509' title='bbox 1115 3966 1487 4036; x_wconf 88' lang='grc' dir='ltr'>ἀρκέσουσιν;</span> <span class='ocrx_word' id='word_1_510' title='bbox 1539 3966 1678 4032; x_wconf 86' lang='grc' dir='ltr'><strong>Ἐγὼ</strong></span> <span class='ocrx_word' id='word_1_511' title='bbox 1725 3967 1825 4033; x_wconf 83' lang='grc' dir='ltr'>μὲν</span> 
     </span>
    </p>
   </div>
   <div class='ocr_carea' id='block_1_73' title="bbox 232 4052 1823 4131">
    <p class='ocr_par' dir='ltr' id='par_1_73' title="bbox 232 4052 1823 4131">
     <span class='ocr_line' id='line_1_73' title="bbox 232 4052 1823 4131; baseline -0.003 -18"><span class='ocrx_word' id='word_1_512' title='bbox 232 4067 375 4131; x_wconf 73' lang='grc' dir='ltr'>γὰρ,</span> <span class='ocrx_word' id='word_1_513' title='bbox 421 4061 516 4111; x_wconf 74' lang='grc' dir='ltr'>καὶ</span> <span class='ocrx_word' id='word_1_514' title='bbox 556 4058 626 4111; x_wconf 83' lang='grc' dir='ltr'>τὰ</span> <span class='ocrx_word' id='word_1_515' title='bbox 659 4057 768 4111; x_wconf 87' lang='grc' dir='ltr'><strong>τῶν</strong></span> <span class='ocrx_word' id='word_1_516' title='bbox 806 4056 1043 4110; x_wconf 88' lang='grc' dir='ltr'>πολιτῶν</span> <span class='ocrx_word' id='word_1_517' title='bbox 1083 4056 1314 4126; x_wconf 86' lang='grc' dir='ltr'>σώματα</span> <span class='ocrx_word' id='word_1_518' title='bbox 1355 4059 1468 4119; x_wconf 85' lang='grc' dir='ltr'>τοῖς</span> <span class='ocrx_word' id='word_1_519' title='bbox 1497 4052 1617 4109; x_wconf 83' lang='grc' dir='ltr'>οὖσι</span> <span class='ocrx_word' id='word_1_520' title='bbox 1649 4073 1823 4126; x_wconf 84' lang='grc' dir='ltr'>προσ-</span> 
     </span>
    </p>
   </div>
   <div class='ocr_carea' id='block_1_74' title="bbox 233 4145 1826 4219">
    <p class='ocr_par' dir='ltr' id='par_1_74' title="bbox 233 4145 1826 4219">
     <span class='ocr_line' id='line_1_74' title="bbox 233 4145 1826 4219; baseline -0.005 -9"><span class='ocrx_word' id='word_1_521' title='bbox 233 4157 462 4216; x_wconf 66' lang='grc' dir='ltr'>θέντας,</span> <span class='ocrx_word' id='word_1_522' title='bbox 510 4152 610 4203; x_wconf 84' lang='grc' dir='ltr'>οὐκ</span> <span class='ocrx_word' id='word_1_523' title='bbox 647 4150 715 4203; x_wconf 81' lang='grc' dir='ltr'>ἂν</span> <span class='ocrx_word' id='word_1_524' title='bbox 746 4145 904 4219; x_wconf 70' lang='grc' dir='ltr'>οἶμαι</span> <span class='ocrx_word' id='word_1_525' title='bbox 943 4148 1216 4202; x_wconf 89' lang='grc' dir='ltr'>λύσασθαι</span> <span class='ocrx_word' id='word_1_526' title='bbox 1247 4148 1471 4211; x_wconf 85' lang='grc' dir='ltr'>τελείως</span> <span class='ocrx_word' id='word_1_527' title='bbox 1513 4149 1612 4216; x_wconf 83' lang='grc' dir='ltr'>τὴν</span> <span class='ocrx_word' id='word_1_528' title='bbox 1641 4150 1826 4217; x_wconf 84' lang='grc' dir='ltr'>εἰσφο-</span> 
     </span>
    </p>
   </div>
   <div class='ocr_carea' id='block_1_75' title="bbox 237 4240 1826 4318">
    <p class='ocr_par' dir='ltr' id='par_1_75' title="bbox 237 4240 1826 4318">
     <span class='ocr_line' id='line_1_75' title="bbox 237 4240 1826 4318; baseline -0.008 -16"><span class='ocrx_word' id='word_1_529' title='bbox 237 4249 368 4318; x_wconf 75' lang='grc' dir='ltr'>ράν·</span> <span class='ocrx_word' id='word_1_530' title='bbox 419 4247 484 4298; x_wconf 77' lang='grc' dir='ltr'>ἂν</span> <span class='ocrx_word' id='word_1_531' title='bbox 510 4245 565 4298; x_wconf 76' lang='grc' dir='ltr'>δὲ</span> <span class='ocrx_word' id='word_1_532' title='bbox 595 4246 658 4314; x_wconf 83' lang='grc' dir='ltr'>δὴ</span> <span class='ocrx_word' id='word_1_533' title='bbox 673 4245 787 4318; x_wconf 45' lang='grc' dir='ltr'>,καὶ</span> <span class='ocrx_word' id='word_1_534' title='bbox 820 4243 1032 4305; x_wconf 82' lang='grc' dir='ltr'>πάντας</span> <span class='ocrx_word' id='word_1_535' title='bbox 1069 4240 1478 4310; x_wconf 71' lang='grc' dir='ltr'>ὑπερϐαλέσθαι</span> <span class='ocrx_word' id='word_1_536' title='bbox 1513 4241 1826 4310; x_wconf 76' lang='grc' dir='ltr'>μεγαλοψυ-</span> 
     </span>
    </p>
   </div>
   <div class='ocr_carea' id='block_1_76' title="bbox 234 4311 1826 4409">
    <p class='ocr_par' dir='ltr' id='par_1_76' title="bbox 234 4311 1826 4409">
     <span class='ocr_line' id='line_1_76' title="bbox 234 4311 1826 4409; baseline -0.005 -19"><span class='ocrx_word' id='word_1_537' title='bbox 234 4311 342 4409; x_wconf 43' lang='lat' dir='ltr'><strong>ita</strong></span> <span class='ocrx_word' id='word_1_538' title='bbox 389 4311 742 4407; x_wconf 66' lang='grc' dir='ltr'>θελήσαντὲς,</span> <span class='ocrx_word' id='word_1_539' title='bbox 776 4334 874 4386; x_wconf 70' lang='grc' dir='ltr'><strong>καὶ</strong></span> <span class='ocrx_word' id='word_1_540' title='bbox 924 4334 1107 4385; x_wconf 85' lang='grc' dir='ltr'>πᾶσαν</span> <span class='ocrx_word' id='word_1_541' title='bbox 1157 4332 1221 4382; x_wconf 88' lang='grc' dir='ltr'><strong>ἐκ</strong></span> <span class='ocrx_word' id='word_1_542' title='bbox 1256 4331 1424 4399; x_wconf 86' lang='grc' dir='ltr'>μέσου</span> <span class='ocrx_word' id='word_1_543' title='bbox 1462 4331 1826 4399; x_wconf 78' lang='grc' dir='ltr'>ποιησάμενοι</span> 
     </span>
    </p>
   </div>
   <div class='ocr_carea' id='block_1_77' title="bbox 235 4422 1826 4498">
    <p class='ocr_par' dir='ltr' id='par_1_77' title="bbox 235 4422 1826 4498">
     <span class='ocr_line' id='line_1_77' title="bbox 235 4422 1826 4498; baseline -0.006 -14"><span class='ocrx_word' id='word_1_544' title='bbox 235 4431 634 4498; x_wconf 71' lang='grc' dir='ltr'>δικαιολογίαν,</span> <span class='ocrx_word' id='word_1_545' title='bbox 677 4428 870 4481; x_wconf 78' lang='grc' dir='ltr'>νόστου</span> <span class='ocrx_word' id='word_1_546' title='bbox 916 4423 1254 4495; x_wconf 75' lang='grc' dir='ltr'>μνησθῶσιν,</span> <span class='ocrx_word' id='word_1_547' title='bbox 1313 4422 1431 4476; x_wconf 77' lang='grc' dir='ltr'>ἀνθ’</span> <span class='ocrx_word' id='word_1_548' title='bbox 1475 4422 1633 4493; x_wconf 81' lang='grc' dir='ltr'>ἡμῶν</span> <span class='ocrx_word' id='word_1_549' title='bbox 1681 4423 1826 4492; x_wconf 81' lang='grc' dir='ltr'><strong>ὠφε-</strong></span> 
     </span>
    </p>
   </div>
   <div class='ocr_carea' id='block_1_78' title="bbox 236 4514 1824 4591">
    <p class='ocr_par' dir='ltr' id='par_1_78' title="bbox 236 4514 1824 4591">
     <span class='ocr_line' id='line_1_78' title="bbox 236 4514 1824 4591; baseline -0.006 -16"><span class='ocrx_word' id='word_1_550' title='bbox 236 4524 358 4576; x_wconf 80' lang='grc' dir='ltr'>λεῖν</span> <span class='ocrx_word' id='word_1_551' title='bbox 393 4520 694 4591; x_wconf 86' lang='grc' dir='ltr'>ἐγνωκότες</span> <span class='ocrx_word' id='word_1_552' title='bbox 727 4520 794 4572; x_wconf 82' lang='grc' dir='ltr'>τὰ</span> <span class='ocrx_word' id='word_1_553' title='bbox 844 4515 1009 4581; x_wconf 82' lang='grc' dir='ltr'>οῐκοι,</span> <span class='ocrx_word' id='word_1_554' title='bbox 1063 4515 1242 4578; x_wconf 73' lang='grc' dir='ltr'>οὐδεὶς</span> <span class='ocrx_word' id='word_1_555' title='bbox 1281 4515 1521 4582; x_wconf 85' lang='grc' dir='ltr'>ἀντερεῖ,</span> <span class='ocrx_word' id='word_1_556' title='bbox 1555 4515 1629 4582; x_wconf 85' lang='grc' dir='ltr'>μὴ</span> <span class='ocrx_word' id='word_1_557' title='bbox 1659 4514 1824 4569; x_wconf 78' lang='grc' dir='ltr'>πάλιν</span> 
     </span>
    </p>
   </div>
   <div class='ocr_carea' id='block_1_79' title="bbox 233 4592 1823 4686">
    <p class='ocr_par' dir='ltr' id='par_1_79' title="bbox 233 4592 1823 4686">
     <span class='ocr_line' id='line_1_79' title="bbox 233 4592 1823 4686; baseline -0.005 -18"><span class='ocrx_word' id='word_1_558' title='bbox 233 4592 395 4686; x_wconf 76' lang='grc' dir='ltr'>ἡμᾶς</span> <span class='ocrx_word' id='word_1_559' title='bbox 432 4613 656 4684; x_wconf 75' lang='grc' dir='ltr'>μονονοὺ</span> <span class='ocrx_word' id='word_1_560' title='bbox 692 4613 809 4673; x_wconf 87' lang='grc' dir='ltr'>ταῖς</span> <span class='ocrx_word' id='word_1_561' title='bbox 847 4611 1005 4681; x_wconf 80' lang='grc' dir='ltr'>χερσὶ</span> <span class='ocrx_word' id='word_1_562' title='bbox 1038 4608 1146 4660; x_wconf 89' lang='grc' dir='ltr'><strong>τῶν</strong></span> <span class='ocrx_word' id='word_1_563' title='bbox 1190 4607 1482 4678; x_wconf 74' lang='grc' dir='ltr'>βαρϐάρων</span> <span class='ocrx_word' id='word_1_564' title='bbox 1519 4607 1823 4672; x_wconf 74' lang='grc' dir='ltr'>ἐνέξεσθαι.</span> 
     </span>
    </p>
   </div>
   <div class='ocr_carea' id='block_1_80' title="bbox 230 4698 1826 4774">
    <p class='ocr_par' dir='ltr' id='par_1_80' title="bbox 230 4698 1826 4774">
     <span class='ocr_line' id='line_1_80' title="bbox 230 4698 1826 4774; baseline -0.008 -12"><span class='ocrx_word' id='word_1_565' title='bbox 230 4709 308 4764; x_wconf 73' lang='lat' dir='ltr'><strong>Et</strong></span> <span class='ocrx_word' id='word_1_566' title='bbox 364 4707 546 4760; x_wconf 84' lang='grc' dir='ltr'>τοίνυν</span> <span class='ocrx_word' id='word_1_567' title='bbox 591 4703 773 4774; x_wconf 83' lang='grc' dir='ltr'>δεήσει</span> <span class='ocrx_word' id='word_1_568' title='bbox 819 4701 1030 4762; x_wconf 86' lang='grc' dir='ltr'>τούτοις</span> <span class='ocrx_word' id='word_1_569' title='bbox 1064 4699 1358 4765; x_wconf 80' lang='grc' dir='ltr'>δουλεύειν,</span> <span class='ocrx_word' id='word_1_570' title='bbox 1402 4699 1490 4752; x_wconf 85' lang='grc' dir='ltr'>διὰ</span> <span class='ocrx_word' id='word_1_571' title='bbox 1518 4699 1570 4750; x_wconf 88' lang='grc' dir='ltr'><strong>τί</strong></span> <span class='ocrx_word' id='word_1_572' title='bbox 1611 4700 1686 4767; x_wconf 82' lang='grc' dir='ltr'>μὴ</span> <span class='ocrx_word' id='word_1_573' title='bbox 1721 4698 1826 4769; x_wconf 86' lang='grc' dir='ltr'>πρὸ</span> 
     </span>
    </p>
   </div>
   <div class='ocr_carea' id='block_1_81' title="bbox 227 4775 1827 4867">
    <p class='ocr_par' dir='ltr' id='par_1_81' title="bbox 227 4775 1827 4867">
     <span class='ocr_line' id='line_1_81' title="bbox 227 4775 1827 4867; baseline -0.008 -13"><span class='ocrx_word' id='word_1_574' title='bbox 227 4799 456 4855; x_wconf 83' lang='grc' dir='ltr'>τούτων</span> <span class='ocrx_word' id='word_1_575' title='bbox 479 4775 750 4860; x_wconf 72' lang='grc' dir='ltr'>ἐκείνοιςς</span> <span class='ocrx_word' id='word_1_576' title='bbox 782 4795 831 4846; x_wconf 84' lang='grc' dir='ltr'><strong>εί</strong></span> <span class='ocrx_word' id='word_1_577' title='bbox 865 4793 973 4862; x_wconf 84' lang='grc' dir='ltr'><strong>γὰρ</strong></span> <span class='ocrx_word' id='word_1_578' title='bbox 1004 4793 1102 4867; x_wconf 70' lang='grc' dir='ltr'>οὐκ</span> <span class='ocrx_word' id='word_1_579' title='bbox 1127 4791 1208 4845; x_wconf 82' lang='grc' dir='ltr'><strong>ένι</strong></span> <span class='ocrx_word' id='word_1_580' title='bbox 1235 4791 1510 4861; x_wconf 86' lang='grc' dir='ltr'>δήπουθεν</span> <span class='ocrx_word' id='word_1_581' title='bbox 1541 4790 1827 4861; x_wconf 76' lang='grc' dir='ltr'>ἐλεύθερον</span> 
     </span>
    </p>
   </div>
   <div class='ocr_carea' id='block_1_82' title="bbox 229 4883 1827 4963">
    <p class='ocr_par' dir='ltr' id='par_1_82' title="bbox 229 4883 1827 4960">
     <span class='ocr_line' id='line_1_82' title="bbox 229 4883 1827 4960; baseline -0.006 -15"><span class='ocrx_word' id='word_1_582' title='bbox 229 4889 414 4960; x_wconf 81' lang='grc' dir='ltr'>εἶναι,</span> <span class='ocrx_word' id='word_1_583' title='bbox 459 4888 521 4942; x_wconf 85' lang='grc' dir='ltr'><strong>τό</strong></span> <span class='ocrx_word' id='word_1_584' title='bbox 571 4905 635 4956; x_wconf 89' lang='grc' dir='ltr'><strong>γε</strong></span> <span class='ocrx_word' id='word_1_585' title='bbox 673 4889 784 4948; x_wconf 85' lang='grc' dir='ltr'>τοῖς</span> <span class='ocrx_word' id='word_1_586' title='bbox 834 4885 1102 4956; x_wconf 84' lang='grc' dir='ltr'>βελτίοσιν</span> <span class='ocrx_word' id='word_1_587' title='bbox 1136 4883 1458 4937; x_wconf 81' lang='grc' dir='ltr'>ὑποκεῖσθσι</span> <span class='ocrx_word' id='word_1_588' title='bbox 1487 4885 1827 4953; x_wconf 83' lang='grc' dir='ltr'>κουφοτέραν</span> 
     </span>
    </p>
   </div>
   <div class='ocr_carea' id='block_1_83' title="bbox 229 4977 1010 5052">
    <p class='ocr_par' dir='ltr' id='par_1_83' title="bbox 229 4977 1010 5052">
     <span class='ocr_line' id='line_1_83' title="bbox 229 4977 1010 5052; baseline -0.009 -13"><span class='ocrx_word' id='word_1_589' title='bbox 229 4983 545 5052; x_wconf 68' lang='grc' dir='ltr'>ἀποφαίνει</span> <span class='ocrx_word' id='word_1_590' title='bbox 569 4981 670 5051; x_wconf 76' lang='grc' dir='ltr'>τὴν</span> <span class='ocrx_word' id='word_1_591' title='bbox 699 4977 1010 5048; x_wconf 82' lang='grc' dir='ltr'>συμφοράν.</span> 
     </span>
    </p>
   </div>
   <div class='ocr_carea' id='block_1_84' title="bbox 333 5067 1824 5143">
    <p class='ocr_par' dir='ltr' id='par_1_84' title="bbox 333 5067 1824 5143">
     <span class='ocr_line' id='line_1_84' title="bbox 333 5067 1824 5143; baseline -0.003 -15"><span class='ocrx_word' id='word_1_592' title='bbox 333 5077 496 5132; x_wconf 83' lang='grc' dir='ltr'>Ἀλλά</span> <span class='ocrx_word' id='word_1_593' title='bbox 533 5074 840 5143; x_wconf 85' lang='grc' dir='ltr'>καλέσομεν</span> <span class='ocrx_word' id='word_1_594' title='bbox 866 5069 1238 5141; x_wconf 74' lang='grc' dir='ltr'>συμμάχουςς</span> <span class='ocrx_word' id='word_1_595' title='bbox 1282 5068 1518 5139; x_wconf 83' lang='grc' dir='ltr'>Πότερον</span> <span class='ocrx_word' id='word_1_596' title='bbox 1549 5067 1824 5130; x_wconf 80' lang='grc' dir='ltr'>ἀσθενεῖς.</span> 
     </span>
    </p>
   </div>
   <div class='ocr_carea' id='block_1_85' title="bbox 229 5162 1828 5244">
    <p class='ocr_par' dir='ltr' id='par_1_85' title="bbox 229 5162 1828 5244">
     <span class='ocr_line' id='line_1_85' title="bbox 229 5162 1828 5244; baseline -0.005 -21"><span class='ocrx_word' id='word_1_597' title='bbox 229 5174 274 5244; x_wconf 79' lang='grc' dir='ltr'><strong>ἢ</strong></span> <span class='ocrx_word' id='word_1_598' title='bbox 316 5170 428 5223; x_wconf 91' lang='grc' dir='ltr'><strong>τῶν</strong></span> <span class='ocrx_word' id='word_1_599' title='bbox 466 5169 814 5237; x_wconf 83' lang='grc' dir='ltr'>δυναμένων;</span> <span class='ocrx_word' id='word_1_600' title='bbox 840 5165 902 5218; x_wconf 72' lang='lat' dir='ltr'><strong>Et</strong></span> <span class='ocrx_word' id='word_1_601' title='bbox 932 5163 1032 5234; x_wconf 76' lang='grc' dir='ltr'>μὲν</span> <span class='ocrx_word' id='word_1_602' title='bbox 1065 5164 1159 5217; x_wconf 81' lang='grc' dir='ltr'>οὖν</span> <span class='ocrx_word' id='word_1_603' title='bbox 1187 5165 1290 5217; x_wconf 74' lang='grc' dir='ltr'>οὐκ</span> <span class='ocrx_word' id='word_1_604' title='bbox 1328 5162 1659 5232; x_wconf 82' lang='grc' dir='ltr'>ἀρκοῦντας,</span> <span class='ocrx_word' id='word_1_605' title='bbox 1699 5165 1828 5222; x_wconf 78' lang='grc' dir='ltr'>τοὺς</span> 
     </span>
    </p>
   </div>
   <div class='ocr_carea' id='block_1_86' title="bbox 230 5254 1828 5336">
    <p class='ocr_par' dir='ltr' id='par_1_86' title="bbox 230 5254 1828 5336">
     <span class='ocr_line' id='line_1_86' title="bbox 230 5254 1828 5336; baseline -0.006 -21"><span class='ocrx_word' id='word_1_606' title='bbox 230 5265 406 5336; x_wconf 84' lang='grc' dir='ltr'>ἡμῖν,</span> <span class='ocrx_word' id='word_1_607' title='bbox 439 5261 517 5322; x_wconf 78' lang='grc' dir='ltr'><strong>ὡς</strong></span> <span class='ocrx_word' id='word_1_608' title='bbox 554 5260 722 5321; x_wconf 82' lang='grc' dir='ltr'>έοικε,</span> <span class='ocrx_word' id='word_1_609' title='bbox 773 5256 1290 5326; x_wconf 86' lang='grc' dir='ltr'>συναπολουμένους</span> <span class='ocrx_word' id='word_1_610' title='bbox 1322 5255 1634 5324; x_wconf 75' lang='grc' dir='ltr'>ζητήσομεν</span> <span class='ocrx_word' id='word_1_611' title='bbox 1659 5272 1671 5285; x_wconf 78' lang='grc' dir='ltr'><strong><em>ο</em></strong></span> <span class='ocrx_word' id='word_1_612' title='bbox 1708 5258 1754 5306; x_wconf 78' lang='grc' dir='ltr'><strong>εί</strong></span> <span class='ocrx_word' id='word_1_613' title='bbox 1783 5254 1828 5306; x_wconf 84' lang='grc' dir='ltr'>δ’</span> 
     </span>
    </p>
   </div>
   <div class='ocr_carea' id='block_1_87' title="bbox 228 5349 1828 5428">
    <p class='ocr_par' dir='ltr' id='par_1_87' title="bbox 228 5349 1828 5428">
     <span class='ocr_line' id='line_1_87' title="bbox 228 5349 1828 5428; baseline -0.015 -5"><span class='ocrx_word' id='word_1_614' title='bbox 228 5356 621 5428; x_wconf 68' lang='grc' dir='ltr'>ἐρρωμένους,</span> <span class='ocrx_word' id='word_1_615' title='bbox 659 5353 824 5406; x_wconf 77' lang='grc' dir='ltr'>πάλιν</span> <span class='ocrx_word' id='word_1_616' title='bbox 876 5351 1039 5419; x_wconf 80' lang='grc' dir='ltr'>ἡμεῖς</span> <span class='ocrx_word' id='word_1_617' title='bbox 1094 5349 1192 5419; x_wconf 80' lang='grc' dir='ltr'>μὲν</span> <span class='ocrx_word' id='word_1_618' title='bbox 1251 5350 1502 5412; x_wconf 84' lang='grc' dir='ltr'>ἀσθενεῖς</span> <span class='ocrx_word' id='word_1_619' title='bbox 1533 5390 1548 5414; x_wconf 92' lang='grc'><strong>,</strong></span> <span class='ocrx_word' id='word_1_620' title='bbox 1601 5349 1828 5401; x_wconf 80' lang='grc' dir='ltr'>ἐκείνων</span> 
     </span>
    </p>
   </div>
   <div class='ocr_carea' id='block_1_88' title="bbox 227 5441 1831 5518">
    <p class='ocr_par' dir='ltr' id='par_1_88' title="bbox 227 5441 1831 5518">
     <span class='ocr_line' id='line_1_88' title="bbox 227 5441 1831 5518; baseline -0.007 -14"><span class='ocrx_word' id='word_1_621' title='bbox 227 5451 304 5504; x_wconf 81' lang='grc' dir='ltr'>δὲ</span> <span class='ocrx_word' id='word_1_622' title='bbox 361 5450 394 5518; x_wconf 77' lang='grc' dir='ltr'>ἡ</span> <span class='ocrx_word' id='word_1_623' title='bbox 441 5447 672 5513; x_wconf 80' lang='grc' dir='ltr'>δύναμις</span> <span class='ocrx_word' id='word_1_624' title='bbox 707 5444 936 5515; x_wconf 79' lang='grc' dir='ltr'>φοϐερά·</span> <span class='ocrx_word' id='word_1_625' title='bbox 972 5445 1070 5496; x_wconf 75' lang='grc' dir='ltr'>καὶ</span> <span class='ocrx_word' id='word_1_626' title='bbox 1122 5442 1284 5495; x_wconf 84' lang='grc' dir='ltr'>πάλιν</span> <span class='ocrx_word' id='word_1_627' title='bbox 1334 5445 1387 5493; x_wconf 77' lang='lat' dir='ltr'><strong>ai</strong></span> <span class='ocrx_word' id='word_1_628' title='bbox 1449 5441 1702 5509; x_wconf 72' lang='grc' dir='ltr'>ὑποψίαι,</span> <span class='ocrx_word' id='word_1_629' title='bbox 1737 5443 1831 5493; x_wconf 75' lang='grc' dir='ltr'>καὶ</span> 
     </span>
    </p>
   </div>
   <div class='ocr_carea' id='block_1_89' title="bbox 225 5531 1831 5604">
    <p class='ocr_par' dir='ltr' id='par_1_89' title="bbox 225 5531 1831 5604">
     <span class='ocr_line' id='line_1_89' title="bbox 225 5531 1831 5604; baseline -0.006 -12"><span class='ocrx_word' id='word_1_630' title='bbox 225 5538 344 5592; x_wconf 73' lang='grc' dir='ltr'>τοῦ</span> <span class='ocrx_word' id='word_1_631' title='bbox 380 5537 556 5590; x_wconf 78' lang='grc' dir='ltr'>κακοῦ</span> <span class='ocrx_word' id='word_1_632' title='bbox 593 5537 771 5604; x_wconf 78' lang='grc' dir='ltr'>πέρας</span> <span class='ocrx_word' id='word_1_633' title='bbox 813 5535 991 5587; x_wconf 83' lang='grc' dir='ltr'>οὐδέν.</span> <span class='ocrx_word' id='word_1_634' title='bbox 1025 5532 1200 5595; x_wconf 84' lang='grc' dir='ltr'>Ὅλως</span> <span class='ocrx_word' id='word_1_635' title='bbox 1229 5532 1285 5584; x_wconf 77' lang='grc' dir='ltr'>δὲ</span> <span class='ocrx_word' id='word_1_636' title='bbox 1322 5531 1435 5583; x_wconf 61' lang='grc' dir='ltr'><strong>οὐ)</strong></span> <span class='ocrx_word' id='word_1_637' title='bbox 1464 5531 1576 5602; x_wconf 67' lang='grc' dir='ltr'>ὁρῶ</span> <span class='ocrx_word' id='word_1_638' title='bbox 1623 5532 1674 5583; x_wconf 86' lang='grc' dir='ltr'><strong>τί</strong></span> <span class='ocrx_word' id='word_1_639' title='bbox 1709 5531 1831 5583; x_wconf 81' lang='grc' dir='ltr'>ποθ’</span> 
     </span>
    </p>
   </div>
   <div class='ocr_carea' id='block_1_90' title="bbox 229 5622 1828 5697">
    <p class='ocr_par' dir='ltr' id='par_1_90' title="bbox 229 5622 1828 5697">
     <span class='ocr_line' id='line_1_90' title="bbox 229 5622 1828 5697; baseline -0.005 -18"><span class='ocrx_word' id='word_1_640' title='bbox 229 5629 382 5697; x_wconf 75' lang='grc' dir='ltr'>ἡμῖν</span> <span class='ocrx_word' id='word_1_641' title='bbox 414 5628 655 5679; x_wconf 65' lang='grc' dir='ltr'>συνοίσει</span> <span class='ocrx_word' id='word_1_642' title='bbox 707 5625 767 5677; x_wconf 82' lang='grc' dir='ltr'>τὸ</span> <span class='ocrx_word' id='word_1_643' title='bbox 808 5622 1112 5676; x_wconf 85' lang='grc' dir='ltr'>κόπτεσθαι</span> <span class='ocrx_word' id='word_1_644' title='bbox 1156 5623 1249 5674; x_wconf 75' lang='grc' dir='ltr'>καὶ</span> <span class='ocrx_word' id='word_1_645' title='bbox 1289 5622 1612 5690; x_wconf 77' lang='grc' dir='ltr'>συμμαχίαν</span> <span class='ocrx_word' id='word_1_646' title='bbox 1644 5622 1828 5690; x_wconf 77' lang='grc' dir='ltr'>ζητεῖν</span> 
     </span>
    </p>
   </div>
   <div class='ocr_carea' id='block_1_91' title="bbox 225 5714 1829 5784">
    <p class='ocr_par' dir='ltr' id='par_1_91' title="bbox 225 5714 1829 5784">
     <span class='ocr_line' id='line_1_91' title="bbox 225 5714 1829 5784; baseline -0.003 -12"><span class='ocrx_word' id='word_1_647' title='bbox 225 5717 343 5772; x_wconf 72' lang='grc' dir='ltr'>τοῦ</span> <span class='ocrx_word' id='word_1_648' title='bbox 375 5716 586 5775; x_wconf 71' lang='grc' dir='ltr'>λοιποῦ.</span> <span class='ocrx_word' id='word_1_649' title='bbox 625 5719 673 5768; x_wconf 87' lang='grc' dir='ltr'><strong>εί</strong></span> <span class='ocrx_word' id='word_1_650' title='bbox 705 5717 828 5778; x_wconf 77' lang='grc' dir='ltr'>τοὺς</span> <span class='ocrx_word' id='word_1_651' title='bbox 867 5716 964 5783; x_wconf 88' lang='grc' dir='ltr'>μὲν</span> <span class='ocrx_word' id='word_1_652' title='bbox 993 5714 1244 5784; x_wconf 79' lang='grc' dir='ltr'>ἰσχυροὺς</span> <span class='ocrx_word' id='word_1_653' title='bbox 1270 5714 1648 5783; x_wconf 73' lang='grc' dir='ltr'>φυλαξόμεθα,</span> <span class='ocrx_word' id='word_1_654' title='bbox 1677 5715 1829 5783; x_wconf 79' lang='grc' dir='ltr'>παρὰ</span> 
     </span>
    </p>
   </div>
   <div class='ocr_carea' id='block_1_92' title="bbox 222 5804 1828 5875">
    <p class='ocr_par' dir='ltr' id='par_1_92' title="bbox 222 5804 1828 5875">
     <span class='ocr_line' id='line_1_92' title="bbox 222 5804 1828 5875; baseline -0.006 -8"><span class='ocrx_word' id='word_1_655' title='bbox 222 5814 301 5867; x_wconf 78' lang='grc' dir='ltr'>δὲ</span> <span class='ocrx_word' id='word_1_656' title='bbox 341 5811 450 5862; x_wconf 85' lang='grc' dir='ltr'><strong>τῶν</strong></span> <span class='ocrx_word' id='word_1_657' title='bbox 494 5810 774 5863; x_wconf 81' lang='grc' dir='ltr'>ἀδυνάτων</span> <span class='ocrx_word' id='word_1_658' title='bbox 807 5808 962 5861; x_wconf 78' lang='grc' dir='ltr'>οὐδὲν</span> <span class='ocrx_word' id='word_1_659' title='bbox 1019 5807 1219 5875; x_wconf 73' lang='grc' dir='ltr'>εχομεν</span> <span class='ocrx_word' id='word_1_660' title='bbox 1275 5804 1630 5874; x_wconf 70' lang='grc' dir='ltr'>ὠφελεῖσθαι.</span> <span class='ocrx_word' id='word_1_661' title='bbox 1674 5807 1828 5870; x_wconf 80' lang='grc' dir='ltr'>Τίνες</span> 
     </span>
    </p>
   </div>
   <div class='ocr_carea' id='block_1_93' title="bbox 1930 3218 3518 3293">
    <p class='ocr_par' dir='ltr' id='par_1_93' title="bbox 1930 3218 3518 3293">
     <span class='ocr_line' id='line_1_93' title="bbox 1930 3218 3518 3293; baseline 0.014 -29"><span class='ocrx_word' id='word_1_662' title='bbox 1930 3229 2080 3267; x_wconf 88' lang='lat' dir='ltr'><strong>mare</strong></span> <span class='ocrx_word' id='word_1_663' title='bbox 2139 3218 2412 3284; x_wconf 81' lang='lat' dir='ltr'><strong>respicere</strong></span> <span class='ocrx_word' id='word_1_664' title='bbox 2469 3221 2666 3283; x_wconf 78' lang='lat' dir='ltr'><strong>liceat;</strong></span> <span class='ocrx_word' id='word_1_665' title='bbox 2729 3223 2878 3290; x_wconf 90' lang='lat' dir='ltr'><strong>prius</strong></span> <span class='ocrx_word' id='word_1_666' title='bbox 2918 3227 3141 3293; x_wconf 78' lang='lat' dir='ltr'><strong>quidem</strong></span> <span class='ocrx_word' id='word_1_667' title='bbox 3180 3244 3208 3280; x_wconf 90' lang='lat' dir='ltr'><strong>a</strong></span> <span class='ocrx_word' id='word_1_668' title='bbox 3264 3231 3518 3287; x_wconf 72' lang='lat' dir='ltr'><strong>Barbaris</strong></span> 
     </span>
    </p>
   </div>
   <div class='ocr_carea' id='block_1_94' title="bbox 1929 3302 3527 3392">
    <p class='ocr_par' dir='ltr' id='par_1_94' title="bbox 1929 3302 3527 3392">
     <span class='ocr_line' id='line_1_94' title="bbox 1929 3302 3527 3392; baseline 0.014 -37"><span class='ocrx_word' id='word_1_669' title='bbox 1929 3302 2018 3356; x_wconf 87' lang='lat' dir='ltr'><strong>illa</strong></span> <span class='ocrx_word' id='word_1_670' title='bbox 2077 3308 2467 3371; x_wconf 84' lang='lat' dir='ltr'><strong>exterminati;</strong></span> <span class='ocrx_word' id='word_1_671' title='bbox 2547 3311 2649 3363; x_wconf 85' lang='lat' dir='ltr'><strong>hoc</strong></span> <span class='ocrx_word' id='word_1_672' title='bbox 2713 3321 2916 3375; x_wconf 83' lang='lat' dir='ltr'><strong>autem,</strong></span> <span class='ocrx_word' id='word_1_673' title='bbox 2975 3317 3074 3382; x_wconf 88' lang='lat' dir='ltr'><strong>ipsi</strong></span> <span class='ocrx_word' id='word_1_674' title='bbox 3140 3333 3240 3372; x_wconf 73' lang='lat' dir='ltr'><strong>nos</strong></span> <span class='ocrx_word' id='word_1_675' title='bbox 3296 3335 3527 3392; x_wconf 65' lang='lat' dir='ltr'><strong>prizpter</strong></span> 
     </span>
    </p>
   </div>
   <div class='ocr_carea' id='block_1_95' title="bbox 1927 3397 3522 3470">
    <p class='ocr_par' dir='ltr' id='par_1_95' title="bbox 1927 3397 3522 3470">
     <span class='ocr_line' id='line_1_95' title="bbox 1927 3397 3522 3470; baseline 0.015 -24"><span class='ocrx_word' id='word_1_676' title='bbox 1927 3397 2199 3463; x_wconf 83' lang='lat' dir='ltr'><strong>ejusmodi</strong></span> <span class='ocrx_word' id='word_1_677' title='bbox 2237 3404 2446 3452; x_wconf 68' lang='lat' dir='ltr'><strong>somnia</strong></span> <span class='ocrx_word' id='word_1_678' title='bbox 2486 3403 2648 3455; x_wconf 73' lang='lat' dir='ltr'><strong>uredo</strong></span> <span class='ocrx_word' id='word_1_679' title='bbox 2692 3403 3037 3460; x_wconf 87' lang='lat' dir='ltr'><strong>abdicanles.</strong></span> <span class='ocrx_word' id='word_1_680' title='bbox 3095 3411 3189 3463; x_wconf 82' lang='lat' dir='ltr'><strong>Siti</strong></span> <span class='ocrx_word' id='word_1_681' title='bbox 3222 3421 3404 3467; x_wconf 82' lang='lat' dir='ltr'><strong>autem</strong></span> <span class='ocrx_word' id='word_1_682' title='bbox 3438 3417 3522 3470; x_wconf 83' lang='lat' dir='ltr'><strong>in-</strong></span> 
     </span>
    </p>
   </div>
   <div class='ocr_carea' id='block_1_96' title="bbox 1927 3487 3519 3564">
    <p class='ocr_par' dir='ltr' id='par_1_96' title="bbox 1927 3487 3519 3564">
     <span class='ocr_line' id='line_1_96' title="bbox 1927 3487 3519 3564; baseline 0.014 -25"><span class='ocrx_word' id='word_1_683' title='bbox 1927 3487 2213 3556; x_wconf 80' lang='lat' dir='ltr'><strong>dulgentes</strong></span> <span class='ocrx_word' id='word_1_684' title='bbox 2247 3493 2451 3555; x_wconf 78' lang='lat' dir='ltr'><strong>omnia,</strong></span> <span class='ocrx_word' id='word_1_685' title='bbox 2478 3508 2579 3547; x_wconf 85' lang='lat' dir='ltr'><strong>nec</strong></span> <span class='ocrx_word' id='word_1_686' title='bbox 2606 3496 2752 3564; x_wconf 67' lang='lat' dir='ltr'><strong>quoi</strong></span> <span class='ocrx_word' id='word_1_687' title='bbox 2776 3509 3298 3556; x_wconf 84' lang='lat' dir='ltr'><strong>vocantes...........</strong></span> <span class='ocrx_word' id='word_1_688' title='bbox 3338 3505 3519 3562; x_wconf 54' lang='lat' dir='ltr'><strong>limere</strong></span> 
     </span>
    </p>
   </div>
   <div class='ocr_carea' id='block_1_97' title="bbox 1928 3580 3516 3668">
    <p class='ocr_par' dir='ltr' id='par_1_97' title="bbox 1928 3580 3516 3668">
     <span class='ocr_line' id='line_1_97' title="bbox 1928 3580 3516 3668; baseline 0.016 -39"><span class='ocrx_word' id='word_1_689' title='bbox 1928 3596 1954 3629; x_wconf 87' lang='lat' dir='ltr'><strong>a</strong></span> <span class='ocrx_word' id='word_1_690' title='bbox 1993 3580 2154 3634; x_wconf 87' lang='lat' dir='ltr'><strong>nobis</strong></span> <span class='ocrx_word' id='word_1_691' title='bbox 2185 3591 2308 3650; x_wconf 90' lang='lat' dir='ltr'><strong>post</strong></span> <span class='ocrx_word' id='word_1_692' title='bbox 2355 3583 2621 3638; x_wconf 75' lang='lat' dir='ltr'><strong>offensam</strong></span> <span class='ocrx_word' id='word_1_693' title='bbox 2666 3589 3036 3645; x_wconf 71' lang='lat' dir='ltr'><strong>modicissima</strong></span> <span class='ocrx_word' id='word_1_694' title='bbox 3071 3595 3243 3648; x_wconf 82' lang='lat' dir='ltr'><strong>velint</strong></span> <span class='ocrx_word' id='word_1_695' title='bbox 3273 3598 3516 3668; x_wconf 81' lang='lat' dir='ltr'><strong>exigere,</strong></span> 
     </span>
    </p>
   </div>
   <div class='ocr_carea' id='block_1_98' title="bbox 1929 3677 3512 3751">
    <p class='ocr_par' dir='ltr' id='par_1_98' title="bbox 1929 3677 3512 3751">
     <span class='ocr_line' id='line_1_98' title="bbox 1929 3677 3512 3751; baseline 0.012 -26"><span class='ocrx_word' id='word_1_696' title='bbox 1929 3684 1988 3726; x_wconf 92' lang='lat' dir='ltr'><strong>ut</strong></span> <span class='ocrx_word' id='word_1_697' title='bbox 2022 3677 2260 3743; x_wconf 83' lang='lat' dir='ltr'><strong>receptis</strong></span> <span class='ocrx_word' id='word_1_698' title='bbox 2281 3691 2420 3744; x_wconf 88' lang='lat' dir='ltr'><strong>quas</strong></span> <span class='ocrx_word' id='word_1_699' title='bbox 2443 3678 2858 3748; x_wconf 89' lang='lat' dir='ltr'><strong>insumpserunt</strong></span> <span class='ocrx_word' id='word_1_700' title='bbox 2889 3685 3160 3751; x_wconf 82' lang='lat' dir='ltr'><strong>pecuniis,</strong></span> <span class='ocrx_word' id='word_1_701' title='bbox 3184 3687 3263 3742; x_wconf 80' lang='lat' dir='ltr'><strong>sic</strong></span> <span class='ocrx_word' id='word_1_702' title='bbox 3293 3691 3512 3744; x_wconf 89' lang='lat' dir='ltr'><strong>domum</strong></span> 
     </span>
    </p>
   </div>
   <div class='ocr_carea' id='block_1_99' title="bbox 1927 3767 3518 3845">
    <p class='ocr_par' dir='ltr' id='par_1_99' title="bbox 1927 3767 3518 3845">
     <span class='ocr_line' id='line_1_99' title="bbox 1927 3767 3518 3845; baseline 0.011 -25"><span class='ocrx_word' id='word_1_703' title='bbox 1927 3767 2158 3820; x_wconf 87' lang='lat' dir='ltr'><strong>classem</strong></span> <span class='ocrx_word' id='word_1_704' title='bbox 2192 3769 2476 3823; x_wconf 85' lang='lat' dir='ltr'><strong>reducant.</strong></span> <span class='ocrx_word' id='word_1_705' title='bbox 2513 3771 2624 3824; x_wconf 85' lang='lat' dir='ltr'><strong>lloe</strong></span> <span class='ocrx_word' id='word_1_706' title='bbox 2665 3773 2811 3826; x_wconf 86' lang='lat' dir='ltr'><strong>enim</strong></span> <span class='ocrx_word' id='word_1_707' title='bbox 2840 3791 2934 3829; x_wconf 74' lang='lat' dir='ltr'><strong>vos</strong></span> <span class='ocrx_word' id='word_1_708' title='bbox 2962 3776 3065 3845; x_wconf 88' lang='lat' dir='ltr'><strong>ipsi</strong></span> <span class='ocrx_word' id='word_1_709' title='bbox 3096 3778 3387 3834; x_wconf 81' lang='lat' dir='ltr'><strong>adversum</strong></span> <span class='ocrx_word' id='word_1_710' title='bbox 3420 3799 3518 3837; x_wconf 89' lang='lat' dir='ltr'><strong>vos</strong></span> 
     </span>
    </p>
   </div>
   <div class='ocr_carea' id='block_1_100' title="bbox 1926 3858 3518 3933">
    <p class='ocr_par' dir='ltr' id='par_1_100' title="bbox 1926 3858 3518 3933">
     <span class='ocr_line' id='line_1_100' title="bbox 1926 3858 3518 3933; baseline 0.011 -22"><span class='ocrx_word' id='word_1_711' title='bbox 1926 3858 2125 3915; x_wconf 88' lang='lat' dir='ltr'><strong>delecti</strong></span> <span class='ocrx_word' id='word_1_712' title='bbox 2153 3860 2346 3916; x_wconf 87' lang='lat' dir='ltr'><strong>arbitri</strong></span> <span class='ocrx_word' id='word_1_713' title='bbox 2371 3864 2669 3928; x_wconf 87' lang='lat' dir='ltr'><strong>sanciatis;</strong></span> <span class='ocrx_word' id='word_1_714' title='bbox 2703 3881 2951 3933; x_wconf 64' lang='lat' dir='ltr'><strong>quaenam</strong></span> <span class='ocrx_word' id='word_1_715' title='bbox 2987 3871 3330 3925; x_wconf 85' lang='lat' dir='ltr'><strong>metallorum</strong></span> <span class='ocrx_word' id='word_1_716' title='bbox 3367 3889 3518 3928; x_wconf 66' lang='lat' dir='ltr'><strong>vente</strong></span> 
     </span>
    </p>
   </div>
   <div class='ocr_carea' id='block_1_101' title="bbox 1929 3953 3517 4022">
    <p class='ocr_par' dir='ltr' id='par_1_101' title="bbox 1929 3953 3517 4022">
     <span class='ocr_line' id='line_1_101' title="bbox 1929 3953 3517 4022; baseline 0.009 -14"><span class='ocrx_word' id='word_1_717' title='bbox 1929 3953 1996 4008; x_wconf 87' lang='lat' dir='ltr'><strong>ad</strong></span> <span class='ocrx_word' id='word_1_718' title='bbox 2045 3955 2318 4022; x_wconf 87' lang='lat' dir='ltr'><strong>ejusmodi</strong></span> <span class='ocrx_word' id='word_1_719' title='bbox 2374 3958 2532 4010; x_wconf 84' lang='lat' dir='ltr'><strong>nobis</strong></span> <span class='ocrx_word' id='word_1_720' title='bbox 2568 3959 2898 4014; x_wconf 79' lang='lat' dir='ltr'><strong>solutionem</strong></span> <span class='ocrx_word' id='word_1_721' title='bbox 2933 3964 3065 4016; x_wconf 85' lang='lat' dir='ltr'><strong>satis</strong></span> <span class='ocrx_word' id='word_1_722' title='bbox 3100 3965 3340 4020; x_wconf 86' lang='lat' dir='ltr'><strong>fuerint?</strong></span> <span class='ocrx_word' id='word_1_723' title='bbox 3373 3967 3517 4022; x_wconf 87' lang='lat' dir='ltr'><strong>Sane</strong></span> 
     </span>
    </p>
   </div>
   <div class='ocr_carea' id='block_1_102' title="bbox 1929 4047 3516 4125">
    <p class='ocr_par' dir='ltr' id='par_1_102' title="bbox 1929 4047 3516 4125">
     <span class='ocr_line' id='line_1_102' title="bbox 1929 4047 3516 4125; baseline 0.008 -25"><span class='ocrx_word' id='word_1_724' title='bbox 1929 4047 2194 4111; x_wconf 83' lang='lat' dir='ltr'><strong>arbitror,</strong></span> <span class='ocrx_word' id='word_1_725' title='bbox 2242 4064 2309 4101; x_wconf 91' lang='lat' dir='ltr'><strong>ne</strong></span> <span class='ocrx_word' id='word_1_726' title='bbox 2344 4048 2459 4118; x_wconf 89' lang='lat' dir='ltr'><strong>ipsa</strong></span> <span class='ocrx_word' id='word_1_727' title='bbox 2493 4051 2714 4119; x_wconf 82' lang='lat' dir='ltr'><strong>quidem</strong></span> <span class='ocrx_word' id='word_1_728' title='bbox 2765 4055 2992 4125; x_wconf 89' lang='lat' dir='ltr'><strong>adjectis</strong></span> <span class='ocrx_word' id='word_1_729' title='bbox 3042 4057 3396 4115; x_wconf 78' lang='lat' dir='ltr'><strong>facultatibus</strong></span> <span class='ocrx_word' id='word_1_730' title='bbox 3441 4065 3516 4116; x_wconf 77' lang='lat' dir='ltr'><strong>ci.</strong></span> 
     </span>
    </p>
   </div>
   <div class='ocr_carea' id='block_1_103' title="bbox 1932 4139 3521 4220">
    <p class='ocr_par' dir='ltr' id='par_1_103' title="bbox 1932 4139 3521 4220">
     <span class='ocr_line' id='line_1_103' title="bbox 1932 4139 3521 4220; baseline 0.011 -31"><span class='ocrx_word' id='word_1_731' title='bbox 1932 4139 2078 4191; x_wconf 88' lang='lat' dir='ltr'><strong>vium</strong></span> <span class='ocrx_word' id='word_1_732' title='bbox 2113 4154 2366 4209; x_wconf 87' lang='lat' dir='ltr'><strong>corpora,</strong></span> <span class='ocrx_word' id='word_1_733' title='bbox 2400 4143 2532 4196; x_wconf 87' lang='lat' dir='ltr'><strong>satis</strong></span> <span class='ocrx_word' id='word_1_734' title='bbox 2565 4144 2704 4208; x_wconf 89' lang='lat' dir='ltr'><strong>fore,</strong></span> <span class='ocrx_word' id='word_1_735' title='bbox 2748 4155 2808 4198; x_wconf 89' lang='lat' dir='ltr'><strong>ut</strong></span> <span class='ocrx_word' id='word_1_736' title='bbox 2843 4148 2992 4217; x_wconf 87' lang='lat' dir='ltr'><strong>justc</strong></span> <span class='ocrx_word' id='word_1_737' title='bbox 3027 4149 3300 4220; x_wconf 87' lang='lat' dir='ltr'><strong>impensas</strong></span> <span class='ocrx_word' id='word_1_738' title='bbox 3338 4153 3521 4208; x_wconf 84' lang='lat' dir='ltr'><strong>solva-</strong></span> 
     </span>
    </p>
   </div>
   <div class='ocr_carea' id='block_1_104' title="bbox 1932 4231 3521 4313">
    <p class='ocr_par' dir='ltr' id='par_1_104' title="bbox 1932 4231 3521 4313">
     <span class='ocr_line' id='line_1_104' title="bbox 1932 4231 3521 4313; baseline 0.011 -30"><span class='ocrx_word' id='word_1_739' title='bbox 1932 4246 2076 4285; x_wconf 91' lang='lat' dir='ltr'><strong>mus.</strong></span> <span class='ocrx_word' id='word_1_740' title='bbox 2133 4231 2232 4286; x_wconf 91' lang='lat' dir='ltr'><strong>Sin</strong></span> <span class='ocrx_word' id='word_1_741' title='bbox 2279 4233 2520 4303; x_wconf 85' lang='lat' dir='ltr'><strong>denique</strong></span> <span class='ocrx_word' id='word_1_742' title='bbox 2577 4237 2867 4293; x_wconf 86' lang='lat' dir='ltr'><strong>universos</strong></span> <span class='ocrx_word' id='word_1_743' title='bbox 2919 4241 3086 4296; x_wconf 87' lang='lat' dir='ltr'><strong>animi</strong></span> <span class='ocrx_word' id='word_1_744' title='bbox 3145 4244 3521 4313; x_wconf 81' lang='lat' dir='ltr'><strong>magnitudine</strong></span> 
     </span>
    </p>
   </div>
   <div class='ocr_carea' id='block_1_105' title="bbox 1930 4325 3524 4404">
    <p class='ocr_par' dir='ltr' id='par_1_105' title="bbox 1930 4325 3524 4404">
     <span class='ocr_line' id='line_1_105' title="bbox 1930 4325 3524 4404; baseline 0.01 -29"><span class='ocrx_word' id='word_1_745' title='bbox 1930 4338 2195 4392; x_wconf 85' lang='lat' dir='ltr'><strong>superare</strong></span> <span class='ocrx_word' id='word_1_746' title='bbox 2227 4325 2496 4390; x_wconf 81' lang='lat' dir='ltr'><strong>volentes,</strong></span> <span class='ocrx_word' id='word_1_747' title='bbox 2535 4330 2732 4397; x_wconf 85' lang='lat' dir='ltr'><strong>suique</strong></span> <span class='ocrx_word' id='word_1_748' title='bbox 2778 4347 2997 4386; x_wconf 89' lang='lat' dir='ltr'><strong>omnem</strong></span> <span class='ocrx_word' id='word_1_749' title='bbox 3048 4335 3193 4404; x_wconf 89' lang='lat' dir='ltr'><strong>juris</strong></span> <span class='ocrx_word' id='word_1_750' title='bbox 3251 4338 3524 4393; x_wconf 88' lang='lat' dir='ltr'><strong>rationem</strong></span> 
     </span>
    </p>
   </div>
   <div class='ocr_carea' id='block_1_106' title="bbox 1933 4415 3521 4494">
    <p class='ocr_par' dir='ltr' id='par_1_106' title="bbox 1933 4415 3521 4494">
     <span class='ocr_line' id='line_1_106' title="bbox 1933 4415 3521 4494; baseline 0.011 -28"><span class='ocrx_word' id='word_1_751' title='bbox 1933 4415 2154 4470; x_wconf 82' lang='lat' dir='ltr'><strong>missam</strong></span> <span class='ocrx_word' id='word_1_752' title='bbox 2183 4417 2469 4478; x_wconf 78' lang='lat' dir='ltr'><strong>facientes.</strong></span> <span class='ocrx_word' id='word_1_753' title='bbox 2510 4422 2896 4476; x_wconf 75' lang='lat' dir='ltr'><strong>revertendum</strong></span> <span class='ocrx_word' id='word_1_754' title='bbox 2946 4425 3275 4494; x_wconf 77' lang='lat' dir='ltr'><strong>significent,</strong></span> <span class='ocrx_word' id='word_1_755' title='bbox 3324 4427 3521 4482; x_wconf 80' lang='lat' dir='ltr'><strong>dome-</strong></span> 
     </span>
    </p>
   </div>
   <div class='ocr_carea' id='block_1_107' title="bbox 1931 4510 3528 4581">
    <p class='ocr_par' dir='ltr' id='par_1_107' title="bbox 1931 4510 3528 4581">
     <span class='ocr_line' id='line_1_107' title="bbox 1931 4510 3528 4581; baseline 0.008 -17"><span class='ocrx_word' id='word_1_756' title='bbox 1931 4510 2084 4564; x_wconf 87' lang='lat' dir='ltr'><strong>sticis</strong></span> <span class='ocrx_word' id='word_1_757' title='bbox 2119 4526 2280 4580; x_wconf 85' lang='lat' dir='ltr'><strong>quant</strong></span> <span class='ocrx_word' id='word_1_758' title='bbox 2338 4515 2542 4566; x_wconf 60' lang='lat' dir='ltr'><strong>neszris</strong></span> <span class='ocrx_word' id='word_1_759' title='bbox 2597 4515 2763 4569; x_wconf 87' lang='lat' dir='ltr'><strong>rebus</strong></span> <span class='ocrx_word' id='word_1_760' title='bbox 2816 4519 3218 4573; x_wconf 57' lang='lat' dir='ltr'><strong>commemores</strong></span> <span class='ocrx_word' id='word_1_761' title='bbox 3281 4520 3528 4581; x_wconf 79' lang='lat' dir='ltr'><strong>futuros.</strong></span> 
     </span>
    </p>
   </div>
   <div class='ocr_carea' id='block_1_108' title="bbox 1931 4605 3526 4669">
    <p class='ocr_par' dir='ltr' id='par_1_108' title="bbox 1931 4605 3526 4669">
     <span class='ocr_line' id='line_1_108' title="bbox 1931 4605 3526 4669; baseline 0.007 -12"><span class='ocrx_word' id='word_1_762' title='bbox 1931 4619 2092 4658; x_wconf 87' lang='lat' dir='ltr'><strong>nemo</strong></span> <span class='ocrx_word' id='word_1_763' title='bbox 2131 4605 2231 4658; x_wconf 88' lang='lat' dir='ltr'><strong>ibit</strong></span> <span class='ocrx_word' id='word_1_764' title='bbox 2287 4606 2519 4668; x_wconf 79' lang='lat' dir='ltr'><strong>inﬁcias,</strong></span> <span class='ocrx_word' id='word_1_765' title='bbox 2561 4608 2648 4661; x_wconf 81' lang='lat' dir='ltr'><strong>vix</strong></span> <span class='ocrx_word' id='word_1_766' title='bbox 2699 4625 2806 4664; x_wconf 90' lang='lat' dir='ltr'><strong>non</strong></span> <span class='ocrx_word' id='word_1_767' title='bbox 2861 4609 3227 4666; x_wconf 84' lang='lat' dir='ltr'><strong>Barbarorum</strong></span> <span class='ocrx_word' id='word_1_768' title='bbox 3262 4630 3361 4669; x_wconf 92' lang='lat' dir='ltr'><strong>nos</strong></span> <span class='ocrx_word' id='word_1_769' title='bbox 3406 4632 3526 4669; x_wconf 57' lang='lat' dir='ltr'><strong>ma-</strong></span> 
     </span>
    </p>
   </div>
   <div class='ocr_carea' id='block_1_109' title="bbox 1931 4698 3522 4771">
    <p class='ocr_par' dir='ltr' id='par_1_109' title="bbox 1931 4698 3522 4771">
     <span class='ocr_line' id='line_1_109' title="bbox 1931 4698 3522 4771; baseline 0.006 -20"><span class='ocrx_word' id='word_1_770' title='bbox 1931 4698 2093 4751; x_wconf 90' lang='lat' dir='ltr'><strong>nibus</strong></span> <span class='ocrx_word' id='word_1_771' title='bbox 2131 4708 2345 4752; x_wconf 88' lang='lat' dir='ltr'><strong>tentqu</strong></span> <span class='ocrx_word' id='word_1_772' title='bbox 2377 4700 2468 4753; x_wconf 90' lang='lat' dir='ltr'><strong>iri.</strong></span> <span class='ocrx_word' id='word_1_773' title='bbox 2505 4699 2558 4754; x_wconf 91' lang='lat' dir='ltr'><strong>Si</strong></span> <span class='ocrx_word' id='word_1_774' title='bbox 2608 4717 2738 4771; x_wconf 81' lang='lat' dir='ltr'><strong>ergo</strong></span> <span class='ocrx_word' id='word_1_775' title='bbox 2791 4718 3010 4757; x_wconf 82' lang='lat' dir='ltr'><strong>necesse</strong></span> <span class='ocrx_word' id='word_1_776' title='bbox 3044 4706 3151 4758; x_wconf 89' lang='lat' dir='ltr'><strong>erit</strong></span> <span class='ocrx_word' id='word_1_777' title='bbox 3181 4706 3262 4759; x_wconf 90' lang='lat' dir='ltr'><strong>eis</strong></span> <span class='ocrx_word' id='word_1_778' title='bbox 3315 4711 3522 4761; x_wconf 86' lang='lat' dir='ltr'><strong>manci-</strong></span> 
     </span>
    </p>
   </div>
   <div class='ocr_carea' id='block_1_110' title="bbox 1930 4791 3530 4863">
    <p class='ocr_par' dir='ltr' id='par_1_110' title="bbox 1930 4791 3530 4863">
     <span class='ocr_line' id='line_1_110' title="bbox 1930 4791 3530 4863; baseline 0.004 -21"><span class='ocrx_word' id='word_1_779' title='bbox 1930 4791 2069 4858; x_wconf 89' lang='lat' dir='ltr'><strong>pari,</strong></span> <span class='ocrx_word' id='word_1_780' title='bbox 2104 4807 2205 4844; x_wconf 90' lang='lat' dir='ltr'><strong>cur</strong></span> <span class='ocrx_word' id='word_1_781' title='bbox 2240 4807 2346 4846; x_wconf 92' lang='lat' dir='ltr'><strong>non</strong></span> <span class='ocrx_word' id='word_1_782' title='bbox 2380 4794 2566 4862; x_wconf 88' lang='lat' dir='ltr'><strong>potius</strong></span> <span class='ocrx_word' id='word_1_783' title='bbox 2602 4794 2727 4847; x_wconf 89' lang='lat' dir='ltr'><strong>illis.</strong></span> <span class='ocrx_word' id='word_1_784' title='bbox 2768 4793 3046 4863; x_wconf 83' lang='lat' dir='ltr'><strong>Siquidem</strong></span> <span class='ocrx_word' id='word_1_785' title='bbox 3101 4795 3247 4848; x_wconf 90' lang='lat' dir='ltr'><strong>enim</strong></span> <span class='ocrx_word' id='word_1_786' title='bbox 3296 4792 3530 4850; x_wconf 79' lang='lat' dir='ltr'><strong>liberta’s</strong></span> 
     </span>
    </p>
   </div>
   <div class='ocr_carea' id='block_1_111' title="bbox 1931 4884 3522 4957">
    <p class='ocr_par' dir='ltr' id='par_1_111' title="bbox 1931 4884 3522 4957">
     <span class='ocr_line' id='line_1_111' title="bbox 1931 4884 3522 4957; baseline 0.002 -20"><span class='ocrx_word' id='word_1_787' title='bbox 1931 4884 2126 4954; x_wconf 88' lang='lat' dir='ltr'><strong>nequit</strong></span> <span class='ocrx_word' id='word_1_788' title='bbox 2151 4894 2427 4948; x_wconf 82' lang='lat' dir='ltr'><strong>constare,</strong></span> <span class='ocrx_word' id='word_1_789' title='bbox 2460 4901 2591 4938; x_wconf 86' lang='lat' dir='ltr'><strong>sane</strong></span> <span class='ocrx_word' id='word_1_790' title='bbox 2633 4886 2953 4938; x_wconf 85' lang='lat' dir='ltr'><strong>melioribus</strong></span> <span class='ocrx_word' id='word_1_791' title='bbox 3001 4885 3219 4957; x_wconf 84' lang='lat' dir='ltr'><strong>subjici,</strong></span> <span class='ocrx_word' id='word_1_792' title='bbox 3253 4886 3522 4940; x_wconf 86' lang='lat' dir='ltr'><strong>leviorem</strong></span> 
     </span>
    </p>
   </div>
   <div class='ocr_carea' id='block_1_112' title="bbox 1931 4973 2485 5027">
    <p class='ocr_par' dir='ltr' id='par_1_112' title="bbox 1931 4973 2485 5027">
     <span class='ocr_line' id='line_1_112' title="bbox 1931 4973 2485 5027; baseline 0 -1"><span class='ocrx_word' id='word_1_793' title='bbox 1931 4973 2298 5027; x_wconf 87' lang='lat' dir='ltr'><strong>calamitatem</strong></span> <span class='ocrx_word' id='word_1_794' title='bbox 2339 4973 2485 5027; x_wconf 81' lang='lat' dir='ltr'><strong>facit.</strong></span> 
     </span>
    </p>
   </div>
   <div class='ocr_carea' id='block_1_113' title="bbox 2001 5065 3528 5139">
    <p class='ocr_par' dir='ltr' id='par_1_113' title="bbox 2001 5065 3528 5139">
     <span class='ocr_line' id='line_1_113' title="bbox 2001 5065 3528 5139; baseline 0.003 -21"><span class='ocrx_word' id='word_1_795' title='bbox 2001 5065 2071 5120; x_wconf 78' lang='lat' dir='ltr'><strong>At</strong></span> <span class='ocrx_word' id='word_1_796' title='bbox 2103 5067 2421 5118; x_wconf 75' lang='lat' dir='ltr'><strong>vocabimus</strong></span> <span class='ocrx_word' id='word_1_797' title='bbox 2451 5066 2664 5119; x_wconf 82' lang='lat' dir='ltr'><strong>socios?</strong></span> <span class='ocrx_word' id='word_1_798' title='bbox 2713 5065 2852 5118; x_wconf 80' lang='lat' dir='ltr'><strong>Num</strong></span> <span class='ocrx_word' id='word_1_799' title='bbox 2907 5067 3192 5133; x_wconf 83' lang='lat' dir='ltr'><strong>invalidos,</strong></span> <span class='ocrx_word' id='word_1_800' title='bbox 3225 5086 3291 5122; x_wconf 93' lang='lat' dir='ltr'><strong>an</strong></span> <span class='ocrx_word' id='word_1_801' title='bbox 3329 5083 3528 5139; x_wconf 81' lang='lat' dir='ltr'><strong>puten-</strong></span> 
     </span>
    </p>
   </div>
   <div class='ocr_carea' id='block_1_114' title="bbox 1934 5157 3521 5232">
    <p class='ocr_par' dir='ltr' id='par_1_114' title="bbox 1934 5157 3521 5232">
     <span class='ocr_line' id='line_1_114' title="bbox 1934 5157 3521 5232; baseline 0.003 -21"><span class='ocrx_word' id='word_1_802' title='bbox 1934 5157 2052 5211; x_wconf 83' lang='lat' dir='ltr'><strong>tes?</strong></span> <span class='ocrx_word' id='word_1_803' title='bbox 2081 5157 2225 5211; x_wconf 88' lang='lat' dir='ltr'><strong>Sane</strong></span> <span class='ocrx_word' id='word_1_804' title='bbox 2258 5167 2316 5210; x_wconf 91' lang='lat' dir='ltr'><strong>ut</strong></span> <span class='ocrx_word' id='word_1_805' title='bbox 2346 5174 2388 5211; x_wconf 31' lang='lat' dir='ltr'><strong>et.</strong></span> <span class='ocrx_word' id='word_1_806' title='bbox 2415 5173 2441 5211; x_wconf 91' lang='lat' dir='ltr'><strong>s</strong></span> <span class='ocrx_word' id='word_1_807' title='bbox 2471 5173 2730 5212; x_wconf 83' lang='lat' dir='ltr'><strong>vocemus</strong></span> <span class='ocrx_word' id='word_1_808' title='bbox 2760 5161 2850 5226; x_wconf 78' lang='lat' dir='ltr'><strong>qui</strong></span> <span class='ocrx_word' id='word_1_809' title='bbox 2894 5174 2998 5212; x_wconf 89' lang='lat' dir='ltr'><strong>non</strong></span> <span class='ocrx_word' id='word_1_810' title='bbox 3033 5159 3166 5214; x_wconf 87' lang='lat' dir='ltr'><strong>satis</strong></span> <span class='ocrx_word' id='word_1_811' title='bbox 3206 5161 3318 5215; x_wconf 90' lang='lat' dir='ltr'><strong>sint</strong></span> <span class='ocrx_word' id='word_1_812' title='bbox 3366 5163 3521 5232; x_wconf 88' lang='lat' dir='ltr'><strong>adju-</strong></span> 
     </span>
    </p>
   </div>
   <div class='ocr_carea' id='block_1_115' title="bbox 1931 5249 3521 5322">
    <p class='ocr_par' dir='ltr' id='par_1_115' title="bbox 1931 5249 3521 5322">
     <span class='ocr_line' id='line_1_115' title="bbox 1931 5249 3521 5322; baseline 0.003 -18"><span class='ocrx_word' id='word_1_813' title='bbox 1931 5249 2134 5314; x_wconf 87' lang='lat' dir='ltr'><strong>vando,</strong></span> <span class='ocrx_word' id='word_1_814' title='bbox 2175 5250 2364 5317; x_wconf 89' lang='lat' dir='ltr'><strong>utique</strong></span> <span class='ocrx_word' id='word_1_815' title='bbox 2406 5251 2689 5304; x_wconf 70' lang='lat' dir='ltr'><strong>nobiscum</strong></span> <span class='ocrx_word' id='word_1_816' title='bbox 2730 5254 3002 5319; x_wconf 72' lang='lat' dir='ltr'><strong>peritu-ros</strong></span> <span class='ocrx_word' id='word_1_817' title='bbox 3034 5269 3347 5322; x_wconf 56' lang='lat' dir='ltr'><strong>qurere-mus</strong></span> <span class='ocrx_word' id='word_1_818' title='bbox 3385 5274 3396 5307; x_wconf 89' lang='lat'><strong>:</strong></span> <span class='ocrx_word' id='word_1_819' title='bbox 3432 5257 3521 5310; x_wconf 78' lang='lat' dir='ltr'><strong>sia</strong></span> 
     </span>
    </p>
   </div>
   <div class='ocr_carea' id='block_1_116' title="bbox 1933 5344 3526 5413">
    <p class='ocr_par' dir='ltr' id='par_1_116' title="bbox 1933 5344 3526 5413">
     <span class='ocr_line' id='line_1_116' title="bbox 1933 5344 3526 5413; baseline 0.002 -15"><span class='ocrx_word' id='word_1_820' title='bbox 1933 5354 2118 5398; x_wconf 87' lang='lat' dir='ltr'><strong>autem</strong></span> <span class='ocrx_word' id='word_1_821' title='bbox 2150 5344 2351 5407; x_wconf 84' lang='lat' dir='ltr'><strong>fortes,</strong></span> <span class='ocrx_word' id='word_1_822' title='bbox 2385 5347 2591 5398; x_wconf 84' lang='lat' dir='ltr'><strong>erimus</strong></span> <span class='ocrx_word' id='word_1_823' title='bbox 2645 5362 2832 5399; x_wconf 85' lang='lat' dir='ltr'><strong>rursus</strong></span> <span class='ocrx_word' id='word_1_824' title='bbox 2864 5362 2962 5398; x_wconf 85' lang='lat' dir='ltr'><strong>nos</strong></span> <span class='ocrx_word' id='word_1_825' title='bbox 2997 5347 3244 5413; x_wconf 87' lang='lat' dir='ltr'><strong>invalidi,</strong></span> <span class='ocrx_word' id='word_1_826' title='bbox 3292 5365 3526 5403; x_wconf 50' lang='lat' dir='ltr'><strong>eorum-</strong></span> 
     </span>
    </p>
   </div>
   <div class='ocr_carea' id='block_1_117' title="bbox 1933 5437 3516 5510">
    <p class='ocr_par' dir='ltr' id='par_1_117' title="bbox 1933 5437 3516 5510">
     <span class='ocr_line' id='line_1_117' title="bbox 1933 5437 3516 5510; baseline 0.003 -20"><span class='ocrx_word' id='word_1_827' title='bbox 1933 5455 2038 5508; x_wconf 91' lang='lat' dir='ltr'><strong>que</strong></span> <span class='ocrx_word' id='word_1_828' title='bbox 2068 5437 2434 5492; x_wconf 76' lang='lat' dir='ltr'><strong>formidabilis</strong></span> <span class='ocrx_word' id='word_1_829' title='bbox 2463 5439 2669 5502; x_wconf 83' lang='lat' dir='ltr'><strong>virtus;</strong></span> <span class='ocrx_word' id='word_1_830' title='bbox 2704 5454 3002 5508; x_wconf 87' lang='lat' dir='ltr'><strong>rursusque</strong></span> <span class='ocrx_word' id='word_1_831' title='bbox 3025 5451 3277 5510; x_wconf 72' lang='lat' dir='ltr'><strong>suspecta</strong></span> <span class='ocrx_word' id='word_1_832' title='bbox 3307 5445 3516 5500; x_wconf 79' lang='lat' dir='ltr'><strong>omnia.</strong></span> 
     </span>
    </p>
   </div>
   <div class='ocr_carea' id='block_1_118' title="bbox 1936 5531 3522 5603">
    <p class='ocr_par' dir='ltr' id='par_1_118' title="bbox 1936 5531 3522 5603">
     <span class='ocr_line' id='line_1_118' title="bbox 1936 5531 3522 5603; baseline 0 -17"><span class='ocrx_word' id='word_1_833' title='bbox 1936 5547 2037 5587; x_wconf 89' lang='lat' dir='ltr'><strong>nec</strong></span> <span class='ocrx_word' id='word_1_834' title='bbox 2067 5531 2192 5585; x_wconf 90' lang='lat' dir='ltr'><strong>mali</strong></span> <span class='ocrx_word' id='word_1_835' title='bbox 2229 5531 2351 5585; x_wconf 86' lang='lat' dir='ltr'><strong>finis</strong></span> <span class='ocrx_word' id='word_1_836' title='bbox 2399 5531 2559 5584; x_wconf 83' lang='lat' dir='ltr'><strong>ullus.</strong></span> <span class='ocrx_word' id='word_1_837' title='bbox 2613 5531 2843 5585; x_wconf 82' lang='lat' dir='ltr'><strong>Prorsus</strong></span> <span class='ocrx_word' id='word_1_838' title='bbox 2907 5547 3040 5585; x_wconf 88' lang='lat' dir='ltr'><strong>vero</strong></span> <span class='ocrx_word' id='word_1_839' title='bbox 3107 5547 3214 5586; x_wconf 88' lang='lat' dir='ltr'><strong>non</strong></span> <span class='ocrx_word' id='word_1_840' title='bbox 3272 5531 3522 5603; x_wconf 78' lang='lat' dir='ltr'><strong>intelligo</strong></span> 
     </span>
    </p>
   </div>
   <div class='ocr_carea' id='block_1_119' title="bbox 1934 5625 3517 5694">
    <p class='ocr_par' dir='ltr' id='par_1_119' title="bbox 1934 5625 3517 5694">
     <span class='ocr_line' id='line_1_119' title="bbox 1934 5625 3517 5694; baseline 0.001 -16"><span class='ocrx_word' id='word_1_841' title='bbox 1934 5625 2065 5694; x_wconf 90' lang='lat' dir='ltr'><strong>quid</strong></span> <span class='ocrx_word' id='word_1_842' title='bbox 2108 5625 2266 5679; x_wconf 85' lang='lat' dir='ltr'><strong>nobis</strong></span> <span class='ocrx_word' id='word_1_843' title='bbox 2305 5625 2432 5679; x_wconf 86' lang='lat' dir='ltr'><strong>dein</strong></span> <span class='ocrx_word' id='word_1_844' title='bbox 2471 5640 2567 5694; x_wconf 85' lang='lat' dir='ltr'><strong>eps</strong></span> <span class='ocrx_word' id='word_1_845' title='bbox 2605 5627 2854 5692; x_wconf 87' lang='lat' dir='ltr'><strong>planctus</strong></span> <span class='ocrx_word' id='word_1_846' title='bbox 2890 5627 3159 5693; x_wconf 75' lang='lat' dir='ltr'><strong>profuturi</strong></span> <span class='ocrx_word' id='word_1_847' title='bbox 3206 5627 3338 5692; x_wconf 87' lang='lat' dir='ltr'><strong>sint,</strong></span> <span class='ocrx_word' id='word_1_848' title='bbox 3374 5634 3429 5681; x_wconf 87' lang='lat' dir='ltr'><strong>ct</strong></span> <span class='ocrx_word' id='word_1_849' title='bbox 3462 5640 3517 5680; x_wconf 87' lang='lat' dir='ltr'><strong>ut</strong></span> 
     </span>
    </p>
   </div>
   <div class='ocr_carea' id='block_1_120' title="bbox 1936 5715 3520 5784">
    <p class='ocr_par' dir='ltr' id='par_1_120' title="bbox 1936 5715 3520 5784">
     <span class='ocr_line' id='line_1_120' title="bbox 1936 5715 3520 5784; baseline -0.003 -15"><span class='ocrx_word' id='word_1_850' title='bbox 1936 5715 2118 5769; x_wconf 86' lang='lat' dir='ltr'><strong>socios</strong></span> <span class='ocrx_word' id='word_1_851' title='bbox 2151 5715 2494 5784; x_wconf 64' lang='lat' dir='ltr'><strong>qumrambs;</strong></span> <span class='ocrx_word' id='word_1_852' title='bbox 2534 5715 2806 5782; x_wconf 81' lang='lat' dir='ltr'><strong>siquidem</strong></span> <span class='ocrx_word' id='word_1_853' title='bbox 2846 5730 3038 5767; x_wconf 62' lang='lat' dir='ltr'><strong>«avere</strong></span> <span class='ocrx_word' id='word_1_854' title='bbox 3067 5716 3364 5771; x_wconf 83' lang='lat' dir='ltr'><strong>habeamus</strong></span> <span class='ocrx_word' id='word_1_855' title='bbox 3405 5725 3520 5765; x_wconf 58' lang='grc' dir='ltr'>ι’σιιις</span> 
     </span>
    </p>
   </div>
   <div class='ocr_carea' id='block_1_121' title="bbox 1938 5804 3521 5875">
    <p class='ocr_par' dir='ltr' id='par_1_121' title="bbox 1938 5804 3521 5875">
     <span class='ocr_line' id='line_1_121' title="bbox 1938 5804 3521 5875; baseline 0 -13"><span class='ocrx_word' id='word_1_856' title='bbox 1938 5819 2037 5871; x_wconf 84' lang='lat' dir='ltr'><strong>tes,</strong></span> <span class='ocrx_word' id='word_1_857' title='bbox 2086 5823 2185 5862; x_wconf 85' lang='lat' dir='ltr'><strong>nec</strong></span> <span class='ocrx_word' id='word_1_858' title='bbox 2225 5805 2497 5860; x_wconf 90' lang='lat' dir='ltr'><strong>commodi</strong></span> <span class='ocrx_word' id='word_1_859' title='bbox 2533 5804 2737 5875; x_wconf 82' lang='lat' dir='ltr'><strong>aliquid</strong></span> <span class='ocrx_word' id='word_1_860' title='bbox 2776 5805 2844 5859; x_wconf 90' lang='lat' dir='ltr'><strong>ab</strong></span> <span class='ocrx_word' id='word_1_861' title='bbox 2878 5805 3131 5862; x_wconf 84' lang='lat' dir='ltr'><strong>invalidis</strong></span> <span class='ocrx_word' id='word_1_862' title='bbox 3169 5807 3341 5864; x_wconf 87' lang='lat' dir='ltr'><strong>sim-us</strong></span> <span class='ocrx_word' id='word_1_863' title='bbox 3387 5823 3521 5863; x_wconf 78' lang='lat' dir='ltr'><strong>cun-</strong></span> 
     </span>
    </p>
   </div>
  </div>
