  <div class='ocr_page' id='page_1' title='image "/cluster/home/n/w/nwhite01/storage/ocr_20150623/154/hvd.32044073505299/532.png"; bbox 0 0 3862 6220; ppageno 0'>
   <div class='ocr_carea' id='block_1_1' title="bbox 364 404 493 471">
    <p class='ocr_par' dir='ltr' id='par_1_1' title="bbox 364 404 493 471">
     <span class='ocr_line' id='line_1_1' title="bbox 364 404 493 471; baseline 0.016 -2"><span class='ocrx_word' id='word_1_1' title='bbox 364 404 493 471; x_wconf 64' lang='grc' dir='ltr'>ιαοι</span> 
     </span>
    </p>
   </div>
   <div class='ocr_carea' id='block_1_2' title="bbox 1266 408 2660 476">
    <p class='ocr_par' dir='ltr' id='par_1_2' title="bbox 1266 408 2660 476">
     <span class='ocr_line' id='line_1_2' title="bbox 1266 408 2660 476; baseline -0.004 -3"><span class='ocrx_word' id='word_1_2' title='bbox 1266 411 1548 476; x_wconf 81' lang='lat' dir='ltr'><strong>ORATIO</strong></span> <span class='ocrx_word' id='word_1_3' title='bbox 1586 410 1740 471; x_wconf 77' lang='lat' dir='ltr'><strong>PRO</strong></span> <span class='ocrx_word' id='word_1_4' title='bbox 1778 408 2138 469; x_wconf 78' lang='lat' dir='ltr'><strong>SUBSIDIO</strong></span> <span class='ocrx_word' id='word_1_5' title='bbox 2180 408 2660 470; x_wconf 75' lang='lat' dir='ltr'><strong>LATINURUM.</strong></span> 
     </span>
    </p>
   </div>
   <div class='ocr_carea' id='block_1_3' title="bbox 3446 413 3589 477">
    <p class='ocr_par' dir='ltr' id='par_1_3' title="bbox 3446 413 3589 477">
     <span class='ocr_line' id='line_1_3' title="bbox 3446 413 3589 477; baseline 0.014 -2"><span class='ocrx_word' id='word_1_6' title='bbox 3446 413 3589 477; x_wconf 70' lang='lat'><strong>1002</strong></span> 
     </span>
    </p>
   </div>
   <div class='ocr_carea' id='block_1_4' title="bbox 362 519 1930 590">
    <p class='ocr_par' dir='ltr' id='par_1_4' title="bbox 362 520 1927 590">
     <span class='ocr_line' id='line_1_4' title="bbox 362 520 1927 590; baseline 0.001 -19"><span class='ocrx_word' id='word_1_7' title='bbox 362 522 455 572; x_wconf 69' lang='grc' dir='ltr'><strong>καὶ</strong></span> <span class='ocrx_word' id='word_1_8' title='bbox 492 520 633 572; x_wconf 78' lang='grc' dir='ltr'>τοῦτ’</span> <span class='ocrx_word' id='word_1_9' title='bbox 680 521 754 573; x_wconf 74' lang='grc' dir='ltr'>ὢν</span> <span class='ocrx_word' id='word_1_10' title='bbox 812 526 870 573; x_wconf 67' lang='grc' dir='ltr'>τὸ</span> <span class='ocrx_word' id='word_1_11' title='bbox 922 524 1182 590; x_wconf 79' lang='grc' dir='ltr'>μέγιστον</span> <span class='ocrx_word' id='word_1_12' title='bbox 1233 526 1329 576; x_wconf 66' lang='grc' dir='ltr'><strong>καὶ</strong></span> <span class='ocrx_word' id='word_1_13' title='bbox 1373 523 1672 583; x_wconf 74' lang='grc' dir='ltr'>θειότατον,</span> <span class='ocrx_word' id='word_1_14' title='bbox 1707 524 1800 575; x_wconf 71' lang='grc' dir='ltr'><strong>καὶ</strong></span> <span class='ocrx_word' id='word_1_15' title='bbox 1826 538 1927 573; x_wconf 82' lang='grc' dir='ltr'>πα-</span> 
     </span>
    </p>
   </div>
   <div class='ocr_carea' id='block_1_5' title="bbox 2033 519 3599 590">
    <p class='ocr_par' dir='ltr' id='par_1_5' title="bbox 2033 519 3599 589">
     <span class='ocr_line' id='line_1_5' title="bbox 2033 519 3599 589; baseline 0.004 -17"><span class='ocrx_word' id='word_1_16' title='bbox 2033 519 2347 575; x_wconf 87' lang='lat' dir='ltr'><strong>defunctum</strong></span> <span class='ocrx_word' id='word_1_17' title='bbox 2391 520 2629 589; x_wconf 63' lang='lat' dir='ltr'><strong>praemiis</strong></span> <span class='ocrx_word' id='word_1_18' title='bbox 2670 519 2957 576; x_wconf 85' lang='lat' dir='ltr'><strong>honorare.</strong></span> <span class='ocrx_word' id='word_1_19' title='bbox 3009 522 3106 577; x_wconf 87' lang='lat' dir='ltr'><strong>Sin</strong></span> <span class='ocrx_word' id='word_1_20' title='bbox 3151 532 3355 587; x_wconf 89' lang='lat' dir='ltr'><strong>autem,</strong></span> <span class='ocrx_word' id='word_1_21' title='bbox 3391 539 3513 579; x_wconf 91' lang='lat' dir='ltr'><strong>cum</strong></span> <span class='ocrx_word' id='word_1_22' title='bbox 3540 534 3599 581; x_wconf 88' lang='lat' dir='ltr'><strong>et</strong></span> 
     </span>
    </p>
   </div>
   <div class='ocr_carea' id='block_1_6' title="bbox 361 612 1927 684">
    <p class='ocr_par' dir='ltr' id='par_1_6' title="bbox 361 612 1927 684">
     <span class='ocr_line' id='line_1_6' title="bbox 361 612 1927 684; baseline -0.002 -18"><span class='ocrx_word' id='word_1_23' title='bbox 361 616 537 681; x_wconf 67' lang='grc' dir='ltr'>τρῷον</span> <span class='ocrx_word' id='word_1_24' title='bbox 573 615 713 682; x_wconf 74' lang='grc' dir='ltr'>ἔχων</span> <span class='ocrx_word' id='word_1_25' title='bbox 751 614 956 682; x_wconf 85' lang='grc' dir='ltr'>σχῆμα,</span> <span class='ocrx_word' id='word_1_26' title='bbox 990 614 1163 665; x_wconf 73' lang='grc' dir='ltr'>ἔπειθ’</span> <span class='ocrx_word' id='word_1_27' title='bbox 1196 614 1334 684; x_wconf 81' lang='grc' dir='ltr'>ὑπὲρ</span> <span class='ocrx_word' id='word_1_28' title='bbox 1360 615 1518 682; x_wconf 82' lang='grc' dir='ltr'>ἡμῶν</span> <span class='ocrx_word' id='word_1_29' title='bbox 1551 613 1761 684; x_wconf 79' lang='grc' dir='ltr'>δεῖσθαι</span> <span class='ocrx_word' id='word_1_30' title='bbox 1797 612 1927 673; x_wconf 81' lang='grc' dir='ltr'>τοὺς</span> 
     </span>
    </p>
   </div>
   <div class='ocr_carea' id='block_1_7' title="bbox 365 702 1927 773">
    <p class='ocr_par' dir='ltr' id='par_1_7' title="bbox 365 702 1927 773">
     <span class='ocr_line' id='line_1_7' title="bbox 365 702 1927 773; baseline 0 -20"><span class='ocrx_word' id='word_1_31' title='bbox 365 704 673 773; x_wconf 73' lang='grc' dir='ltr'>βιρϐάρους</span> <span class='ocrx_word' id='word_1_32' title='bbox 739 706 837 756; x_wconf 79' lang='grc' dir='ltr'><strong>οὐκ</strong></span> <span class='ocrx_word' id='word_1_33' title='bbox 890 704 1077 756; x_wconf 76' lang='grc' dir='ltr'>ὤκνει·</span> <span class='ocrx_word' id='word_1_34' title='bbox 1128 704 1319 757; x_wconf 87' lang='grc' dir='ltr'>τούτου</span> <span class='ocrx_word' id='word_1_35' title='bbox 1358 706 1489 772; x_wconf 85' lang='grc' dir='ltr'>γὰρ,</span> <span class='ocrx_word' id='word_1_36' title='bbox 1518 704 1707 755; x_wconf 89' lang='grc' dir='ltr'>τούτου</span> <span class='ocrx_word' id='word_1_37' title='bbox 1765 702 1927 771; x_wconf 85' lang='grc' dir='ltr'>μόνον</span> 
     </span>
    </p>
   </div>
   <div class='ocr_carea' id='block_1_8' title="bbox 364 794 1926 867">
    <p class='ocr_par' dir='ltr' id='par_1_8' title="bbox 364 794 1926 867">
     <span class='ocr_line' id='line_1_8' title="bbox 364 794 1926 867; baseline -0.003 -19"><span class='ocrx_word' id='word_1_38' title='bbox 364 797 473 848; x_wconf 72' lang='grc' dir='ltr'>οὐδ’</span> <span class='ocrx_word' id='word_1_39' title='bbox 504 797 568 849; x_wconf 87' lang='grc' dir='ltr'><strong>ἂν</strong></span> <span class='ocrx_word' id='word_1_40' title='bbox 606 796 793 864; x_wconf 76' lang='grc' dir='ltr'>ἕτερον</span> <span class='ocrx_word' id='word_1_41' title='bbox 824 795 1228 867; x_wconf 78' lang='grc' dir='ltr'><strong>ἐπαχθέστερον</strong></span> <span class='ocrx_word' id='word_1_42' title='bbox 1270 795 1433 848; x_wconf 91' lang='grc' dir='ltr'>πάθοι</span> <span class='ocrx_word' id='word_1_43' title='bbox 1482 794 1621 864; x_wconf 83' lang='grc' dir='ltr'>ἀνὴρ</span> <span class='ocrx_word' id='word_1_44' title='bbox 1651 794 1926 855; x_wconf 80' lang='grc' dir='ltr'><strong>τοσούτοις</strong></span> 
     </span>
    </p>
   </div>
   <div class='ocr_carea' id='block_1_9' title="bbox 364 884 1928 956">
    <p class='ocr_par' dir='ltr' id='par_1_9' title="bbox 364 884 1928 956">
     <span class='ocr_line' id='line_1_9' title="bbox 364 884 1928 956; baseline -0.004 -17"><span class='ocrx_word' id='word_1_45' title='bbox 364 886 571 947; x_wconf 75' lang='grc' dir='ltr'>εἰωθὼς</span> <span class='ocrx_word' id='word_1_46' title='bbox 603 886 930 939; x_wconf 75' lang='grc' dir='ltr'>ἐπιτάττεινσ</span> <span class='ocrx_word' id='word_1_47' title='bbox 967 887 1084 948; x_wconf 81' lang='grc' dir='ltr'>πῶς</span> <span class='ocrx_word' id='word_1_48' title='bbox 1123 888 1184 939; x_wconf 85' lang='grc' dir='ltr'><strong>οὐ</strong></span> <span class='ocrx_word' id='word_1_49' title='bbox 1226 885 1679 956; x_wconf 84' lang='grc' dir='ltr'>παρελευσόμεθα</span> <span class='ocrx_word' id='word_1_50' title='bbox 1708 886 1803 937; x_wconf 76' lang='grc' dir='ltr'><strong>καὶ</strong></span> <span class='ocrx_word' id='word_1_51' title='bbox 1830 884 1928 952; x_wconf 77' lang='grc' dir='ltr'><strong>τὴν</strong></span> 
     </span>
    </p>
   </div>
   <div class='ocr_carea' id='block_1_10' title="bbox 363 974 1927 1047">
    <p class='ocr_par' dir='ltr' id='par_1_10' title="bbox 363 974 1927 1047">
     <span class='ocr_line' id='line_1_10' title="bbox 363 974 1927 1047; baseline -0.003 -16"><span class='ocrx_word' id='word_1_52' title='bbox 363 980 471 1031; x_wconf 84' lang='grc' dir='ltr'><strong>τῶν</strong></span> <span class='ocrx_word' id='word_1_53' title='bbox 526 978 819 1047; x_wconf 70' lang='grc' dir='ltr'>βαρϐάρων</span> <span class='ocrx_word' id='word_1_54' title='bbox 868 978 1153 1047; x_wconf 83' lang='grc' dir='ltr'>ὡμότητα,</span> <span class='ocrx_word' id='word_1_55' title='bbox 1189 980 1238 1030; x_wconf 81' lang='grc' dir='ltr'><strong>εί</strong></span> <span class='ocrx_word' id='word_1_56' title='bbox 1290 977 1534 1045; x_wconf 76' lang='grc' dir='ltr'><strong>βελτίους</strong></span> <span class='ocrx_word' id='word_1_57' title='bbox 1578 979 1637 1028; x_wconf 78' lang='grc' dir='ltr'><strong>ἐν</strong></span> <span class='ocrx_word' id='word_1_58' title='bbox 1697 974 1927 1039; x_wconf 86' lang='grc' dir='ltr'>ἐκείνοις</span> 
     </span>
    </p>
   </div>
   <div class='ocr_carea' id='block_1_11' title="bbox 364 1066 1931 1148">
    <p class='ocr_par' dir='ltr' id='par_1_11' title="bbox 364 1066 1931 1148">
     <span class='ocr_line' id='line_1_11' title="bbox 364 1066 1931 1148; baseline -0.004 -24"><span class='ocrx_word' id='word_1_59' title='bbox 364 1072 523 1148; x_wconf 80' lang='grc' dir='ltr'>ἔσχεν</span> <span class='ocrx_word' id='word_1_60' title='bbox 550 1071 791 1132; x_wconf 86' lang='grc' dir='ltr'>ἐλπίδας.</span> <span class='ocrx_word' id='word_1_61' title='bbox 825 1068 901 1123; x_wconf 82' lang='grc' dir='ltr'>ὧν</span> <span class='ocrx_word' id='word_1_62' title='bbox 946 1071 1105 1138; x_wconf 81' lang='grc' dir='ltr'>ἡμεῖς</span> <span class='ocrx_word' id='word_1_63' title='bbox 1136 1068 1514 1136; x_wconf 78' lang='grc' dir='ltr'>ὲπιδειξόμεθα</span> <span class='ocrx_word' id='word_1_64' title='bbox 1548 1068 1708 1131; x_wconf 72' lang='grc' dir='ltr'>τότ-ες</span> <span class='ocrx_word' id='word_1_65' title='bbox 1763 1066 1931 1119; x_wconf 86' lang='grc' dir='ltr'>Ἐκεί-</span> 
     </span>
    </p>
   </div>
   <div class='ocr_carea' id='block_1_12' title="bbox 363 1155 1932 1228">
    <p class='ocr_par' dir='ltr' id='par_1_12' title="bbox 363 1155 1932 1228">
     <span class='ocr_line' id='line_1_12' title="bbox 363 1155 1932 1228; baseline -0.003 -17"><span class='ocrx_word' id='word_1_66' title='bbox 363 1177 486 1221; x_wconf 85' lang='grc' dir='ltr'>νους</span> <span class='ocrx_word' id='word_1_67' title='bbox 517 1160 614 1228; x_wconf 81' lang='grc' dir='ltr'>μὲν</span> <span class='ocrx_word' id='word_1_68' title='bbox 639 1159 749 1227; x_wconf 73' lang='grc' dir='ltr'>γὰρ</span> <span class='ocrx_word' id='word_1_69' title='bbox 793 1158 981 1225; x_wconf 69' lang='grc' dir='ltr'>φίλους</span> <span class='ocrx_word' id='word_1_70' title='bbox 1010 1158 1153 1223; x_wconf 73' lang='grc' dir='ltr'>ἕξειν</span> <span class='ocrx_word' id='word_1_71' title='bbox 1190 1159 1460 1224; x_wconf 81' lang='grc' dir='ltr'>ἐνόμισεν,</span> <span class='ocrx_word' id='word_1_72' title='bbox 1488 1155 1629 1209; x_wconf 87' lang='grc' dir='ltr'>ὥστε</span> <span class='ocrx_word' id='word_1_73' title='bbox 1664 1157 1760 1208; x_wconf 69' lang='grc' dir='ltr'>καὶ</span> <span class='ocrx_word' id='word_1_74' title='bbox 1793 1171 1932 1223; x_wconf 86' lang='grc' dir='ltr'>συμ-</span> 
     </span>
    </p>
   </div>
   <div class='ocr_carea' id='block_1_13' title="bbox 366 1245 1930 1318">
    <p class='ocr_par' dir='ltr' id='par_1_13' title="bbox 366 1245 1930 1318">
     <span class='ocr_line' id='line_1_13' title="bbox 366 1245 1930 1318; baseline -0.003 -17"><span class='ocrx_word' id='word_1_75' title='bbox 366 1252 563 1318; x_wconf 84' lang='grc' dir='ltr'>μαχεῖν</span> <span class='ocrx_word' id='word_1_76' title='bbox 598 1266 612 1279; x_wconf 87' lang='grc'><strong>·</strong></span> <span class='ocrx_word' id='word_1_77' title='bbox 647 1250 784 1317; x_wconf 79' lang='grc' dir='ltr'>ἡμῖν</span> <span class='ocrx_word' id='word_1_78' title='bbox 826 1248 881 1300; x_wconf 77' lang='grc' dir='ltr'><strong>δέ</strong></span> <span class='ocrx_word' id='word_1_79' title='bbox 929 1246 1106 1315; x_wconf 81' lang='grc' dir='ltr'>δεινήν</span> <span class='ocrx_word' id='word_1_80' title='bbox 1138 1265 1257 1300; x_wconf 85' lang='grc' dir='ltr'>τινα</span> <span class='ocrx_word' id='word_1_81' title='bbox 1291 1249 1390 1313; x_wconf 76' lang='grc' dir='ltr'>τὴν</span> <span class='ocrx_word' id='word_1_82' title='bbox 1421 1245 1620 1315; x_wconf 82' lang='grc' dir='ltr'>ἔχθραν</span> <span class='ocrx_word' id='word_1_83' title='bbox 1649 1246 1717 1297; x_wconf 84' lang='grc' dir='ltr'>τὰ</span> <span class='ocrx_word' id='word_1_84' title='bbox 1759 1261 1930 1312; x_wconf 82' lang='grc' dir='ltr'>πρατο</span> 
     </span>
    </p>
   </div>
   <div class='ocr_carea' id='block_1_14' title="bbox 360 1335 1930 1410">
    <p class='ocr_par' dir='ltr' id='par_1_14' title="bbox 360 1335 1930 1410">
     <span class='ocr_line' id='line_1_14' title="bbox 360 1335 1930 1410; baseline -0.005 -16"><span class='ocrx_word' id='word_1_85' title='bbox 360 1341 567 1410; x_wconf 87' lang='grc' dir='ltr'>τόμενα</span> <span class='ocrx_word' id='word_1_86' title='bbox 622 1341 986 1409; x_wconf 80' lang='grc' dir='ltr'><strong>μαρτυρήσει.</strong></span> <span class='ocrx_word' id='word_1_87' title='bbox 1051 1340 1112 1393; x_wconf 81' lang='grc' dir='ltr'>Εί</span> <span class='ocrx_word' id='word_1_88' title='bbox 1179 1340 1223 1390; x_wconf 78' lang='grc' dir='ltr'><strong>δ’</strong></span> <span class='ocrx_word' id='word_1_89' title='bbox 1276 1337 1494 1399; x_wconf 76' lang='grc' dir='ltr'>ἀσεϐεῖς</span> <span class='ocrx_word' id='word_1_90' title='bbox 1549 1338 1645 1388; x_wconf 72' lang='grc' dir='ltr'><strong>καὶ</strong></span> <span class='ocrx_word' id='word_1_91' title='bbox 1703 1335 1930 1404; x_wconf 78' lang='grc' dir='ltr'>μιαροὺς</span> 
     </span>
    </p>
   </div>
   <div class='ocr_carea' id='block_1_15' title="bbox 363 1428 1931 1502">
    <p class='ocr_par' dir='ltr' id='par_1_15' title="bbox 363 1428 1931 1502">
     <span class='ocr_line' id='line_1_15' title="bbox 363 1428 1931 1502; baseline -0.004 -18"><span class='ocrx_word' id='word_1_92' title='bbox 363 1434 703 1502; x_wconf 81' lang='grc' dir='ltr'>ἡγησάμενοι</span> <span class='ocrx_word' id='word_1_93' title='bbox 737 1433 867 1495; x_wconf 74' lang='grc' dir='ltr'>τοὺς</span> <span class='ocrx_word' id='word_1_94' title='bbox 913 1432 1034 1485; x_wconf 85' lang='grc' dir='ltr'>τότε</span> <span class='ocrx_word' id='word_1_95' title='bbox 1079 1429 1235 1483; x_wconf 79' lang='grc' dir='ltr'>ταῦτ’</span> <span class='ocrx_word' id='word_1_96' title='bbox 1272 1429 1339 1482; x_wconf 88' lang='grc' dir='ltr'>ἂν</span> <span class='ocrx_word' id='word_1_97' title='bbox 1377 1428 1757 1497; x_wconf 74' lang='grc' dir='ltr'>τολμήσοντας</span> <span class='ocrx_word' id='word_1_98' title='bbox 1792 1445 1931 1494; x_wconf 84' lang='grc' dir='ltr'>συμ-</span> 
     </span>
    </p>
   </div>
   <div class='ocr_carea' id='block_1_16' title="bbox 364 1518 1931 1592">
    <p class='ocr_par' dir='ltr' id='par_1_16' title="bbox 364 1518 1931 1592">
     <span class='ocr_line' id='line_1_16' title="bbox 364 1518 1931 1592; baseline -0.006 -17"><span class='ocrx_word' id='word_1_99' title='bbox 364 1524 661 1588; x_wconf 75' lang='grc' dir='ltr'>ϐουλεύειν,</span> <span class='ocrx_word' id='word_1_100' title='bbox 707 1522 826 1592; x_wconf 80' lang='grc' dir='ltr'>μετ’</span> <span class='ocrx_word' id='word_1_101' title='bbox 873 1521 1152 1591; x_wconf 77' lang='grc' dir='ltr'>εὐφημίας</span> <span class='ocrx_word' id='word_1_102' title='bbox 1198 1522 1291 1572; x_wconf 70' lang='grc' dir='ltr'><strong>καὶ</strong></span> <span class='ocrx_word' id='word_1_103' title='bbox 1343 1519 1573 1587; x_wconf 84' lang='grc' dir='ltr'>κρότων,</span> <span class='ocrx_word' id='word_1_104' title='bbox 1634 1518 1820 1588; x_wconf 82' lang='grc' dir='ltr'>ὥσπερ</span> <span class='ocrx_word' id='word_1_105' title='bbox 1855 1518 1931 1570; x_wconf 75' lang='grc' dir='ltr'><strong>δί-</strong></span> 
     </span>
    </p>
   </div>
   <div class='ocr_carea' id='block_1_17' title="bbox 363 1610 1931 1689">
    <p class='ocr_par' dir='ltr' id='par_1_17' title="bbox 363 1610 1931 1689">
     <span class='ocr_line' id='line_1_17' title="bbox 363 1610 1931 1689; baseline -0.005 -20"><span class='ocrx_word' id='word_1_106' title='bbox 363 1635 538 1681; x_wconf 88' lang='grc' dir='ltr'>καιον,</span> <span class='ocrx_word' id='word_1_107' title='bbox 571 1617 919 1685; x_wconf 75' lang='grc' dir='ltr'><strong>ἐπανήκοντα</strong></span> <span class='ocrx_word' id='word_1_108' title='bbox 958 1615 1050 1667; x_wconf 62' lang='grc' dir='ltr'><strong>τον</strong></span> <span class='ocrx_word' id='word_1_109' title='bbox 1093 1610 1316 1684; x_wconf 76' lang='grc' dir='ltr'>βασιλέα</span> <span class='ocrx_word' id='word_1_110' title='bbox 1349 1611 1664 1681; x_wconf 80' lang='grc' dir='ltr'>δεχοίμεθα,</span> <span class='ocrx_word' id='word_1_111' title='bbox 1700 1611 1931 1689; x_wconf 76' lang='grc' dir='ltr'>πότερον</span> 
     </span>
    </p>
   </div>
   <div class='ocr_carea' id='block_1_18' title="bbox 364 1702 1930 1777">
    <p class='ocr_par' dir='ltr' id='par_1_18' title="bbox 364 1702 1930 1777">
     <span class='ocr_line' id='line_1_18' title="bbox 364 1702 1930 1777; baseline -0.006 -15"><span class='ocrx_word' id='word_1_112' title='bbox 364 1710 461 1762; x_wconf 76' lang='grc' dir='ltr'><strong>καὶ</strong></span> <span class='ocrx_word' id='word_1_113' title='bbox 504 1709 631 1769; x_wconf 76' lang='grc' dir='ltr'>τοὺς</span> <span class='ocrx_word' id='word_1_114' title='bbox 663 1707 988 1777; x_wconf 82' lang='grc' dir='ltr'>συμμάχους</span> <span class='ocrx_word' id='word_1_115' title='bbox 1036 1704 1403 1758; x_wconf 78' lang='grc' dir='ltr'>συνεισελθεῖν</span> <span class='ocrx_word' id='word_1_116' title='bbox 1452 1702 1603 1773; x_wconf 82' lang='grc' dir='ltr'>αὐτῷ</span> <span class='ocrx_word' id='word_1_117' title='bbox 1644 1704 1930 1772; x_wconf 84' lang='grc' dir='ltr'>συγχωρή-</span> 
     </span>
    </p>
   </div>
   <div class='ocr_carea' id='block_1_19' title="bbox 367 1794 1928 1867">
    <p class='ocr_par' dir='ltr' id='par_1_19' title="bbox 367 1794 1928 1867">
     <span class='ocr_line' id='line_1_19' title="bbox 367 1794 1928 1867; baseline -0.004 -16"><span class='ocrx_word' id='word_1_118' title='bbox 367 1815 563 1867; x_wconf 70' lang='grc' dir='ltr'>σομενο</span> <span class='ocrx_word' id='word_1_119' title='bbox 608 1800 640 1867; x_wconf 83' lang='grc' dir='ltr'>ἢ</span> <span class='ocrx_word' id='word_1_120' title='bbox 702 1796 841 1867; x_wconf 74' lang='grc' dir='ltr'>πρὸς</span> <span class='ocrx_word' id='word_1_121' title='bbox 886 1799 983 1864; x_wconf 84' lang='grc' dir='ltr'>μὲν</span> <span class='ocrx_word' id='word_1_122' title='bbox 1033 1798 1241 1849; x_wconf 71' lang='grc' dir='ltr'>ἐκεῖνον</span> <span class='ocrx_word' id='word_1_123' title='bbox 1293 1794 1928 1865; x_wconf 83' lang='grc' dir='ltr'>φιλανθρωπευσόμεθα,</span> 
     </span>
    </p>
   </div>
   <div class='ocr_carea' id='block_1_20' title="bbox 366 1884 1928 1955">
    <p class='ocr_par' dir='ltr' id='par_1_20' title="bbox 366 1884 1928 1955">
     <span class='ocr_line' id='line_1_20' title="bbox 366 1884 1928 1955; baseline -0.006 -11"><span class='ocrx_word' id='word_1_124' title='bbox 366 1891 592 1944; x_wconf 80' lang='grc' dir='ltr'>ἐκείνων</span> <span class='ocrx_word' id='word_1_125' title='bbox 631 1891 686 1942; x_wconf 81' lang='grc' dir='ltr'><strong>δὲ</strong></span> <span class='ocrx_word' id='word_1_126' title='bbox 731 1891 793 1943; x_wconf 73' lang='grc' dir='ltr'>τὸ</span> <span class='ocrx_word' id='word_1_127' title='bbox 834 1890 1015 1942; x_wconf 78' lang='grc' dir='ltr'>πεδίον</span> <span class='ocrx_word' id='word_1_128' title='bbox 1044 1889 1219 1950; x_wconf 76' lang='grc' dir='ltr'>ἔσται,</span> <span class='ocrx_word' id='word_1_129' title='bbox 1254 1889 1347 1940; x_wconf 73' lang='grc' dir='ltr'><strong>καὶ</strong></span> <span class='ocrx_word' id='word_1_130' title='bbox 1378 1888 1411 1955; x_wconf 79' lang='grc' dir='ltr'><strong>ἡ</strong></span> <span class='ocrx_word' id='word_1_131' title='bbox 1443 1888 1804 1955; x_wconf 82' lang='grc' dir='ltr'>ταλαιπωρία,</span> <span class='ocrx_word' id='word_1_132' title='bbox 1832 1884 1928 1935; x_wconf 75' lang='grc' dir='ltr'><strong>καὶ</strong></span> 
     </span>
    </p>
   </div>
   <div class='ocr_carea' id='block_1_21' title="bbox 365 1975 1927 2050">
    <p class='ocr_par' dir='ltr' id='par_1_21' title="bbox 365 1975 1927 2050">
     <span class='ocr_line' id='line_1_21' title="bbox 365 1975 1927 2050; baseline -0.004 -16"><span class='ocrx_word' id='word_1_133' title='bbox 365 1984 635 2050; x_wconf 80' lang='grc' dir='ltr'>στήσομεν</span> <span class='ocrx_word' id='word_1_134' title='bbox 684 1983 809 2043; x_wconf 78' lang='grc' dir='ltr'>τοὺς</span> <span class='ocrx_word' id='word_1_135' title='bbox 838 1980 1143 2049; x_wconf 68' lang='grc' dir='ltr'>εἴρξοντας</span> <span class='ocrx_word' id='word_1_136' title='bbox 1198 1979 1396 2040; x_wconf 77' lang='grc' dir='ltr'>αὐτοὺς</span> <span class='ocrx_word' id='word_1_137' title='bbox 1444 1978 1554 2029; x_wconf 86' lang='grc' dir='ltr'><strong>τῶν</strong></span> <span class='ocrx_word' id='word_1_138' title='bbox 1602 1977 1824 2033; x_wconf 68' lang='grc' dir='ltr'>πυλῶνι</span> <span class='ocrx_word' id='word_1_139' title='bbox 1866 1975 1927 2027; x_wconf 75' lang='grc' dir='ltr'>Εἰ</span> 
     </span>
    </p>
   </div>
   <div class='ocr_carea' id='block_1_22' title="bbox 366 2067 1927 2139">
    <p class='ocr_par' dir='ltr' id='par_1_22' title="bbox 366 2067 1927 2139">
     <span class='ocr_line' id='line_1_22' title="bbox 366 2067 1927 2139; baseline -0.004 -17"><span class='ocrx_word' id='word_1_140' title='bbox 366 2071 468 2139; x_wconf 78' lang='grc' dir='ltr'>μὲν</span> <span class='ocrx_word' id='word_1_141' title='bbox 511 2070 620 2139; x_wconf 76' lang='grc' dir='ltr'><strong>γάρ</strong></span> <span class='ocrx_word' id='word_1_142' title='bbox 661 2072 790 2137; x_wconf 75' lang='grc' dir='ltr'>πρὶν</span> <span class='ocrx_word' id='word_1_143' title='bbox 824 2071 998 2121; x_wconf 77' lang='grc' dir='ltr'>ἐλθεῖν</span> <span class='ocrx_word' id='word_1_144' title='bbox 1046 2070 1427 2138; x_wconf 74' lang='grc' dir='ltr'>ὁμονοοῦντας,</span> <span class='ocrx_word' id='word_1_145' title='bbox 1460 2067 1693 2124; x_wconf 68' lang='grc' dir='ltr'>ἐνταῦθα</span> <span class='ocrx_word' id='word_1_146' title='bbox 1735 2067 1927 2133; x_wconf 84' lang='grc' dir='ltr'>ἀφικο-</span> 
     </span>
    </p>
   </div>
   <div class='ocr_carea' id='block_1_23' title="bbox 367 2158 1927 2232">
    <p class='ocr_par' dir='ltr' id='par_1_23' title="bbox 367 2158 1927 2232">
     <span class='ocr_line' id='line_1_23' title="bbox 367 2158 1927 2232; baseline -0.002 -20"><span class='ocrx_word' id='word_1_147' title='bbox 367 2164 564 2232; x_wconf 77' lang='grc' dir='ltr'>μένους</span> <span class='ocrx_word' id='word_1_148' title='bbox 620 2161 817 2222; x_wconf 82' lang='grc' dir='ltr'>αὐτοὺς</span> <span class='ocrx_word' id='word_1_149' title='bbox 868 2161 1261 2229; x_wconf 82' lang='grc' dir='ltr'>διαιρήσομεν·</span> <span class='ocrx_word' id='word_1_150' title='bbox 1305 2161 1402 2211; x_wconf 72' lang='grc' dir='ltr'><strong>καὶ</strong></span> <span class='ocrx_word' id='word_1_151' title='bbox 1472 2160 1500 2210; x_wconf 83' lang='grc' dir='ltr'>ὁ</span> <span class='ocrx_word' id='word_1_152' title='bbox 1543 2158 1641 2226; x_wconf 81' lang='grc' dir='ltr'>μὲν</span> <span class='ocrx_word' id='word_1_153' title='bbox 1704 2158 1761 2208; x_wconf 88' lang='grc' dir='ltr'><strong>ἐν</strong></span> <span class='ocrx_word' id='word_1_154' title='bbox 1813 2158 1927 2219; x_wconf 88' lang='grc' dir='ltr'>τοῖς</span> 
     </span>
    </p>
   </div>
   <div class='ocr_carea' id='block_1_24' title="bbox 363 2244 1927 2318">
    <p class='ocr_par' dir='ltr' id='par_1_24' title="bbox 363 2244 1927 2318">
     <span class='ocr_line' id='line_1_24' title="bbox 363 2244 1927 2318; baseline -0.003 -16"><span class='ocrx_word' id='word_1_155' title='bbox 363 2250 614 2302; x_wconf 76' lang='grc' dir='ltr'>εἰωθόσιν</span> <span class='ocrx_word' id='word_1_156' title='bbox 668 2250 744 2310; x_wconf 82' lang='grc' dir='ltr'>ὡς</span> <span class='ocrx_word' id='word_1_157' title='bbox 777 2249 1044 2318; x_wconf 80' lang='grc' dir='ltr'>ἡμέτερος</span> <span class='ocrx_word' id='word_1_158' title='bbox 1077 2247 1229 2300; x_wconf 73' lang='grc' dir='ltr'>ἔσται</span> <span class='ocrx_word' id='word_1_159' title='bbox 1260 2288 1275 2312; x_wconf 94' lang='grc'><strong>,</strong></span> <span class='ocrx_word' id='word_1_160' title='bbox 1318 2248 1444 2310; x_wconf 79' lang='grc' dir='ltr'>τοὺς</span> <span class='ocrx_word' id='word_1_161' title='bbox 1497 2248 1542 2301; x_wconf 82' lang='grc' dir='ltr'>δ’</span> <span class='ocrx_word' id='word_1_162' title='bbox 1583 2249 1659 2309; x_wconf 86' lang='grc' dir='ltr'>ὡς</span> <span class='ocrx_word' id='word_1_163' title='bbox 1697 2244 1927 2316; x_wconf 80' lang='grc' dir='ltr'>ἐχθροὺς</span> 
     </span>
    </p>
   </div>
   <div class='ocr_carea' id='block_1_25' title="bbox 364 2338 1933 2409">
    <p class='ocr_par' dir='ltr' id='par_1_25' title="bbox 364 2338 1933 2409">
     <span class='ocr_line' id='line_1_25' title="bbox 364 2338 1933 2409; baseline -0.002 -16"><span class='ocrx_word' id='word_1_164' title='bbox 364 2340 721 2409; x_wconf 79' lang='grc' dir='ltr'>ὐποψόμεθα,</span> <span class='ocrx_word' id='word_1_165' title='bbox 768 2342 860 2392; x_wconf 76' lang='grc' dir='ltr'><strong>καὶ</strong></span> <span class='ocrx_word' id='word_1_166' title='bbox 900 2341 1036 2408; x_wconf 82' lang='grc' dir='ltr'>μήτε</span> <span class='ocrx_word' id='word_1_167' title='bbox 1087 2339 1308 2408; x_wconf 79' lang='grc' dir='ltr'><strong>στέγης,</strong></span> <span class='ocrx_word' id='word_1_168' title='bbox 1369 2341 1507 2408; x_wconf 89' lang='grc' dir='ltr'>μήτε</span> <span class='ocrx_word' id='word_1_169' title='bbox 1563 2339 1672 2391; x_wconf 86' lang='grc' dir='ltr'><strong>τῶν</strong></span> <span class='ocrx_word' id='word_1_170' title='bbox 1725 2341 1788 2390; x_wconf 84' lang='grc' dir='ltr'><strong>ἐκ</strong></span> <span class='ocrx_word' id='word_1_171' title='bbox 1832 2338 1933 2405; x_wconf 78' lang='grc' dir='ltr'>τῆς</span> 
     </span>
    </p>
   </div>
   <div class='ocr_carea' id='block_1_26' title="bbox 363 2427 1933 2501">
    <p class='ocr_par' dir='ltr' id='par_1_26' title="bbox 363 2427 1933 2501">
     <span class='ocr_line' id='line_1_26' title="bbox 363 2427 1933 2501; baseline -0.004 -16"><span class='ocrx_word' id='word_1_172' title='bbox 363 2434 571 2501; x_wconf 79' lang='grc' dir='ltr'>ἀγορᾶς</span> <span class='ocrx_word' id='word_1_173' title='bbox 606 2431 788 2494; x_wconf 83' lang='grc' dir='ltr'>αὐτοῖς</span> <span class='ocrx_word' id='word_1_174' title='bbox 830 2429 1221 2499; x_wconf 80' lang='grc' dir='ltr'>μεταδώσομεν</span> <span class='ocrx_word' id='word_1_175' title='bbox 1252 2445 1265 2459; x_wconf 82' lang='lat'><strong><em>°</em></strong></span> <span class='ocrx_word' id='word_1_176' title='bbox 1324 2430 1427 2481; x_wconf 79' lang='grc' dir='ltr'><strong>οὐκ</strong></span> <span class='ocrx_word' id='word_1_177' title='bbox 1470 2427 1585 2483; x_wconf 75' lang='grc' dir='ltr'>οἴδα</span> <span class='ocrx_word' id='word_1_178' title='bbox 1617 2429 1776 2481; x_wconf 61' lang='grc' dir='ltr'>τίνων</span> <span class='ocrx_word' id='word_1_179' title='bbox 1822 2445 1933 2480; x_wconf 84' lang='grc' dir='ltr'>τοι-</span> 
     </span>
    </p>
   </div>
   <div class='ocr_carea' id='block_1_27' title="bbox 364 2518 1931 2591">
    <p class='ocr_par' dir='ltr' id='par_1_27' title="bbox 364 2518 1931 2591">
     <span class='ocr_line' id='line_1_27' title="bbox 364 2518 1931 2591; baseline -0.001 -18"><span class='ocrx_word' id='word_1_180' title='bbox 364 2522 538 2589; x_wconf 89' lang='grc' dir='ltr'>αύτης</span> <span class='ocrx_word' id='word_1_181' title='bbox 598 2521 884 2591; x_wconf 80' lang='grc' dir='ltr'>ἀρξάντων</span> <span class='ocrx_word' id='word_1_182' title='bbox 958 2518 1398 2589; x_wconf 78' lang='grc' dir='ltr'>ἀπανθρωπίας,</span> <span class='ocrx_word' id='word_1_183' title='bbox 1476 2520 1720 2582; x_wconf 79' lang='grc' dir='ltr'>ἐκείνους</span> <span class='ocrx_word' id='word_1_184' title='bbox 1782 2519 1931 2588; x_wconf 79' lang='grc' dir='ltr'>ἡμᾶς</span> 
     </span>
    </p>
   </div>
   <div class='ocr_carea' id='block_1_28' title="bbox 367 2609 1933 2681">
    <p class='ocr_par' dir='ltr' id='par_1_28' title="bbox 367 2609 1933 2681">
     <span class='ocr_line' id='line_1_28' title="bbox 367 2609 1933 2681; baseline 0.001 -19"><span class='ocrx_word' id='word_1_185' title='bbox 367 2612 564 2679; x_wconf 74' lang='grc' dir='ltr'>ζηλοῦν</span> <span class='ocrx_word' id='word_1_186' title='bbox 609 2611 858 2681; x_wconf 81' lang='grc' dir='ltr'>δόξομεν.</span> <span class='ocrx_word' id='word_1_187' title='bbox 898 2609 1114 2662; x_wconf 83' lang='grc' dir='ltr'>Ἐπειτ⁹</span> <span class='ocrx_word' id='word_1_188' title='bbox 1172 2610 1282 2663; x_wconf 82' lang='grc' dir='ltr'>οὐδ’</span> <span class='ocrx_word' id='word_1_189' title='bbox 1323 2612 1351 2664; x_wconf 87' lang='grc' dir='ltr'><strong>ὁ</strong></span> <span class='ocrx_word' id='word_1_190' title='bbox 1385 2610 1756 2680; x_wconf 79' lang='grc' dir='ltr'>βασιλεὺς,ἢν</span> <span class='ocrx_word' id='word_1_191' title='bbox 1799 2610 1933 2676; x_wconf 74' lang='grc' dir='ltr'>ἐφυ-</span> 
     </span>
    </p>
   </div>
   <div class='ocr_carea' id='block_1_29' title="bbox 368 2699 1933 2773">
    <p class='ocr_par' dir='ltr' id='par_1_29' title="bbox 368 2699 1933 2773">
     <span class='ocr_line' id='line_1_29' title="bbox 368 2699 1933 2773; baseline -0.002 -18"><span class='ocrx_word' id='word_1_192' title='bbox 368 2704 585 2766; x_wconf 79' lang='grc' dir='ltr'>λάξαντ’</span> <span class='ocrx_word' id='word_1_193' title='bbox 620 2703 687 2756; x_wconf 80' lang='grc' dir='ltr'><strong>ἂν</strong></span> <span class='ocrx_word' id='word_1_194' title='bbox 725 2703 927 2765; x_wconf 89' lang='grc' dir='ltr'>πάντες</span> <span class='ocrx_word' id='word_1_195' title='bbox 982 2702 1430 2773; x_wconf 79' lang='grc' dir='ltr'>εὐγνωμοσύνην,</span> <span class='ocrx_word' id='word_1_196' title='bbox 1485 2702 1693 2770; x_wconf 87' lang='grc' dir='ltr'>ταύτην</span> <span class='ocrx_word' id='word_1_197' title='bbox 1753 2699 1933 2769; x_wconf 77' lang='grc' dir='ltr'>ἑαυτῷ</span> 
     </span>
    </p>
   </div>
   <div class='ocr_carea' id='block_1_30' title="bbox 369 2790 1936 2863">
    <p class='ocr_par' dir='ltr' id='par_1_30' title="bbox 369 2790 1936 2863">
     <span class='ocr_line' id='line_1_30' title="bbox 369 2790 1936 2863; baseline -0.003 -17"><span class='ocrx_word' id='word_1_198' title='bbox 369 2795 671 2863; x_wconf 71' lang='grc' dir='ltr'>προσήκειν</span> <span class='ocrx_word' id='word_1_199' title='bbox 721 2794 1032 2863; x_wconf 70' lang='grc' dir='ltr'>ἡγήσεται*</span> <span class='ocrx_word' id='word_1_200' title='bbox 1090 2794 1186 2846; x_wconf 71' lang='grc' dir='ltr'>καὶ</span> <span class='ocrx_word' id='word_1_201' title='bbox 1213 2793 1309 2856; x_wconf 79' lang='grc' dir='ltr'><strong>οὓς</strong></span> <span class='ocrx_word' id='word_1_202' title='bbox 1343 2793 1694 2863; x_wconf 81' lang='grc' dir='ltr'>θαυμασταῖς</span> <span class='ocrx_word' id='word_1_203' title='bbox 1724 2790 1936 2843; x_wconf 81' lang='grc' dir='ltr'>ἐλπίσιν</span> 
     </span>
    </p>
   </div>
   <div class='ocr_carea' id='block_1_31' title="bbox 368 2884 1941 2955">
    <p class='ocr_par' dir='ltr' id='par_1_31' title="bbox 368 2884 1941 2955">
     <span class='ocr_line' id='line_1_31' title="bbox 368 2884 1941 2955; baseline -0.004 -16"><span class='ocrx_word' id='word_1_204' title='bbox 368 2887 579 2954; x_wconf 71' lang='grc' dir='ltr'>ἐπάρας</span> <span class='ocrx_word' id='word_1_205' title='bbox 618 2884 765 2955; x_wconf 78' lang='grc' dir='ltr'>δεῦρ’</span> <span class='ocrx_word' id='word_1_206' title='bbox 815 2886 1013 2954; x_wconf 74' lang='grc' dir='ltr'>ἧγαγε,</span> <span class='ocrx_word' id='word_1_207' title='bbox 1076 2886 1301 2948; x_wconf 84' lang='grc' dir='ltr'>τούτους</span> <span class='ocrx_word' id='word_1_208' title='bbox 1356 2885 1616 2953; x_wconf 77' lang='grc' dir='ltr'>ἐξαίφνης</span> <span class='ocrx_word' id='word_1_209' title='bbox 1654 2884 1941 2936; x_wconf 77' lang='grc' dir='ltr'>ἀπολιπεῖν</span> 
     </span>
    </p>
   </div>
   <div class='ocr_carea' id='block_1_32' title="bbox 372 2974 1939 3047">
    <p class='ocr_par' dir='ltr' id='par_1_32' title="bbox 372 2974 1939 3047">
     <span class='ocr_line' id='line_1_32' title="bbox 372 2974 1939 3047; baseline -0.002 -17"><span class='ocrx_word' id='word_1_210' title='bbox 372 2977 659 3046; x_wconf 81' lang='grc' dir='ltr'>μονονουχὶ</span> <span class='ocrx_word' id='word_1_211' title='bbox 703 2978 839 3030; x_wconf 81' lang='grc' dir='ltr'>πᾶσι</span> <span class='ocrx_word' id='word_1_212' title='bbox 877 2976 1239 3047; x_wconf 80' lang='grc' dir='ltr'>κηρύξοντας,</span> <span class='ocrx_word' id='word_1_213' title='bbox 1288 2975 1366 3040; x_wconf 77' lang='grc' dir='ltr'>ὡς</span> <span class='ocrx_word' id='word_1_214' title='bbox 1418 2978 1487 3029; x_wconf 84' lang='grc' dir='ltr'><strong>τά</strong></span> <span class='ocrx_word' id='word_1_215' title='bbox 1533 2974 1626 3029; x_wconf 79' lang='grc' dir='ltr'>τοῦ</span> <span class='ocrx_word' id='word_1_216' title='bbox 1671 2974 1939 3043; x_wconf 83' lang='grc' dir='ltr'>βασιλέως</span> 
     </span>
    </p>
   </div>
   <div class='ocr_carea' id='block_1_33' title="bbox 368 3064 1158 3139">
    <p class='ocr_par' dir='ltr' id='par_1_33' title="bbox 368 3064 1158 3139">
     <span class='ocr_line' id='line_1_33' title="bbox 368 3064 1158 3139; baseline 0.003 -20"><span class='ocrx_word' id='word_1_217' title='bbox 368 3069 522 3122; x_wconf 77' lang='grc' dir='ltr'>οὐδὲν</span> <span class='ocrx_word' id='word_1_218' title='bbox 550 3068 639 3138; x_wconf 75' lang='grc' dir='ltr'><strong>ἄρ’</strong></span> <span class='ocrx_word' id='word_1_219' title='bbox 661 3064 751 3138; x_wconf 79' lang='grc' dir='ltr'>ἦν,</span> <span class='ocrx_word' id='word_1_220' title='bbox 780 3068 919 3139; x_wconf 81' lang='grc' dir='ltr'>πλὴν</span> <span class='ocrx_word' id='word_1_221' title='bbox 949 3068 1158 3137; x_wconf 82' lang='grc' dir='ltr'>ἀπάτη.</span> 
     </span>
    </p>
   </div>
   <div class='ocr_carea' id='block_1_34' title="bbox 2028 606 3596 684">
    <p class='ocr_par' dir='ltr' id='par_1_34' title="bbox 2028 606 3596 684">
     <span class='ocr_line' id='line_1_34' title="bbox 2028 606 3596 684; baseline 0.004 -22"><span class='ocrx_word' id='word_1_222' title='bbox 2028 606 2325 662; x_wconf 74' lang='lat' dir='ltr'><strong>maximum</strong></span> <span class='ocrx_word' id='word_1_223' title='bbox 2388 608 2521 662; x_wconf 90' lang='lat' dir='ltr'><strong>illud</strong></span> <span class='ocrx_word' id='word_1_224' title='bbox 2572 625 2635 663; x_wconf 90' lang='lat' dir='ltr'><strong>ac</strong></span> <span class='ocrx_word' id='word_1_225' title='bbox 2691 609 3093 663; x_wconf 88' lang='lat' dir='ltr'><strong>divinissimum</strong></span> <span class='ocrx_word' id='word_1_226' title='bbox 3147 623 3312 673; x_wconf 88' lang='lat' dir='ltr'><strong>esset.</strong></span> <span class='ocrx_word' id='word_1_227' title='bbox 3363 614 3596 684; x_wconf 73' lang='lat' dir='ltr'><strong>iureque</strong></span> 
     </span>
    </p>
   </div>
   <div class='ocr_carea' id='block_1_35' title="bbox 2028 700 3603 769">
    <p class='ocr_par' dir='ltr' id='par_1_35' title="bbox 2028 700 3603 769">
     <span class='ocr_line' id='line_1_35' title="bbox 2028 700 3603 769; baseline 0.004 -18"><span class='ocrx_word' id='word_1_228' title='bbox 2028 709 2253 769; x_wconf 88' lang='lat' dir='ltr'><strong>paterno</strong></span> <span class='ocrx_word' id='word_1_229' title='bbox 2279 700 2564 768; x_wconf 87' lang='lat' dir='ltr'><strong>imperium</strong></span> <span class='ocrx_word' id='word_1_230' title='bbox 2598 710 2829 763; x_wconf 88' lang='lat' dir='ltr'><strong>teneret,</strong></span> <span class='ocrx_word' id='word_1_231' title='bbox 2859 702 3029 755; x_wconf 80' lang='lat' dir='ltr'><strong>nostri</strong></span> <span class='ocrx_word' id='word_1_232' title='bbox 3060 704 3407 769; x_wconf 86' lang='lat' dir='ltr'><strong>postmodum</strong></span> <span class='ocrx_word' id='word_1_233' title='bbox 3433 711 3603 757; x_wconf 86' lang='lat' dir='ltr'><strong>causa‘</strong></span> 
     </span>
    </p>
   </div>
   <div class='ocr_carea' id='block_1_36' title="bbox 2028 790 3598 860">
    <p class='ocr_par' dir='ltr' id='par_1_36' title="bbox 2028 790 3598 860">
     <span class='ocr_line' id='line_1_36' title="bbox 2028 790 3598 860; baseline 0.001 -15"><span class='ocrx_word' id='word_1_234' title='bbox 2028 806 2097 845; x_wconf 87' lang='lat' dir='ltr'><strong>ne</strong></span> <span class='ocrx_word' id='word_1_235' title='bbox 2125 790 2393 844; x_wconf 82' lang='lat' dir='ltr'><strong>Barbaros</strong></span> <span class='ocrx_word' id='word_1_236' title='bbox 2445 791 2664 860; x_wconf 80' lang='lat' dir='ltr'><strong>qu&#39;dem</strong></span> <span class='ocrx_word' id='word_1_237' title='bbox 2708 793 2892 845; x_wconf 88' lang='lat' dir='ltr'><strong>renuit</strong></span> <span class='ocrx_word' id='word_1_238' title='bbox 2938 793 3271 859; x_wconf 84' lang='lat' dir='ltr'><strong>obsecrare;</strong></span> <span class='ocrx_word' id='word_1_239' title='bbox 3323 811 3445 849; x_wconf 90' lang='lat' dir='ltr'><strong>nam</strong></span> <span class='ocrx_word' id='word_1_240' title='bbox 3493 796 3598 849; x_wconf 91' lang='lat' dir='ltr'><strong>hac</strong></span> 
     </span>
    </p>
   </div>
   <div class='ocr_carea' id='block_1_37' title="bbox 2030 878 3630 953">
    <p class='ocr_par' dir='ltr' id='par_1_37' title="bbox 2030 878 3630 953">
     <span class='ocr_line' id='line_1_37' title="bbox 2030 878 3630 953; baseline 0.003 -20"><span class='ocrx_word' id='word_1_241' title='bbox 2030 880 2143 949; x_wconf 87' lang='lat' dir='ltr'><strong>ipsa</strong></span> <span class='ocrx_word' id='word_1_242' title='bbox 2197 895 2276 941; x_wconf 90' lang='lat' dir='ltr'><strong>re,</strong></span> <span class='ocrx_word' id='word_1_243' title='bbox 2330 878 2467 932; x_wconf 85' lang='lat' dir='ltr'><strong>nihil</strong></span> <span class='ocrx_word' id='word_1_244' title='bbox 2520 880 2816 949; x_wconf 84' lang='lat' dir='ltr'><strong>quidquam</strong></span> <span class='ocrx_word' id='word_1_245' title='bbox 2876 882 3155 936; x_wconf 81' lang='lat' dir='ltr'><strong>tuOlCStius</strong></span> <span class='ocrx_word' id='word_1_246' title='bbox 3193 883 3426 946; x_wconf 84' lang='lat' dir='ltr'><strong>accidat.</strong></span> <span class='ocrx_word' id='word_1_247' title='bbox 3481 884 3630 953; x_wconf 11' lang='lat' dir='ltr'><strong>viro;</strong></span> 
     </span>
    </p>
   </div>
   <div class='ocr_carea' id='block_1_38' title="bbox 2032 969 3595 1044">
    <p class='ocr_par' dir='ltr' id='par_1_38' title="bbox 2032 969 3595 1044">
     <span class='ocr_line' id='line_1_38' title="bbox 2032 969 3595 1044; baseline 0.002 -19"><span class='ocrx_word' id='word_1_248' title='bbox 2032 981 2139 1025; x_wconf 88' lang='lat' dir='ltr'><strong>tam</strong></span> <span class='ocrx_word' id='word_1_249' title='bbox 2186 970 2374 1025; x_wconf 90' lang='lat' dir='ltr'><strong>multis</strong></span> <span class='ocrx_word' id='word_1_250' title='bbox 2410 969 2571 1024; x_wconf 89' lang='lat' dir='ltr'><strong>solito</strong></span> <span class='ocrx_word' id='word_1_251' title='bbox 2614 971 2880 1039; x_wconf 83' lang='lat' dir='ltr'><strong>imperare</strong></span> <span class='ocrx_word' id='word_1_252' title='bbox 2909 990 2920 1024; x_wconf 92' lang='lat'><strong>:</strong></span> <span class='ocrx_word' id='word_1_253' title='bbox 2968 975 3243 1041; x_wconf 87' lang='lat' dir='ltr'><strong>quomodo</strong></span> <span class='ocrx_word' id='word_1_254' title='bbox 3273 972 3455 1044; x_wconf 84' lang='lat' dir='ltr'><strong>itaque</strong></span> <span class='ocrx_word' id='word_1_255' title='bbox 3485 990 3595 1028; x_wconf 86' lang='lat' dir='ltr'><strong>non</strong></span> 
     </span>
    </p>
   </div>
   <div class='ocr_carea' id='block_1_39' title="bbox 2031 1062 3596 1133">
    <p class='ocr_par' dir='ltr' id='par_1_39' title="bbox 2031 1062 3596 1133">
     <span class='ocr_line' id='line_1_39' title="bbox 2031 1062 3596 1133; baseline 0.004 -17"><span class='ocrx_word' id='word_1_256' title='bbox 2031 1063 2202 1131; x_wconf 81' lang='lat' dir='ltr'><strong>ipsam</strong></span> <span class='ocrx_word' id='word_1_257' title='bbox 2238 1062 2600 1116; x_wconf 85' lang='lat' dir='ltr'><strong>Barbarorum</strong></span> <span class='ocrx_word' id='word_1_258' title='bbox 2630 1078 2819 1117; x_wconf 88' lang='lat' dir='ltr'><strong>sumus</strong></span> <span class='ocrx_word' id='word_1_259' title='bbox 2847 1067 3155 1133; x_wconf 78' lang='lat' dir='ltr'><strong>superaturi</strong></span> <span class='ocrx_word' id='word_1_260' title='bbox 3190 1067 3596 1122; x_wconf 77' lang='lat' dir='ltr'><strong>crudelitatem.</strong></span> 
     </span>
    </p>
   </div>
   <div class='ocr_carea' id='block_1_40' title="bbox 2033 1154 3598 1227">
    <p class='ocr_par' dir='ltr' id='par_1_40' title="bbox 2033 1154 3598 1227">
     <span class='ocr_line' id='line_1_40' title="bbox 2033 1154 3598 1227; baseline 0.003 -20"><span class='ocrx_word' id='word_1_261' title='bbox 2033 1154 2301 1222; x_wconf 88' lang='lat' dir='ltr'><strong>siquidem</strong></span> <span class='ocrx_word' id='word_1_262' title='bbox 2335 1155 2561 1209; x_wconf 87' lang='lat' dir='ltr'><strong>meliora</strong></span> <span class='ocrx_word' id='word_1_263' title='bbox 2609 1155 2697 1210; x_wconf 90' lang='lat' dir='ltr'><strong>ille</strong></span> <span class='ocrx_word' id='word_1_264' title='bbox 2726 1157 2794 1209; x_wconf 87' lang='lat' dir='ltr'><strong>de</strong></span> <span class='ocrx_word' id='word_1_265' title='bbox 2826 1156 2934 1209; x_wconf 87' lang='lat' dir='ltr'><strong>illis</strong></span> <span class='ocrx_word' id='word_1_266' title='bbox 2982 1160 3247 1225; x_wconf 76' lang='lat' dir='ltr'><strong>speravit.</strong></span> <span class='ocrx_word' id='word_1_267' title='bbox 3298 1174 3461 1227; x_wconf 91' lang='lat' dir='ltr'><strong>quam</strong></span> <span class='ocrx_word' id='word_1_268' title='bbox 3496 1157 3598 1227; x_wconf 73' lang='lat' dir='ltr'><strong>ipsi</strong></span> 
     </span>
    </p>
   </div>
   <div class='ocr_carea' id='block_1_41' title="bbox 2035 1244 3602 1316">
    <p class='ocr_par' dir='ltr' id='par_1_41' title="bbox 2035 1244 3602 1316">
     <span class='ocr_line' id='line_1_41' title="bbox 2035 1244 3602 1316; baseline 0.004 -21"><span class='ocrx_word' id='word_1_269' title='bbox 2035 1254 2162 1297; x_wconf 88' lang='lat' dir='ltr'><strong>tunc</strong></span> <span class='ocrx_word' id='word_1_270' title='bbox 2206 1244 2377 1297; x_wconf 89' lang='lat' dir='ltr'><strong>simus</strong></span> <span class='ocrx_word' id='word_1_271' title='bbox 2421 1244 2743 1299; x_wconf 79' lang='lat' dir='ltr'><strong>exhibituri.</strong></span> <span class='ocrx_word' id='word_1_272' title='bbox 2800 1246 3018 1300; x_wconf 78' lang='lat' dir='ltr'><strong>Putavit</strong></span> <span class='ocrx_word' id='word_1_273' title='bbox 3064 1247 3283 1316; x_wconf 63' lang='lat' dir='ltr'><strong>quidem</strong></span> <span class='ocrx_word' id='word_1_274' title='bbox 3342 1248 3422 1303; x_wconf 89' lang='lat' dir='ltr'><strong>sic</strong></span> <span class='ocrx_word' id='word_1_275' title='bbox 3479 1250 3602 1303; x_wconf 88' lang='lat' dir='ltr'><strong>illos</strong></span> 
     </span>
    </p>
   </div>
   <div class='ocr_carea' id='block_1_42' title="bbox 2031 1334 3601 1403">
    <p class='ocr_par' dir='ltr' id='par_1_42' title="bbox 2031 1334 3601 1403">
     <span class='ocr_line' id='line_1_42' title="bbox 2031 1334 3601 1403; baseline 0.002 -12"><span class='ocrx_word' id='word_1_276' title='bbox 2031 1335 2236 1391; x_wconf 89' lang='lat' dir='ltr'><strong>amicos</strong></span> <span class='ocrx_word' id='word_1_277' title='bbox 2288 1334 2428 1398; x_wconf 87' lang='lat' dir='ltr'><strong>fore,</strong></span> <span class='ocrx_word' id='word_1_278' title='bbox 2462 1344 2523 1389; x_wconf 89' lang='lat' dir='ltr'><strong>ut</strong></span> <span class='ocrx_word' id='word_1_279' title='bbox 2571 1344 2627 1391; x_wconf 88' lang='lat' dir='ltr'><strong>et</strong></span> <span class='ocrx_word' id='word_1_280' title='bbox 2678 1337 2806 1391; x_wconf 80' lang='lat' dir='ltr'><strong>belli</strong></span> <span class='ocrx_word' id='word_1_281' title='bbox 2852 1338 3169 1392; x_wconf 56' lang='lat' dir='ltr'><strong>socii-tatem</strong></span> <span class='ocrx_word' id='word_1_282' title='bbox 3227 1339 3465 1403; x_wconf 87' lang='lat' dir='ltr'><strong>inirent;</strong></span> <span class='ocrx_word' id='word_1_283' title='bbox 3500 1355 3601 1395; x_wconf 80' lang='lat' dir='ltr'><strong>nos</strong></span> 
     </span>
    </p>
   </div>
   <div class='ocr_carea' id='block_1_43' title="bbox 2031 1426 3600 1498">
    <p class='ocr_par' dir='ltr' id='par_1_43' title="bbox 2031 1426 3600 1498">
     <span class='ocr_line' id='line_1_43' title="bbox 2031 1426 3600 1498; baseline 0.005 -22"><span class='ocrx_word' id='word_1_284' title='bbox 2031 1441 2167 1480; x_wconf 87' lang='lat' dir='ltr'><strong>vero</strong></span> <span class='ocrx_word' id='word_1_285' title='bbox 2194 1426 2263 1480; x_wconf 91' lang='lat' dir='ltr'><strong>iis</strong></span> <span class='ocrx_word' id='word_1_286' title='bbox 2294 1440 2417 1495; x_wconf 69' lang='lat' dir='ltr'><strong>quae</strong></span> <span class='ocrx_word' id='word_1_287' title='bbox 2445 1426 2874 1495; x_wconf 84' lang='lat' dir='ltr'><strong>designabimus,</strong></span> <span class='ocrx_word' id='word_1_288' title='bbox 2909 1443 3070 1496; x_wconf 81' lang='lat' dir='ltr'><strong>grave</strong></span> <span class='ocrx_word' id='word_1_289' title='bbox 3108 1430 3381 1498; x_wconf 81' lang='lat' dir='ltr'><strong>quoddam</strong></span> <span class='ocrx_word' id='word_1_290' title='bbox 3411 1432 3600 1485; x_wconf 89' lang='lat' dir='ltr'><strong>odium</strong></span> 
     </span>
    </p>
   </div>
   <div class='ocr_carea' id='block_1_44' title="bbox 2032 1517 3682 1588">
    <p class='ocr_par' dir='ltr' id='par_1_44' title="bbox 2032 1517 3682 1588">
     <span class='ocr_line' id='line_1_44' title="bbox 2032 1517 3682 1588; baseline 0.002 -17"><span class='ocrx_word' id='word_1_291' title='bbox 2032 1517 2299 1586; x_wconf 90' lang='lat' dir='ltr'><strong>prodituri</strong></span> <span class='ocrx_word' id='word_1_292' title='bbox 2331 1534 2542 1573; x_wconf 90' lang='lat' dir='ltr'><strong>sumus.</strong></span> <span class='ocrx_word' id='word_1_293' title='bbox 2574 1518 2668 1573; x_wconf 89' lang='lat' dir='ltr'><strong>Sin</strong></span> <span class='ocrx_word' id='word_1_294' title='bbox 2698 1535 2830 1573; x_wconf 88' lang='lat' dir='ltr'><strong>vero</strong></span> <span class='ocrx_word' id='word_1_295' title='bbox 2858 1520 3055 1588; x_wconf 90' lang='lat' dir='ltr'><strong>impios</strong></span> <span class='ocrx_word' id='word_1_296' title='bbox 3088 1536 3152 1574; x_wconf 89' lang='lat' dir='ltr'><strong>ac</strong></span> <span class='ocrx_word' id='word_1_297' title='bbox 3184 1522 3603 1577; x_wconf 70' lang='lat' dir='ltr'><strong>sceleratoscns</strong></span> <span class='ocrx_word' id='word_1_298' title='bbox 3676 1520 3682 1527; x_wconf 74' lang='grc'><strong>“</strong></span> 
     </span>
    </p>
   </div>
   <div class='ocr_carea' id='block_1_45' title="bbox 2033 1610 3603 1681">
    <p class='ocr_par' dir='ltr' id='par_1_45' title="bbox 2033 1610 3603 1681">
     <span class='ocr_line' id='line_1_45' title="bbox 2033 1610 3603 1681; baseline 0.003 -17"><span class='ocrx_word' id='word_1_299' title='bbox 2033 1611 2311 1674; x_wconf 87' lang='lat' dir='ltr'><strong>arbitrari,</strong></span> <span class='ocrx_word' id='word_1_300' title='bbox 2353 1610 2445 1678; x_wconf 90' lang='lat' dir='ltr'><strong>qui</strong></span> <span class='ocrx_word' id='word_1_301' title='bbox 2507 1620 2636 1664; x_wconf 90' lang='lat' dir='ltr'><strong>tunc</strong></span> <span class='ocrx_word' id='word_1_302' title='bbox 2682 1611 2949 1681; x_wconf 87' lang='lat' dir='ltr'><strong>ejusmodi</strong></span> <span class='ocrx_word' id='word_1_303' title='bbox 2995 1613 3200 1681; x_wconf 87' lang='lat' dir='ltr'><strong>aliquid</strong></span> <span class='ocrx_word' id='word_1_304' title='bbox 3250 1613 3453 1666; x_wconf 78' lang='lat' dir='ltr'><strong>fuerint</strong></span> <span class='ocrx_word' id='word_1_305' title='bbox 3485 1616 3603 1669; x_wconf 87' lang='lat' dir='ltr'><strong>ausi</strong></span> 
     </span>
    </p>
   </div>
   <div class='ocr_carea' id='block_1_46' title="bbox 2034 1700 3603 1774">
    <p class='ocr_par' dir='ltr' id='par_1_46' title="bbox 2034 1700 3603 1774">
     <span class='ocr_line' id='line_1_46' title="bbox 2034 1700 3603 1774; baseline 0.001 -19"><span class='ocrx_word' id='word_1_306' title='bbox 2034 1701 2342 1766; x_wconf 83' lang='lat' dir='ltr'><strong>consulere,</strong></span> <span class='ocrx_word' id='word_1_307' title='bbox 2398 1700 2656 1755; x_wconf 86' lang='lat' dir='ltr'><strong>laudibus</strong></span> <span class='ocrx_word' id='word_1_308' title='bbox 2704 1717 2769 1756; x_wconf 88' lang='lat' dir='ltr'><strong>ac</strong></span> <span class='ocrx_word' id='word_1_309' title='bbox 2818 1700 3033 1771; x_wconf 85' lang='lat' dir='ltr'><strong>plausu,</strong></span> <span class='ocrx_word' id='word_1_310' title='bbox 3069 1705 3144 1758; x_wconf 90' lang='lat' dir='ltr'><strong>uti</strong></span> <span class='ocrx_word' id='word_1_311' title='bbox 3195 1704 3356 1774; x_wconf 83' lang='lat' dir='ltr'><strong>plane</strong></span> <span class='ocrx_word' id='word_1_312' title='bbox 3404 1706 3603 1760; x_wconf 85' lang='lat' dir='ltr'><strong>merito</strong></span> 
     </span>
    </p>
   </div>
   <div class='ocr_carea' id='block_1_47' title="bbox 2037 1790 3602 1865">
    <p class='ocr_par' dir='ltr' id='par_1_47' title="bbox 2037 1790 3602 1865">
     <span class='ocr_line' id='line_1_47' title="bbox 2037 1790 3602 1865; baseline 0.004 -22"><span class='ocrx_word' id='word_1_313' title='bbox 2037 1790 2213 1853; x_wconf 89' lang='lat' dir='ltr'><strong>decet.</strong></span> <span class='ocrx_word' id='word_1_314' title='bbox 2243 1800 2606 1847; x_wconf 77' lang='lat' dir='ltr'><strong>revertentem</strong></span> <span class='ocrx_word' id='word_1_315' title='bbox 2641 1793 3025 1861; x_wconf 84' lang='lat' dir='ltr'><strong>imperatorem</strong></span> <span class='ocrx_word' id='word_1_316' title='bbox 3056 1809 3246 1849; x_wconf 87' lang='lat' dir='ltr'><strong>sumus</strong></span> <span class='ocrx_word' id='word_1_317' title='bbox 3271 1797 3602 1865; x_wconf 74' lang='lat' dir='ltr'><strong>suscepturi.</strong></span> 
     </span>
    </p>
   </div>
   <div class='ocr_carea' id='block_1_48' title="bbox 2036 1882 3607 1955">
    <p class='ocr_par' dir='ltr' id='par_1_48' title="bbox 2036 1882 3607 1955">
     <span class='ocr_line' id='line_1_48' title="bbox 2036 1882 3607 1955; baseline 0.003 -19"><span class='ocrx_word' id='word_1_318' title='bbox 2036 1897 2218 1936; x_wconf 86' lang='lat' dir='ltr'><strong>nonne</strong></span> <span class='ocrx_word' id='word_1_319' title='bbox 2248 1890 2303 1936; x_wconf 88' lang='lat' dir='ltr'><strong>et</strong></span> <span class='ocrx_word' id='word_1_320' title='bbox 2351 1882 2531 1936; x_wconf 83' lang='lat' dir='ltr'><strong>socios</strong></span> <span class='ocrx_word' id='word_1_321' title='bbox 2572 1897 2676 1935; x_wconf 89' lang='lat' dir='ltr'><strong>una</strong></span> <span class='ocrx_word' id='word_1_322' title='bbox 2710 1899 2833 1936; x_wconf 88' lang='lat' dir='ltr'><strong>cum</strong></span> <span class='ocrx_word' id='word_1_323' title='bbox 2869 1898 2935 1937; x_wconf 92' lang='lat' dir='ltr'><strong>eo</strong></span> <span class='ocrx_word' id='word_1_324' title='bbox 2981 1885 3195 1954; x_wconf 75' lang='lat' dir='ltr'><strong>ingredi</strong></span> <span class='ocrx_word' id='word_1_325' title='bbox 3246 1886 3436 1940; x_wconf 84' lang='lat' dir='ltr'><strong>urbem</strong></span> <span class='ocrx_word' id='word_1_326' title='bbox 3476 1902 3607 1955; x_wconf 82' lang='lat' dir='ltr'><strong>per-</strong></span> 
     </span>
    </p>
   </div>
   <div class='ocr_carea' id='block_1_49' title="bbox 2037 1973 3605 2043">
    <p class='ocr_par' dir='ltr' id='par_1_49' title="bbox 2037 1973 3605 2043">
     <span class='ocr_line' id='line_1_49' title="bbox 2037 1973 3605 2043; baseline 0.003 -15"><span class='ocrx_word' id='word_1_327' title='bbox 2037 1973 2353 2037; x_wconf 87' lang='lat' dir='ltr'><strong>mittemus;</strong></span> <span class='ocrx_word' id='word_1_328' title='bbox 2392 1989 2459 2027; x_wconf 87' lang='lat' dir='ltr'><strong>an</strong></span> <span class='ocrx_word' id='word_1_329' title='bbox 2504 1974 2688 2043; x_wconf 83' lang='lat' dir='ltr'><strong>potius</strong></span> <span class='ocrx_word' id='word_1_330' title='bbox 2718 1975 3054 2029; x_wconf 88' lang='lat' dir='ltr'><strong>humanitate</strong></span> <span class='ocrx_word' id='word_1_331' title='bbox 3080 1977 3134 2029; x_wconf 90' lang='lat' dir='ltr'><strong>in</strong></span> <span class='ocrx_word' id='word_1_332' title='bbox 3165 1992 3290 2031; x_wconf 91' lang='lat' dir='ltr'><strong>eum</strong></span> <span class='ocrx_word' id='word_1_333' title='bbox 3323 1981 3425 2042; x_wconf 87' lang='lat' dir='ltr'><strong>usi,</strong></span> <span class='ocrx_word' id='word_1_334' title='bbox 3457 1993 3605 2033; x_wconf 86' lang='lat' dir='ltr'><strong>cam-</strong></span> 
     </span>
    </p>
   </div>
   <div class='ocr_carea' id='block_1_50' title="bbox 2035 2064 3605 2140">
    <p class='ocr_par' dir='ltr' id='par_1_50' title="bbox 2035 2064 3605 2140">
     <span class='ocr_line' id='line_1_50' title="bbox 2035 2064 3605 2140; baseline 0.005 -23"><span class='ocrx_word' id='word_1_335' title='bbox 2035 2079 2161 2132; x_wconf 88' lang='lat' dir='ltr'><strong>pum</strong></span> <span class='ocrx_word' id='word_1_336' title='bbox 2186 2064 2293 2118; x_wconf 86' lang='lat' dir='ltr'><strong>illis</strong></span> <span class='ocrx_word' id='word_1_337' title='bbox 2318 2079 2378 2118; x_wconf 81' lang='lat' dir='ltr'><strong>ac</strong></span> <span class='ocrx_word' id='word_1_338' title='bbox 2404 2065 2679 2120; x_wconf 89' lang='lat' dir='ltr'><strong>miseriam</strong></span> <span class='ocrx_word' id='word_1_339' title='bbox 2711 2066 3103 2134; x_wconf 64' lang='lat' dir='ltr'><strong>relinquemus,</strong></span> <span class='ocrx_word' id='word_1_340' title='bbox 3137 2069 3605 2140; x_wconf 74' lang='lat' dir='ltr'><strong>przeticiemusque</strong></span> 
     </span>
    </p>
   </div>
   <div class='ocr_carea' id='block_1_51' title="bbox 2034 2155 3600 2225">
    <p class='ocr_par' dir='ltr' id='par_1_51' title="bbox 2034 2155 3600 2225">
     <span class='ocr_line' id='line_1_51' title="bbox 2034 2155 3600 2225; baseline 0.006 -18"><span class='ocrx_word' id='word_1_341' title='bbox 2034 2155 2129 2223; x_wconf 86' lang='lat' dir='ltr'><strong>qui</strong></span> <span class='ocrx_word' id='word_1_342' title='bbox 2175 2165 2362 2223; x_wconf 85' lang='lat' dir='ltr'><strong>portas</strong></span> <span class='ocrx_word' id='word_1_343' title='bbox 2408 2156 2475 2209; x_wconf 90' lang='lat' dir='ltr'><strong>ad</strong></span> <span class='ocrx_word' id='word_1_344' title='bbox 2519 2171 2613 2209; x_wconf 79' lang='lat' dir='ltr'><strong>eos</strong></span> <span class='ocrx_word' id='word_1_345' title='bbox 2661 2157 2927 2211; x_wconf 85' lang='lat' dir='ltr'><strong>arcendos</strong></span> <span class='ocrx_word' id='word_1_346' title='bbox 2965 2160 3317 2214; x_wconf 84' lang='lat' dir='ltr'><strong>custodiant?</strong></span> <span class='ocrx_word' id='word_1_347' title='bbox 3358 2161 3511 2225; x_wconf 88' lang='lat' dir='ltr'><strong>Quod</strong></span> <span class='ocrx_word' id='word_1_348' title='bbox 3555 2163 3600 2216; x_wconf 87' lang='lat' dir='ltr'><strong>si</strong></span> 
     </span>
    </p>
   </div>
   <div class='ocr_carea' id='block_1_52' title="bbox 2035 2244 3602 2320">
    <p class='ocr_par' dir='ltr' id='par_1_52' title="bbox 2035 2244 3602 2320">
     <span class='ocr_line' id='line_1_52' title="bbox 2035 2244 3602 2320; baseline 0.004 -23"><span class='ocrx_word' id='word_1_349' title='bbox 2035 2244 2335 2297; x_wconf 77' lang='lat' dir='ltr'><strong>concordes</strong></span> <span class='ocrx_word' id='word_1_350' title='bbox 2383 2246 2503 2299; x_wconf 91' lang='lat' dir='ltr'><strong>illos</strong></span> <span class='ocrx_word' id='word_1_351' title='bbox 2546 2246 2861 2316; x_wconf 83' lang='lat' dir='ltr'><strong>priusquam</strong></span> <span class='ocrx_word' id='word_1_352' title='bbox 2908 2248 3308 2316; x_wconf 84' lang='lat' dir='ltr'><strong>ingrediantur.</strong></span> <span class='ocrx_word' id='word_1_353' title='bbox 3354 2252 3443 2305; x_wconf 91' lang='lat' dir='ltr'><strong>ubi</strong></span> <span class='ocrx_word' id='word_1_354' title='bbox 3491 2252 3602 2320; x_wconf 87' lang='lat' dir='ltr'><strong>jam</strong></span> 
     </span>
    </p>
   </div>
   <div class='ocr_carea' id='block_1_53' title="bbox 2033 2336 3601 2415">
    <p class='ocr_par' dir='ltr' id='par_1_53' title="bbox 2033 2336 3601 2415">
     <span class='ocr_line' id='line_1_53' title="bbox 2033 2336 3601 2415; baseline 0.005 -27"><span class='ocrx_word' id='word_1_355' title='bbox 2033 2342 2304 2400; x_wconf 78' lang='lat' dir='ltr'><strong>venerint,</strong></span> <span class='ocrx_word' id='word_1_356' title='bbox 2327 2336 2703 2391; x_wconf 89' lang='lat' dir='ltr'><strong>discernamus</strong></span> <span class='ocrx_word' id='word_1_357' title='bbox 2728 2381 2743 2404; x_wconf 90' lang='lat'><strong>,</strong></span> <span class='ocrx_word' id='word_1_358' title='bbox 2771 2353 2836 2392; x_wconf 88' lang='lat' dir='ltr'><strong>ac</strong></span> <span class='ocrx_word' id='word_1_359' title='bbox 2855 2338 2970 2415; x_wconf 69' lang='lat' dir='ltr'><strong>ipse</strong></span> <span class='ocrx_word' id='word_1_360' title='bbox 2995 2341 3215 2407; x_wconf 86' lang='lat' dir='ltr'><strong>quidem</strong></span> <span class='ocrx_word' id='word_1_361' title='bbox 3244 2342 3390 2395; x_wconf 74' lang='lat' dir='ltr'><strong>velut</strong></span> <span class='ocrx_word' id='word_1_362' title='bbox 3416 2352 3601 2397; x_wconf 82' lang='lat' dir='ltr'><strong>noster</strong></span> 
     </span>
    </p>
   </div>
   <div class='ocr_carea' id='block_1_54' title="bbox 2034 2429 3605 2498">
    <p class='ocr_par' dir='ltr' id='par_1_54' title="bbox 2034 2429 3605 2498">
     <span class='ocr_line' id='line_1_54' title="bbox 2034 2429 3605 2498; baseline 0.006 -17"><span class='ocrx_word' id='word_1_363' title='bbox 2034 2443 2096 2481; x_wconf 91' lang='lat' dir='ltr'><strong>ac</strong></span> <span class='ocrx_word' id='word_1_364' title='bbox 2137 2429 2494 2492; x_wconf 89' lang='lat' dir='ltr'><strong>domesticus,</strong></span> <span class='ocrx_word' id='word_1_365' title='bbox 2557 2440 2852 2486; x_wconf 87' lang='lat' dir='ltr'><strong>consuetos</strong></span> <span class='ocrx_word' id='word_1_366' title='bbox 2915 2432 3112 2488; x_wconf 89' lang='lat' dir='ltr'><strong>habeat</strong></span> <span class='ocrx_word' id='word_1_367' title='bbox 3164 2433 3433 2498; x_wconf 77' lang='lat' dir='ltr'><strong>honores;</strong></span> <span class='ocrx_word' id='word_1_368' title='bbox 3484 2435 3605 2490; x_wconf 87' lang='lat' dir='ltr'><strong>illcs</strong></span> 
     </span>
    </p>
   </div>
   <div class='ocr_carea' id='block_1_55' title="bbox 2034 2518 3605 2595">
    <p class='ocr_par' dir='ltr' id='par_1_55' title="bbox 2034 2518 3605 2595">
     <span class='ocr_line' id='line_1_55' title="bbox 2034 2518 3605 2595; baseline 0.004 -23"><span class='ocrx_word' id='word_1_369' title='bbox 2034 2526 2214 2573; x_wconf 83' lang='lat' dir='ltr'><strong>autem</strong></span> <span class='ocrx_word' id='word_1_370' title='bbox 2263 2534 2363 2573; x_wconf 90' lang='lat' dir='ltr'><strong>ceu</strong></span> <span class='ocrx_word' id='word_1_371' title='bbox 2422 2518 2637 2584; x_wconf 80' lang='lat' dir='ltr'><strong>hostes,</strong></span> <span class='ocrx_word' id='word_1_372' title='bbox 2690 2530 2976 2590; x_wconf 89' lang='lat' dir='ltr'><strong>suspectos</strong></span> <span class='ocrx_word' id='word_1_373' title='bbox 3014 2524 3349 2587; x_wconf 82' lang='lat' dir='ltr'><strong>habeamus.</strong></span> <span class='ocrx_word' id='word_1_374' title='bbox 3399 2540 3605 2595; x_wconf 79' lang='lat' dir='ltr'><strong>eosque</strong></span> 
     </span>
    </p>
   </div>
   <div class='ocr_carea' id='block_1_56' title="bbox 2035 2602 3606 2678">
    <p class='ocr_par' dir='ltr' id='par_1_56' title="bbox 2035 2602 3606 2678">
     <span class='ocr_line' id='line_1_56' title="bbox 2035 2602 3606 2678; baseline 0.004 -17"><span class='ocrx_word' id='word_1_375' title='bbox 2035 2622 2211 2676; x_wconf 87' lang='lat' dir='ltr'><strong>neque</strong></span> <span class='ocrx_word' id='word_1_376' title='bbox 2265 2617 2429 2670; x_wconf 88' lang='lat' dir='ltr'><strong>tecto,</strong></span> <span class='ocrx_word' id='word_1_377' title='bbox 2498 2624 2674 2678; x_wconf 89' lang='lat' dir='ltr'><strong>neque</strong></span> <span class='ocrx_word' id='word_1_378' title='bbox 2731 2610 2852 2664; x_wconf 85' lang='lat' dir='ltr'><strong>foro</strong></span> <span class='ocrx_word' id='word_1_379' title='bbox 2909 2602 3195 2667; x_wconf 75' lang='lat' dir='ltr'><strong>donandus</strong></span> <span class='ocrx_word' id='word_1_380' title='bbox 3250 2614 3606 2674; x_wconf 86' lang='lat' dir='ltr'><strong>arbitremur.</strong></span> 
     </span>
    </p>
   </div>
   <div class='ocr_carea' id='block_1_57' title="bbox 2035 2697 3608 2768">
    <p class='ocr_par' dir='ltr' id='par_1_57' title="bbox 2035 2697 3608 2768">
     <span class='ocr_line' id='line_1_57' title="bbox 2035 2697 3608 2768; baseline 0.006 -18"><span class='ocrx_word' id='word_1_381' title='bbox 2035 2697 2179 2752; x_wconf 90' lang='lat' dir='ltr'><strong>haud</strong></span> <span class='ocrx_word' id='word_1_382' title='bbox 2234 2698 2393 2767; x_wconf 87' lang='lat' dir='ltr'><strong>plane</strong></span> <span class='ocrx_word' id='word_1_383' title='bbox 2437 2699 2589 2763; x_wconf 87' lang='lat' dir='ltr'><strong>novi,</strong></span> <span class='ocrx_word' id='word_1_384' title='bbox 2646 2699 2776 2768; x_wconf 89' lang='lat' dir='ltr'><strong>quid</strong></span> <span class='ocrx_word' id='word_1_385' title='bbox 2825 2700 2950 2755; x_wconf 88' lang='lat' dir='ltr'><strong>illos</strong></span> <span class='ocrx_word' id='word_1_386' title='bbox 2995 2701 3049 2755; x_wconf 90' lang='lat' dir='ltr'><strong>in</strong></span> <span class='ocrx_word' id='word_1_387' title='bbox 3086 2704 3244 2757; x_wconf 85' lang='lat' dir='ltr'><strong>nobis</strong></span> <span class='ocrx_word' id='word_1_388' title='bbox 3290 2704 3608 2760; x_wconf 84' lang='lat' dir='ltr'><strong>laudaturos</strong></span> 
     </span>
    </p>
   </div>
   <div class='ocr_carea' id='block_1_58' title="bbox 2034 2788 3603 2862">
    <p class='ocr_par' dir='ltr' id='par_1_58' title="bbox 2034 2788 3603 2862">
     <span class='ocr_line' id='line_1_58' title="bbox 2034 2788 3603 2862; baseline 0.006 -20"><span class='ocrx_word' id='word_1_389' title='bbox 2034 2798 2311 2858; x_wconf 90' lang='lat' dir='ltr'><strong>putemus.</strong></span> <span class='ocrx_word' id='word_1_390' title='bbox 2359 2790 2451 2858; x_wconf 90' lang='lat' dir='ltr'><strong>qui</strong></span> <span class='ocrx_word' id='word_1_391' title='bbox 2486 2790 2556 2844; x_wconf 90' lang='lat' dir='ltr'><strong>ab</strong></span> <span class='ocrx_word' id='word_1_392' title='bbox 2589 2791 2927 2847; x_wconf 86' lang='lat' dir='ltr'><strong>immanitate</strong></span> <span class='ocrx_word' id='word_1_393' title='bbox 2975 2788 3246 2862; x_wconf 44' lang='lat' dir='ltr'><strong>ejusmo‘di</strong></span> <span class='ocrx_word' id='word_1_394' title='bbox 3302 2796 3603 2851; x_wconf 85' lang='lat' dir='ltr'><strong>ordiamur.</strong></span> 
     </span>
    </p>
   </div>
   <div class='ocr_carea' id='block_1_59' title="bbox 2035 2880 3607 2955">
    <p class='ocr_par' dir='ltr' id='par_1_59' title="bbox 2035 2880 3607 2955">
     <span class='ocr_line' id='line_1_59' title="bbox 2035 2880 3607 2955; baseline 0.006 -22"><span class='ocrx_word' id='word_1_395' title='bbox 2035 2880 2305 2933; x_wconf 55' lang='lat' dir='ltr'><strong>Praeterea</strong></span> <span class='ocrx_word' id='word_1_396' title='bbox 2338 2895 2407 2935; x_wconf 90' lang='lat' dir='ltr'><strong>ne</strong></span> <span class='ocrx_word' id='word_1_397' title='bbox 2460 2881 2574 2949; x_wconf 90' lang='lat' dir='ltr'><strong>ipse</strong></span> <span class='ocrx_word' id='word_1_398' title='bbox 2615 2882 2836 2949; x_wconf 88' lang='lat' dir='ltr'><strong>quidem</strong></span> <span class='ocrx_word' id='word_1_399' title='bbox 2874 2885 3194 2952; x_wconf 86' lang='lat' dir='ltr'><strong>imperator.</strong></span> <span class='ocrx_word' id='word_1_400' title='bbox 3229 2902 3390 2955; x_wconf 88' lang='lat' dir='ltr'><strong>quam</strong></span> <span class='ocrx_word' id='word_1_401' title='bbox 3415 2904 3607 2944; x_wconf 89' lang='lat' dir='ltr'><strong>omnes</strong></span> 
     </span>
    </p>
   </div>
   <div class='ocr_carea' id='block_1_60' title="bbox 2035 2971 3606 3048">
    <p class='ocr_par' dir='ltr' id='par_1_60' title="bbox 2035 2971 3606 3048">
     <span class='ocr_line' id='line_1_60' title="bbox 2035 2971 3606 3048; baseline 0.005 -23"><span class='ocrx_word' id='word_1_402' title='bbox 2035 2971 2381 3026; x_wconf 84' lang='lat' dir='ltr'><strong>servaverint</strong></span> <span class='ocrx_word' id='word_1_403' title='bbox 2413 2973 2870 3037; x_wconf 84' lang='lat' dir='ltr'><strong>benevolentiam.</strong></span> <span class='ocrx_word' id='word_1_404' title='bbox 2908 2977 3010 3030; x_wconf 86' lang='lat' dir='ltr'><strong>sibi</strong></span> <span class='ocrx_word' id='word_1_405' title='bbox 3033 2992 3329 3047; x_wconf 77' lang='lat' dir='ltr'><strong>congruam</strong></span> <span class='ocrx_word' id='word_1_406' title='bbox 3361 2981 3606 3048; x_wconf 87' lang='lat' dir='ltr'><strong>putabit;</strong></span> 
     </span>
    </p>
   </div>
   <div class='ocr_carea' id='block_1_61' title="bbox 2040 3066 3603 3143">
    <p class='ocr_par' dir='ltr' id='par_1_61' title="bbox 2040 3066 3603 3143">
     <span class='ocr_line' id='line_1_61' title="bbox 2040 3066 3603 3143; baseline 0.005 -25"><span class='ocrx_word' id='word_1_407' title='bbox 2040 3073 2207 3133; x_wconf 79' lang='lat' dir='ltr'><strong>utque</strong></span> <span class='ocrx_word' id='word_1_408' title='bbox 2234 3079 2329 3119; x_wconf 89' lang='lat' dir='ltr'><strong>eos</strong></span> <span class='ocrx_word' id='word_1_409' title='bbox 2351 3081 2491 3135; x_wconf 90' lang='lat' dir='ltr'><strong>quos</strong></span> <span class='ocrx_word' id='word_1_410' title='bbox 2516 3066 2824 3136; x_wconf 83' lang='lat' dir='ltr'><strong>magnificis</strong></span> <span class='ocrx_word' id='word_1_411' title='bbox 2856 3068 3334 3125; x_wconf 88' lang='lat' dir='ltr'><strong>sollicitationibus</strong></span> <span class='ocrx_word' id='word_1_412' title='bbox 3364 3073 3416 3125; x_wconf 92' lang='lat' dir='ltr'><strong>in</strong></span> <span class='ocrx_word' id='word_1_413' title='bbox 3452 3087 3603 3143; x_wconf 89' lang='lat' dir='ltr'><strong>spem</strong></span> 
     </span>
    </p>
   </div>
   <div class='ocr_carea' id='block_1_62' title="bbox 369 3159 3605 3245">
    <p class='ocr_par' dir='ltr' id='par_1_62' title="bbox 369 3159 3605 3245">
     <span class='ocr_line' id='line_1_62' title="bbox 369 3159 3605 3245; baseline 0.001 -27"><span class='ocrx_word' id='word_1_414' title='bbox 369 3163 609 3234; x_wconf 81' lang='lat' dir='ltr'><strong>erigens,</strong></span> <span class='ocrx_word' id='word_1_415' title='bbox 651 3162 763 3218; x_wconf 91' lang='lat' dir='ltr'><strong>huc</strong></span> <span class='ocrx_word' id='word_1_416' title='bbox 805 3163 1045 3227; x_wconf 81' lang='lat' dir='ltr'><strong>duxerit,</strong></span> <span class='ocrx_word' id='word_1_417' title='bbox 1084 3163 1266 3219; x_wconf 84' lang='lat' dir='ltr'><strong>statim</strong></span> <span class='ocrx_word' id='word_1_418' title='bbox 1295 3164 1661 3245; x_wconf 68' lang='lat' dir='ltr'><strong>derelinquat,</strong></span> <span class='ocrx_word' id='word_1_419' title='bbox 1702 3162 1791 3216; x_wconf 81' lang='lat' dir='ltr'><strong>vix</strong></span> <span class='ocrx_word' id='word_1_420' title='bbox 1854 3172 1962 3214; x_wconf 91' lang='lat' dir='ltr'><strong>non</strong></span> <span class='ocrx_word' id='word_1_421' title='bbox 2002 3159 2207 3228; x_wconf 89' lang='lat' dir='ltr'><strong>ubique</strong></span> <span class='ocrx_word' id='word_1_422' title='bbox 2242 3161 2486 3229; x_wconf 80' lang='lat' dir='ltr'><strong>gentium</strong></span> <span class='ocrx_word' id='word_1_423' title='bbox 2525 3159 2939 3229; x_wconf 73' lang='lat' dir='ltr'><strong>przedicaturos,</strong></span> <span class='ocrx_word' id='word_1_424' title='bbox 3005 3162 3346 3232; x_wconf 86' lang='lat' dir='ltr'><strong>imperatoris</strong></span> <span class='ocrx_word' id='word_1_425' title='bbox 3386 3178 3605 3220; x_wconf 90' lang='lat' dir='ltr'><strong>omnem</strong></span> 
     </span>
    </p>
   </div>
   <div class='ocr_carea' id='block_1_63' title="bbox 369 3253 1519 3323">
    <p class='ocr_par' dir='ltr' id='par_1_63' title="bbox 369 3253 1519 3323">
     <span class='ocr_line' id='line_1_63' title="bbox 369 3253 1519 3323; baseline 0.001 -16"><span class='ocrx_word' id='word_1_426' title='bbox 369 3254 813 3323; x_wconf 72' lang='lat' dir='ltr'><strong>negotiationem.</strong></span> <span class='ocrx_word' id='word_1_427' title='bbox 847 3253 1054 3308; x_wconf 82' lang='lat' dir='ltr'><strong>fraudis</strong></span> <span class='ocrx_word' id='word_1_428' title='bbox 1084 3256 1296 3310; x_wconf 85' lang='lat' dir='ltr'><strong>larvam</strong></span> <span class='ocrx_word' id='word_1_429' title='bbox 1329 3255 1519 3309; x_wconf 78' lang='lat' dir='ltr'><strong>fuisse.</strong></span> 
     </span>
    </p>
   </div>
   <div class='ocr_carea' id='block_1_64' title="bbox 441 3332 1930 3425">
    <p class='ocr_par' dir='ltr' id='par_1_64' title="bbox 441 3346 1929 3423">
     <span class='ocr_line' id='line_1_64' title="bbox 441 3346 1929 3423; baseline -0.001 -18"><span class='ocrx_word' id='word_1_430' title='bbox 441 3354 550 3405; x_wconf 72' lang='lat' dir='ltr'><strong>Kal.</strong></span> <span class='ocrx_word' id='word_1_431' title='bbox 590 3353 697 3423; x_wconf 78' lang='grc' dir='ltr'>μὴν</span> <span class='ocrx_word' id='word_1_432' title='bbox 730 3352 842 3405; x_wconf 79' lang='grc' dir='ltr'><strong>οὐδ’</strong></span> <span class='ocrx_word' id='word_1_433' title='bbox 887 3346 961 3405; x_wconf 81' lang='grc' dir='ltr'>ὧν</span> <span class='ocrx_word' id='word_1_434' title='bbox 1027 3352 1191 3406; x_wconf 77' lang='grc' dir='ltr'>εἵνεκ’</span> <span class='ocrx_word' id='word_1_435' title='bbox 1221 3353 1723 3420; x_wconf 78' lang='grc' dir='ltr'>ἁναισχυντήσομεν</span> <span class='ocrx_word' id='word_1_436' title='bbox 1777 3347 1929 3419; x_wconf 76' lang='grc' dir='ltr'>εὖροι</span> 
     </span>
    </p>
   </div>
   <div class='ocr_carea' id='block_1_65' title="bbox 2033 3332 3600 3425">
    <p class='ocr_par' dir='ltr' id='par_1_65' title="bbox 2106 3332 3600 3425">
     <span class='ocr_line' id='line_1_65' title="bbox 2106 3332 3600 3425; baseline 0.005 -24"><span class='ocrx_word' id='word_1_437' title='bbox 2106 3346 2247 3401; x_wconf 89' lang='lat' dir='ltr'><strong>Sane</strong></span> <span class='ocrx_word' id='word_1_438' title='bbox 2302 3360 2371 3400; x_wconf 90' lang='lat' dir='ltr'><strong>ne</strong></span> <span class='ocrx_word' id='word_1_439' title='bbox 2420 3362 2654 3416; x_wconf 89' lang='lat' dir='ltr'><strong>quorum</strong></span> <span class='ocrx_word' id='word_1_440' title='bbox 2700 3350 2922 3418; x_wconf 87' lang='lat' dir='ltr'><strong>quidem</strong></span> <span class='ocrx_word' id='word_1_441' title='bbox 2957 3355 3130 3422; x_wconf 84' lang='lat' dir='ltr'><strong>gratia</strong></span> <span class='ocrx_word' id='word_1_442' title='bbox 3180 3332 3600 3425; x_wconf 84' lang='lat' dir='ltr'><strong>proterviamus.</strong></span> 
     </span>
    </p>
   </div>
   <div class='ocr_carea' id='block_1_66' title="bbox 370 3438 1932 3512">
    <p class='ocr_par' dir='ltr' id='par_1_66' title="bbox 370 3438 1932 3512">
     <span class='ocr_line' id='line_1_66' title="bbox 370 3438 1932 3512; baseline -0.003 -17"><span class='ocrx_word' id='word_1_443' title='bbox 370 3459 453 3504; x_wconf 87' lang='grc' dir='ltr'><strong>τις</strong></span> <span class='ocrx_word' id='word_1_444' title='bbox 487 3442 575 3495; x_wconf 85' lang='grc' dir='ltr'><strong>άν.</strong></span> <span class='ocrx_word' id='word_1_445' title='bbox 617 3444 679 3494; x_wconf 73' lang='lat' dir='ltr'><strong>Et</strong></span> <span class='ocrx_word' id='word_1_446' title='bbox 719 3442 818 3512; x_wconf 87' lang='grc' dir='ltr'>μὲν</span> <span class='ocrx_word' id='word_1_447' title='bbox 863 3443 974 3510; x_wconf 77' lang='grc' dir='ltr'><strong>γάρ</strong></span> <span class='ocrx_word' id='word_1_448' title='bbox 1016 3442 1113 3496; x_wconf 80' lang='grc' dir='ltr'>τοῦ</span> <span class='ocrx_word' id='word_1_449' title='bbox 1148 3442 1412 3511; x_wconf 74' lang='grc' dir='ltr'>πολέμου,</span> <span class='ocrx_word' id='word_1_450' title='bbox 1440 3442 1536 3498; x_wconf 72' lang='grc' dir='ltr'>καὶ</span> <span class='ocrx_word' id='word_1_451' title='bbox 1578 3442 1796 3495; x_wconf 90' lang='grc' dir='ltr'>πάντων</span> <span class='ocrx_word' id='word_1_452' title='bbox 1823 3438 1932 3493; x_wconf 79' lang='grc' dir='ltr'><strong>τῶν</strong></span> 
     </span>
    </p>
   </div>
   <div class='ocr_carea' id='block_1_67' title="bbox 371 3532 1929 3604">
    <p class='ocr_par' dir='ltr' id='par_1_67' title="bbox 371 3532 1929 3604">
     <span class='ocr_line' id='line_1_67' title="bbox 371 3532 1929 3604; baseline -0.002 -20"><span class='ocrx_word' id='word_1_453' title='bbox 371 3533 535 3585; x_wconf 79' lang='grc' dir='ltr'>εἵνεκ’</span> <span class='ocrx_word' id='word_1_454' title='bbox 559 3534 755 3596; x_wconf 75' lang='grc' dir='ltr'>αὐτοὺς</span> <span class='ocrx_word' id='word_1_455' title='bbox 792 3533 936 3604; x_wconf 81' lang='grc' dir='ltr'>δεῦρ’</span> <span class='ocrx_word' id='word_1_456' title='bbox 964 3535 1246 3604; x_wconf 69' lang='grc' dir='ltr'>ἠγάγομεν</span> <span class='ocrx_word' id='word_1_457' title='bbox 1280 3533 1727 3603; x_wconf 78' lang='grc' dir='ltr'>ἐξειργασμένων</span> <span class='ocrx_word' id='word_1_458' title='bbox 1774 3532 1929 3599; x_wconf 78' lang='grc' dir='ltr'>ἡμῖν,</span> 
     </span>
    </p>
   </div>
   <div class='ocr_carea' id='block_1_68' title="bbox 371 3620 1933 3694">
    <p class='ocr_par' dir='ltr' id='par_1_68' title="bbox 371 3620 1933 3694">
     <span class='ocr_line' id='line_1_68' title="bbox 371 3620 1933 3694; baseline -0.003 -18"><span class='ocrx_word' id='word_1_459' title='bbox 371 3625 499 3685; x_wconf 73' lang='grc' dir='ltr'>τοὺς</span> <span class='ocrx_word' id='word_1_460' title='bbox 550 3623 871 3693; x_wconf 85' lang='grc' dir='ltr'>συμμάχους</span> <span class='ocrx_word' id='word_1_461' title='bbox 921 3623 1183 3694; x_wconf 76' lang='grc' dir='ltr'>ἠξιοῦμεν</span> <span class='ocrx_word' id='word_1_462' title='bbox 1230 3623 1687 3694; x_wconf 76' lang='grc' dir='ltr'>προπηλακίζειν,</span> <span class='ocrx_word' id='word_1_463' title='bbox 1735 3622 1837 3675; x_wconf 85' lang='grc' dir='ltr'><strong>οὐκ</strong></span> <span class='ocrx_word' id='word_1_464' title='bbox 1868 3620 1933 3673; x_wconf 84' lang='grc' dir='ltr'><strong>ἂν</strong></span> 
     </span>
    </p>
   </div>
   <div class='ocr_carea' id='block_1_69' title="bbox 370 3709 1934 3786">
    <p class='ocr_par' dir='ltr' id='par_1_69' title="bbox 370 3709 1934 3786">
     <span class='ocr_line' id='line_1_69' title="bbox 370 3709 1934 3786; baseline -0.001 -19"><span class='ocrx_word' id='word_1_465' title='bbox 370 3714 625 3767; x_wconf 78' lang='grc' dir='ltr'>τοσοῦτον</span> <span class='ocrx_word' id='word_1_466' title='bbox 657 3709 770 3785; x_wconf 76' lang='grc' dir='ltr'>εἶχε</span> <span class='ocrx_word' id='word_1_467' title='bbox 828 3716 1074 3769; x_wconf 88' lang='grc' dir='ltr'>κίνδυνον</span> <span class='ocrx_word' id='word_1_468' title='bbox 1139 3717 1172 3785; x_wconf 80' lang='grc' dir='ltr'>ἡ</span> <span class='ocrx_word' id='word_1_469' title='bbox 1240 3716 1571 3786; x_wconf 85' lang='grc' dir='ltr'>ἀχαριστία·</span> <span class='ocrx_word' id='word_1_470' title='bbox 1608 3717 1657 3767; x_wconf 83' lang='grc' dir='ltr'><strong>εί</strong></span> <span class='ocrx_word' id='word_1_471' title='bbox 1712 3714 1768 3767; x_wconf 82' lang='grc' dir='ltr'><strong>δὲ</strong></span> <span class='ocrx_word' id='word_1_472' title='bbox 1826 3713 1934 3766; x_wconf 85' lang='grc' dir='ltr'>τῶν</span> 
     </span>
    </p>
   </div>
   <div class='ocr_carea' id='block_1_70' title="bbox 370 3805 1934 3876">
    <p class='ocr_par' dir='ltr' id='par_1_70' title="bbox 370 3805 1934 3876">
     <span class='ocr_line' id='line_1_70' title="bbox 370 3805 1934 3876; baseline -0.002 -18"><span class='ocrx_word' id='word_1_473' title='bbox 370 3805 576 3873; x_wconf 80' lang='grc' dir='ltr'>ὁμοίων</span> <span class='ocrx_word' id='word_1_474' title='bbox 634 3806 957 3874; x_wconf 80' lang='grc' dir='ltr'>ἐφεστώτων</span> <span class='ocrx_word' id='word_1_475' title='bbox 1013 3810 1223 3872; x_wconf 84' lang='grc' dir='ltr'>κακῶν,</span> <span class='ocrx_word' id='word_1_476' title='bbox 1291 3806 1562 3876; x_wconf 79' lang='grc' dir='ltr'>ἀνομοίως</span> <span class='ocrx_word' id='word_1_477' title='bbox 1609 3808 1769 3875; x_wconf 80' lang='grc' dir='ltr'>ἡμεῖς</span> <span class='ocrx_word' id='word_1_478' title='bbox 1822 3805 1934 3866; x_wconf 90' lang='grc' dir='ltr'>τοῖς</span> 
     </span>
    </p>
   </div>
   <div class='ocr_carea' id='block_1_71' title="bbox 372 3896 1933 3969">
    <p class='ocr_par' dir='ltr' id='par_1_71' title="bbox 372 3896 1933 3969">
     <span class='ocr_line' id='line_1_71' title="bbox 372 3896 1933 3969; baseline 0.001 -21"><span class='ocrx_word' id='word_1_479' title='bbox 372 3896 547 3962; x_wconf 81' lang='grc' dir='ltr'>φίλοις</span> <span class='ocrx_word' id='word_1_480' title='bbox 580 3898 875 3960; x_wconf 72' lang='grc' dir='ltr'>καλοῦντες</span> <span class='ocrx_word' id='word_1_481' title='bbox 901 3900 998 3952; x_wconf 79' lang='grc' dir='ltr'><strong>καὶ</strong></span> <span class='ocrx_word' id='word_1_482' title='bbox 1030 3899 1311 3968; x_wconf 81' lang='grc' dir='ltr'>δεχόμενοι</span> <span class='ocrx_word' id='word_1_483' title='bbox 1347 3897 1799 3969; x_wconf 85' lang='grc' dir='ltr'>προσφερόμεθα,</span> <span class='ocrx_word' id='word_1_484' title='bbox 1836 3900 1933 3967; x_wconf 80' lang='grc' dir='ltr'>οὐχ</span> 
     </span>
    </p>
   </div>
   <div class='ocr_carea' id='block_1_72' title="bbox 370 3989 1932 4061">
    <p class='ocr_par' dir='ltr' id='par_1_72' title="bbox 370 3989 1932 4061">
     <span class='ocr_line' id='line_1_72' title="bbox 370 3989 1932 4061; baseline 0.001 -18"><span class='ocrx_word' id='word_1_485' title='bbox 370 3989 481 4060; x_wconf 83' lang='grc' dir='ltr'>ὁρῶ</span> <span class='ocrx_word' id='word_1_486' title='bbox 518 3990 615 4053; x_wconf 83' lang='grc' dir='ltr'><strong>τάς</strong></span> <span class='ocrx_word' id='word_1_487' title='bbox 644 3990 863 4053; x_wconf 79' lang='grc' dir='ltr'>ἐλπίδας</span> <span class='ocrx_word' id='word_1_488' title='bbox 895 3991 994 4061; x_wconf 83' lang='grc' dir='ltr'>τῆς</span> <span class='ocrx_word' id='word_1_489' title='bbox 1017 3992 1276 4060; x_wconf 86' lang='grc' dir='ltr'>τοιαύτης</span> <span class='ocrx_word' id='word_1_490' title='bbox 1306 3990 1681 4061; x_wconf 82' lang='grc' dir='ltr'>καινοτομίας.</span> <span class='ocrx_word' id='word_1_491' title='bbox 1719 3991 1795 4043; x_wconf 84' lang='grc' dir='ltr'><strong>Οὐ</strong></span> <span class='ocrx_word' id='word_1_492' title='bbox 1825 3990 1932 4059; x_wconf 84' lang='grc' dir='ltr'>γὰρ</span> 
     </span>
    </p>
   </div>
   <div class='ocr_carea' id='block_1_73' title="bbox 374 4078 1934 4149">
    <p class='ocr_par' dir='ltr' id='par_1_73' title="bbox 374 4078 1934 4149">
     <span class='ocr_line' id='line_1_73' title="bbox 374 4078 1934 4149; baseline 0.002 -21"><span class='ocrx_word' id='word_1_493' title='bbox 374 4078 462 4130; x_wconf 83' lang='grc' dir='ltr'><strong>ἴνα</strong></span> <span class='ocrx_word' id='word_1_494' title='bbox 518 4079 677 4145; x_wconf 89' lang='grc' dir='ltr'>μόνον</span> <span class='ocrx_word' id='word_1_495' title='bbox 720 4078 884 4131; x_wconf 88' lang='grc' dir='ltr'>δεινοί</span> <span class='ocrx_word' id='word_1_496' title='bbox 939 4096 1084 4141; x_wconf 87' lang='grc' dir='ltr'>τινες</span> <span class='ocrx_word' id='word_1_497' title='bbox 1136 4082 1466 4149; x_wconf 86' lang='grc' dir='ltr'>κακουργεῖν</span> <span class='ocrx_word' id='word_1_498' title='bbox 1496 4081 1591 4133; x_wconf 70' lang='grc' dir='ltr'><strong>καὶ</strong></span> <span class='ocrx_word' id='word_1_499' title='bbox 1621 4079 1934 4148; x_wconf 77' lang='grc' dir='ltr'>φενακίζειν</span> 
     </span>
    </p>
   </div>
   <div class='ocr_carea' id='block_1_74' title="bbox 371 4168 1933 4240">
    <p class='ocr_par' dir='ltr' id='par_1_74' title="bbox 371 4168 1933 4240">
     <span class='ocr_line' id='line_1_74' title="bbox 371 4168 1933 4240; baseline 0.001 -20"><span class='ocrx_word' id='word_1_500' title='bbox 371 4168 638 4239; x_wconf 80' lang='grc' dir='ltr'>δοκῶμεν,</span> <span class='ocrx_word' id='word_1_501' title='bbox 676 4171 1155 4240; x_wconf 68' lang='grc' dir='ltr'>περιεργαζόμεθα</span> <span class='ocrx_word' id='word_1_502' title='bbox 1177 4171 1348 4224; x_wconf 81' lang='grc' dir='ltr'>ταῦτα</span> <span class='ocrx_word' id='word_1_503' title='bbox 1374 4189 1389 4237; x_wconf 92' lang='lat'><strong>;</strong></span> <span class='ocrx_word' id='word_1_504' title='bbox 1424 4173 1588 4224; x_wconf 78' lang='grc' dir='ltr'>Ἀνευ</span> <span class='ocrx_word' id='word_1_505' title='bbox 1620 4171 1676 4222; x_wconf 80' lang='grc' dir='ltr'><strong>δὲ</strong></span> <span class='ocrx_word' id='word_1_506' title='bbox 1704 4170 1933 4235; x_wconf 87' lang='grc' dir='ltr'>τούτων,</span> 
     </span>
    </p>
   </div>
   <div class='ocr_carea' id='block_1_75' title="bbox 371 4258 1933 4328">
    <p class='ocr_par' dir='ltr' id='par_1_75' title="bbox 371 4258 1933 4328">
     <span class='ocr_line' id='line_1_75' title="bbox 371 4258 1933 4328; baseline 0.002 -22"><span class='ocrx_word' id='word_1_507' title='bbox 371 4258 424 4307; x_wconf 86' lang='grc' dir='ltr'><strong>τί</strong></span> <span class='ocrx_word' id='word_1_508' title='bbox 463 4259 581 4310; x_wconf 74' lang='grc' dir='ltr'>ποτ’</span> <span class='ocrx_word' id='word_1_509' title='bbox 610 4258 807 4320; x_wconf 75' lang='grc' dir='ltr'>αὐτοὺς</span> <span class='ocrx_word' id='word_1_510' title='bbox 852 4260 1296 4328; x_wconf 81' lang='grc' dir='ltr'>ἐξαπατηθέντας</span> <span class='ocrx_word' id='word_1_511' title='bbox 1356 4262 1449 4313; x_wconf 71' lang='grc' dir='ltr'><strong>καὶ</strong></span> <span class='ocrx_word' id='word_1_512' title='bbox 1494 4259 1704 4327; x_wconf 83' lang='grc' dir='ltr'>γέλωτα</span> <span class='ocrx_word' id='word_1_513' title='bbox 1766 4260 1933 4311; x_wconf 81' lang='grc' dir='ltr'>πᾶσιν</span> 
     </span>
    </p>
   </div>
   <div class='ocr_carea' id='block_1_76' title="bbox 373 4342 1930 4415">
    <p class='ocr_par' dir='ltr' id='par_1_76' title="bbox 373 4342 1930 4415">
     <span class='ocr_line' id='line_1_76' title="bbox 373 4342 1930 4415; baseline 0.003 -21"><span class='ocrx_word' id='word_1_514' title='bbox 373 4342 669 4410; x_wconf 76' lang='grc' dir='ltr'>ὅφλοντας,</span> <span class='ocrx_word' id='word_1_515' title='bbox 716 4344 897 4397; x_wconf 79' lang='grc' dir='ltr'>οἴεσθε</span> <span class='ocrx_word' id='word_1_516' title='bbox 940 4344 1198 4414; x_wconf 69' lang='grc' dir='ltr'>ὁράσεως</span> <span class='ocrx_word' id='word_1_517' title='bbox 1233 4346 1615 4411; x_wconf 81' lang='grc' dir='ltr'>Καθεδεῖσθαι,</span> <span class='ocrx_word' id='word_1_518' title='bbox 1658 4347 1754 4397; x_wconf 65' lang='grc' dir='ltr'>καὶ</span> <span class='ocrx_word' id='word_1_519' title='bbox 1803 4345 1930 4415; x_wconf 85' lang='grc' dir='ltr'>παρ’</span> 
     </span>
    </p>
   </div>
   <div class='ocr_carea' id='block_1_77' title="bbox 374 4431 1932 4507">
    <p class='ocr_par' dir='ltr' id='par_1_77' title="bbox 374 4431 1932 4507">
     <span class='ocr_line' id='line_1_77' title="bbox 374 4431 1932 4507; baseline 0 -22"><span class='ocrx_word' id='word_1_520' title='bbox 374 4435 587 4496; x_wconf 81' lang='grc' dir='ltr'>ἑαυτοῖς</span> <span class='ocrx_word' id='word_1_521' title='bbox 637 4434 781 4498; x_wconf 71' lang='grc' dir='ltr'>ἕξειν</span> <span class='ocrx_word' id='word_1_522' title='bbox 814 4435 891 4487; x_wconf 86' lang='grc' dir='ltr'>τὼ</span> <span class='ocrx_word' id='word_1_523' title='bbox 940 4431 1111 4505; x_wconf 72' lang='grc' dir='ltr'>χεῖρε,</span> <span class='ocrx_word' id='word_1_524' title='bbox 1143 4435 1239 4488; x_wconf 77' lang='grc' dir='ltr'><strong>καὶ</strong></span> <span class='ocrx_word' id='word_1_525' title='bbox 1271 4435 1562 4507; x_wconf 87' lang='grc' dir='ltr'>δεήσεσθαι</span> <span class='ocrx_word' id='word_1_526' title='bbox 1598 4436 1932 4505; x_wconf 83' lang='grc' dir='ltr'>συγγνώμην</span> 
     </span>
    </p>
   </div>
   <div class='ocr_carea' id='block_1_78' title="bbox 372 4520 1929 4599">
    <p class='ocr_par' dir='ltr' id='par_1_78' title="bbox 372 4520 1929 4599">
     <span class='ocr_line' id='line_1_78' title="bbox 372 4520 1929 4599; baseline 0.003 -23"><span class='ocrx_word' id='word_1_527' title='bbox 372 4525 556 4587; x_wconf 84' lang='grc' dir='ltr'>αὐτοῖς</span> <span class='ocrx_word' id='word_1_528' title='bbox 599 4526 765 4594; x_wconf 76' lang='grc' dir='ltr'>ἔχειν,</span> <span class='ocrx_word' id='word_1_529' title='bbox 807 4520 883 4579; x_wconf 74' lang='grc' dir='ltr'>ὧν</span> <span class='ocrx_word' id='word_1_530' title='bbox 922 4528 1324 4597; x_wconf 83' lang='grc' dir='ltr'>ἐξηπάτηνται;</span> <span class='ocrx_word' id='word_1_531' title='bbox 1379 4529 1494 4599; x_wconf 85' lang='grc' dir='ltr'><strong>Ούχ</strong></span> <span class='ocrx_word' id='word_1_532' title='bbox 1539 4528 1681 4582; x_wconf 76' lang='grc' dir='ltr'>οὕτω</span> <span class='ocrx_word' id='word_1_533' title='bbox 1712 4530 1929 4596; x_wconf 81' lang='grc' dir='ltr'>φιλοσο-</span> 
     </span>
    </p>
   </div>
   <div class='ocr_carea' id='block_1_79' title="bbox 2034 3438 3603 3517">
    <p class='ocr_par' dir='ltr' id='par_1_79' title="bbox 2034 3438 3603 3517">
     <span class='ocr_line' id='line_1_79' title="bbox 2034 3438 3603 3517; baseline 0.006 -25"><span class='ocrx_word' id='word_1_534' title='bbox 2034 3438 2189 3492; x_wconf 87' lang='lat' dir='ltr'><strong>facile</strong></span> <span class='ocrx_word' id='word_1_535' title='bbox 2232 3439 2355 3507; x_wconf 90' lang='lat' dir='ltr'><strong>quis</strong></span> <span class='ocrx_word' id='word_1_536' title='bbox 2412 3440 2674 3494; x_wconf 83' lang='lat' dir='ltr'><strong>inveniat.</strong></span> <span class='ocrx_word' id='word_1_537' title='bbox 2732 3443 2865 3496; x_wconf 89' lang='lat' dir='ltr'><strong>Nam</strong></span> <span class='ocrx_word' id='word_1_538' title='bbox 2924 3457 2983 3498; x_wconf 87' lang='lat' dir='ltr'><strong>ut</strong></span> <span class='ocrx_word' id='word_1_539' title='bbox 3046 3448 3191 3502; x_wconf 83' lang='lat' dir='ltr'><strong>bello</strong></span> <span class='ocrx_word' id='word_1_540' title='bbox 3243 3448 3484 3517; x_wconf 89' lang='lat' dir='ltr'><strong>quidem,</strong></span> <span class='ocrx_word' id='word_1_541' title='bbox 3538 3464 3603 3501; x_wconf 90' lang='lat' dir='ltr'><strong>ac</strong></span> 
     </span>
    </p>
   </div>
   <div class='ocr_carea' id='block_1_80' title="bbox 2035 3533 3604 3603">
    <p class='ocr_par' dir='ltr' id='par_1_80' title="bbox 2035 3533 3604 3603">
     <span class='ocr_line' id='line_1_80' title="bbox 2035 3533 3604 3603; baseline 0.008 -23"><span class='ocrx_word' id='word_1_542' title='bbox 2035 3543 2268 3597; x_wconf 90' lang='lat' dir='ltr'><strong>quorum</strong></span> <span class='ocrx_word' id='word_1_543' title='bbox 2323 3544 2484 3583; x_wconf 87' lang='lat' dir='ltr'><strong>causa</strong></span> <span class='ocrx_word' id='word_1_544' title='bbox 2538 3533 2716 3584; x_wconf 90' lang='lat' dir='ltr'><strong>socios</strong></span> <span class='ocrx_word' id='word_1_545' title='bbox 2769 3534 3114 3603; x_wconf 78' lang='lat' dir='ltr'><strong>adduximus,</strong></span> <span class='ocrx_word' id='word_1_546' title='bbox 3173 3538 3467 3600; x_wconf 87' lang='lat' dir='ltr'><strong>confectis,</strong></span> <span class='ocrx_word' id='word_1_547' title='bbox 3519 3540 3604 3593; x_wconf 88' lang='lat' dir='ltr'><strong>eis</strong></span> 
     </span>
    </p>
   </div>
   <div class='ocr_carea' id='block_1_81' title="bbox 2034 3619 3601 3698">
    <p class='ocr_par' dir='ltr' id='par_1_81' title="bbox 2034 3619 3601 3698">
     <span class='ocr_line' id='line_1_81' title="bbox 2034 3619 3601 3698; baseline 0.008 -27"><span class='ocrx_word' id='word_1_548' title='bbox 2034 3619 2300 3673; x_wconf 86' lang='lat' dir='ltr'><strong>vellemus</strong></span> <span class='ocrx_word' id='word_1_549' title='bbox 2335 3620 2584 3684; x_wconf 81' lang='lat' dir='ltr'><strong>illudere,</strong></span> <span class='ocrx_word' id='word_1_550' title='bbox 2631 3623 2774 3677; x_wconf 87' lang='lat' dir='ltr'><strong>haud</strong></span> <span class='ocrx_word' id='word_1_551' title='bbox 2809 3633 3018 3679; x_wconf 90' lang='lat' dir='ltr'><strong>tantum</strong></span> <span class='ocrx_word' id='word_1_552' title='bbox 3059 3629 3253 3698; x_wconf 84' lang='lat' dir='ltr'><strong>ingrati</strong></span> <span class='ocrx_word' id='word_1_553' title='bbox 3297 3631 3389 3684; x_wconf 91' lang='lat' dir='ltr'><strong>illa</strong></span> <span class='ocrx_word' id='word_1_554' title='bbox 3432 3631 3601 3684; x_wconf 91' lang='lat' dir='ltr'><strong>animi</strong></span> 
     </span>
    </p>
   </div>
   <div class='ocr_carea' id='block_1_82' title="bbox 2034 3711 3600 3782">
    <p class='ocr_par' dir='ltr' id='par_1_82' title="bbox 2034 3711 3600 3782">
     <span class='ocr_line' id='line_1_82' title="bbox 2034 3711 3600 3782; baseline 0.007 -17"><span class='ocrx_word' id='word_1_555' title='bbox 2034 3711 2185 3767; x_wconf 82' lang='lat' dir='ltr'><strong>labes</strong></span> <span class='ocrx_word' id='word_1_556' title='bbox 2213 3713 2519 3782; x_wconf 88' lang='lat' dir='ltr'><strong>periculum</strong></span> <span class='ocrx_word' id='word_1_557' title='bbox 2555 3715 2800 3770; x_wconf 89' lang='lat' dir='ltr'><strong>haberet.</strong></span> <span class='ocrx_word' id='word_1_558' title='bbox 2837 3718 2931 3771; x_wconf 84' lang='lat' dir='ltr'><strong>Sin</strong></span> <span class='ocrx_word' id='word_1_559' title='bbox 2959 3728 3137 3775; x_wconf 88' lang='lat' dir='ltr'><strong>autem</strong></span> <span class='ocrx_word' id='word_1_560' title='bbox 3168 3721 3358 3776; x_wconf 86' lang='lat' dir='ltr'><strong>iisdem</strong></span> <span class='ocrx_word' id='word_1_561' title='bbox 3389 3725 3600 3777; x_wconf 87' lang='lat' dir='ltr'><strong>instan-</strong></span> 
     </span>
    </p>
   </div>
   <div class='ocr_carea' id='block_1_83' title="bbox 2036 3804 3599 3881">
    <p class='ocr_par' dir='ltr' id='par_1_83' title="bbox 2036 3804 3599 3881">
     <span class='ocr_line' id='line_1_83' title="bbox 2036 3804 3599 3881; baseline 0.006 -24"><span class='ocrx_word' id='word_1_562' title='bbox 2036 3804 2183 3858; x_wconf 90' lang='lat' dir='ltr'><strong>tibus</strong></span> <span class='ocrx_word' id='word_1_563' title='bbox 2224 3805 2403 3866; x_wconf 89' lang='lat' dir='ltr'><strong>malis.</strong></span> <span class='ocrx_word' id='word_1_564' title='bbox 2429 3806 2532 3859; x_wconf 87' lang='lat' dir='ltr'><strong>alia</strong></span> <span class='ocrx_word' id='word_1_565' title='bbox 2566 3808 2779 3876; x_wconf 90' lang='lat' dir='ltr'><strong>aliaque</strong></span> <span class='ocrx_word' id='word_1_566' title='bbox 2812 3810 3024 3881; x_wconf 83' lang='lat' dir='ltr'><strong>ratione</strong></span> <span class='ocrx_word' id='word_1_567' title='bbox 3052 3812 3311 3869; x_wconf 84' lang='lat' dir='ltr'><strong>vocandis</strong></span> <span class='ocrx_word' id='word_1_568' title='bbox 3336 3829 3399 3869; x_wconf 91' lang='lat' dir='ltr'><strong>ac</strong></span> <span class='ocrx_word' id='word_1_569' title='bbox 3424 3816 3599 3868; x_wconf 90' lang='lat' dir='ltr'><strong>susci-</strong></span> 
     </span>
    </p>
   </div>
   <div class='ocr_carea' id='block_1_84' title="bbox 2034 3897 3598 3974">
    <p class='ocr_par' dir='ltr' id='par_1_84' title="bbox 2034 3897 3598 3974">
     <span class='ocr_line' id='line_1_84' title="bbox 2034 3897 3598 3974; baseline 0.007 -23"><span class='ocrx_word' id='word_1_570' title='bbox 2034 3897 2249 3966; x_wconf 88' lang='lat' dir='ltr'><strong>piendis</strong></span> <span class='ocrx_word' id='word_1_571' title='bbox 2277 3899 2468 3953; x_wconf 88' lang='lat' dir='ltr'><strong>amicis</strong></span> <span class='ocrx_word' id='word_1_572' title='bbox 2495 3898 2781 3965; x_wconf 82' lang='lat' dir='ltr'><strong>habemus,</strong></span> <span class='ocrx_word' id='word_1_573' title='bbox 2806 3917 2912 3955; x_wconf 92' lang='lat' dir='ltr'><strong>non</strong></span> <span class='ocrx_word' id='word_1_574' title='bbox 2942 3903 3103 3959; x_wconf 90' lang='lat' dir='ltr'><strong>video</strong></span> <span class='ocrx_word' id='word_1_575' title='bbox 3129 3906 3261 3974; x_wconf 93' lang='lat' dir='ltr'><strong>quid</strong></span> <span class='ocrx_word' id='word_1_576' title='bbox 3288 3921 3350 3961; x_wconf 80' lang='lat' dir='ltr'><strong>ea</strong></span> <span class='ocrx_word' id='word_1_577' title='bbox 3384 3908 3598 3962; x_wconf 81' lang='lat' dir='ltr'><strong>novitas</strong></span> 
     </span>
    </p>
   </div>
   <div class='ocr_carea' id='block_1_85' title="bbox 2033 3988 3596 4067">
    <p class='ocr_par' dir='ltr' id='par_1_85' title="bbox 2033 3988 3596 4067">
     <span class='ocr_line' id='line_1_85' title="bbox 2033 3988 3596 4067; baseline 0.006 -26"><span class='ocrx_word' id='word_1_578' title='bbox 2033 3988 2148 4056; x_wconf 86' lang='lat' dir='ltr'><strong>spei</strong></span> <span class='ocrx_word' id='word_1_579' title='bbox 2181 3988 2397 4044; x_wconf 88' lang='lat' dir='ltr'><strong>habeat.</strong></span> <span class='ocrx_word' id='word_1_580' title='bbox 2434 3990 2572 4045; x_wconf 84' lang='lat' dir='ltr'><strong>Num</strong></span> <span class='ocrx_word' id='word_1_581' title='bbox 2610 3992 2755 4045; x_wconf 89' lang='lat' dir='ltr'><strong>enim</strong></span> <span class='ocrx_word' id='word_1_582' title='bbox 2791 3994 2967 4048; x_wconf 90' lang='lat' dir='ltr'><strong>solum</strong></span> <span class='ocrx_word' id='word_1_583' title='bbox 3003 4004 3061 4049; x_wconf 88' lang='lat' dir='ltr'><strong>ut</strong></span> <span class='ocrx_word' id='word_1_584' title='bbox 3105 3996 3334 4052; x_wconf 89' lang='lat' dir='ltr'><strong>subtiles</strong></span> <span class='ocrx_word' id='word_1_585' title='bbox 3371 3998 3596 4067; x_wconf 89' lang='lat' dir='ltr'><strong>quidam</strong></span> 
     </span>
    </p>
   </div>
   <div class='ocr_carea' id='block_1_86' title="bbox 2034 4080 3593 4155">
    <p class='ocr_par' dir='ltr' id='par_1_86' title="bbox 2034 4080 3593 4155">
     <span class='ocr_line' id='line_1_86' title="bbox 2034 4080 3593 4155; baseline 0.01 -24"><span class='ocrx_word' id='word_1_586' title='bbox 2034 4080 2364 4133; x_wconf 86' lang='lat' dir='ltr'><strong>consueudis</strong></span> <span class='ocrx_word' id='word_1_587' title='bbox 2404 4080 2689 4136; x_wconf 80' lang='lat' dir='ltr'><strong>fraudibus</strong></span> <span class='ocrx_word' id='word_1_588' title='bbox 2734 4099 2798 4137; x_wconf 89' lang='lat' dir='ltr'><strong>ac</strong></span> <span class='ocrx_word' id='word_1_589' title='bbox 2832 4084 3014 4141; x_wconf 88' lang='lat' dir='ltr'><strong>dando</strong></span> <span class='ocrx_word' id='word_1_590' title='bbox 3061 4088 3225 4144; x_wconf 90' lang='lat' dir='ltr'><strong>verba</strong></span> <span class='ocrx_word' id='word_1_591' title='bbox 3271 4090 3593 4155; x_wconf 86' lang='lat' dir='ltr'><strong>videamur.</strong></span> 
     </span>
    </p>
   </div>
   <div class='ocr_carea' id='block_1_87' title="bbox 2035 4170 3596 4253">
    <p class='ocr_par' dir='ltr' id='par_1_87' title="bbox 2035 4170 3596 4253">
     <span class='ocr_line' id='line_1_87' title="bbox 2035 4170 3596 4253; baseline 0.012 -31"><span class='ocrx_word' id='word_1_592' title='bbox 2035 4170 2114 4224; x_wconf 88' lang='lat' dir='ltr'><strong>sic</strong></span> <span class='ocrx_word' id='word_1_593' title='bbox 2164 4170 2264 4224; x_wconf 89' lang='lat' dir='ltr'><strong>ista</strong></span> <span class='ocrx_word' id='word_1_594' title='bbox 2309 4172 2467 4225; x_wconf 80' lang='lat' dir='ltr'><strong>anxie</strong></span> <span class='ocrx_word' id='word_1_595' title='bbox 2514 4173 2768 4242; x_wconf 82' lang='lat' dir='ltr'><strong>agimus?</strong></span> <span class='ocrx_word' id='word_1_596' title='bbox 2814 4175 3105 4241; x_wconf 82' lang='lat' dir='ltr'><strong>Praeterea.</strong></span> <span class='ocrx_word' id='word_1_597' title='bbox 3160 4182 3292 4250; x_wconf 92' lang='lat' dir='ltr'><strong>quid</strong></span> <span class='ocrx_word' id='word_1_598' title='bbox 3338 4182 3596 4253; x_wconf 88' lang='lat' dir='ltr'><strong>deceptos</strong></span> 
     </span>
    </p>
   </div>
   <div class='ocr_carea' id='block_1_88' title="bbox 2036 4260 3597 4346">
    <p class='ocr_par' dir='ltr' id='par_1_88' title="bbox 2036 4260 3597 4346">
     <span class='ocr_line' id='line_1_88' title="bbox 2036 4260 3597 4346; baseline 0.011 -33"><span class='ocrx_word' id='word_1_599' title='bbox 2036 4260 2179 4322; x_wconf 90' lang='lat' dir='ltr'><strong>illos,</strong></span> <span class='ocrx_word' id='word_1_600' title='bbox 2222 4262 2580 4333; x_wconf 86' lang='lat' dir='ltr'><strong>omniumque</strong></span> <span class='ocrx_word' id='word_1_601' title='bbox 2624 4265 2795 4320; x_wconf 89' lang='lat' dir='ltr'><strong>factos</strong></span> <span class='ocrx_word' id='word_1_602' title='bbox 2826 4268 3084 4336; x_wconf 86' lang='lat' dir='ltr'><strong>fabulam,</strong></span> <span class='ocrx_word' id='word_1_603' title='bbox 3116 4273 3454 4339; x_wconf 68' lang='lat' dir='ltr'><strong>praestitums</strong></span> <span class='ocrx_word' id='word_1_604' title='bbox 3495 4291 3597 4346; x_wconf 90' lang='lat' dir='ltr'><strong>pu-</strong></span> 
     </span>
    </p>
   </div>
   <div class='ocr_carea' id='block_1_89' title="bbox 2035 4354 3596 4429">
    <p class='ocr_par' dir='ltr' id='par_1_89' title="bbox 2035 4354 3596 4429">
     <span class='ocr_line' id='line_1_89' title="bbox 2035 4354 3596 4429; baseline 0.014 -24"><span class='ocrx_word' id='word_1_605' title='bbox 2035 4354 2199 4408; x_wconf 88' lang='lat' dir='ltr'><strong>tatis?</strong></span> <span class='ocrx_word' id='word_1_606' title='bbox 2238 4354 2371 4408; x_wconf 84' lang='lat' dir='ltr'><strong>Fors</strong></span> <span class='ocrx_word' id='word_1_607' title='bbox 2412 4370 2681 4425; x_wconf 89' lang='lat' dir='ltr'><strong>sessuros,</strong></span> <span class='ocrx_word' id='word_1_608' title='bbox 2726 4375 2790 4414; x_wconf 92' lang='lat' dir='ltr'><strong>ac</strong></span> <span class='ocrx_word' id='word_1_609' title='bbox 2822 4364 2962 4429; x_wconf 89' lang='lat' dir='ltr'><strong>apud</strong></span> <span class='ocrx_word' id='word_1_610' title='bbox 3010 4378 3068 4418; x_wconf 91' lang='lat' dir='ltr'><strong>se</strong></span> <span class='ocrx_word' id='word_1_611' title='bbox 3102 4366 3443 4424; x_wconf 86' lang='lat' dir='ltr'><strong>cohibituros</strong></span> <span class='ocrx_word' id='word_1_612' title='bbox 3476 4387 3596 4427; x_wconf 88' lang='lat' dir='ltr'><strong>ma-</strong></span> 
     </span>
    </p>
   </div>
   <div class='ocr_carea' id='block_1_90' title="bbox 2037 4448 3598 4530">
    <p class='ocr_par' dir='ltr' id='par_1_90' title="bbox 2037 4448 3598 4530">
     <span class='ocr_line' id='line_1_90' title="bbox 2037 4448 3598 4530; baseline 0.012 -32"><span class='ocrx_word' id='word_1_613' title='bbox 2037 4459 2163 4505; x_wconf 88' lang='lat' dir='ltr'><strong>nus,</strong></span> <span class='ocrx_word' id='word_1_614' title='bbox 2192 4448 2514 4515; x_wconf 89' lang='lat' dir='ltr'><strong>veniamque</strong></span> <span class='ocrx_word' id='word_1_615' title='bbox 2558 4464 2656 4518; x_wconf 94' lang='lat' dir='ltr'><strong>pro</strong></span> <span class='ocrx_word' id='word_1_616' title='bbox 2686 4451 2875 4506; x_wconf 81' lang='lat' dir='ltr'><strong>fraude</strong></span> <span class='ocrx_word' id='word_1_617' title='bbox 2918 4453 3045 4522; x_wconf 89' lang='lat' dir='ltr'><strong>ipsis</strong></span> <span class='ocrx_word' id='word_1_618' title='bbox 3082 4455 3225 4515; x_wconf 87' lang='lat' dir='ltr'><strong>facta</strong></span> <span class='ocrx_word' id='word_1_619' title='bbox 3267 4464 3598 4530; x_wconf 84' lang='lat' dir='ltr'><strong>rogaturos?</strong></span> 
     </span>
    </p>
   </div>
   <div class='ocr_carea' id='block_1_91' title="bbox 2032 4534 3661 4614">
    <p class='ocr_par' dir='ltr' id='par_1_91' title="bbox 2032 4534 3661 4614">
     <span class='ocr_line' id='line_1_91' title="bbox 2032 4534 3661 4614; baseline 0.012 -27"><span class='ocrx_word' id='word_1_620' title='bbox 2032 4534 2230 4589; x_wconf 73' lang='lat' dir='ltr'><strong>Verum</strong></span> <span class='ocrx_word' id='word_1_621' title='bbox 2262 4536 2402 4591; x_wconf 89' lang='lat' dir='ltr'><strong>haud</strong></span> <span class='ocrx_word' id='word_1_622' title='bbox 2436 4539 2514 4592; x_wconf 90' lang='lat' dir='ltr'><strong>illi</strong></span> <span class='ocrx_word' id='word_1_623' title='bbox 2552 4540 2622 4593; x_wconf 90' lang='lat' dir='ltr'><strong>ita</strong></span> <span class='ocrx_word' id='word_1_624' title='bbox 2661 4541 3034 4612; x_wconf 79' lang='lat' dir='ltr'><strong>philoSOpbari</strong></span> <span class='ocrx_word' id='word_1_625' title='bbox 3067 4558 3363 4614; x_wconf 90' lang='lat' dir='ltr'><strong>noverunt,</strong></span> <span class='ocrx_word' id='word_1_626' title='bbox 3409 4567 3474 4605; x_wconf 90' lang='lat' dir='ltr'><strong>ac</strong></span> <span class='ocrx_word' id='word_1_627' title='bbox 3502 4552 3597 4607; x_wconf 71' lang='lat' dir='ltr'><strong>ira:</strong></span> <span class='ocrx_word' id='word_1_628' title='bbox 3656 4576 3661 4614; x_wconf 74' lang='grc' dir='ltr'>ε</span> 
     </span>
    </p>
   </div>
   <div class='ocr_carea' id='block_1_92' title="bbox 374 4604 1930 4707">
    <p class='ocr_par' dir='ltr' id='par_1_92' title="bbox 374 4613 1929 4688">
     <span class='ocr_line' id='line_1_92' title="bbox 374 4613 1929 4688; baseline 0.003 -23"><span class='ocrx_word' id='word_1_629' title='bbox 374 4616 493 4680; x_wconf 87' lang='grc' dir='ltr'>φεῖν</span> <span class='ocrx_word' id='word_1_630' title='bbox 517 4613 817 4682; x_wconf 85' lang='grc' dir='ltr'>ἐγνώκασι,</span> <span class='ocrx_word' id='word_1_631' title='bbox 854 4619 952 4670; x_wconf 73' lang='grc' dir='ltr'><strong>καὶ</strong></span> <span class='ocrx_word' id='word_1_632' title='bbox 1000 4616 1176 4687; x_wconf 81' lang='grc' dir='ltr'>θυμοῦ</span> <span class='ocrx_word' id='word_1_633' title='bbox 1217 4623 1461 4688; x_wconf 85' lang='grc' dir='ltr'>κρατεῖν.</span> <span class='ocrx_word' id='word_1_634' title='bbox 1517 4621 1719 4673; x_wconf 76' lang='grc' dir='ltr'>Λοιπὸν</span> <span class='ocrx_word' id='word_1_635' title='bbox 1750 4620 1929 4673; x_wconf 82' lang='grc' dir='ltr'>τοίνυν</span> 
     </span>
    </p>
   </div>
   <div class='ocr_carea' id='block_1_93' title="bbox 2033 4604 3662 4707">
    <p class='ocr_par' dir='ltr' id='par_1_93' title="bbox 2033 4604 3662 4707">
     <span class='ocr_line' id='line_1_93' title="bbox 2033 4604 3662 4707; baseline 0.013 -31"><span class='ocrx_word' id='word_1_636' title='bbox 2033 4622 2323 4679; x_wconf 91' lang='lat' dir='ltr'><strong>dominari.</strong></span> <span class='ocrx_word' id='word_1_637' title='bbox 2382 4626 2644 4697; x_wconf 88' lang='lat' dir='ltr'><strong>Superest</strong></span> <span class='ocrx_word' id='word_1_638' title='bbox 2696 4647 2827 4701; x_wconf 85' lang='lat' dir='ltr'><strong>ergo</strong></span> <span class='ocrx_word' id='word_1_639' title='bbox 2878 4644 2936 4688; x_wconf 85' lang='lat' dir='ltr'><strong>ut</strong></span> <span class='ocrx_word' id='word_1_640' title='bbox 2994 4635 3069 4690; x_wconf 89' lang='lat' dir='ltr'><strong>illi</strong></span> <span class='ocrx_word' id='word_1_641' title='bbox 3125 4639 3345 4706; x_wconf 87' lang='lat' dir='ltr'><strong>quidem</strong></span> <span class='ocrx_word' id='word_1_642' title='bbox 3408 4630 3595 4697; x_wconf 66' lang='lat' dir='ltr'><strong>murbs</strong></span> 
     </span>
    </p>
   </div>
   <div class='ocr_carea' id='block_1_94' title="bbox 372 4703 1930 4796">
    <p class='ocr_par' dir='ltr' id='par_1_94' title="bbox 372 4704 1930 4779">
     <span class='ocr_line' id='line_1_94' title="bbox 372 4704 1930 4779; baseline 0.003 -22"><span class='ocrx_word' id='word_1_643' title='bbox 372 4704 618 4766; x_wconf 84' lang='grc' dir='ltr'>ἐκείνους</span> <span class='ocrx_word' id='word_1_644' title='bbox 660 4706 761 4774; x_wconf 75' lang='grc' dir='ltr'>μὲν</span> <span class='ocrx_word' id='word_1_645' title='bbox 790 4707 899 4760; x_wconf 83' lang='grc' dir='ltr'><strong>τῶν</strong></span> <span class='ocrx_word' id='word_1_646' title='bbox 930 4722 989 4759; x_wconf 85' lang='grc' dir='ltr'><strong>τε</strong></span> <span class='ocrx_word' id='word_1_647' title='bbox 1016 4708 1213 4778; x_wconf 81' lang='grc' dir='ltr'>τειχῶν</span> <span class='ocrx_word' id='word_1_648' title='bbox 1261 4708 1575 4779; x_wconf 82' lang='grc' dir='ltr'>πειρᾶσθαι,</span> <span class='ocrx_word' id='word_1_649' title='bbox 1622 4711 1715 4763; x_wconf 69' lang='grc' dir='ltr'><strong>καὶ</strong></span> <span class='ocrx_word' id='word_1_650' title='bbox 1758 4727 1930 4779; x_wconf 85' lang='grc' dir='ltr'>μηχα-</span> 
     </span>
    </p>
   </div>
   <div class='ocr_carea' id='block_1_95' title="bbox 2033 4703 3657 4796">
    <p class='ocr_par' dir='ltr' id='par_1_95' title="bbox 2036 4714 3657 4796">
     <span class='ocr_line' id='line_1_95' title="bbox 2036 4714 3657 4796; baseline 0.012 -29"><span class='ocrx_word' id='word_1_651' title='bbox 2036 4722 2267 4778; x_wconf 83' lang='lat' dir='ltr'><strong>tentent.</strong></span> <span class='ocrx_word' id='word_1_652' title='bbox 2302 4726 2466 4787; x_wconf 90' lang='lat' dir='ltr'><strong>atque</strong></span> <span class='ocrx_word' id='word_1_653' title='bbox 2498 4720 2577 4773; x_wconf 87' lang='lat' dir='ltr'><strong>eis</strong></span> <span class='ocrx_word' id='word_1_654' title='bbox 2614 4720 2941 4778; x_wconf 84' lang='lat' dir='ltr'><strong>admoveant</strong></span> <span class='ocrx_word' id='word_1_655' title='bbox 2984 4728 3298 4796; x_wconf 88' lang='lat' dir='ltr'><strong>machinas;</strong></span> <span class='ocrx_word' id='word_1_656' title='bbox 3336 4746 3436 4786; x_wconf 91' lang='lat' dir='ltr'><strong>nos</strong></span> <span class='ocrx_word' id='word_1_657' title='bbox 3465 4748 3596 4786; x_wconf 89' lang='lat' dir='ltr'><strong>vero</strong></span> <span class='ocrx_word' id='word_1_658' title='bbox 3654 4714 3657 4735; x_wconf 39' lang='grc' dir='ltr'><strong>ί</strong></span> 
     </span>
    </p>
   </div>
   <div class='ocr_carea' id='block_1_96' title="bbox 374 4793 1927 4865">
    <p class='ocr_par' dir='ltr' id='par_1_96' title="bbox 374 4793 1927 4865">
     <span class='ocr_line' id='line_1_96' title="bbox 374 4793 1927 4865; baseline 0.004 -23"><span class='ocrx_word' id='word_1_659' title='bbox 374 4793 593 4861; x_wconf 82' lang='grc' dir='ltr'>νήματα</span> <span class='ocrx_word' id='word_1_660' title='bbox 650 4793 860 4857; x_wconf 85' lang='grc' dir='ltr'>τούτοις</span> <span class='ocrx_word' id='word_1_661' title='bbox 918 4796 1254 4864; x_wconf 82' lang='grc' dir='ltr'>προσάγειν,</span> <span class='ocrx_word' id='word_1_662' title='bbox 1297 4797 1444 4864; x_wconf 79' lang='grc' dir='ltr'>ἡμᾶς</span> <span class='ocrx_word' id='word_1_663' title='bbox 1499 4795 1556 4848; x_wconf 85' lang='grc' dir='ltr'>δὲ</span> <span class='ocrx_word' id='word_1_664' title='bbox 1608 4796 1927 4865; x_wconf 82' lang='grc' dir='ltr'>ἀντέχεσθαι</span> 
     </span>
    </p>
   </div>
   <div class='ocr_carea' id='block_1_97' title="bbox 370 4885 1928 4956">
    <p class='ocr_par' dir='ltr' id='par_1_97' title="bbox 370 4885 1928 4956">
     <span class='ocr_line' id='line_1_97' title="bbox 370 4885 1928 4956; baseline 0.003 -22"><span class='ocrx_word' id='word_1_665' title='bbox 370 4885 479 4935; x_wconf 86' lang='grc' dir='ltr'><strong>τῶν</strong></span> <span class='ocrx_word' id='word_1_666' title='bbox 529 4886 593 4935; x_wconf 80' lang='grc' dir='ltr'><strong>ἐκ</strong></span> <span class='ocrx_word' id='word_1_667' title='bbox 643 4888 739 4955; x_wconf 82' lang='grc' dir='ltr'><strong>τῆς</strong></span> <span class='ocrx_word' id='word_1_668' title='bbox 775 4886 1094 4954; x_wconf 88' lang='grc' dir='ltr'>πολιορκίας</span> <span class='ocrx_word' id='word_1_669' title='bbox 1124 4887 1329 4941; x_wconf 85' lang='grc' dir='ltr'>κακῶν.</span> <span class='ocrx_word' id='word_1_670' title='bbox 1379 4889 1541 4939; x_wconf 82' lang='grc' dir='ltr'>Ἀνευ</span> <span class='ocrx_word' id='word_1_671' title='bbox 1592 4887 1698 4956; x_wconf 83' lang='grc' dir='ltr'><strong>γάρ</strong></span> <span class='ocrx_word' id='word_1_672' title='bbox 1725 4887 1928 4941; x_wconf 83' lang='grc' dir='ltr'>τούτων</span> 
     </span>
    </p>
   </div>
   <div class='ocr_carea' id='block_1_98' title="bbox 373 4975 1927 5048">
    <p class='ocr_par' dir='ltr' id='par_1_98' title="bbox 373 4975 1927 5048">
     <span class='ocr_line' id='line_1_98' title="bbox 373 4975 1927 5048; baseline 0.003 -22"><span class='ocrx_word' id='word_1_673' title='bbox 373 4975 508 5043; x_wconf 67' lang='grc' dir='ltr'>προς</span> <span class='ocrx_word' id='word_1_674' title='bbox 537 4975 689 5028; x_wconf 73' lang='grc' dir='ltr'>οὐδὲν</span> <span class='ocrx_word' id='word_1_675' title='bbox 725 4977 910 5046; x_wconf 73' lang='grc' dir='ltr'>ἕτερον</span> <span class='ocrx_word' id='word_1_676' title='bbox 953 4980 1144 5048; x_wconf 80' lang='grc' dir='ltr'>ἀρκεῖν</span> <span class='ocrx_word' id='word_1_677' title='bbox 1194 4995 1284 5047; x_wconf 90' lang='grc' dir='ltr'><strong>μοι</strong></span> <span class='ocrx_word' id='word_1_678' title='bbox 1334 4978 1561 5031; x_wconf 84' lang='grc' dir='ltr'>δοκεῖτε.</span> <span class='ocrx_word' id='word_1_679' title='bbox 1590 4978 1650 5031; x_wconf 78' lang='lat' dir='ltr'><strong>Et</strong></span> <span class='ocrx_word' id='word_1_680' title='bbox 1693 4979 1749 5031; x_wconf 81' lang='grc' dir='ltr'><strong>δὲ</strong></span> <span class='ocrx_word' id='word_1_681' title='bbox 1780 4977 1927 5031; x_wconf 80' lang='grc' dir='ltr'>τοῦθ’</span> 
     </span>
    </p>
   </div>
   <div class='ocr_carea' id='block_1_99' title="bbox 373 5062 1930 5135">
    <p class='ocr_par' dir='ltr' id='par_1_99' title="bbox 373 5062 1930 5135">
     <span class='ocr_line' id='line_1_99' title="bbox 373 5062 1930 5135; baseline 0.003 -23"><span class='ocrx_word' id='word_1_682' title='bbox 373 5064 505 5131; x_wconf 76' lang='grc' dir='ltr'>ἡμῖν</span> <span class='ocrx_word' id='word_1_683' title='bbox 528 5062 786 5131; x_wconf 77' lang='grc' dir='ltr'>φορητὸν,</span> <span class='ocrx_word' id='word_1_684' title='bbox 819 5064 869 5116; x_wconf 86' lang='grc' dir='ltr'><strong>τί</strong></span> <span class='ocrx_word' id='word_1_685' title='bbox 895 5066 1008 5125; x_wconf 84' lang='grc' dir='ltr'>τοῖς</span> <span class='ocrx_word' id='word_1_686' title='bbox 1032 5064 1305 5133; x_wconf 79' lang='grc' dir='ltr'>πανταχοῦ</span> <span class='ocrx_word' id='word_1_687' title='bbox 1337 5065 1653 5134; x_wconf 84' lang='grc' dir='ltr'>δυναμένοις</span> <span class='ocrx_word' id='word_1_688' title='bbox 1673 5065 1930 5135; x_wconf 69' lang='grc' dir='ltr'>πρέσϐεις</span> 
     </span>
    </p>
   </div>
   <div class='ocr_carea' id='block_1_100' title="bbox 370 5152 1930 5225">
    <p class='ocr_par' dir='ltr' id='par_1_100' title="bbox 370 5152 1930 5225">
     <span class='ocr_line' id='line_1_100' title="bbox 370 5152 1930 5225; baseline 0.003 -23"><span class='ocrx_word' id='word_1_689' title='bbox 370 5152 508 5219; x_wconf 79' lang='grc' dir='ltr'>ὑπὲρ</span> <span class='ocrx_word' id='word_1_690' title='bbox 544 5152 860 5222; x_wconf 88' lang='grc' dir='ltr'>συμμαχίας</span> <span class='ocrx_word' id='word_1_691' title='bbox 910 5155 1221 5223; x_wconf 86' lang='grc' dir='ltr'>πέμποντες</span> <span class='ocrx_word' id='word_1_692' title='bbox 1256 5154 1522 5225; x_wconf 86' lang='grc' dir='ltr'>ἐνοχλεῖτε</span> <span class='ocrx_word' id='word_1_693' title='bbox 1552 5195 1566 5219; x_wconf 91' lang='grc'><strong>,</strong></span> <span class='ocrx_word' id='word_1_694' title='bbox 1601 5154 1717 5218; x_wconf 78' lang='grc' dir='ltr'>ἐξὸν</span> <span class='ocrx_word' id='word_1_695' title='bbox 1764 5171 1930 5207; x_wconf 80' lang='grc' dir='ltr'>κατα-</span> 
     </span>
    </p>
   </div>
   <div class='ocr_carea' id='block_1_101' title="bbox 371 5244 1927 5316">
    <p class='ocr_par' dir='ltr' id='par_1_101' title="bbox 371 5244 1927 5316">
     <span class='ocr_line' id='line_1_101' title="bbox 371 5244 1927 5316; baseline 0.001 -22"><span class='ocrx_word' id='word_1_696' title='bbox 371 5244 724 5303; x_wconf 82' lang='grc' dir='ltr'>κλεισθέντας</span> <span class='ocrx_word' id='word_1_697' title='bbox 760 5244 871 5297; x_wconf 81' lang='grc' dir='ltr'>ὑπὸ</span> <span class='ocrx_word' id='word_1_698' title='bbox 901 5244 1009 5298; x_wconf 84' lang='grc' dir='ltr'><strong>τῶν</strong></span> <span class='ocrx_word' id='word_1_699' title='bbox 1049 5245 1340 5315; x_wconf 76' lang='grc' dir='ltr'>βαρϐάρων</span> <span class='ocrx_word' id='word_1_700' title='bbox 1380 5245 1823 5316; x_wconf 69' lang='grc' dir='ltr'>πολιορκεῖσθαιες</span> <span class='ocrx_word' id='word_1_701' title='bbox 1850 5244 1927 5301; x_wconf 79' lang='grc' dir='ltr'><strong>Οὐ</strong></span> 
     </span>
    </p>
   </div>
   <div class='ocr_carea' id='block_1_102' title="bbox 370 5329 1928 5405">
    <p class='ocr_par' dir='ltr' id='par_1_102' title="bbox 370 5329 1928 5405">
     <span class='ocr_line' id='line_1_102' title="bbox 370 5329 1928 5405; baseline 0.004 -24"><span class='ocrx_word' id='word_1_702' title='bbox 370 5329 479 5399; x_wconf 81' lang='grc' dir='ltr'>γὰρ</span> <span class='ocrx_word' id='word_1_703' title='bbox 508 5329 683 5398; x_wconf 71' lang='grc' dir='ltr'>ἔγωγε</span> <span class='ocrx_word' id='word_1_704' title='bbox 717 5331 827 5400; x_wconf 83' lang='grc' dir='ltr'><strong>ὁρῶ</strong></span> <span class='ocrx_word' id='word_1_705' title='bbox 886 5334 1047 5386; x_wconf 88' lang='grc' dir='ltr'>τίνων</span> <span class='ocrx_word' id='word_1_706' title='bbox 1077 5336 1224 5405; x_wconf 78' lang='grc' dir='ltr'>ἡμᾶς</span> <span class='ocrx_word' id='word_1_707' title='bbox 1246 5334 1649 5399; x_wconf 81' lang='grc' dir='ltr'>ἀπαλλάξουσιν</span> <span class='ocrx_word' id='word_1_708' title='bbox 1685 5335 1928 5397; x_wconf 83' lang='grc' dir='ltr'>ἐλθόντες</span> 
     </span>
    </p>
   </div>
   <div class='ocr_carea' id='block_1_103' title="bbox 374 5420 1925 5496">
    <p class='ocr_par' dir='ltr' id='par_1_103' title="bbox 374 5420 1925 5496">
     <span class='ocr_line' id='line_1_103' title="bbox 374 5420 1925 5496; baseline 0.005 -25"><span class='ocrx_word' id='word_1_709' title='bbox 374 5422 424 5472; x_wconf 82' lang='grc' dir='ltr'>οι</span> <span class='ocrx_word' id='word_1_710' title='bbox 453 5420 754 5490; x_wconf 75' lang='grc' dir='ltr'>σύμμαχοι,</span> <span class='ocrx_word' id='word_1_711' title='bbox 791 5425 945 5476; x_wconf 76' lang='grc' dir='ltr'>ὁπόθ’</span> <span class='ocrx_word' id='word_1_712' title='bbox 980 5426 1196 5488; x_wconf 79' lang='grc' dir='ltr'>ἑκόντες</span> <span class='ocrx_word' id='word_1_713' title='bbox 1251 5426 1494 5496; x_wconf 85' lang='grc' dir='ltr'>αἱρεῖσθε</span> <span class='ocrx_word' id='word_1_714' title='bbox 1546 5428 1613 5480; x_wconf 79' lang='grc' dir='ltr'><strong>τά</strong></span> <span class='ocrx_word' id='word_1_715' title='bbox 1652 5427 1925 5496; x_wconf 83' lang='grc' dir='ltr'>χείριστα.</span> 
     </span>
    </p>
   </div>
   <div class='ocr_carea' id='block_1_104' title="bbox 374 5509 1930 5587">
    <p class='ocr_par' dir='ltr' id='par_1_104' title="bbox 374 5509 1930 5587">
     <span class='ocr_line' id='line_1_104' title="bbox 374 5509 1930 5587; baseline 0.006 -26"><span class='ocrx_word' id='word_1_716' title='bbox 374 5509 560 5572; x_wconf 81' lang='grc' dir='ltr'>Οὕτως</span> <span class='ocrx_word' id='word_1_717' title='bbox 581 5513 679 5564; x_wconf 81' lang='grc' dir='ltr'><strong>οὐκ</strong></span> <span class='ocrx_word' id='word_1_718' title='bbox 718 5512 868 5567; x_wconf 76' lang='grc' dir='ltr'>ἐστιν</span> <span class='ocrx_word' id='word_1_719' title='bbox 904 5516 1086 5586; x_wconf 80' lang='grc' dir='ltr'>εὑρεῖν</span> <span class='ocrx_word' id='word_1_720' title='bbox 1118 5517 1257 5587; x_wconf 80' lang='grc' dir='ltr'>ὑπὲρ</span> <span class='ocrx_word' id='word_1_721' title='bbox 1292 5518 1414 5569; x_wconf 81' lang='grc' dir='ltr'>ὅτου</span> <span class='ocrx_word' id='word_1_722' title='bbox 1456 5519 1583 5581; x_wconf 76' lang='grc' dir='ltr'>τοὺς</span> <span class='ocrx_word' id='word_1_723' title='bbox 1615 5519 1753 5585; x_wconf 75' lang='grc' dir='ltr'>μετὰ</span> <span class='ocrx_word' id='word_1_724' title='bbox 1780 5518 1930 5586; x_wconf 83' lang='grc' dir='ltr'>βασι-</span> 
     </span>
    </p>
   </div>
   <div class='ocr_carea' id='block_1_105' title="bbox 370 5598 1931 5681">
    <p class='ocr_par' dir='ltr' id='par_1_105' title="bbox 370 5598 1931 5681">
     <span class='ocr_line' id='line_1_105' title="bbox 370 5598 1931 5681; baseline 0.009 -32"><span class='ocrx_word' id='word_1_725' title='bbox 370 5598 509 5662; x_wconf 80' lang='grc' dir='ltr'>λέως</span> <span class='ocrx_word' id='word_1_726' title='bbox 535 5602 762 5669; x_wconf 78' lang='grc' dir='ltr'>ἥξοντας</span> <span class='ocrx_word' id='word_1_727' title='bbox 792 5605 853 5657; x_wconf 81' lang='grc' dir='ltr'><strong>ού</strong></span> <span class='ocrx_word' id='word_1_728' title='bbox 882 5606 1261 5676; x_wconf 80' lang='grc' dir='ltr'>προσδέξεσθε.</span> <span class='ocrx_word' id='word_1_729' title='bbox 1299 5610 1361 5661; x_wconf 78' lang='lat' dir='ltr'><strong>Et</strong></span> <span class='ocrx_word' id='word_1_730' title='bbox 1402 5610 1446 5662; x_wconf 84' lang='grc' dir='ltr'>δ’</span> <span class='ocrx_word' id='word_1_731' title='bbox 1480 5611 1795 5681; x_wconf 72' lang='grc' dir='ltr'>ἀνθρώπινα</span> <span class='ocrx_word' id='word_1_732' title='bbox 1837 5612 1931 5663; x_wconf 76' lang='grc' dir='ltr'>καὶ</span> 
     </span>
    </p>
   </div>
   <div class='ocr_carea' id='block_1_106' title="bbox 370 5691 1930 5769">
    <p class='ocr_par' dir='ltr' id='par_1_106' title="bbox 370 5691 1930 5769">
     <span class='ocr_line' id='line_1_106' title="bbox 370 5691 1930 5769; baseline 0.008 -26"><span class='ocrx_word' id='word_1_733' title='bbox 370 5691 555 5743; x_wconf 76' lang='grc' dir='ltr'>δίκαια</span> <span class='ocrx_word' id='word_1_734' title='bbox 618 5695 1007 5763; x_wconf 83' lang='grc' dir='ltr'>λογισάμενοι,</span> <span class='ocrx_word' id='word_1_735' title='bbox 1053 5700 1352 5768; x_wconf 70' lang='grc' dir='ltr'>στεφανοῦν</span> <span class='ocrx_word' id='word_1_736' title='bbox 1411 5702 1510 5769; x_wconf 87' lang='grc' dir='ltr'><strong>μέν</strong></span> <span class='ocrx_word' id='word_1_737' title='bbox 1570 5703 1754 5755; x_wconf 77' lang='grc' dir='ltr'>εἵνεκα</span> <span class='ocrx_word' id='word_1_738' title='bbox 1822 5704 1930 5756; x_wconf 81' lang='grc' dir='ltr'>τῶν</span> 
     </span>
    </p>
   </div>
   <div class='ocr_carea' id='block_1_107' title="bbox 374 5780 1928 5863">
    <p class='ocr_par' dir='ltr' id='par_1_107' title="bbox 374 5780 1928 5863">
     <span class='ocr_line' id='line_1_107' title="bbox 374 5780 1928 5863; baseline 0.008 -30"><span class='ocrx_word' id='word_1_739' title='bbox 374 5780 519 5851; x_wconf 67' lang='grc' dir='ltr'>ὑπὲρ</span> <span class='ocrx_word' id='word_1_740' title='bbox 557 5786 711 5852; x_wconf 81' lang='grc' dir='ltr'>ἡμῶν</span> <span class='ocrx_word' id='word_1_741' title='bbox 761 5791 1154 5858; x_wconf 80' lang='grc' dir='ltr'>πεπονημένων</span> <span class='ocrx_word' id='word_1_742' title='bbox 1191 5792 1283 5843; x_wconf 76' lang='grc' dir='ltr'><strong>τὸν</strong></span> <span class='ocrx_word' id='word_1_743' title='bbox 1325 5792 1548 5861; x_wconf 77' lang='grc' dir='ltr'>βασιλέα</span> <span class='ocrx_word' id='word_1_744' title='bbox 1581 5792 1928 5863; x_wconf 72' lang='grc' dir='ltr'>βουλήσεσθε,</span> 
     </span>
    </p>
   </div>
   <div class='ocr_carea' id='block_1_108' title="bbox 614 5886 1263 5953">
    <p class='ocr_par' dir='ltr' id='par_1_108' title="bbox 614 5886 1263 5953">
     <span class='ocr_line' id='line_1_108' title="bbox 614 5886 1263 5953; baseline 0.009 -6"><span class='ocrx_word' id='word_1_745' title='bbox 614 5886 875 5951; x_wconf 60' lang='lat' dir='ltr'><strong>Panos.</strong></span> <span class='ocrx_word' id='word_1_746' title='bbox 917 5890 1029 5951; x_wconf 80' lang='lat' dir='ltr'><strong>Ga.</strong></span> <span class='ocrx_word' id='word_1_747' title='bbox 1074 5889 1263 5953; x_wconf 85' lang='lat' dir='ltr'><strong>CLIV.</strong></span> 
     </span>
    </p>
   </div>
   <div class='ocr_carea' id='block_1_109' title="bbox 2035 4807 3655 4889">
    <p class='ocr_par' dir='ltr' id='par_1_109' title="bbox 2035 4807 3655 4889">
     <span class='ocr_line' id='line_1_109' title="bbox 2035 4807 3655 4889; baseline 0.008 -28"><span class='ocrx_word' id='word_1_748' title='bbox 2035 4807 2269 4863; x_wconf 62' lang='lat' dir='ltr'><strong>obsessae</strong></span> <span class='ocrx_word' id='word_1_749' title='bbox 2293 4810 2443 4865; x_wconf 89' lang='lat' dir='ltr'><strong>urbis</strong></span> <span class='ocrx_word' id='word_1_750' title='bbox 2488 4811 2727 4868; x_wconf 83' lang='lat' dir='ltr'><strong>feramus</strong></span> <span class='ocrx_word' id='word_1_751' title='bbox 2763 4814 3127 4871; x_wconf 87' lang='lat' dir='ltr'><strong>incommoda.</strong></span> <span class='ocrx_word' id='word_1_752' title='bbox 3168 4820 3395 4889; x_wconf 89' lang='lat' dir='ltr'><strong>Insuper</strong></span> <span class='ocrx_word' id='word_1_753' title='bbox 3425 4824 3592 4885; x_wconf 79' lang='lat' dir='ltr'><strong>enim,</strong></span> <span class='ocrx_word' id='word_1_754' title='bbox 3650 4820 3655 4843; x_wconf 83' lang='lat'><strong>‘</strong></span> 
     </span>
    </p>
   </div>
   <div class='ocr_carea' id='block_1_110' title="bbox 2036 4899 3596 4975">
    <p class='ocr_par' dir='ltr' id='par_1_110' title="bbox 2036 4899 3596 4975">
     <span class='ocr_line' id='line_1_110' title="bbox 2036 4899 3596 4975; baseline 0.012 -24"><span class='ocrx_word' id='word_1_755' title='bbox 2036 4899 2170 4952; x_wconf 90' lang='lat' dir='ltr'><strong>nihil</strong></span> <span class='ocrx_word' id='word_1_756' title='bbox 2215 4915 2312 4954; x_wconf 91' lang='lat' dir='ltr'><strong>vos</strong></span> <span class='ocrx_word' id='word_1_757' title='bbox 2360 4902 2503 4956; x_wconf 76' lang='lat' dir='ltr'><strong>aliud</strong></span> <span class='ocrx_word' id='word_1_758' title='bbox 2539 4919 2696 4970; x_wconf 89' lang='lat' dir='ltr'><strong>posse</strong></span> <span class='ocrx_word' id='word_1_759' title='bbox 2741 4907 3011 4961; x_wconf 84' lang='lat' dir='ltr'><strong>existimo.</strong></span> <span class='ocrx_word' id='word_1_760' title='bbox 3062 4910 3215 4975; x_wconf 89' lang='lat' dir='ltr'><strong>Quod</strong></span> <span class='ocrx_word' id='word_1_761' title='bbox 3252 4913 3297 4965; x_wconf 89' lang='lat' dir='ltr'><strong>si</strong></span> <span class='ocrx_word' id='word_1_762' title='bbox 3344 4928 3406 4965; x_wconf 86' lang='lat' dir='ltr'><strong>ea</strong></span> <span class='ocrx_word' id='word_1_763' title='bbox 3442 4915 3596 4969; x_wconf 81' lang='lat' dir='ltr'><strong>vobis</strong></span> 
     </span>
    </p>
   </div>
   <div class='ocr_carea' id='block_1_111' title="bbox 2036 4987 3595 5070">
    <p class='ocr_par' dir='ltr' id='par_1_111' title="bbox 2036 4987 3595 5070">
     <span class='ocr_line' id='line_1_111' title="bbox 2036 4987 3595 5070; baseline 0.011 -29"><span class='ocrx_word' id='word_1_764' title='bbox 2036 5002 2123 5043; x_wconf 88' lang='lat' dir='ltr'><strong>res</strong></span> <span class='ocrx_word' id='word_1_765' title='bbox 2177 4987 2396 5043; x_wconf 83' lang='lat' dir='ltr'><strong>ferenda</strong></span> <span class='ocrx_word' id='word_1_766' title='bbox 2455 4990 2691 5055; x_wconf 84' lang='lat' dir='ltr'><strong>videtur,</strong></span> <span class='ocrx_word' id='word_1_767' title='bbox 2732 5004 2787 5046; x_wconf 88' lang='lat' dir='ltr'><strong>ut</strong></span> <span class='ocrx_word' id='word_1_768' title='bbox 2844 4996 2975 5063; x_wconf 90' lang='lat' dir='ltr'><strong>quid</strong></span> <span class='ocrx_word' id='word_1_769' title='bbox 3026 4998 3228 5065; x_wconf 83' lang='lat' dir='ltr'><strong>ubique</strong></span> <span class='ocrx_word' id='word_1_770' title='bbox 3284 5004 3595 5070; x_wconf 87' lang='lat' dir='ltr'><strong>potentibus</strong></span> 
     </span>
    </p>
   </div>
   <div class='ocr_carea' id='block_1_112' title="bbox 2034 5072 3591 5153">
    <p class='ocr_par' dir='ltr' id='par_1_112' title="bbox 2034 5072 3591 5153">
     <span class='ocr_line' id='line_1_112' title="bbox 2034 5072 3591 5153; baseline 0.01 -29"><span class='ocrx_word' id='word_1_771' title='bbox 2034 5072 2368 5128; x_wconf 88' lang='lat' dir='ltr'><strong>destinantes</strong></span> <span class='ocrx_word' id='word_1_772' title='bbox 2407 5076 2609 5142; x_wconf 76' lang='lat' dir='ltr'><strong>legatos</strong></span> <span class='ocrx_word' id='word_1_773' title='bbox 2655 5079 2745 5144; x_wconf 90' lang='lat' dir='ltr'><strong>qui</strong></span> <span class='ocrx_word' id='word_1_774' title='bbox 2792 5080 2844 5131; x_wconf 90' lang='lat' dir='ltr'><strong>in</strong></span> <span class='ocrx_word' id='word_1_775' title='bbox 2888 5079 3013 5133; x_wconf 86' lang='lat' dir='ltr'><strong>belli</strong></span> <span class='ocrx_word' id='word_1_776' title='bbox 3069 5084 3383 5153; x_wconf 79' lang='lat' dir='ltr'><strong>societatem</strong></span> <span class='ocrx_word' id='word_1_777' title='bbox 3432 5086 3591 5140; x_wconf 89' lang='lat' dir='ltr'><strong>indu-</strong></span> 
     </span>
    </p>
   </div>
   <div class='ocr_carea' id='block_1_113' title="bbox 2035 5164 3595 5233">
    <p class='ocr_par' dir='ltr' id='par_1_113' title="bbox 2035 5164 3595 5233">
     <span class='ocr_line' id='line_1_113' title="bbox 2035 5164 3595 5233; baseline 0.011 -18"><span class='ocrx_word' id='word_1_778' title='bbox 2035 5172 2178 5219; x_wconf 85' lang='lat' dir='ltr'><strong>cant.</strong></span> <span class='ocrx_word' id='word_1_779' title='bbox 2218 5164 2495 5233; x_wconf 88' lang='lat' dir='ltr'><strong>negotium</strong></span> <span class='ocrx_word' id='word_1_780' title='bbox 2537 5166 2736 5233; x_wconf 83' lang='lat' dir='ltr'><strong>facitis,</strong></span> <span class='ocrx_word' id='word_1_781' title='bbox 2776 5184 2901 5224; x_wconf 90' lang='lat' dir='ltr'><strong>cum</strong></span> <span class='ocrx_word' id='word_1_782' title='bbox 2951 5170 3109 5227; x_wconf 85' lang='lat' dir='ltr'><strong>liccat</strong></span> <span class='ocrx_word' id='word_1_783' title='bbox 3138 5174 3288 5228; x_wconf 91' lang='lat' dir='ltr'><strong>urbis</strong></span> <span class='ocrx_word' id='word_1_784' title='bbox 3320 5177 3595 5232; x_wconf 86' lang='lat' dir='ltr'><strong>moenibus</strong></span> 
     </span>
    </p>
   </div>
   <div class='ocr_carea' id='block_1_114' title="bbox 2018 5253 3593 5335">
    <p class='ocr_par' dir='ltr' id='par_1_114' title="bbox 2018 5253 3593 5335">
     <span class='ocr_line' id='line_1_114' title="bbox 2018 5253 3593 5335; baseline 0.008 -24"><span class='ocrx_word' id='word_1_785' title='bbox 2018 5253 2322 5311; x_wconf 90' lang='lat' dir='ltr'><strong>.conclusos</strong></span> <span class='ocrx_word' id='word_1_786' title='bbox 2389 5254 2753 5313; x_wconf 78' lang='lat' dir='ltr'><strong>Barbarortﬂu</strong></span> <span class='ocrx_word' id='word_1_787' title='bbox 2820 5260 3109 5319; x_wconf 89' lang='lat' dir='ltr'><strong>obsidione</strong></span> <span class='ocrx_word' id='word_1_788' title='bbox 3170 5266 3386 5335; x_wconf 90' lang='lat' dir='ltr'><strong>premi?</strong></span> <span class='ocrx_word' id='word_1_789' title='bbox 3439 5268 3593 5323; x_wconf 83' lang='lat' dir='ltr'><strong>Haud</strong></span> 
     </span>
    </p>
   </div>
   <div class='ocr_carea' id='block_1_115' title="bbox 2035 5343 3595 5419">
    <p class='ocr_par' dir='ltr' id='par_1_115' title="bbox 2035 5343 3595 5419">
     <span class='ocr_line' id='line_1_115' title="bbox 2035 5343 3595 5419; baseline 0.01 -21"><span class='ocrx_word' id='word_1_790' title='bbox 2035 5343 2181 5398; x_wconf 91' lang='lat' dir='ltr'><strong>enim</strong></span> <span class='ocrx_word' id='word_1_791' title='bbox 2225 5360 2355 5399; x_wconf 90' lang='lat' dir='ltr'><strong>sane</strong></span> <span class='ocrx_word' id='word_1_792' title='bbox 2397 5346 2592 5411; x_wconf 88' lang='lat' dir='ltr'><strong>video,</strong></span> <span class='ocrx_word' id='word_1_793' title='bbox 2642 5364 2752 5419; x_wconf 88' lang='lat' dir='ltr'><strong>quo</strong></span> <span class='ocrx_word' id='word_1_794' title='bbox 2785 5366 2887 5408; x_wconf 90' lang='lat' dir='ltr'><strong>nos</strong></span> <span class='ocrx_word' id='word_1_795' title='bbox 2939 5355 3083 5409; x_wconf 91' lang='lat' dir='ltr'><strong>malo</strong></span> <span class='ocrx_word' id='word_1_796' title='bbox 3137 5346 3419 5412; x_wconf 81' lang='lat' dir='ltr'><strong>venientes</strong></span> <span class='ocrx_word' id='word_1_797' title='bbox 3460 5361 3595 5415; x_wconf 86' lang='lat' dir='ltr'><strong>socii</strong></span> 
     </span>
    </p>
   </div>
   <div class='ocr_carea' id='block_1_116' title="bbox 2035 5434 3590 5517">
    <p class='ocr_par' dir='ltr' id='par_1_116' title="bbox 2035 5434 3590 5517">
     <span class='ocr_line' id='line_1_116' title="bbox 2035 5434 3590 5517; baseline 0.01 -30"><span class='ocrx_word' id='word_1_798' title='bbox 2035 5434 2269 5489; x_wconf 88' lang='lat' dir='ltr'><strong>liberare</strong></span> <span class='ocrx_word' id='word_1_799' title='bbox 2297 5435 2553 5503; x_wconf 83' lang='lat' dir='ltr'><strong>habeant,</strong></span> <span class='ocrx_word' id='word_1_800' title='bbox 2585 5453 2711 5494; x_wconf 91' lang='lat' dir='ltr'><strong>cum</strong></span> <span class='ocrx_word' id='word_1_801' title='bbox 2741 5444 3215 5513; x_wconf 84' lang='lat' dir='ltr'><strong>sponte&#39;pessima</strong></span> <span class='ocrx_word' id='word_1_802' title='bbox 3254 5449 3590 5517; x_wconf 68' lang='lat' dir='ltr'><strong>praecptetis.</strong></span> 
     </span>
    </p>
   </div>
   <div class='ocr_carea' id='block_1_117' title="bbox 2036 5525 3596 5593">
    <p class='ocr_par' dir='ltr' id='par_1_117' title="bbox 2036 5525 3596 5593">
     <span class='ocr_line' id='line_1_117' title="bbox 2036 5525 3596 5593; baseline 0.01 -15"><span class='ocrx_word' id='word_1_803' title='bbox 2036 5525 2213 5593; x_wconf 81' lang='lat' dir='ltr'><strong>Atque</strong></span> <span class='ocrx_word' id='word_1_804' title='bbox 2238 5526 2373 5581; x_wconf 87' lang='lat' dir='ltr'><strong>adeo</strong></span> <span class='ocrx_word' id='word_1_805' title='bbox 2398 5527 2536 5583; x_wconf 87' lang='lat' dir='ltr'><strong>nihil</strong></span> <span class='ocrx_word' id='word_1_806' title='bbox 2565 5544 2742 5586; x_wconf 60' lang='lat' dir='ltr'><strong>causa;</strong></span> <span class='ocrx_word' id='word_1_807' title='bbox 2775 5534 2879 5587; x_wconf 92' lang='lat' dir='ltr'><strong>erit</strong></span> <span class='ocrx_word' id='word_1_808' title='bbox 2906 5548 3005 5587; x_wconf 92' lang='lat' dir='ltr'><strong>cur</strong></span> <span class='ocrx_word' id='word_1_809' title='bbox 3034 5544 3297 5591; x_wconf 90' lang='lat' dir='ltr'><strong>venturos</strong></span> <span class='ocrx_word' id='word_1_810' title='bbox 3327 5551 3450 5591; x_wconf 91' lang='lat' dir='ltr'><strong>cum</strong></span> <span class='ocrx_word' id='word_1_811' title='bbox 3488 5539 3596 5593; x_wconf 85' lang='lat' dir='ltr'><strong>im-</strong></span> 
     </span>
    </p>
   </div>
   <div class='ocr_carea' id='block_1_118' title="bbox 2038 5623 3599 5697">
    <p class='ocr_par' dir='ltr' id='par_1_118' title="bbox 2038 5623 3599 5697">
     <span class='ocr_line' id='line_1_118' title="bbox 2038 5623 3599 5697; baseline 0.008 -26"><span class='ocrx_word' id='word_1_812' title='bbox 2038 5626 2285 5685; x_wconf 85' lang='lat' dir='ltr'><strong>peratore</strong></span> <span class='ocrx_word' id='word_1_813' title='bbox 2318 5636 2423 5673; x_wconf 91' lang='lat' dir='ltr'><strong>non</strong></span> <span class='ocrx_word' id='word_1_814' title='bbox 2465 5623 2796 5693; x_wconf 82' lang='lat' dir='ltr'><strong>suscipiatis.</strong></span> <span class='ocrx_word' id='word_1_815' title='bbox 2833 5625 2927 5681; x_wconf 91' lang='lat' dir='ltr'><strong>Sin</strong></span> <span class='ocrx_word' id='word_1_816' title='bbox 2979 5636 3158 5682; x_wconf 81' lang='lat' dir='ltr'><strong>autem</strong></span> <span class='ocrx_word' id='word_1_817' title='bbox 3185 5644 3307 5697; x_wconf 72' lang='lat' dir='ltr'><strong>quze</strong></span> <span class='ocrx_word' id='word_1_818' title='bbox 3362 5630 3599 5684; x_wconf 85' lang='lat' dir='ltr'><strong>humana</strong></span> 
     </span>
    </p>
   </div>
   <div class='ocr_carea' id='block_1_119' title="bbox 2037 5712 3599 5790">
    <p class='ocr_par' dir='ltr' id='par_1_119' title="bbox 2037 5712 3599 5790">
     <span class='ocr_line' id='line_1_119' title="bbox 2037 5712 3599 5790; baseline 0.009 -29"><span class='ocrx_word' id='word_1_819' title='bbox 2037 5718 2164 5762; x_wconf 86' lang='lat' dir='ltr'><strong>sunt</strong></span> <span class='ocrx_word' id='word_1_820' title='bbox 2205 5725 2265 5783; x_wconf 85' lang='lat' dir='ltr'><strong>ac</strong></span> <span class='ocrx_word' id='word_1_821' title='bbox 2304 5712 2444 5780; x_wconf 86' lang='lat' dir='ltr'><strong>juris</strong></span> <span class='ocrx_word' id='word_1_822' title='bbox 2484 5715 2801 5784; x_wconf 83' lang='lat' dir='ltr'><strong>cogitantes,</strong></span> <span class='ocrx_word' id='word_1_823' title='bbox 2848 5720 3231 5790; x_wconf 88' lang='lat' dir='ltr'><strong>imperatorem</strong></span> <span class='ocrx_word' id='word_1_824' title='bbox 3271 5722 3490 5786; x_wconf 83' lang='lat' dir='ltr'><strong>quidem</strong></span> <span class='ocrx_word' id='word_1_825' title='bbox 3527 5723 3599 5775; x_wconf 87' lang='lat' dir='ltr'><strong>ob</strong></span> 
     </span>
    </p>
   </div>
   <div class='ocr_carea' id='block_1_120' title="bbox 2038 5806 3598 5882">
    <p class='ocr_par' dir='ltr' id='par_1_120' title="bbox 2038 5806 3598 5882">
     <span class='ocr_line' id='line_1_120' title="bbox 2038 5806 3598 5882; baseline 0.008 -29"><span class='ocrx_word' id='word_1_826' title='bbox 2038 5811 2323 5869; x_wconf 87' lang='lat' dir='ltr'><strong>susceptos</strong></span> <span class='ocrx_word' id='word_1_827' title='bbox 2369 5806 2541 5859; x_wconf 89' lang='lat' dir='ltr'><strong>nostri</strong></span> <span class='ocrx_word' id='word_1_828' title='bbox 2582 5822 2744 5864; x_wconf 86' lang='lat' dir='ltr'><strong>causa</strong></span> <span class='ocrx_word' id='word_1_829' title='bbox 2776 5809 2990 5865; x_wconf 85' lang='lat' dir='ltr'><strong>labores</strong></span> <span class='ocrx_word' id='word_1_830' title='bbox 3022 5811 3399 5865; x_wconf 88' lang='lat' dir='ltr'><strong>coronandum</strong></span> <span class='ocrx_word' id='word_1_831' title='bbox 3444 5820 3598 5882; x_wconf 79' lang='lat' dir='ltr'><strong>puta-</strong></span> 
     </span>
    </p>
   </div>
   <div class='ocr_carea' id='block_1_121' title="bbox 3167 5907 3245 5965">
    <p class='ocr_par' dir='ltr' id='par_1_121' title="bbox 3167 5907 3245 5965">
     <span class='ocr_line' id='line_1_121' title="bbox 3167 5907 3245 5965; baseline 0 0"><span class='ocrx_word' id='word_1_832' title='bbox 3167 5907 3245 5965; x_wconf 75' lang='lat'><strong>32</strong></span> 
     </span>
    </p>
   </div>
  </div>
