3862 6220
420 315 557 380 tosti
1685 316 2067 377 DEMETRIl
2108 317 2416 381 cvooun
3023 290 3027 294 ’
3462 324 3560 386 mal

415 431 569 500 bilis,
602 445 919 506 portasque,
972 450 1094 492 cum
1144 449 1210 490 eo
1242 432 1590 490 venientibus
1642 433 1810 488 sociis
1852 446 1940 501 ape

2038 439 2057 492 λ
2088 434 2329 498 ἀνοίξετε
2365 434 2420 487 δὲ
2446 436 2554 496 τοῖς
2589 434 2708 505 μετ’
2742 434 2953 488 ἐκείνου
2986 432 3281 502 συμμάχοις
3307 436 3388 495 τὰς
3420 436 3563 497 πύλας.

414 525 592 587 rietis,
616 526 745 595 quid
773 536 920 581 vetat
952 536 1011 580 ut
1037 541 1105 580 ne
1134 541 1232 595 pro
1262 526 1385 582 istis
1413 526 1602 581 eadem
1636 525 1939 580 decernetis

2086 524 2141 577 τί
2178 526 2379 579 κωλύει
2407 525 2585 578 ταῦτα
2616 527 2709 578 καὶ
2754 526 2885 595 περὶ
2914 525 3121 577 τούτων
3168 522 3457 591 ψηφίζεσθαι
3478 541 3490 588 ς
3513 527 3566 577 Οὐ

412 613 524 670 Nec
560 619 707 670 enim
737 630 917 684 operte
950 616 1208 685 pretium,
1244 626 1306 671 ut
1349 617 1719 671 Romanorum
1761 615 1937 685 quidet

2085 617 2195 687 γὰρ
2226 617 2401 687 δήπου
2452 616 2551 686 τὴν
2606 618 2705 685 μὲν
2738 618 2846 669 τῶν
2888 616 3177 685 Ῥωμαίων
3206 616 3475 684 ἡμερότητα
3498 634 3566 680 φυ-

411 705 690 760 lenitatem
722 706 997 771 caveatis;
1068 708 1326 762 Pzeonum
1378 716 1561 763 autem
1606 707 1936 762 crudelitate]

2084 708 2377 763 λάττεσθαι
2403 709 2502 773 δεῖ,
2534 709 2635 777 τὴν
2663 708 2720 761 δὲ
2746 708 2992 761 Παιόνων
3021 706 3276 776 ὠμότητα
3327 706 3441 774 μηδὲ
3475 708 3568 759 ὑπο·

412 813 481 850 ne
537 807 847 866 suspectam
895 798 1113 868 quidem
1170 799 1457 855 habeatis:
1512 807 1682 868 utque
1734 814 1829 853 eos
1888 813 1937 868 qi

2089 798 2338 851 πτεύειν·
2376 801 2469 851 καὶ
2498 799 2621 860 τοὺς
2644 800 2742 868 μὲν
2767 797 2907 866 ὑπὲρ
2941 796 3096 866 δόξης
3129 795 3448 864 προϊεμένους
3479 797 3567 848 ἑπι-

411 888 597 954 ιζιοτίιε
621 889 805 943 studio
835 905 932 944 sua
970 889 1335 959 profundunt,
1370 900 1557 945 nostra
1588 890 1936 960 concupiturt

2086 887 2331 958 θυμῆσαι
2398 887 2621 957 νομίσαι
2674 887 2783 940 τῶν
2834 887 3142 956 ⁴ἡμετέρων.
3196 887 3311 948 τοὺς
3356 885 3394 937 δ’
3436 885 3484 950 ἐξ
3519 882 3571 938 ὧν

409 978 797 1046 arbitremini;
846 996 942 1034 eos
987 989 1171 1035 autem
1227 981 1319 1050 qui
1372 980 1675 1036 latrociniis
1730 994 1796 1035 ac
1836 980 1934 1034 furl

2083 978 2407 1052 λῃστεύουσι
2438 979 2530 1032 καὶ
2562 979 2885 1032 κλέπτουσιν
2947 977 3055 1031 άπὸ
3104 975 3303 1031 τούτων
3327 976 3570 1043 διάγοντας,

407 1072 627 1135 vivunt,
675 1088 706 1126 a
768 1088 865 1127 sua
900 1080 1127 1143 repente
1173 1082 1485 1129 cessatores
1535 1081 1676 1128 arte.
1725 1071 1884 1138 Quod

2082 1070 2305 1132 τούτους
2337 1070 2594 1139 ἐξαίφνης
2645 1067 2990 1137 ἀποσχέσθαι
3062 1068 3165 1137 τῆς
3204 1068 3402 1138 τέχνης.
3446 1068 3497 1121 Et
3534 1068 3573 1120 8i

407 1163 554 1217 mille
585 1163 705 1218 istis
748 1164 1091 1219 commisceri
1137 1163 1508 1230 formidabile,
1576 1164 1669 1233 qui
1710 1178 1817 1218 non
1863 1178 1929 1233 pe

2085 1160 2276 1231 χιλίοις
2302 1160 2518 1223 τούτοις
2565 1159 2972 1230 ἀναμίγνυσθαι
3005 1159 3255 1229 φοϐερὸν,
3291 1158 3394 1219 πῶς
3424 1158 3476 1210 οὐ
3506 1175 3578 1225 φα-

407 1255 597 1324 spicue
625 1256 827 1310 malum
874 1256 1049 1325 majus
1084 1256 1137 1310 in
1176 1256 1369 1327 viginti
1410 1256 1703 1311 millibus?
1734 1255 1932 1326 Cutuqt

2082 1253 2386 1323 νερώτερον
2433 1253 2494 1304 τὸ
2549 1253 2717 1305 κακὸν
2768 1254 2827 1305 ὲν
2876 1254 2989 1315 τοῖς
3034 1252 3365 1321 δισμυρίοιςς
3400 1251 3489 1303 Καὶ
3515 1251 3578 1303 ὅτε

408 1360 503 1399 eos
557 1345 650 1414 qui
702 1345 845 1398 ultro
895 1345 1141 1409 veniunt,
1192 1345 1336 1399 baud
1373 1353 1505 1399 tuta:
1561 1346 1810 1400 homines
1858 1345 1933 1400 [id

2082 1348 2208 1408 τοὺς
2252 1345 2477 1408 ἑκόντας
2505 1344 2761 1407 ἐλθόντας
2800 1344 3064 1403 ἀπίστους
3088 1339 3228 1396 εἶναι
3256 1342 3515 1412 κυροῦμεν,
3543 1341 3579 1393 τί

408 1450 740 1500 asseramus,
763 1444 965 1505 quanta
990 1434 1045 1489 in
1072 1435 1178 1491 illis
1202 1438 1470 1491 securitas
1491 1450 1632 1506 quos
1654 1450 1751 1506 per
1776 1436 1933 1506 legati

2083 1440 2190 1511 χρὴ
2222 1438 2448 1511 θαρρεῖν
2477 1439 2608 1509 περὶ
2646 1437 2755 1492 τῶν
2787 1437 2929 1507 μετὰ
2970 1436 3266 1506 πρεσϐείας
3300 1435 3580 1503 κληθέντωνς

408 1527 741 1582 ascivimus?
2276 1545 2302 1560 κ

483 1618 680 1673 Verum
733 1620 849 1689 ipsa
901 1634 1121 1689 quoque
1168 1618 1366 1674 horum
1419 1619 1676 1688 cegitatio
1722 1621 1978 1677 ridicula.

2165 1622 2327 1677 ’Λλλά
2355 1620 2528 1675 ταῦτα
2553 1621 2649 1690 μὲν
2677 1618 2770 1672 καὶ
2787 1618 2946 1688 μόνον
2971 1615 3279 1685 λογίζεσθαι
3304 1616 3459 1683 γέλως
3476 1629 3488 1644 ·
3511 1631 3585 1665 σω-

410 1708 492 1765 Sit
525 1726 654 1764 vero
693 1712 1026 1778 sapientum,
1056 1725 1119 1765 ac
1145 1710 1269 1765 talis
1293 1711 1465 1776 urbis,
1501 1720 1704 1781 quanta
1737 1713 1853 1767 haec
1880 1728 1935 1767 nt

2086 1712 2424 1786 φρονούντων
2449 1712 2492 1765 δ’
2515 1712 2583 1765 ἂν
2610 1710 2722 1778 εἴη,
2758 1711 2851 1761 καὶ
2872 1708 3127 1776 τοιαύτην
3151 1708 3269 1760 οἵαν
3302 1708 3445 1775 ἡμεῖς
3468 1704 3584 1756 πόλιν

411 1813 523 1856 stra
550 1801 774 1863 civium,
800 1812 859 1855 ut
879 1817 971 1856 eos
987 1801 1080 1871 qui
1112 1802 1212 1858 ista
1239 1802 1452 1865 dicunt,
1479 1803 1717 1859 ellebore
1738 1804 1936 1875 indiget

2084 1765 2396 1866 δίζιούντων,
2423 1805 2548 1865 τοὺς
2575 1765 2873 1872 μέν’ταῦτα
2902 1765 3162 1865 λέγοντας
3212 1798 3470 1867 ἐλλεϐόρου
3504 1796 3583 1847 δεῖ.

412 1902 649 1962 putent;
685 1901 853 1962 utque
894 1892 1166 1963 ejusmodi
1213 1893 1479 1960 consiliis,
1528 1895 1574 1949 si
1628 1897 1755 1964 quis
1791 1907 1937 1952 nostr

2086 1898 2208 1952 σθαι
2239 1896 2482 1966 νομίζειν
2509 1909 2523 1922 ⁸
2565 1894 2661 1949 καὶ
2691 1895 2809 1956 ταῖς
2841 1890 3171 1959 συμϐουλαῖς
3201 1890 3430 1950 ταύταις,
3461 1885 3584 1945 εἴτις

411 1985 587 2040 hostis
615 1984 707 2050 sit,
739 1984 912 2054 magis
942 1985 1334 2040 obsecuturum
1361 1993 1589 2056 optent;
1630 1986 1780 2055 ipsos
1824 2003 1936 2042 veri

2084 1989 2273 2060 ἐχθρὸς
2300 1988 2430 2056 ἡμῖν
2459 1988 2568 2054 εἴη,
2598 1986 2797 2056 μᾶλλον
2824 1985 3081 2055 εὔχεσθαι
3109 1982 3410 2036 πείθεσθαι·
3437 1977 3585 2035 αὐτοὺς

410 2076 769 2147 cogitationes
808 2091 928 2145 quae
961 2075 1213 2141 deceant,
1261 2084 1623 2142 assumentes,
1665 2093 1773 2133 non
1828 2080 1935 2149 quit

2082 2081 2293 2154 δὲητῶν
2317 2078 2703 2150 προσηκόντων
2735 2077 3015 2146 λογισμῶν
3044 2074 3369 2143 ἁψαμένους,
3407 2069 3471 2140 μὴ
3496 2068 3586 2134 στῆ-

407 2182 561 2222 scere
588 2183 604 2233 ;
629 2182 729 2221 nec
751 2175 956 2221 temere
997 2167 1501 2223 contradicentibus
1530 2168 1932 2224 darelicentiau

2083 2192 2190 2238 ναι,
2220 2173 2355 2242 μηδὲ
2376 2173 2486 2234 τοῖς
2503 2171 2879 2238 ἀντιλέγουσιν
2892 2169 3012 2236 εἰκῆ
3026 2168 3288 2237 φλυαρεῖν
3309 2161 3586 2232 ἐπιτρέπειν,

407 2258 499 2325 qui
536 2258 725 2313 nescio
772 2272 1005 2327 quorum
1034 2257 1473 2314 benevolentiam
1520 2259 1669 2313 inani
1710 2260 1803 2315 illa
1855 2276 1932 2330 gat

2081 2264 2182 2318 οὐκ
2206 2258 2303 2317 οἷδ’
2326 2256 2566 2316 ὧντινων
2590 2259 2802 2314 εὔνοιαν
2825 2263 2890 2327 τῇ
2920 2258 3205 2329 κενολογίᾳ
3224 2254 3389 2324 ταύτῃ
3417 2249 3589 2319 ποριζο·

408 2350 631 2406 mlitate
666 2358 890 2421 captent
939 2366 953 2403 :
998 2349 1129 2419 quin
1177 2349 1264 2404 vel
1330 2351 1504 2419 ipsum
1572 2351 1928 2405 deliberationi

2085 2357 2302 2426 μένοις*
2350 2355 2484 2407 ἀλλὰ
2520 2355 2611 2407 καὶ
2646 2352 2806 2405 αὐτὸν
2841 2352 2933 2403 τὸν
2972 2350 3136 2420 μέχρι
3196 2348 3292 2416 τῆς
3340 2343 3591 2414 συμϐουλῆς

410 2450 627 2512 tempus
680 2443 910 2513 jactura:
943 2440 1285 2511 deputantes,
1317 2442 1482 2497 hosce
1532 2444 1832 2512 suscipere,
1881 2459 1935 2498 ce

2081 2447 2271 2516 χρόνον
2303 2443 2507 2513 ζημίαν
2541 2440 2957 2515 λογισαμένους,
2996 2437 3253 2507 δέχεσθαι
3287 2435 3486 2494 τούτους
3509 2430 3590 2481 ὦτ-

408 2533 561 2587 viros
606 2547 638 2587 a
688 2535 848 2604 longo
898 2533 1010 2601 jam
1052 2543 1318 2601 tempore,
1358 2549 1387 2588 a
1434 2535 1781 2604 parentibus,
1835 2534 1925 2588 lilii

2081 2553 2187 2604 περ
2214 2536 2321 2588 τῶν
2344 2535 2549 2602 γονέων
2572 2534 2604 2603 ἥ
2638 2532 2747 2586 τῶν
2769 2531 2952 2596 υἱέων,
2983 2530 3016 2600 ἦ
3046 2529 3152 2582 τῶν
3184 2527 3354 2589 ἄλλως
3376 2522 3594 2579 etaetati-

408 2622 626 2692 aliaque
660 2623 872 2677 ratione
905 2623 1140 2676 maxime
1188 2624 1514 2677 necessariis
1544 2625 1814 2683 absentes.
1853 2643 1933 2695 prt

2079 2644 2210 2688 των,
2234 2626 2325 2678 τὸν
2346 2624 2514 2677 πολὺν
2537 2623 2734 2695 χρόνον
2759 2620 3202 2689 ἀποδημοῦντας,
3230 2620 3321 2672 καὶ
3343 2619 3433 2685 τῆς
3455 2611 3593 2666 αὐτῶν

410 2728 517 2781 que
570 2726 758 2783 eorum
812 2710 978 2765 animi
1011 2712 1317 2775 alacritate,
1369 2714 1726 2782 previdentize
1779 2720 1935 2786 grati:

2082 2715 2388 2787 προθυμίας
2433 2715 2663 2784 χάριτας
2723 2713 3008 2782 ὁμολογεῖν
3054 2713 3120 2780 τῇ
3176 2708 3412 2780 προνοίᾳ,
3452 2702 3594 2769 ἐκείνῃ

408 2816 589 2872 agere,
620 2802 668 2856 ei
702 2801 878 2872 palam
921 2801 1117 2855 horum
1172 2804 1468 2858 adventum
1510 2817 1789 2874 acet-ptum
1838 2808 1933 2862 τρί’(

2083 2807 2269 2876 σαφῶς
2300 2805 2654 2866 ἀνατιθέντας
2688 2804 2785 2871 τὴν
2829 2801 3008 2854 αὐτῶν
3045 2799 3354 2870 παρουσίαν
3375 2812 3389 2827 ο
3420 2794 3501 2847 καὶ
3538 2790 3593 2861 μὴ

412 2897 633 2952 rentes;
660 2903 771 2943 non
804 2896 1030 2957 propter
1060 2888 1310 2957 quaedam
1341 2890 1502 2952 levia,
1535 2906 1762 2959 quaeque
1793 2892 1937 2948 forsa

2084 2900 2293 2969 μικρῶν
2307 2916 2465 2951 τινων
2499 2887 2679 2949 εἵνεκα
2713 2897 2842 2956 ἴσως
2889 2893 2985 2961 μὲν
3021 2890 3466 2961 συμϐησομένων,
3495 2886 3594 2944 ἴσως

408 2978 755 3048 contingant,
796 2978 938 3033 forte
985 2994 1095 3033 non
1149 2980 1494 3049 contingent,
1546 2980 1720 3049 ipsius
1756 2998 1933 3053 quoqu

2079 2992 2133 3043 δὲ
2186 2991 2281 3059 μὴ,
2320 2988 2660 3059 ζημιωθῆναι
2708 2986 2800 3038 καὶ
2841 2984 2937 3054 τὴν
2968 2982 3310 3052 ἐλευθερίαν·
3352 2979 3433 3032 ἴνα
3468 2974 3596 3046 μηδὲν

408 3072 679 3126 libertatis
710 3070 974 3139 iacturam
1026 3070 1243 3137 facere;
1279 3080 1435 3125 utne
1485 3072 1783 3141 quidquam
1830 3075 1933 3128 aliu

2083 3081 2211 3134 ἄλλο
2248 3082 2390 3148 λέγω
2418 3079 2526 3132 τῶν
2564 3079 2657 3131 νῦν
2701 3078 2803 3129 ὑπὸ
2838 3076 3072 3137 πάντων,
3106 3074 3210 3126 καὶ
3242 3070 3413 3125 αὐτῶν
3448 3064 3596 3121 Gisia-.4

409 3163 610 3227 dicam,
668 3175 861 3216 eorum
912 3176 1033 3230 quae
1083 3161 1359 3215 universis
1412 3162 1671 3216 timentur
1724 3164 1871 3220 velut
1924 3166 1934 3220 i

2082 3173 2290 3233 τούτοις
2320 3171 2655 3240 ἀχθομένων,
2688 3159 3494 3237 προσδοκωμένων.’Δογίσασθε
3514 3155 3594 3223 γὰρ

415 3252 726 3323 procinctu,
753 3263 917 3322 atque
943 3252 1078 3307 adeo
1102 3252 1207 3307 illis
1230 3252 1361 3322 ipsis
1378 3253 1468 3322 qui
1500 3253 1585 3307 bis
1604 3253 1940 3324 indignantm

2081 3256 2142 3315 οὗ
2199 3265 2297 3332 μὲν
2346 3261 2440 3313 νῦν
2492 3260 2659 3329 τύχης
2706 3258 2922 3327 ⁴ἐσμέν·
2980 3256 3032 3309 τί
3082 3256 3127 3309 δ’
3194 3256 3339 3307 εστιν
3386 3248 3590 3311 ἐλπίζειν.

408 3345 654 3415 Cogitate
690 3343 837 3398 enim
869 3359 978 3414 quo
1011 3343 1241 3401 fortuna:
1283 3344 1484 3418 redacti
1522 3346 1735 3411 simus;
1780 3348 1933 3416 quidt

2082 3357 2174 3409 ἐὰν
2206 3354 2425 3414 τούτους
2471 3350 2783 3421 προώμεθα.
2819 3344 2913 3412 Οἷς
2947 3349 3044 3419 μὲν
3085 3350 3305 3418 πέρατα
3345 3346 3435 3411 τῆς
3458 3338 3592 3411 ἀρχῆς

411 3438 689 3508 possimus
722 3451 964 3505 sperare,
996 3446 1055 3490 ut
1106 3438 1239 3492 istos
1289 3437 1685 3493 dimiserimus.
1736 3439 1936 3505 Quorut

2080 3447 2115 3501 ἃ
2146 3448 2359 3515 καὶτῆς
2389 3444 2716 3513 οἰκουμένης
2744 3443 2990 3511 ὑπῆρχεν
3023 3441 3183 3510 ἡμῖν,
3213 3440 3307 3493 νῦν
3334 3434 3590 3504 καθήμεθα.

410 3528 539 3583 olim
576 3527 793 3597 imperii
844 3526 1004 3595 lines,
1039 3527 1137 3597 ipsi
1174 3537 1334 3582 erant
1384 3528 1477 3598 qui
1509 3529 1680 3593 orbis,
1714 3546 1859 3585 nunc
1895 3545 1935 3585 ει

2082 3539 2135 3590 εἰ
2154 3555 2236 3599 τις
2269 3538 2334 3607 ὲᾳ
2353 3535 2621 3589 δουλεύειν
2646 3533 2989 3599 εὐδαιμονίαν
3021 3532 3341 3600 ἡγούμενοι.
3376 3528 3435 3585 Ἠ
3456 3521 3593 3577 δὲτῶν

418 3617 607 3672 demus
633 3617 948 3673 felicitatem
980 3625 1321 3687 reputantes,
1343 3627 1404 3672 ut
1429 3620 1551 3687 quis
1577 3618 1722 3673 sinat
1750 3621 1943 3675 servirt

2082 3630 2186 3683 ὑπὸ
2212 3629 2299 3682 τὸν
2329 3627 2556 3696 οὐρανὸν
2585 3625 2795 3679 πόλεων
2826 3623 3314 3693 εὐδαιμονεστάτη,
3344 3620 3432 3673 καὶ
3457 3614 3526 3683 ἐφ’
3547 3612 3593 3680 ἦν

410 3709 553 3766 Urbs
579 3725 711 3765 vero
741 3711 903 3778 longe
933 3712 1311 3766 universarum
1344 3712 1446 3766 sub
1473 3712 1612 3765 cmlo
1642 3711 1935 3766 beatissim:

2081 3718 2279 3779 πάντες
2309 3718 2543 3787 χαρίτων
2567 3715 2731 3771 ἕνεκα
2760 3716 2853 3768 καὶ
2881 3712 3126 3783 τέρψεως
3156 3715 3255 3767 καὶ
3283 3713 3374 3780 τῆς
3399 3704 3595 3774 διητᾶτ-

410 3815 685 3871 quamque
728 3815 940 3867 omnes,
987 3801 1287 3870 gratiarum
1333 3815 1398 3856 ac
1455 3801 1740 3856 recreandi
1795 3817 1935 3855 caus:

2082 3825 2190 3864 των
2236 3806 2531 3877 ἁϐρότητος
2556 3807 2807 3875 ἤλαυνον,
2856 3802 3047 3874 εἱρκτὴ
3101 3802 3197 3857 νῦν
3226 3804 3338 3865 τοῖς
3370 3799 3592 3865 οἰκήτορα

411 3891 765 3960 muniﬁcique
818 3889 1002 3945 omnis
1030 3898 1278 3951 ornatus.
1313 3890 1557 3950 adibant,
1595 3882 1743 3945 nunc
1789 3890 1936 3944 incol:

2081 3900 2292 3969 γέγονε.
2316 3898 2635 3952 Κέκλεινται
2667 3896 2767 3964 μὲν
2793 3896 2900 3966 γὰρ
2924 3895 3063 3965 αὐτῇ
3094 3893 3427 3963 πανταχόθεν
3449 3887 3496 3941 ai
3520 3882 3591 3935 πύ-

410 3983 551 4036 l'acta
579 3990 667 4038 est
688 3994 901 4035 carcer.
933 3979 1312 4050 Undcquaque
1342 3981 1509 4036 habet
1532 3980 1743 4035 clausas
1770 3988 1935 4050 porta:

2080 3989 2169 4042 λαι
2192 4005 2207 4021 ·
2240 3989 2414 4052 οὐδεὶς
2442 3989 2500 4042 δὲ
2536 3987 2801 4042 κινδύνων
2831 3988 3000 4056 χωρὶς
3024 3983 3387 4056 ἐπιχωριάζει
3416 3978 3495 4034 τοῦ
3515 3976 3594 4027 λοι·

412 4088 513 4127 nec
558 4072 704 4133 ullus
728 4073 1009 4143 jam’tuto
1050 4070 1104 4125 iu
1153 4070 1404 4140 portibus
1454 4071 1745 4125 stationem
1780 4070 1937 4125 habet

2080 4080 2185 4133 ποῦ
2220 4080 2332 4141 τοῖς
2364 4077 2589 4147 λιμέσιο
2622 4078 2717 4131 καὶ
2753 4078 2801 4130 οἱ
2829 4076 3211 4146 καταίροντες,
3246 4065 3592 4142 πονηρὰς.ἔξω·

411 4162 618 4234 quique
653 4162 932 4232 appellunt
981 4160 1154 4215 malos
1197 4159 1332 4215 foris
1373 4175 1622 4215 rumores
1668 4159 1936 4215 aﬂ‘erentei

2080 4171 2190 4224 θενο
2223 4170 2547 4239 κομίσαντες
2603 4169 2811 4238 φήμας,
2851 4166 3114 4237 χειρόνων
3156 4165 3315 4236 παρὰ
3350 4160 3475 4215 πολὺ
3514 4153 3592 4209 τῶν

410 4254 572 4323 longe
626 4254 808 4324 pejora
856 4255 1004 4308 intus
1038 4254 1424 4323 experiuntur.
1469 4254 1737 4309 Creterum
1794 4254 1935 4309 nobi:

2082 4259 2226 4314 ἔνδον
2260 4260 2577 4327 πειρῶνται.
2629 4258 2791 4329 Ἡμῖν
2811 4258 2868 4312 δὲ
2905 4257 2977 4309 τὰ
3010 4257 3113 4325 μὲν
3144 4255 3282 4309 εἴσω
3303 4250 3482 4321 τειχῶν
3503 4242 3589 4315 βοή.

414 4345 556 4399 intra
595 4344 814 4413 quidem
852 4359 1063 4408 muros,
1095 4344 1325 4410 clamor,
1380 4352 1612 4414 egestas,
1659 4355 1939 4415 paupertat

2082 4352 2178 4404 καὶ
2203 4349 2465 4420 πτωχεία,
2500 4350 2595 4402 καὶ
2619 4348 2799 4411 πενία,
2829 4346 2920 4400 καλ⁸
2952 4346 3202 4417 δάκρυαο
3233 4345 3303 4399 τὰ
3327 4344 3371 4396 δ’
3395 4339 3488 4405 ἔξω
3512 4334 3591 4393 τοῖς

410 4434 706 4504 licrymac;
745 4443 897 4488 extra
928 4447 1059 4486 vero
1084 4432 1460 4502 spectantibus
1486 4447 1518 4487 e
1556 4434 1799 4488 turribus
1842 4434 1935 4488 Bal

2081 4437 2188 4490 άπὸ
2216 4418 2570 4506 τῶνπὺργων
2595 4436 2762 4506 ὁρῶσι
2790 4432 3082 4504 βαρϐάρων
3110 4429 3504 4502 στρατεύματα,
3522 4420 3591 4473 καὶ

412 4524 667 4578 harorum
696 4524 1015 4588 exercitus;
1046 4523 1277 4577 vastatio
1305 4537 1582 4591 agrorum,
1609 4523 1665 4577 in
1694 4524 1937 4594 aggeribu

2079 4529 2153 4598 γῆ
2178 4527 2493 4598 κειραμένη.
2525 4529 2621 4580 καὶ
2647 4526 2781 4596 πρὸς
2808 4525 2927 4586 ταῖς
2959 4522 3194 4593 τάφροις
3222 4521 3333 4575 τῶν
3364 4513 3590 4594 ἡμετέρου*

413 4615 622 4693 caedes,
675 4614 929 4684 ignisque
969 4613 1151 4676 ferox,
1190 4617 1417 4675 domes,
1463 4612 1695 4681 templa,
1748 4615 1938 4682 pulchr

2081 4617 2308 4685 σφαγαὶ,
2333 4618 2431 4670 καὶ
2454 4617 2563 4687 πῦρ
2585 4616 2798 4685 ἄγριον,
2831 4615 3028 4679 οίκίας,
3070 4615 3169 4666 καὶ
3198 4612 3335 4673 νεὼς
3360 4607 3446 4662 καὶ
3458 4606 3592 4693 δημο-

410 4690 642 4777 quaaque
680 4705 907 4760 ardiﬁcia
960 4704 1201 4774 publica,
1230 4718 1293 4759 ac
1340 4717 1566 4773 prorsus
1594 4703 1776 4757 omnia
1827 4705 1935 4759 inv:

2081 4708 2210 4760 σίων
2227 4706 2674 4777 οἰκοδομημάτων
2694 4703 2887 4772 κάλλη,
2922 4703 3018 4757 καὶ
3040 4701 3224 4756 πάντα
3251 4697 3432 4760 ἁπλῶς
3457 4690 3588 4777 tradi.

415 4774 569 4857 dens:
597 4797 739 4866 Quin
790 4807 844 4852 ct
875 4796 1226 4867 blasphemiae
1276 4795 1330 4849 in
1381 4795 1576 4861 Deum,
1607 4805 1770 4863 atque
1808 4798 1937 4866 (quo

2078 4797 2388 4868 Δυσφημίαι
2409 4774 2477 4850 de
2493 4774 2638 4851 κατὰ
2666 4794 2761 4850 τοῦ
2803 4793 2938 4848 Θεοῦ
2986 4793 3082 4848 καὶ
3126 4790 3179 4855 (ὅ
3196 4791 3281 4855 τίς
3307 4790 3401 4844 οὐκ
3424 4789 3479 4839 ἂν
3502 4774 3592 4868 φρίξ

365 4934 372 4940 .
415 4891 541 4961 quis
569 4865 678 4945 non
707 4889 933 4945 horreat
950 4865 1008 4959 ?)_
1028 4887 1212 4942 crucis
1237 4886 1588 4950 contumelia,
1619 4900 1681 4939 ac
1709 4884 1832 4942 ﬁdei
1863 4886 1890 4940 ii

2080 4865 2219 4953 ξειεν
2237 4865 2280 4957 ςν)
2310 4886 2467 4958 ὕϐρις
2494 4886 2749 4956 σταυροῦ,
2775 4886 2870 4942 καὶ
2894 4884 3069 4953 γέλως
3104 4883 3214 4954 τῆς
3260 4880 3499 4939 πίστεως.
3524 4865 3592 4922 καὶ

414 4982 520 5045 sio,
546 4993 937 5049 sacrarumque
985 4977 1285 5047 imaginum
1325 4976 1513 5047 probri
1545 4990 1707 5031 causa
1741 4976 1939 5031 circum

2081 4975 2241 5030 θείων
2269 4976 2491 5030 εἰκόνων
2530 4975 2717 5044 ἄτιμοι
2751 4971 3115 5044 περιαγωγαὶ,
3149 4973 3247 5025 καὶ
3273 4965 3478 5023 ἀπειλαὶ
3501 4974 3592 5027 φρε-

412 5070 725 5133 ductiones,
766 5083 868 5124 nec
896 5082 1005 5122 non
1037 5067 1198 5121 minae
1224 5065 1522 5126 terribiles,
1559 5079 1697 5135 quas
1743 5080 1811 5119 ne
1859 5081 1937 5119 ενι

2080 5067 2305 5131 κὼδεις,
2337 5067 2433 5120 καὶ
2460 5066 2554 5119 τοῦ
2588 5065 2663 5135 μὴ
2695 5065 2897 5128 ταύτας
2927 5063 3184 5129 ἐκϐῆναι,
3217 5062 3341 5133 μηδ’
3364 5059 3426 5113 ἂν
3446 5052 3589 5110 αὐτὶνι

413 5160 590 5221 niant.
625 5173 694 5212 ne
735 5159 850 5227 ipse
896 5155 1121 5226 quidem
1167 5153 1442 5220 Christus,
1470 5167 1632 5223 quem
1663 5152 1938 5208 adoramu:

2079 5156 2137 5210 ὃν
2162 5153 2597 5225 προσκυνοῦμεν,
2620 5154 2851 5224 Χριστὸν
2881 5153 3124 5223 ἐπισχεῖν
3151 5144 3266 5205 οἷόν
3286 5150 3343 5202 τὲ
3366 5142 3509 5200 εἶναι.

415 5251 585 5323 possit
610 5248 896 5320 impedire.
3546 5311 3565 5323 .

484 5343 589 5399 Sed
616 5352 673 5398 et
690 5340 862 5397 fames
878 5339 1130 5397 universa
1148 5345 1318 5401 tenet.
1336 5352 1461 5392 cum
1487 5350 1588 5391 nec
1607 5342 1752 5390 terra
1772 5334 1977 5404 reliqua

2149 5332 2262 5385 Καὶ
2294 5330 2323 5382 ὁ
2359 5329 2514 5399 λιμὸς
2547 5328 2721 5382 πάντα
2751 5325 2993 5380 ἐλαύνων
3021 5324 3318 5389 ἐπίκειται,
3355 5323 3478 5391 μήτι
3515 5326 3592 5380 γης

414 5434 507 5498 sit,
536 5448 701 5505 quam
726 5432 989 5496 colamus,
1018 5446 1119 5486 nec
1139 5430 1379 5484 latrones
1408 5428 1637 5483 liberum
1668 5427 1939 5496 permittat

2081 5421 2513 5491 ὑπολειπομένης
2562 5419 3053 5490 ἥνγεωργήσομεν,
3076 5417 3221 5487 μήτε
3241 5418 3352 5505 τοῖς
3378 5408 3593 5505 titiam};

418 5495 816 5578 mereatoribus
859 5523 1116 5577 alveum:
1164 5530 1219 5576 et
1252 5530 1313 5574 ut
1331 5519 1538 5589 possint
1570 5516 1841 5571 frumenta
1885 5515 1943 5569 ad

2077 5511 2185 5564 τῶν
2208 5510 2419 5581 λῃστῶν
2436 5510 2567 5563 ἀδεᾶ
2585 5507 2880 5561 ποιούντων
2897 5508 2984 5560 τδν
3005 5507 3172 5575 πόρον
3188 5521 3205 5535 ⁸
3226 5506 3285 5570 ἐξ
3306 5499 3376 5559 ὧν
3392 5501 3488 5559 τοῖς
3517 5495 3592 5589 μὲγ

418 5614 622 5667 vehere
663 5632 676 5665 :
719 5629 828 5682 quo
855 5616 933 5676 ﬁt,
954 5623 1082 5668 utet
1112 5612 1420 5668 locantibus
1449 5623 1646 5678 operas
1662 5622 1754 5661 ars
1775 5607 1943 5661 inutili

2080 5601 2467 5675 έργολαϐοὖσιν
2489 5603 2761 5671 ἄχρηστον
2789 5601 2822 5670 ἡ
2852 5599 3016 5671 τέχνη
3045 5599 3215 5663 δοκεῖ,
3244 5598 3341 5652 οὐκ
3362 5596 3520 5682 ἔχουσι
3542 5581 3592 5635 τά

416 5701 690 5764 videatur,
726 5678 833 5754 non
856 5702 1181 5759 habentibus
1213 5711 1270 5757 ut
1299 5703 1425 5758 inde
1464 5700 1843 5770 paciscantur;
1876 5698 1941 5752 mi

2082 5691 2141 5758 ἐξ
2162 5691 2330 5763 αὐτῆς
2351 5691 2650 5758 διαθέσθαι,
2678 5689 3033 5760 στρατιώταις
3059 5687 3115 5741 δὲ
3145 5688 3245 5756 τὴν
3257 5678 3590 5756 ὁρμὴνέπέσκε
