  <div class='ocr_page' id='page_1' title='image "/cluster/home/n/w/nwhite01/storage/ocr_20150623/154/hvd.32044073505299/534.png"; bbox 0 0 3862 6220; ppageno 0'>
   <div class='ocr_carea' id='block_1_1' title="bbox 402 364 540 429">
    <p class='ocr_par' dir='ltr' id='par_1_1' title="bbox 402 364 540 429">
     <span class='ocr_line' id='line_1_1' title="bbox 402 364 540 429; baseline -0.014 0"><span class='ocrx_word' id='word_1_1' title='bbox 402 364 540 429; x_wconf 80' lang='lat'><strong>1005</strong></span> 
     </span>
    </p>
   </div>
   <div class='ocr_carea' id='block_1_2' title="bbox 1343 362 2726 436">
    <p class='ocr_par' dir='ltr' id='par_1_2' title="bbox 1343 362 2726 436">
     <span class='ocr_line' id='line_1_2' title="bbox 1343 362 2726 436; baseline 0.004 -6"><span class='ocrx_word' id='word_1_2' title='bbox 1343 370 1625 431; x_wconf 80' lang='lat' dir='ltr'><strong>ORATIO</strong></span> <span class='ocrx_word' id='word_1_3' title='bbox 1667 369 1817 430; x_wconf 81' lang='lat' dir='ltr'><strong>PRO</strong></span> <span class='ocrx_word' id='word_1_4' title='bbox 1859 372 2210 433; x_wconf 70' lang='lat' dir='ltr'><strong>SUBSEDIO</strong></span> <span class='ocrx_word' id='word_1_5' title='bbox 2254 362 2726 436; x_wconf 71' lang='lat' dir='ltr'><strong>LATINORUM.</strong></span> 
     </span>
    </p>
   </div>
   <div class='ocr_carea' id='block_1_3' title="bbox 3516 376 3652 443">
    <p class='ocr_par' dir='ltr' id='par_1_3' title="bbox 3516 376 3652 443">
     <span class='ocr_line' id='line_1_3' title="bbox 3516 376 3652 443; baseline 0.015 -2"><span class='ocrx_word' id='word_1_6' title='bbox 3516 376 3537 441; x_wconf 89' lang='lat' dir='ltr'><strong>i</strong></span> <span class='ocrx_word' id='word_1_7' title='bbox 3549 376 3652 443; x_wconf 86' lang='lat'><strong>006</strong></span> 
     </span>
    </p>
   </div>
   <div class='ocr_carea' id='block_1_4' title="bbox 400 478 1991 554">
    <p class='ocr_par' dir='ltr' id='par_1_4' title="bbox 400 478 1961 547">
     <span class='ocr_line' id='line_1_4' title="bbox 400 478 1961 547; baseline 0 -14"><span class='ocrx_word' id='word_1_8' title='bbox 400 479 462 533; x_wconf 72' lang='grc' dir='ltr'><strong>τὸ</strong></span> <span class='ocrx_word' id='word_1_9' title='bbox 492 479 635 539; x_wconf 70' lang='grc' dir='ltr'>δέοςθ</span> <span class='ocrx_word' id='word_1_10' title='bbox 669 479 763 532; x_wconf 75' lang='grc' dir='ltr'>καὶ</span> <span class='ocrx_word' id='word_1_11' title='bbox 784 478 1078 543; x_wconf 89' lang='grc' dir='ltr'>δεσπόται,</span> <span class='ocrx_word' id='word_1_12' title='bbox 1111 480 1310 534; x_wconf 81' lang='grc' dir='ltr'>δούλων</span> <span class='ocrx_word' id='word_1_13' title='bbox 1343 481 1539 543; x_wconf 69' lang='grc' dir='ltr'>αὐτοὺς</span> <span class='ocrx_word' id='word_1_14' title='bbox 1570 480 1925 547; x_wconf 81' lang='grc' dir='ltr'><strong>ἀποδράντων</strong></span> <span class='ocrx_word' id='word_1_15' title='bbox 1946 518 1961 539; x_wconf 89' lang='grc'><strong>.</strong></span> 
     </span>
    </p>
   </div>
   <div class='ocr_carea' id='block_1_5' title="bbox 2094 478 3652 554">
    <p class='ocr_par' dir='ltr' id='par_1_5' title="bbox 2094 480 3652 554">
     <span class='ocr_line' id='line_1_5' title="bbox 2094 480 3652 554; baseline 0.004 -21"><span class='ocrx_word' id='word_1_16' title='bbox 2094 480 2254 535; x_wconf 77' lang='lat' dir='ltr'><strong>ilibus</strong></span> <span class='ocrx_word' id='word_1_17' title='bbox 2276 481 2537 549; x_wconf 92' lang='lat' dir='ltr'><strong>impetum</strong></span> <span class='ocrx_word' id='word_1_18' title='bbox 2559 482 2722 535; x_wconf 91' lang='lat' dir='ltr'><strong>timor</strong></span> <span class='ocrx_word' id='word_1_19' title='bbox 2746 480 3062 547; x_wconf 86' lang='lat' dir='ltr'><strong>retardavit;</strong></span> <span class='ocrx_word' id='word_1_20' title='bbox 3086 480 3425 552; x_wconf 92' lang='lat' dir='ltr'><strong>dominique,</strong></span> <span class='ocrx_word' id='word_1_21' title='bbox 3444 482 3652 554; x_wconf 68' lang='lat' dir='ltr'><strong>iugieno</strong></span> 
     </span>
    </p>
   </div>
   <div class='ocr_carea' id='block_1_6' title="bbox 403 564 1972 642">
    <p class='ocr_par' dir='ltr' id='par_1_6' title="bbox 403 564 1972 642">
     <span class='ocr_line' id='line_1_6' title="bbox 403 564 1972 642; baseline -0.001 -19"><span class='ocrx_word' id='word_1_22' title='bbox 403 570 558 624; x_wconf 72' lang='grc' dir='ltr'>αὐτοὶ</span> <span class='ocrx_word' id='word_1_23' title='bbox 581 570 681 640; x_wconf 77' lang='grc' dir='ltr'>τὴν</span> <span class='ocrx_word' id='word_1_24' title='bbox 709 571 932 625; x_wconf 84' lang='grc' dir='ltr'>ἐκείνων</span> <span class='ocrx_word' id='word_1_25' title='bbox 958 573 1419 642; x_wconf 69' lang='grc' dir='ltr'>ἀντιλαμϐάνουσι</span> <span class='ocrx_word' id='word_1_26' title='bbox 1449 564 1645 641; x_wconf 81' lang='grc' dir='ltr'>τύχην.</span> <span class='ocrx_word' id='word_1_27' title='bbox 1685 572 1759 623; x_wconf 82' lang='grc' dir='ltr'>Τὸ</span> <span class='ocrx_word' id='word_1_28' title='bbox 1784 570 1829 622; x_wconf 82' lang='grc' dir='ltr'>δ’</span> <span class='ocrx_word' id='word_1_29' title='bbox 1851 570 1972 623; x_wconf 81' lang='grc' dir='ltr'>ὅλον</span> 
     </span>
    </p>
   </div>
   <div class='ocr_carea' id='block_1_7' title="bbox 405 659 1976 733">
    <p class='ocr_par' dir='ltr' id='par_1_7' title="bbox 405 659 1976 733">
     <span class='ocr_line' id='line_1_7' title="bbox 405 659 1976 733; baseline -0.002 -19"><span class='ocrx_word' id='word_1_30' title='bbox 405 661 593 731; x_wconf 71' lang='grc' dir='ltr'>σχῆμα</span> <span class='ocrx_word' id='word_1_31' title='bbox 626 662 727 729; x_wconf 84' lang='grc' dir='ltr'>τῆς</span> <span class='ocrx_word' id='word_1_32' title='bbox 751 662 959 725; x_wconf 87' lang='grc' dir='ltr'>πόλεως</span> <span class='ocrx_word' id='word_1_33' title='bbox 980 663 1171 733; x_wconf 77' lang='grc' dir='ltr'>ὁρᾶται</span> <span class='ocrx_word' id='word_1_34' title='bbox 1197 661 1283 715; x_wconf 75' lang='grc' dir='ltr'><strong>διὰ</strong></span> <span class='ocrx_word' id='word_1_35' title='bbox 1316 662 1537 715; x_wconf 84' lang='grc' dir='ltr'>πάντων</span> <span class='ocrx_word' id='word_1_36' title='bbox 1565 660 1836 729; x_wconf 77' lang='grc' dir='ltr'>ἀμειιρθὲν</span> <span class='ocrx_word' id='word_1_37' title='bbox 1866 659 1976 712; x_wconf 86' lang='grc' dir='ltr'>ῶσ-</span> 
     </span>
    </p>
   </div>
   <div class='ocr_carea' id='block_1_8' title="bbox 403 748 1977 819">
    <p class='ocr_par' dir='ltr' id='par_1_8' title="bbox 403 748 1977 819">
     <span class='ocr_line' id='line_1_8' title="bbox 403 748 1977 819; baseline -0.003 -17"><span class='ocrx_word' id='word_1_38' title='bbox 403 764 511 819; x_wconf 89' lang='grc' dir='ltr'><strong>περ</strong></span> <span class='ocrx_word' id='word_1_39' title='bbox 542 751 600 802; x_wconf 78' lang='grc' dir='ltr'><strong>ἐν</strong></span> <span class='ocrx_word' id='word_1_40' title='bbox 644 749 873 802; x_wconf 75' lang='grc' dir='ltr'>πένθει’</span> <span class='ocrx_word' id='word_1_41' title='bbox 910 749 1113 813; x_wconf 84' lang='grc' dir='ltr'>πάντες</span> <span class='ocrx_word' id='word_1_42' title='bbox 1164 750 1221 803; x_wconf 85' lang='grc' dir='ltr'><strong>δέ</strong></span> <span class='ocrx_word' id='word_1_43' title='bbox 1247 750 1349 819; x_wconf 84' lang='grc' dir='ltr'>τὴν</span> <span class='ocrx_word' id='word_1_44' title='bbox 1393 750 1499 802; x_wconf 85' lang='grc' dir='ltr'><strong>τῶν</strong></span> <span class='ocrx_word' id='word_1_45' title='bbox 1541 749 1727 802; x_wconf 80' lang='grc' dir='ltr'>κακῶν</span> <span class='ocrx_word' id='word_1_46' title='bbox 1760 748 1977 801; x_wconf 88' lang='grc' dir='ltr'>σύνοδον</span> 
     </span>
    </p>
   </div>
   <div class='ocr_carea' id='block_1_9' title="bbox 404 839 2041 908">
    <p class='ocr_par' dir='ltr' id='par_1_9' title="bbox 404 839 2041 908">
     <span class='ocr_line' id='line_1_9' title="bbox 404 839 2041 908; baseline -0.002 -15"><span class='ocrx_word' id='word_1_47' title='bbox 404 839 775 908; x_wconf 75' lang='grc' dir='ltr'><strong>ἐκπλαγέντες</strong></span> <span class='ocrx_word' id='word_1_48' title='bbox 800 880 816 906; x_wconf 95' lang='grc'><strong>,</strong></span> <span class='ocrx_word' id='word_1_49' title='bbox 855 840 1208 908; x_wconf 78' lang='grc' dir='ltr'>ἀπώκνησαν.</span> <span class='ocrx_word' id='word_1_50' title='bbox 1238 842 1348 894; x_wconf 74' lang='grc' dir='ltr'><strong>Καὶ</strong></span> <span class='ocrx_word' id='word_1_51' title='bbox 1378 840 1405 892; x_wconf 78' lang='grc' dir='ltr'><strong>ὃ</strong></span> <span class='ocrx_word' id='word_1_52' title='bbox 1450 841 1577 903; x_wconf 76' lang='grc' dir='ltr'>τοὺς</span> <span class='ocrx_word' id='word_1_53' title='bbox 1607 839 1730 892; x_wconf 86' lang='grc' dir='ltr'>νοῦν</span> <span class='ocrx_word' id='word_1_54' title='bbox 1759 839 1979 908; x_wconf 82' lang='grc' dir='ltr'>ἔχοντας</span> <span class='ocrx_word' id='word_1_55' title='bbox 2040 854 2041 857; x_wconf 77' lang='lat'>‘</span> 
     </span>
    </p>
   </div>
   <div class='ocr_carea' id='block_1_10' title="bbox 405 930 1979 1005">
    <p class='ocr_par' dir='ltr' id='par_1_10' title="bbox 405 930 1979 1005">
     <span class='ocr_line' id='line_1_10' title="bbox 405 930 1979 1005; baseline 0.001 -22"><span class='ocrx_word' id='word_1_56' title='bbox 405 932 708 994; x_wconf 71' lang='grc' dir='ltr'><strong>κατασείει,</strong></span> <span class='ocrx_word' id='word_1_57' title='bbox 738 933 821 986; x_wconf 84' lang='grc' dir='ltr'>ὅτι</span> <span class='ocrx_word' id='word_1_58' title='bbox 854 934 951 986; x_wconf 71' lang='grc' dir='ltr'>καὶ</span> <span class='ocrx_word' id='word_1_59' title='bbox 987 935 1099 987; x_wconf 88' lang='grc' dir='ltr'>τῶν</span> <span class='ocrx_word' id='word_1_60' title='bbox 1128 933 1568 1005; x_wconf 83' lang='grc' dir='ltr'>πολιτευομένων</span> <span class='ocrx_word' id='word_1_61' title='bbox 1598 932 1784 985; x_wconf 71' lang='grc' dir='ltr'>πολλοὶ</span> <span class='ocrx_word' id='word_1_62' title='bbox 1835 930 1979 985; x_wconf 76' lang='grc' dir='ltr'>οὕτω</span> 
     </span>
    </p>
   </div>
   <div class='ocr_carea' id='block_1_11' title="bbox 403 1024 1981 1096">
    <p class='ocr_par' dir='ltr' id='par_1_11' title="bbox 403 1024 1981 1096">
     <span class='ocr_line' id='line_1_11' title="bbox 403 1024 1981 1096; baseline 0.001 -21"><span class='ocrx_word' id='word_1_63' title='bbox 403 1024 710 1093; x_wconf 78' lang='grc' dir='ltr'><strong>χειροήθεις</strong></span> <span class='ocrx_word' id='word_1_64' title='bbox 750 1024 850 1089; x_wconf 85' lang='grc' dir='ltr'>τὰς</span> <span class='ocrx_word' id='word_1_65' title='bbox 897 1027 1124 1095; x_wconf 80' lang='grc' dir='ltr'><strong>γνώμας</strong></span> <span class='ocrx_word' id='word_1_66' title='bbox 1154 1027 1467 1096; x_wconf 88' lang='grc' dir='ltr'>γεγόνασιν,</span> <span class='ocrx_word' id='word_1_67' title='bbox 1505 1027 1581 1089; x_wconf 84' lang='grc' dir='ltr'><strong>ὡς</strong></span> <span class='ocrx_word' id='word_1_68' title='bbox 1625 1025 1769 1095; x_wconf 81' lang='grc' dir='ltr'>ἔχειν</span> <span class='ocrx_word' id='word_1_69' title='bbox 1797 1041 1849 1079; x_wconf 88' lang='grc' dir='ltr'><strong>τι</strong></span> <span class='ocrx_word' id='word_1_70' title='bbox 1885 1026 1981 1078; x_wconf 71' lang='grc' dir='ltr'>καὶ</span> 
     </span>
    </p>
   </div>
   <div class='ocr_carea' id='block_1_12' title="bbox 404 1114 1978 1189">
    <p class='ocr_par' dir='ltr' id='par_1_12' title="bbox 404 1114 1978 1189">
     <span class='ocr_line' id='line_1_12' title="bbox 404 1114 1978 1189; baseline -0.001 -22"><span class='ocrx_word' id='word_1_71' title='bbox 404 1115 569 1168; x_wconf 77' lang='grc' dir='ltr'>καλὸν</span> <span class='ocrx_word' id='word_1_72' title='bbox 584 1114 785 1184; x_wconf 88' lang='grc' dir='ltr'>λέγειν,</span> <span class='ocrx_word' id='word_1_73' title='bbox 808 1116 906 1187; x_wconf 79' lang='grc' dir='ltr'><strong>τὴν</strong></span> <span class='ocrx_word' id='word_1_74' title='bbox 925 1117 1031 1170; x_wconf 69' lang='grc' dir='ltr'><strong>ὑπὸ</strong></span> <span class='ocrx_word' id='word_1_75' title='bbox 1046 1120 1156 1182; x_wconf 79' lang='grc' dir='ltr'>τοῖς</span> <span class='ocrx_word' id='word_1_76' title='bbox 1171 1117 1468 1189; x_wconf 82' lang='grc' dir='ltr'>βαρὸάροις</span> <span class='ocrx_word' id='word_1_77' title='bbox 1488 1116 1693 1178; x_wconf 75' lang='grc' dir='ltr'>τούτοις</span> <span class='ocrx_word' id='word_1_78' title='bbox 1713 1115 1978 1179; x_wconf 81' lang='grc' dir='ltr'>δουλείαν,</span> 
     </span>
    </p>
   </div>
   <div class='ocr_carea' id='block_1_13' title="bbox 392 1206 1983 1278">
    <p class='ocr_par' dir='ltr' id='par_1_13' title="bbox 392 1206 1983 1278">
     <span class='ocr_line' id='line_1_13' title="bbox 392 1206 1983 1278; baseline 0.001 -21"><span class='ocrx_word' id='word_1_79' title='bbox 392 1208 500 1260; x_wconf 75' lang='grc' dir='ltr'>’καὶ</span> <span class='ocrx_word' id='word_1_80' title='bbox 528 1206 655 1270; x_wconf 83' lang='grc' dir='ltr'>τοῦς</span> <span class='ocrx_word' id='word_1_81' title='bbox 687 1206 995 1275; x_wconf 80' lang='grc' dir='ltr'><strong>Ῥωμαίους</strong></span> <span class='ocrx_word' id='word_1_82' title='bbox 1023 1207 1302 1278; x_wconf 85' lang='grc' dir='ltr'>βαρύτερα</span> <span class='ocrx_word' id='word_1_83' title='bbox 1320 1208 1650 1262; x_wconf 86' lang='grc' dir='ltr'>ἐπιτάττειν.</span> <span class='ocrx_word' id='word_1_84' title='bbox 1688 1207 1851 1259; x_wconf 80' lang='grc' dir='ltr'>Ὥστε</span> <span class='ocrx_word' id='word_1_85' title='bbox 1880 1207 1983 1268; x_wconf 19' lang='grc' dir='ltr'>,καὶ</span> 
     </span>
    </p>
   </div>
   <div class='ocr_carea' id='block_1_14' title="bbox 403 1298 1981 1371">
    <p class='ocr_par' dir='ltr' id='par_1_14' title="bbox 403 1298 1981 1371">
     <span class='ocr_line' id='line_1_14' title="bbox 403 1298 1981 1371; baseline 0.001 -22"><span class='ocrx_word' id='word_1_86' title='bbox 403 1298 656 1368; x_wconf 78' lang='grc' dir='ltr'>φανερῶς</span> <span class='ocrx_word' id='word_1_87' title='bbox 682 1299 769 1351; x_wconf 78' lang='grc' dir='ltr'>ἐπ’</span> <span class='ocrx_word' id='word_1_88' title='bbox 800 1299 1043 1362; x_wconf 77' lang='grc' dir='ltr'>ἐκείνους</span> <span class='ocrx_word' id='word_1_89' title='bbox 1078 1300 1445 1370; x_wconf 81' lang='grc' dir='ltr'>ἀποδημοῦσι,</span> <span class='ocrx_word' id='word_1_90' title='bbox 1473 1302 1571 1353; x_wconf 68' lang='grc' dir='ltr'>καὶ</span> <span class='ocrx_word' id='word_1_91' title='bbox 1605 1298 1801 1371; x_wconf 82' lang='grc' dir='ltr'>ρητούς</span> <span class='ocrx_word' id='word_1_92' title='bbox 1831 1315 1981 1360; x_wconf 87' lang='grc' dir='ltr'>τινας</span> 
     </span>
    </p>
   </div>
   <div class='ocr_carea' id='block_1_15' title="bbox 404 1388 1982 1462">
    <p class='ocr_par' dir='ltr' id='par_1_15' title="bbox 404 1388 1982 1462">
     <span class='ocr_line' id='line_1_15' title="bbox 404 1388 1982 1462; baseline -0.004 -17"><span class='ocrx_word' id='word_1_93' title='bbox 404 1394 636 1455; x_wconf 82' lang='grc' dir='ltr'>ἐκείνοις</span> <span class='ocrx_word' id='word_1_94' title='bbox 664 1392 868 1446; x_wconf 86' lang='grc' dir='ltr'>σύνεισι</span> <span class='ocrx_word' id='word_1_95' title='bbox 898 1392 1154 1462; x_wconf 83' lang='grc' dir='ltr'>χρόνους’</span> <span class='ocrx_word' id='word_1_96' title='bbox 1174 1393 1271 1445; x_wconf 74' lang='grc' dir='ltr'>καὶ</span> <span class='ocrx_word' id='word_1_97' title='bbox 1293 1390 1562 1460; x_wconf 74' lang='grc' dir='ltr'>πρόϐατα,</span> <span class='ocrx_word' id='word_1_98' title='bbox 1591 1393 1686 1443; x_wconf 78' lang='grc' dir='ltr'>καὶ</span> <span class='ocrx_word' id='word_1_99' title='bbox 1711 1388 1857 1458; x_wconf 85' lang='grc' dir='ltr'>βοῦς,</span> <span class='ocrx_word' id='word_1_100' title='bbox 1888 1388 1982 1440; x_wconf 79' lang='grc' dir='ltr'>καὶ</span> 
     </span>
    </p>
   </div>
   <div class='ocr_carea' id='block_1_16' title="bbox 407 1477 1984 1550">
    <p class='ocr_par' dir='ltr' id='par_1_16' title="bbox 407 1477 1984 1550">
     <span class='ocr_line' id='line_1_16' title="bbox 407 1477 1984 1550; baseline -0.001 -20"><span class='ocrx_word' id='word_1_101' title='bbox 407 1479 626 1540; x_wconf 75' lang='grc' dir='ltr'>ἵππους,</span> <span class='ocrx_word' id='word_1_102' title='bbox 657 1481 751 1530; x_wconf 81' lang='grc' dir='ltr'>καὶ</span> <span class='ocrx_word' id='word_1_103' title='bbox 778 1479 1040 1550; x_wconf 79' lang='grc' dir='ltr'>ἀργύρια,</span> <span class='ocrx_word' id='word_1_104' title='bbox 1067 1479 1295 1549; x_wconf 76' lang='grc' dir='ltr'>μισθοὺς</span> <span class='ocrx_word' id='word_1_105' title='bbox 1326 1477 1511 1549; x_wconf 79' lang='grc' dir='ltr'>ἔχουσι</span> <span class='ocrx_word' id='word_1_106' title='bbox 1542 1479 1641 1546; x_wconf 84' lang='grc' dir='ltr'><strong>τῆς</strong></span> <span class='ocrx_word' id='word_1_107' title='bbox 1666 1477 1825 1547; x_wconf 79' lang='grc' dir='ltr'>ἡμῶν</span> <span class='ocrx_word' id='word_1_108' title='bbox 1852 1492 1984 1547; x_wconf 86' lang='grc' dir='ltr'>προ-</span> 
     </span>
    </p>
   </div>
   <div class='ocr_carea' id='block_1_17' title="bbox 402 1569 1984 1640">
    <p class='ocr_par' dir='ltr' id='par_1_17' title="bbox 402 1569 1984 1640">
     <span class='ocr_line' id='line_1_17' title="bbox 402 1569 1984 1640; baseline 0 -19"><span class='ocrx_word' id='word_1_109' title='bbox 402 1570 614 1633; x_wconf 83' lang='grc' dir='ltr'>δοσίας·</span> <span class='ocrx_word' id='word_1_110' title='bbox 639 1571 734 1623; x_wconf 58' lang='grc' dir='ltr'><strong>καὶ⁵</strong></span> <span class='ocrx_word' id='word_1_111' title='bbox 763 1588 825 1622; x_wconf 91' lang='grc' dir='ltr'><strong>συ</strong></span> <span class='ocrx_word' id='word_1_112' title='bbox 835 1571 1120 1639; x_wconf 82' lang='grc' dir='ltr'>μπίνοντες</span> <span class='ocrx_word' id='word_1_113' title='bbox 1146 1570 1401 1632; x_wconf 78' lang='grc' dir='ltr'>ἐκείνοις,</span> <span class='ocrx_word' id='word_1_114' title='bbox 1421 1570 1520 1639; x_wconf 77' lang='grc' dir='ltr'>τὴν</span> <span class='ocrx_word' id='word_1_115' title='bbox 1539 1571 1817 1640; x_wconf 81' lang='grc' dir='ltr'><strong>ἡμετέραν</strong></span> <span class='ocrx_word' id='word_1_116' title='bbox 1834 1569 1984 1623; x_wconf 81' lang='grc' dir='ltr'><strong>ἀπώ-</strong></span> 
     </span>
    </p>
   </div>
   <div class='ocr_carea' id='block_1_18' title="bbox 403 1660 1984 1731">
    <p class='ocr_par' dir='ltr' id='par_1_18' title="bbox 403 1660 1984 1731">
     <span class='ocr_line' id='line_1_18' title="bbox 403 1660 1984 1731; baseline 0 -18"><span class='ocrx_word' id='word_1_117' title='bbox 403 1660 554 1714; x_wconf 83' lang='grc' dir='ltr'>λειαν</span> <span class='ocrx_word' id='word_1_118' title='bbox 586 1660 771 1731; x_wconf 79' lang='grc' dir='ltr'>ᾅδουσι</span> <span class='ocrx_word' id='word_1_119' title='bbox 791 1675 803 1688; x_wconf 88' lang='grc'><strong>·</strong></span> <span class='ocrx_word' id='word_1_120' title='bbox 848 1660 943 1713; x_wconf 80' lang='grc' dir='ltr'>καὶ</span> <span class='ocrx_word' id='word_1_121' title='bbox 969 1660 1069 1731; x_wconf 83' lang='grc' dir='ltr'><strong>τὴν</strong></span> <span class='ocrx_word' id='word_1_122' title='bbox 1112 1660 1208 1713; x_wconf 88' lang='grc' dir='ltr'><strong>τοῦ</strong></span> <span class='ocrx_word' id='word_1_123' title='bbox 1239 1660 1411 1724; x_wconf 88' lang='grc' dir='ltr'>δεῖνος</span> <span class='ocrx_word' id='word_1_124' title='bbox 1454 1662 1653 1726; x_wconf 89' lang='grc' dir='ltr'>οίκίαν,</span> <span class='ocrx_word' id='word_1_125' title='bbox 1686 1661 1717 1730; x_wconf 85' lang='grc' dir='ltr'>ἢ</span> <span class='ocrx_word' id='word_1_126' title='bbox 1750 1660 1848 1731; x_wconf 77' lang='grc' dir='ltr'><strong>τὴν</strong></span> <span class='ocrx_word' id='word_1_127' title='bbox 1885 1662 1984 1727; x_wconf 73' lang='grc' dir='ltr'>τῆς</span> 
     </span>
    </p>
   </div>
   <div class='ocr_carea' id='block_1_19' title="bbox 404 1748 1978 1821">
    <p class='ocr_par' dir='ltr' id='par_1_19' title="bbox 404 1748 1978 1821">
     <span class='ocr_line' id='line_1_19' title="bbox 404 1748 1978 1821; baseline -0.001 -17"><span class='ocrx_word' id='word_1_128' title='bbox 404 1751 665 1820; x_wconf 70' lang='grc' dir='ltr'>γυναικὸς</span> <span class='ocrx_word' id='word_1_129' title='bbox 695 1748 868 1820; x_wconf 81' lang='grc' dir='ltr'>ὥραν,</span> <span class='ocrx_word' id='word_1_130' title='bbox 898 1750 931 1819; x_wconf 77' lang='grc' dir='ltr'>ἢ</span> <span class='ocrx_word' id='word_1_131' title='bbox 960 1751 1061 1821; x_wconf 84' lang='grc' dir='ltr'><strong>τὴν</strong></span> <span class='ocrx_word' id='word_1_132' title='bbox 1087 1751 1294 1805; x_wconf 86' lang='grc' dir='ltr'>παίδων</span> <span class='ocrx_word' id='word_1_133' title='bbox 1326 1752 1557 1813; x_wconf 78' lang='grc' dir='ltr'>ἐκείνοις</span> <span class='ocrx_word' id='word_1_134' title='bbox 1588 1752 1945 1820; x_wconf 82' lang='grc' dir='ltr'>προπίνουσιν</span> <span class='ocrx_word' id='word_1_135' title='bbox 1965 1767 1978 1781; x_wconf 72' lang='grc' dir='ltr'><strong>ο</strong></span> 
     </span>
    </p>
   </div>
   <div class='ocr_carea' id='block_1_20' title="bbox 2082 570 3655 641">
    <p class='ocr_par' dir='ltr' id='par_1_20' title="bbox 2082 570 3655 641">
     <span class='ocr_line' id='line_1_20' title="bbox 2082 570 3655 641; baseline 0.003 -19"><span class='ocrx_word' id='word_1_136' title='bbox 2082 570 2227 625; x_wconf 88' lang='lat' dir='ltr'><strong>tibus</strong></span> <span class='ocrx_word' id='word_1_137' title='bbox 2246 572 2632 635; x_wconf 86' lang='lat' dir='ltr'><strong>servis,eorum</strong></span> <span class='ocrx_word' id='word_1_138' title='bbox 2654 574 2755 641; x_wconf 85' lang='lat' dir='ltr'><strong>ipsi</strong></span> <span class='ocrx_word' id='word_1_139' title='bbox 2780 572 3017 628; x_wconf 87' lang='lat' dir='ltr'><strong>vicissim</strong></span> <span class='ocrx_word' id='word_1_140' title='bbox 3041 572 3277 627; x_wconf 90' lang='lat' dir='ltr'><strong>subeunt</strong></span> <span class='ocrx_word' id='word_1_141' title='bbox 3297 575 3655 630; x_wconf 87' lang='lat' dir='ltr'><strong>sortem.Uni-</strong></span> 
     </span>
    </p>
   </div>
   <div class='ocr_carea' id='block_1_21' title="bbox 2080 662 3653 735">
    <p class='ocr_par' dir='ltr' id='par_1_21' title="bbox 2080 662 3653 735">
     <span class='ocr_line' id='line_1_21' title="bbox 2080 662 3653 735; baseline 0.004 -22"><span class='ocrx_word' id='word_1_142' title='bbox 2080 676 2233 716; x_wconf 88' lang='lat' dir='ltr'><strong>versa</strong></span> <span class='ocrx_word' id='word_1_143' title='bbox 2253 662 2490 716; x_wconf 75' lang='lat' dir='ltr'><strong>civitatis</strong></span> <span class='ocrx_word' id='word_1_144' title='bbox 2510 664 2718 733; x_wconf 87' lang='lat' dir='ltr'><strong>species</strong></span> <span class='ocrx_word' id='word_1_145' title='bbox 2735 665 2881 717; x_wconf 90' lang='lat' dir='ltr'><strong>omni</strong></span> <span class='ocrx_word' id='word_1_146' title='bbox 2913 679 3064 735; x_wconf 87' lang='lat' dir='ltr'><strong>parte</strong></span> <span class='ocrx_word' id='word_1_147' title='bbox 3083 664 3233 718; x_wconf 89' lang='lat' dir='ltr'><strong>velut</strong></span> <span class='ocrx_word' id='word_1_148' title='bbox 3254 667 3307 719; x_wconf 93' lang='lat' dir='ltr'><strong>in</strong></span> <span class='ocrx_word' id='word_1_149' title='bbox 3331 666 3482 722; x_wconf 89' lang='lat' dir='ltr'><strong>luctu</strong></span> <span class='ocrx_word' id='word_1_150' title='bbox 3504 682 3653 721; x_wconf 87' lang='lat' dir='ltr'><strong>com-</strong></span> 
     </span>
    </p>
   </div>
   <div class='ocr_carea' id='block_1_22' title="bbox 2080 753 3652 823">
    <p class='ocr_par' dir='ltr' id='par_1_22' title="bbox 2080 753 3652 823">
     <span class='ocr_line' id='line_1_22' title="bbox 2080 753 3652 823; baseline 0.005 -20"><span class='ocrx_word' id='word_1_151' title='bbox 2080 758 2287 803; x_wconf 90' lang='lat' dir='ltr'><strong>mutata</strong></span> <span class='ocrx_word' id='word_1_152' title='bbox 2312 754 2557 806; x_wconf 90' lang='lat' dir='ltr'><strong>cernitur</strong></span> <span class='ocrx_word' id='word_1_153' title='bbox 2583 773 2596 806; x_wconf 87' lang='lat'><strong>:</strong></span> <span class='ocrx_word' id='word_1_154' title='bbox 2624 756 2916 823; x_wconf 87' lang='lat' dir='ltr'><strong>cunctique</strong></span> <span class='ocrx_word' id='word_1_155' title='bbox 2944 757 3215 810; x_wconf 90' lang='lat' dir='ltr'><strong>malorum</strong></span> <span class='ocrx_word' id='word_1_156' title='bbox 3236 753 3473 813; x_wconf 76' lang='lat' dir='ltr'><strong>coitione</strong></span> <span class='ocrx_word' id='word_1_157' title='bbox 3503 767 3652 812; x_wconf 78' lang='lat' dir='ltr'><strong>tanta</strong></span> 
     </span>
    </p>
   </div>
   <div class='ocr_carea' id='block_1_23' title="bbox 2080 835 3655 921">
    <p class='ocr_par' dir='ltr' id='par_1_23' title="bbox 2080 835 3655 921">
     <span class='ocr_line' id='line_1_23' title="bbox 2080 835 3655 921; baseline 0.006 -25"><span class='ocrx_word' id='word_1_158' title='bbox 2080 835 2396 912; x_wconf 68' lang='lat' dir='ltr'><strong>stupefacti,</strong></span> <span class='ocrx_word' id='word_1_159' title='bbox 2432 846 2645 901; x_wconf 90' lang='lat' dir='ltr'><strong>animos</strong></span> <span class='ocrx_word' id='word_1_160' title='bbox 2680 846 3113 917; x_wconf 90' lang='lat' dir='ltr'><strong>desponderunt.</strong></span> <span class='ocrx_word' id='word_1_161' title='bbox 3136 849 3277 915; x_wconf 87' lang='lat' dir='ltr'><strong>Quin</strong></span> <span class='ocrx_word' id='word_1_162' title='bbox 3298 851 3402 905; x_wconf 92' lang='lat' dir='ltr'><strong>hoc</strong></span> <span class='ocrx_word' id='word_1_163' title='bbox 3432 863 3655 921; x_wconf 84' lang='lat' dir='ltr'><strong>quoque</strong></span> 
     </span>
    </p>
   </div>
   <div class='ocr_carea' id='block_1_24' title="bbox 2081 934 3654 1007">
    <p class='ocr_par' dir='ltr' id='par_1_24' title="bbox 2081 934 3654 1007">
     <span class='ocr_line' id='line_1_24' title="bbox 2081 934 3654 1007; baseline 0.002 -21"><span class='ocrx_word' id='word_1_164' title='bbox 2081 934 2393 1002; x_wconf 85' lang='lat' dir='ltr'><strong>sapientum</strong></span> <span class='ocrx_word' id='word_1_165' title='bbox 2441 945 2678 989; x_wconf 87' lang='lat' dir='ltr'><strong>mentem</strong></span> <span class='ocrx_word' id='word_1_166' title='bbox 2710 937 2913 1006; x_wconf 84' lang='lat' dir='ltr'><strong>qnatit,</strong></span> <span class='ocrx_word' id='word_1_167' title='bbox 2940 938 3086 1007; x_wconf 88' lang='lat' dir='ltr'><strong>quod</strong></span> <span class='ocrx_word' id='word_1_168' title='bbox 3125 939 3277 993; x_wconf 88' lang='lat' dir='ltr'><strong>mulli</strong></span> <span class='ocrx_word' id='word_1_169' title='bbox 3332 940 3481 994; x_wconf 83' lang='lat' dir='ltr'><strong>cives</strong></span> <span class='ocrx_word' id='word_1_170' title='bbox 3515 942 3654 994; x_wconf 84' lang='lat' dir='ltr'><strong>adeo</strong></span> 
     </span>
    </p>
   </div>
   <div class='ocr_carea' id='block_1_25' title="bbox 2081 1024 3655 1098">
    <p class='ocr_par' dir='ltr' id='par_1_25' title="bbox 2081 1024 3655 1098">
     <span class='ocr_line' id='line_1_25' title="bbox 2081 1024 3655 1098; baseline 0.004 -21"><span class='ocrx_word' id='word_1_171' title='bbox 2081 1024 2267 1078; x_wconf 77' lang='lat' dir='ltr'><strong>servili</strong></span> <span class='ocrx_word' id='word_1_172' title='bbox 2315 1025 2500 1078; x_wconf 87' lang='lat' dir='ltr'><strong>animo</strong></span> <span class='ocrx_word' id='word_1_173' title='bbox 2548 1024 2677 1080; x_wconf 85' lang='lat' dir='ltr'><strong>facti</strong></span> <span class='ocrx_word' id='word_1_174' title='bbox 2713 1026 2844 1091; x_wconf 91' lang='lat' dir='ltr'><strong>sint,</strong></span> <span class='ocrx_word' id='word_1_175' title='bbox 2884 1036 2941 1083; x_wconf 90' lang='lat' dir='ltr'><strong>ut</strong></span> <span class='ocrx_word' id='word_1_176' title='bbox 2975 1028 3104 1098; x_wconf 71' lang='lat' dir='ltr'><strong>Quid</strong></span> <span class='ocrx_word' id='word_1_177' title='bbox 3144 1026 3295 1097; x_wconf 86' lang='lat' dir='ltr'><strong>boni,</strong></span> <span class='ocrx_word' id='word_1_178' title='bbox 3338 1029 3412 1085; x_wconf 85' lang='lat' dir='ltr'><strong>illi</strong></span> <span class='ocrx_word' id='word_1_179' title='bbox 3449 1031 3655 1085; x_wconf 84' lang='lat' dir='ltr'><strong>Barba-</strong></span> 
     </span>
    </p>
   </div>
   <div class='ocr_carea' id='block_1_26' title="bbox 2083 1116 3652 1195">
    <p class='ocr_par' dir='ltr' id='par_1_26' title="bbox 2083 1116 3652 1195">
     <span class='ocr_line' id='line_1_26' title="bbox 2083 1116 3652 1195; baseline 0.005 -26"><span class='ocrx_word' id='word_1_180' title='bbox 2083 1129 2273 1169; x_wconf 89' lang='lat' dir='ltr'><strong>rorum</strong></span> <span class='ocrx_word' id='word_1_181' title='bbox 2289 1116 2543 1171; x_wconf 89' lang='lat' dir='ltr'><strong>servituti</strong></span> <span class='ocrx_word' id='word_1_182' title='bbox 2581 1118 2760 1172; x_wconf 84' lang='lat' dir='ltr'><strong>inesse</strong></span> <span class='ocrx_word' id='word_1_183' title='bbox 2787 1119 2990 1185; x_wconf 90' lang='lat' dir='ltr'><strong>dicant,</strong></span> <span class='ocrx_word' id='word_1_184' title='bbox 3006 1136 3070 1175; x_wconf 90' lang='lat' dir='ltr'><strong>ac</strong></span> <span class='ocrx_word' id='word_1_185' title='bbox 3095 1121 3372 1177; x_wconf 83' lang='lat' dir='ltr'><strong>Romanos</strong></span> <span class='ocrx_word' id='word_1_186' title='bbox 3401 1123 3652 1195; x_wconf 78' lang='lat' dir='ltr'><strong>graviora</strong></span> 
     </span>
    </p>
   </div>
   <div class='ocr_carea' id='block_1_27' title="bbox 2079 1205 3655 1284">
    <p class='ocr_par' dir='ltr' id='par_1_27' title="bbox 2079 1205 3655 1284">
     <span class='ocr_line' id='line_1_27' title="bbox 2079 1205 3655 1284; baseline 0.005 -24"><span class='ocrx_word' id='word_1_187' title='bbox 2079 1205 2296 1277; x_wconf 82' lang='lat' dir='ltr'><strong>jubere.</strong></span> <span class='ocrx_word' id='word_1_188' title='bbox 2332 1206 2699 1273; x_wconf 86' lang='lat' dir='ltr'><strong>Quamobrem</strong></span> <span class='ocrx_word' id='word_1_189' title='bbox 2732 1210 2893 1265; x_wconf 88' lang='lat' dir='ltr'><strong>etiam</strong></span> <span class='ocrx_word' id='word_1_190' title='bbox 2924 1212 3202 1282; x_wconf 85' lang='lat' dir='ltr'><strong>propalam</strong></span> <span class='ocrx_word' id='word_1_191' title='bbox 3235 1214 3303 1267; x_wconf 86' lang='lat' dir='ltr'><strong>ad</strong></span> <span class='ocrx_word' id='word_1_192' title='bbox 3338 1213 3460 1269; x_wconf 91' lang='lat' dir='ltr'><strong>illos</strong></span> <span class='ocrx_word' id='word_1_193' title='bbox 3486 1213 3655 1284; x_wconf 77' lang='lat' dir='ltr'><strong>proﬁ-</strong></span> 
     </span>
    </p>
   </div>
   <div class='ocr_carea' id='block_1_28' title="bbox 2084 1298 3649 1374">
    <p class='ocr_par' dir='ltr' id='par_1_28' title="bbox 2084 1298 3649 1374">
     <span class='ocr_line' id='line_1_28' title="bbox 2084 1298 3649 1374; baseline 0.004 -22"><span class='ocrx_word' id='word_1_194' title='bbox 2084 1298 2655 1369; x_wconf 68' lang='lat' dir='ltr'><strong>cismtntur,apudque</strong></span> <span class='ocrx_word' id='word_1_195' title='bbox 2688 1300 2809 1355; x_wconf 91' lang='lat' dir='ltr'><strong>illos</strong></span> <span class='ocrx_word' id='word_1_196' title='bbox 2844 1303 3011 1357; x_wconf 82' lang='lat' dir='ltr'><strong>certis</strong></span> <span class='ocrx_word' id='word_1_197' title='bbox 3060 1303 3389 1373; x_wconf 87' lang='lat' dir='ltr'><strong>quibusdam</strong></span> <span class='ocrx_word' id='word_1_198' title='bbox 3436 1314 3649 1374; x_wconf 80' lang='lat' dir='ltr'><strong>tempo-</strong></span> 
     </span>
    </p>
   </div>
   <div class='ocr_carea' id='block_1_29' title="bbox 2086 1388 3656 1463">
    <p class='ocr_par' dir='ltr' id='par_1_29' title="bbox 2086 1388 3656 1463">
     <span class='ocr_line' id='line_1_29' title="bbox 2086 1388 3656 1463; baseline 0.004 -21"><span class='ocrx_word' id='word_1_199' title='bbox 2086 1388 2242 1443; x_wconf 87' lang='lat' dir='ltr'><strong>ribus</strong></span> <span class='ocrx_word' id='word_1_200' title='bbox 2272 1394 2586 1451; x_wconf 87' lang='lat' dir='ltr'><strong>versantur,</strong></span> <span class='ocrx_word' id='word_1_201' title='bbox 2620 1404 2883 1459; x_wconf 88' lang='lat' dir='ltr'><strong>ovesque,</strong></span> <span class='ocrx_word' id='word_1_202' title='bbox 2930 1402 2984 1446; x_wconf 89' lang='lat' dir='ltr'><strong>et</strong></span> <span class='ocrx_word' id='word_1_203' title='bbox 3023 1392 3209 1457; x_wconf 86' lang='lat' dir='ltr'><strong>boves,</strong></span> <span class='ocrx_word' id='word_1_204' title='bbox 3264 1405 3320 1447; x_wconf 87' lang='lat' dir='ltr'><strong>et</strong></span> <span class='ocrx_word' id='word_1_205' title='bbox 3366 1410 3556 1463; x_wconf 89' lang='lat' dir='ltr'><strong>equos,</strong></span> <span class='ocrx_word' id='word_1_206' title='bbox 3590 1410 3656 1449; x_wconf 90' lang='lat' dir='ltr'><strong>ac</strong></span> 
     </span>
    </p>
   </div>
   <div class='ocr_carea' id='block_1_30' title="bbox 2086 1480 3650 1553">
    <p class='ocr_par' dir='ltr' id='par_1_30' title="bbox 2086 1480 3650 1553">
     <span class='ocr_line' id='line_1_30' title="bbox 2086 1480 3650 1553; baseline 0.003 -21"><span class='ocrx_word' id='word_1_207' title='bbox 2086 1480 2368 1548; x_wconf 84' lang='lat' dir='ltr'><strong>pecunias.</strong></span> <span class='ocrx_word' id='word_1_208' title='bbox 2399 1488 2600 1534; x_wconf 70' lang='lat' dir='ltr'><strong>nostra:</strong></span> <span class='ocrx_word' id='word_1_209' title='bbox 2637 1480 2944 1535; x_wconf 86' lang='lat' dir='ltr'><strong>mercedem</strong></span> <span class='ocrx_word' id='word_1_210' title='bbox 2982 1482 3313 1551; x_wconf 81' lang='lat' dir='ltr'><strong>proditionis</strong></span> <span class='ocrx_word' id='word_1_211' title='bbox 3350 1485 3650 1553; x_wconf 87' lang='lat' dir='ltr'><strong>accipiunt,</strong></span> 
     </span>
    </p>
   </div>
   <div class='ocr_carea' id='block_1_31' title="bbox 2083 1571 3653 1643">
    <p class='ocr_par' dir='ltr' id='par_1_31' title="bbox 2083 1571 3653 1643">
     <span class='ocr_line' id='line_1_31' title="bbox 2083 1571 3653 1643; baseline 0.003 -18"><span class='ocrx_word' id='word_1_212' title='bbox 2083 1571 2279 1639; x_wconf 87' lang='lat' dir='ltr'><strong>eisque</strong></span> <span class='ocrx_word' id='word_1_213' title='bbox 2312 1580 2692 1640; x_wconf 86' lang='lat' dir='ltr'><strong>compotantes</strong></span> <span class='ocrx_word' id='word_1_214' title='bbox 2730 1581 2975 1626; x_wconf 91' lang='lat' dir='ltr'><strong>nostram</strong></span> <span class='ocrx_word' id='word_1_215' title='bbox 3010 1582 3213 1628; x_wconf 88' lang='lat' dir='ltr'><strong>canunt</strong></span> <span class='ocrx_word' id='word_1_216' title='bbox 3248 1575 3607 1643; x_wconf 87' lang='lat' dir='ltr'><strong>perditionem</strong></span> <span class='ocrx_word' id='word_1_217' title='bbox 3638 1594 3653 1642; x_wconf 88' lang='lat'><strong>;</strong></span> 
     </span>
    </p>
   </div>
   <div class='ocr_carea' id='block_1_32' title="bbox 2086 1661 3652 1734">
    <p class='ocr_par' dir='ltr' id='par_1_32' title="bbox 2086 1661 3652 1734">
     <span class='ocr_line' id='line_1_32' title="bbox 2086 1661 3652 1734; baseline 0.003 -20"><span class='ocrx_word' id='word_1_218' title='bbox 2086 1676 2151 1714; x_wconf 87' lang='lat' dir='ltr'><strong>ac</strong></span> <span class='ocrx_word' id='word_1_219' title='bbox 2198 1662 2361 1732; x_wconf 86' lang='lat' dir='ltr'><strong>hujus</strong></span> <span class='ocrx_word' id='word_1_220' title='bbox 2390 1661 2636 1725; x_wconf 91' lang='lat' dir='ltr'><strong>domum,</strong></span> <span class='ocrx_word' id='word_1_221' title='bbox 2679 1664 2868 1717; x_wconf 79' lang='lat' dir='ltr'><strong>uxoris</strong></span> <span class='ocrx_word' id='word_1_222' title='bbox 2904 1664 3048 1718; x_wconf 91' lang='lat' dir='ltr'><strong>illius</strong></span> <span class='ocrx_word' id='word_1_223' title='bbox 3076 1664 3338 1734; x_wconf 83' lang='lat' dir='ltr'><strong>speciem,</strong></span> <span class='ocrx_word' id='word_1_224' title='bbox 3370 1676 3463 1720; x_wconf 90' lang='lat' dir='ltr'><strong>aut</strong></span> <span class='ocrx_word' id='word_1_225' title='bbox 3489 1668 3652 1720; x_wconf 90' lang='lat' dir='ltr'><strong>etiam</strong></span> 
     </span>
    </p>
   </div>
   <div class='ocr_carea' id='block_1_33' title="bbox 2089 1752 3657 1825">
    <p class='ocr_par' dir='ltr' id='par_1_33' title="bbox 2089 1752 3657 1825">
     <span class='ocr_line' id='line_1_33' title="bbox 2089 1752 3657 1825; baseline 0.005 -21"><span class='ocrx_word' id='word_1_226' title='bbox 2089 1752 2400 1821; x_wconf 79' lang='lat' dir='ltr'><strong>pignorum,</strong></span> <span class='ocrx_word' id='word_1_227' title='bbox 2436 1753 2506 1807; x_wconf 89' lang='lat' dir='ltr'><strong>iis</strong></span> <span class='ocrx_word' id='word_1_228' title='bbox 2538 1754 2832 1823; x_wconf 87' lang='lat' dir='ltr'><strong>propinant</strong></span> <span class='ocrx_word' id='word_1_229' title='bbox 2862 1773 2877 1809; x_wconf 90' lang='lat'><strong><em>:</em></strong></span> <span class='ocrx_word' id='word_1_230' title='bbox 2923 1755 3068 1825; x_wconf 92' lang='lat' dir='ltr'><strong>apud</strong></span> <span class='ocrx_word' id='word_1_231' title='bbox 3115 1770 3172 1810; x_wconf 92' lang='lat' dir='ltr'><strong>se</strong></span> <span class='ocrx_word' id='word_1_232' title='bbox 3204 1767 3384 1812; x_wconf 89' lang='lat' dir='ltr'><strong>autem</strong></span> <span class='ocrx_word' id='word_1_233' title='bbox 3427 1759 3478 1811; x_wconf 91' lang='lat' dir='ltr'><strong>in</strong></span> <span class='ocrx_word' id='word_1_234' title='bbox 3513 1758 3657 1812; x_wconf 87' lang='lat' dir='ltr'><strong>votis</strong></span> 
     </span>
    </p>
   </div>
   <div class='ocr_carea' id='block_1_34' title="bbox 406 1814 1991 1916">
    <p class='ocr_par' dir='ltr' id='par_1_34' title="bbox 406 1814 1983 1911">
     <span class='ocr_line' id='line_1_34' title="bbox 406 1814 1983 1911; baseline 0 -18"><span class='ocrx_word' id='word_1_235' title='bbox 406 1814 654 1910; x_wconf 72' lang='grc' dir='ltr'>εὖχονται</span> <span class='ocrx_word' id='word_1_236' title='bbox 699 1814 757 1892; x_wconf 63' lang='grc' dir='ltr'>δέ</span> <span class='ocrx_word' id='word_1_237' title='bbox 786 1814 940 1911; x_wconf 74' lang='grc' dir='ltr'>παρά</span> <span class='ocrx_word' id='word_1_238' title='bbox 976 1814 1160 1909; x_wconf 51' lang='grc' dir='ltr'>σξοίσιν</span> <span class='ocrx_word' id='word_1_239' title='bbox 1188 1840 1316 1893; x_wconf 84' lang='grc' dir='ltr'><strong>ίδεῖν</strong></span> <span class='ocrx_word' id='word_1_240' title='bbox 1344 1840 1450 1893; x_wconf 73' lang='grc' dir='ltr'><strong>ὑπὸ</strong></span> <span class='ocrx_word' id='word_1_241' title='bbox 1477 1814 1699 1893; x_wconf 81' lang='grc' dir='ltr'>πάντων</span> <span class='ocrx_word' id='word_1_242' title='bbox 1743 1856 1983 1910; x_wconf 82' lang='grc' dir='ltr'>προσκυ-</span> 
     </span>
    </p>
   </div>
   <div class='ocr_carea' id='block_1_35' title="bbox 2094 1814 3657 1916">
    <p class='ocr_par' dir='ltr' id='par_1_35' title="bbox 2094 1841 3657 1916">
     <span class='ocr_line' id='line_1_35' title="bbox 2094 1841 3657 1916; baseline 0.006 -22"><span class='ocrx_word' id='word_1_243' title='bbox 2094 1841 2325 1908; x_wconf 86' lang='lat' dir='ltr'><strong>habent,</strong></span> <span class='ocrx_word' id='word_1_244' title='bbox 2361 1852 2423 1897; x_wconf 92' lang='lat' dir='ltr'><strong>ut</strong></span> <span class='ocrx_word' id='word_1_245' title='bbox 2454 1843 2524 1897; x_wconf 88' lang='lat' dir='ltr'><strong>ab</strong></span> <span class='ocrx_word' id='word_1_246' title='bbox 2556 1844 2826 1900; x_wconf 84' lang='lat' dir='ltr'><strong>universis</strong></span> <span class='ocrx_word' id='word_1_247' title='bbox 2863 1847 3076 1902; x_wconf 89' lang='lat' dir='ltr'><strong>adorari</strong></span> <span class='ocrx_word' id='word_1_248' title='bbox 3116 1849 3365 1905; x_wconf 87' lang='lat' dir='ltr'><strong>homines</strong></span> <span class='ocrx_word' id='word_1_249' title='bbox 3412 1851 3657 1916; x_wconf 85' lang='lat' dir='ltr'><strong>videant,</strong></span> 
     </span>
    </p>
   </div>
   <div class='ocr_carea' id='block_1_36' title="bbox 407 1930 1980 2002">
    <p class='ocr_par' dir='ltr' id='par_1_36' title="bbox 407 1930 1980 2002">
     <span class='ocr_line' id='line_1_36' title="bbox 407 1930 1980 2002; baseline -0.003 -17"><span class='ocrx_word' id='word_1_250' title='bbox 407 1932 701 2002; x_wconf 83' lang='grc' dir='ltr'>νουμένους</span> <span class='ocrx_word' id='word_1_251' title='bbox 722 1946 736 1962; x_wconf 88' lang='grc'><strong>·</strong></span> <span class='ocrx_word' id='word_1_252' title='bbox 771 1932 926 1985; x_wconf 79' lang='grc' dir='ltr'>ταῦτ’</span> <span class='ocrx_word' id='word_1_253' title='bbox 958 1931 1207 1993; x_wconf 75' lang='grc' dir='ltr'>εἰπόντες</span> <span class='ocrx_word' id='word_1_254' title='bbox 1234 1931 1331 1985; x_wconf 73' lang='grc' dir='ltr'>καὶ</span> <span class='ocrx_word' id='word_1_255' title='bbox 1352 1930 1659 2001; x_wconf 77' lang='grc' dir='ltr'>πράξαντες</span> <span class='ocrx_word' id='word_1_256' title='bbox 1685 1931 1980 2000; x_wconf 78' lang='grc' dir='ltr'>ἐπανῆκον,</span> 
     </span>
    </p>
   </div>
   <div class='ocr_carea' id='block_1_37' title="bbox 409 2022 1980 2094">
    <p class='ocr_par' dir='ltr' id='par_1_37' title="bbox 409 2022 1980 2094">
     <span class='ocr_line' id='line_1_37' title="bbox 409 2022 1980 2094; baseline -0.004 -15"><span class='ocrx_word' id='word_1_257' title='bbox 409 2022 813 2094; x_wconf 73' lang='grc' dir='ltr'>ἐνδεικνύμενοι</span> <span class='ocrx_word' id='word_1_258' title='bbox 860 2026 976 2088; x_wconf 81' lang='grc' dir='ltr'>τοῖς</span> <span class='ocrx_word' id='word_1_259' title='bbox 1033 2024 1286 2088; x_wconf 80' lang='grc' dir='ltr'>πολίταις</span> <span class='ocrx_word' id='word_1_260' title='bbox 1334 2023 1411 2089; x_wconf 85' lang='grc' dir='ltr'><strong>ὡς</strong></span> <span class='ocrx_word' id='word_1_261' title='bbox 1455 2025 1504 2076; x_wconf 89' lang='grc' dir='ltr'><strong>εί</strong></span> <span class='ocrx_word' id='word_1_262' title='bbox 1553 2022 1629 2094; x_wconf 79' lang='grc' dir='ltr'>μὴ</span> <span class='ocrx_word' id='word_1_263' title='bbox 1671 2024 1980 2091; x_wconf 82' lang='grc' dir='ltr'>σιγήσουσι,</span> 
     </span>
    </p>
   </div>
   <div class='ocr_carea' id='block_1_38' title="bbox 410 2116 1986 2188">
    <p class='ocr_par' dir='ltr' id='par_1_38' title="bbox 410 2116 1986 2188">
     <span class='ocr_line' id='line_1_38' title="bbox 410 2116 1986 2188; baseline -0.003 -17"><span class='ocrx_word' id='word_1_264' title='bbox 410 2118 549 2188; x_wconf 73' lang='grc' dir='ltr'>πρὸς</span> <span class='ocrx_word' id='word_1_265' title='bbox 576 2119 702 2180; x_wconf 74' lang='grc' dir='ltr'>τοὺς</span> <span class='ocrx_word' id='word_1_266' title='bbox 730 2117 997 2181; x_wconf 78' lang='grc' dir='ltr'>δεσπότας</span> <span class='ocrx_word' id='word_1_267' title='bbox 1029 2118 1209 2171; x_wconf 88' lang='grc' dir='ltr'>αύτῶν</span> <span class='ocrx_word' id='word_1_268' title='bbox 1246 2117 1561 2187; x_wconf 85' lang='grc' dir='ltr'>κατεροῦσι,</span> <span class='ocrx_word' id='word_1_269' title='bbox 1595 2117 1722 2179; x_wconf 76' lang='grc' dir='ltr'>τοὺς</span> <span class='ocrx_word' id='word_1_270' title='bbox 1756 2116 1986 2170; x_wconf 84' lang='grc' dir='ltr'>ἀλάστο-</span> 
     </span>
    </p>
   </div>
   <div class='ocr_carea' id='block_1_39' title="bbox 412 2206 1986 2278">
    <p class='ocr_par' dir='ltr' id='par_1_39' title="bbox 412 2206 1986 2278">
     <span class='ocr_line' id='line_1_39' title="bbox 412 2206 1986 2278; baseline -0.001 -17"><span class='ocrx_word' id='word_1_271' title='bbox 412 2226 513 2278; x_wconf 86' lang='grc' dir='ltr'><strong>ρας</strong></span> <span class='ocrx_word' id='word_1_272' title='bbox 564 2208 807 2270; x_wconf 84' lang='grc' dir='ltr'>ἐκείνους</span> <span class='ocrx_word' id='word_1_273' title='bbox 858 2209 959 2261; x_wconf 88' lang='grc' dir='ltr'><strong>ούκ</strong></span> <span class='ocrx_word' id='word_1_274' title='bbox 1015 2207 1302 2271; x_wconf 70' lang='grc' dir='ltr'>ὀκνοῦντες</span> <span class='ocrx_word' id='word_1_275' title='bbox 1338 2207 1497 2261; x_wconf 89' lang='grc' dir='ltr'>τοῦτο</span> <span class='ocrx_word' id='word_1_276' title='bbox 1543 2209 1759 2262; x_wconf 83' lang='grc' dir='ltr'>καλεῖν.</span> <span class='ocrx_word' id='word_1_277' title='bbox 1812 2207 1876 2261; x_wconf 82' lang='lat' dir='ltr'><strong>Ol</strong></span> <span class='ocrx_word' id='word_1_278' title='bbox 1928 2206 1986 2260; x_wconf 77' lang='grc' dir='ltr'>δὲ</span> 
     </span>
    </p>
   </div>
   <div class='ocr_carea' id='block_1_40' title="bbox 411 2294 1986 2368">
    <p class='ocr_par' dir='ltr' id='par_1_40' title="bbox 411 2294 1986 2368">
     <span class='ocr_line' id='line_1_40' title="bbox 411 2294 1986 2368; baseline -0.001 -19"><span class='ocrx_word' id='word_1_279' title='bbox 411 2298 718 2368; x_wconf 81' lang='grc' dir='ltr'>φρίττουσι,</span> <span class='ocrx_word' id='word_1_280' title='bbox 764 2298 861 2351; x_wconf 66' lang='grc' dir='ltr'>καὶ</span> <span class='ocrx_word' id='word_1_281' title='bbox 891 2297 1244 2367; x_wconf 84' lang='grc' dir='ltr'>συνεύχονται</span> <span class='ocrx_word' id='word_1_282' title='bbox 1278 2296 1460 2367; x_wconf 83' lang='grc' dir='ltr'>γῆρας</span> <span class='ocrx_word' id='word_1_283' title='bbox 1503 2298 1617 2359; x_wconf 87' lang='grc' dir='ltr'>τοῖς</span> <span class='ocrx_word' id='word_1_284' title='bbox 1648 2294 1874 2359; x_wconf 83' lang='grc' dir='ltr'>δικαίως</span> <span class='ocrx_word' id='word_1_285' title='bbox 1919 2294 1986 2348; x_wconf 77' lang='grc' dir='ltr'><strong>ἂν</strong></span> 
     </span>
    </p>
   </div>
   <div class='ocr_carea' id='block_1_41' title="bbox 413 2386 1987 2460">
    <p class='ocr_par' dir='ltr' id='par_1_41' title="bbox 413 2386 1987 2460">
     <span class='ocr_line' id='line_1_41' title="bbox 413 2386 1987 2460; baseline -0.004 -17"><span class='ocrx_word' id='word_1_286' title='bbox 413 2390 708 2460; x_wconf 83' lang='grc' dir='ltr'>ἀπαχθεῖσι</span> <span class='ocrx_word' id='word_1_287' title='bbox 739 2388 1045 2460; x_wconf 79' lang='grc' dir='ltr'>μνησθῆναί</span> <span class='ocrx_word' id='word_1_288' title='bbox 1070 2405 1125 2441; x_wconf 89' lang='grc' dir='ltr'><strong>τι</strong></span> <span class='ocrx_word' id='word_1_289' title='bbox 1174 2390 1270 2441; x_wconf 72' lang='grc' dir='ltr'>καὶ</span> <span class='ocrx_word' id='word_1_290' title='bbox 1315 2388 1497 2441; x_wconf 86' lang='grc' dir='ltr'>αύτῶν</span> <span class='ocrx_word' id='word_1_291' title='bbox 1542 2386 1636 2440; x_wconf 71' lang='grc' dir='ltr'><strong>ἐπὶ</strong></span> <span class='ocrx_word' id='word_1_292' title='bbox 1677 2387 1784 2440; x_wconf 87' lang='grc' dir='ltr'><strong>τῶν</strong></span> <span class='ocrx_word' id='word_1_293' title='bbox 1807 2387 1987 2439; x_wconf 84' lang='grc' dir='ltr'>πότων</span> 
     </span>
    </p>
   </div>
   <div class='ocr_carea' id='block_1_42' title="bbox 413 2476 1988 2550">
    <p class='ocr_par' dir='ltr' id='par_1_42' title="bbox 413 2476 1988 2550">
     <span class='ocr_line' id='line_1_42' title="bbox 413 2476 1988 2550; baseline -0.003 -16"><span class='ocrx_word' id='word_1_294' title='bbox 413 2479 657 2550; x_wconf 87' lang='grc' dir='ltr'>δεόμενοι</span> <span class='ocrx_word' id='word_1_295' title='bbox 681 2496 697 2511; x_wconf 81' lang='lat'><strong><em>°</em></strong></span> <span class='ocrx_word' id='word_1_296' title='bbox 726 2482 823 2534; x_wconf 74' lang='grc' dir='ltr'>καὶ</span> <span class='ocrx_word' id='word_1_297' title='bbox 848 2480 1118 2548; x_wconf 81' lang='grc' dir='ltr'>τοσαύτην</span> <span class='ocrx_word' id='word_1_298' title='bbox 1164 2479 1475 2550; x_wconf 76' lang='grc' dir='ltr'>παρρησίαν</span> <span class='ocrx_word' id='word_1_299' title='bbox 1512 2478 1562 2531; x_wconf 85' lang='grc' dir='ltr'>οἱ</span> <span class='ocrx_word' id='word_1_300' title='bbox 1595 2477 1724 2548; x_wconf 74' lang='grc' dir='ltr'>παρ’</span> <span class='ocrx_word' id='word_1_301' title='bbox 1761 2476 1988 2538; x_wconf 84' lang='grc' dir='ltr'>ἐκείνοις</span> 
     </span>
    </p>
   </div>
   <div class='ocr_carea' id='block_1_43' title="bbox 421 2566 1986 2644">
    <p class='ocr_par' dir='ltr' id='par_1_43' title="bbox 421 2566 1986 2644">
     <span class='ocr_line' id='line_1_43' title="bbox 421 2566 1986 2644; baseline -0.004 -18"><span class='ocrx_word' id='word_1_302' title='bbox 421 2571 844 2644; x_wconf 76' lang='grc' dir='ltr'>μισθαρνοῦντες</span> <span class='ocrx_word' id='word_1_303' title='bbox 898 2569 1325 2641; x_wconf 72' lang='grc' dir='ltr'>προσειληφότες</span> <span class='ocrx_word' id='word_1_304' title='bbox 1379 2569 1481 2622; x_wconf 83' lang='grc' dir='ltr'>οὐκ</span> <span class='ocrx_word' id='word_1_305' title='bbox 1535 2567 1787 2622; x_wconf 79' lang='grc' dir='ltr'>ὀκνοῦσιν</span> <span class='ocrx_word' id='word_1_306' title='bbox 1846 2566 1986 2637; x_wconf 77' lang='grc' dir='ltr'>ὑπὲρ</span> 
     </span>
    </p>
   </div>
   <div class='ocr_carea' id='block_1_44' title="bbox 415 2659 1985 2734">
    <p class='ocr_par' dir='ltr' id='par_1_44' title="bbox 415 2659 1985 2734">
     <span class='ocr_line' id='line_1_44' title="bbox 415 2659 1985 2734; baseline -0.005 -15"><span class='ocrx_word' id='word_1_307' title='bbox 415 2664 644 2719; x_wconf 86' lang='grc' dir='ltr'>ἐκείνων</span> <span class='ocrx_word' id='word_1_308' title='bbox 669 2663 896 2734; x_wconf 83' lang='grc' dir='ltr'>ἀναίδην</span> <span class='ocrx_word' id='word_1_309' title='bbox 931 2660 1395 2733; x_wconf 81' lang='grc' dir='ltr'>δημηγοροῦντες,</span> <span class='ocrx_word' id='word_1_310' title='bbox 1432 2660 1530 2713; x_wconf 70' lang='grc' dir='ltr'>καὶ</span> <span class='ocrx_word' id='word_1_311' title='bbox 1566 2660 1743 2714; x_wconf 89' lang='grc' dir='ltr'>πάντα</span> <span class='ocrx_word' id='word_1_312' title='bbox 1778 2659 1985 2712; x_wconf 88' lang='grc' dir='ltr'>ποιοῦν-</span> 
     </span>
    </p>
   </div>
   <div class='ocr_carea' id='block_1_45' title="bbox 417 2750 1989 2825">
    <p class='ocr_par' dir='ltr' id='par_1_45' title="bbox 417 2750 1989 2825">
     <span class='ocr_line' id='line_1_45' title="bbox 417 2750 1989 2825; baseline -0.006 -14"><span class='ocrx_word' id='word_1_313' title='bbox 417 2773 529 2821; x_wconf 88' lang='grc' dir='ltr'>τες,</span> <span class='ocrx_word' id='word_1_314' title='bbox 565 2756 625 2822; x_wconf 78' lang='grc' dir='ltr'>ἐξ</span> <span class='ocrx_word' id='word_1_315' title='bbox 650 2752 725 2809; x_wconf 86' lang='grc' dir='ltr'><strong>ῶν</strong></span> <span class='ocrx_word' id='word_1_316' title='bbox 764 2756 948 2817; x_wconf 81' lang='grc' dir='ltr'>αὐτοῖς</span> <span class='ocrx_word' id='word_1_317' title='bbox 980 2753 1294 2825; x_wconf 80' lang='grc' dir='ltr'>χαριοῦνται</span> <span class='ocrx_word' id='word_1_318' title='bbox 1319 2765 1335 2783; x_wconf 75' lang='grc' dir='ltr'><strong><em>ο</em></strong></span> <span class='ocrx_word' id='word_1_319' title='bbox 1367 2752 1504 2821; x_wconf 87' lang='grc' dir='ltr'>ὅπερ</span> <span class='ocrx_word' id='word_1_320' title='bbox 1534 2752 1652 2804; x_wconf 80' lang='grc' dir='ltr'>ἐστὶ</span> <span class='ocrx_word' id='word_1_321' title='bbox 1699 2750 1989 2821; x_wconf 85' lang='grc' dir='ltr'>προδοῦναι</span> 
     </span>
    </p>
   </div>
   <div class='ocr_carea' id='block_1_46' title="bbox 418 2843 1988 2919">
    <p class='ocr_par' dir='ltr' id='par_1_46' title="bbox 418 2843 1988 2919">
     <span class='ocr_line' id='line_1_46' title="bbox 418 2843 1988 2919; baseline -0.005 -17"><span class='ocrx_word' id='word_1_322' title='bbox 418 2852 518 2919; x_wconf 78' lang='grc' dir='ltr'><strong>τὴν</strong></span> <span class='ocrx_word' id='word_1_323' title='bbox 546 2849 720 2912; x_wconf 83' lang='grc' dir='ltr'>πόλιν,</span> <span class='ocrx_word' id='word_1_324' title='bbox 746 2848 840 2901; x_wconf 74' lang='grc' dir='ltr'>καὶ</span> <span class='ocrx_word' id='word_1_325' title='bbox 858 2848 1081 2916; x_wconf 87' lang='grc' dir='ltr'>κυρίους</span> <span class='ocrx_word' id='word_1_326' title='bbox 1110 2846 1352 2909; x_wconf 78' lang='grc' dir='ltr'>ἐκείνους</span> <span class='ocrx_word' id='word_1_327' title='bbox 1378 2846 1565 2915; x_wconf 82' lang='grc' dir='ltr'>σαφῶς</span> <span class='ocrx_word' id='word_1_328' title='bbox 1594 2846 1812 2898; x_wconf 89' lang='grc' dir='ltr'>πάντων</span> <span class='ocrx_word' id='word_1_329' title='bbox 1829 2843 1988 2911; x_wconf 85' lang='grc' dir='ltr'>ποιῆ-</span> 
     </span>
    </p>
   </div>
   <div class='ocr_carea' id='block_1_47' title="bbox 334 2933 1988 3009">
    <p class='ocr_par' dir='ltr' id='par_1_47' title="bbox 334 2933 1988 3009">
     <span class='ocr_line' id='line_1_47' title="bbox 334 2933 1988 3009; baseline -0.006 -14"><span class='ocrx_word' id='word_1_330' title='bbox 334 2982 347 2989; x_wconf 95' lang='grc'><strong>-</strong></span> <span class='ocrx_word' id='word_1_331' title='bbox 422 2956 543 2995; x_wconf 83' lang='grc' dir='ltr'>σαι’</span> <span class='ocrx_word' id='word_1_332' title='bbox 576 2939 706 2993; x_wconf 83' lang='grc' dir='ltr'>ὥστ’</span> <span class='ocrx_word' id='word_1_333' title='bbox 737 2939 877 2992; x_wconf 72' lang='grc' dir='ltr'>είσὶν</span> <span class='ocrx_word' id='word_1_334' title='bbox 914 2939 1013 3009; x_wconf 79' lang='grc' dir='ltr'><strong>ήδη</strong></span> <span class='ocrx_word' id='word_1_335' title='bbox 1056 2939 1106 2991; x_wconf 84' lang='grc' dir='ltr'>οἱ</span> <span class='ocrx_word' id='word_1_336' title='bbox 1156 2938 1293 3006; x_wconf 76' lang='grc' dir='ltr'>μετὰ</span> <span class='ocrx_word' id='word_1_337' title='bbox 1334 2935 1577 2989; x_wconf 83' lang='grc' dir='ltr'>σπονδῶν</span> <span class='ocrx_word' id='word_1_338' title='bbox 1618 2934 1751 3002; x_wconf 87' lang='grc' dir='ltr'>γοῦν</span> <span class='ocrx_word' id='word_1_339' title='bbox 1785 2933 1988 2987; x_wconf 86' lang='grc' dir='ltr'>ἁλῶναι</span> 
     </span>
    </p>
   </div>
   <div class='ocr_carea' id='block_1_48' title="bbox 422 3022 1991 3100">
    <p class='ocr_par' dir='ltr' id='par_1_48' title="bbox 422 3022 1991 3100">
     <span class='ocr_line' id='line_1_48' title="bbox 422 3022 1991 3100; baseline -0.005 -17"><span class='ocrx_word' id='word_1_340' title='bbox 422 3030 521 3100; x_wconf 77' lang='grc' dir='ltr'>τὴν</span> <span class='ocrx_word' id='word_1_341' title='bbox 552 3030 707 3082; x_wconf 89' lang='grc' dir='ltr'>πόλιν</span> <span class='ocrx_word' id='word_1_342' title='bbox 750 3028 1034 3099; x_wconf 83' lang='grc' dir='ltr'>εὐχόμενοι</span> <span class='ocrx_word' id='word_1_343' title='bbox 1105 3026 1405 3089; x_wconf 78' lang='grc' dir='ltr'>δεδοικότες</span> <span class='ocrx_word' id='word_1_344' title='bbox 1449 3026 1522 3096; x_wconf 81' lang='grc' dir='ltr'>μὴ</span> <span class='ocrx_word' id='word_1_345' title='bbox 1563 3024 1843 3095; x_wconf 78' lang='grc' dir='ltr'>φθάσωσιν</span> <span class='ocrx_word' id='word_1_346' title='bbox 1884 3022 1991 3076; x_wconf 78' lang='grc' dir='ltr'>ὑπὸ</span> 
     </span>
    </p>
   </div>
   <div class='ocr_carea' id='block_1_49' title="bbox 420 3119 1419 3192">
    <p class='ocr_par' dir='ltr' id='par_1_49' title="bbox 420 3119 1419 3192">
     <span class='ocr_line' id='line_1_49' title="bbox 420 3119 1419 3192; baseline -0.004 -15"><span class='ocrx_word' id='word_1_347' title='bbox 420 3122 529 3177; x_wconf 77' lang='grc' dir='ltr'><strong>τῶν</strong></span> <span class='ocrx_word' id='word_1_348' title='bbox 556 3121 768 3192; x_wconf 85' lang='grc' dir='ltr'>μιαρῶν</span> <span class='ocrx_word' id='word_1_349' title='bbox 798 3120 999 3173; x_wconf 89' lang='grc' dir='ltr'>τούτων</span> <span class='ocrx_word' id='word_1_350' title='bbox 1020 3119 1419 3189; x_wconf 84' lang='grc' dir='ltr'>προδεδομένοι.</span> 
     </span>
    </p>
   </div>
   <div class='ocr_carea' id='block_1_50' title="bbox 2086 1932 3657 2010">
    <p class='ocr_par' dir='ltr' id='par_1_50' title="bbox 2086 1932 3657 2010">
     <span class='ocr_line' id='line_1_50' title="bbox 2086 1932 3657 2010; baseline 0.006 -23"><span class='ocrx_word' id='word_1_351' title='bbox 2086 1932 2263 2003; x_wconf 89' lang='lat' dir='ltr'><strong>iisque</strong></span> <span class='ocrx_word' id='word_1_352' title='bbox 2295 1934 2457 1989; x_wconf 89' lang='lat' dir='ltr'><strong>dictis</strong></span> <span class='ocrx_word' id='word_1_353' title='bbox 2487 1949 2552 1988; x_wconf 87' lang='lat' dir='ltr'><strong>ac</strong></span> <span class='ocrx_word' id='word_1_354' title='bbox 2579 1935 2736 1990; x_wconf 80' lang='lat' dir='ltr'><strong>factis</strong></span> <span class='ocrx_word' id='word_1_355' title='bbox 2791 1939 2993 1993; x_wconf 87' lang='lat' dir='ltr'><strong>reverti</strong></span> <span class='ocrx_word' id='word_1_356' title='bbox 3044 1952 3530 2010; x_wconf 65' lang='lat' dir='ltr'><strong>prmsuiiipserunt,</strong></span> <span class='ocrx_word' id='word_1_357' title='bbox 3581 1944 3657 1999; x_wconf 88' lang='lat' dir='ltr'><strong>si-</strong></span> 
     </span>
    </p>
   </div>
   <div class='ocr_carea' id='block_1_51' title="bbox 2085 2024 3658 2094">
    <p class='ocr_par' dir='ltr' id='par_1_51' title="bbox 2085 2024 3658 2094">
     <span class='ocr_line' id='line_1_51' title="bbox 2085 2024 3658 2094; baseline 0.006 -16"><span class='ocrx_word' id='word_1_358' title='bbox 2085 2024 2408 2094; x_wconf 85' lang='lat' dir='ltr'><strong>gniﬁcantes</strong></span> <span class='ocrx_word' id='word_1_359' title='bbox 2458 2025 2694 2091; x_wconf 89' lang='lat' dir='ltr'><strong>civibus,</strong></span> <span class='ocrx_word' id='word_1_360' title='bbox 2728 2026 2833 2082; x_wconf 88' lang='lat' dir='ltr'><strong>nisi</strong></span> <span class='ocrx_word' id='word_1_361' title='bbox 2889 2037 3126 2092; x_wconf 88' lang='lat' dir='ltr'><strong>taceant,</strong></span> <span class='ocrx_word' id='word_1_362' title='bbox 3161 2032 3408 2086; x_wconf 85' lang='lat' dir='ltr'><strong>dicturos</strong></span> <span class='ocrx_word' id='word_1_363' title='bbox 3446 2049 3505 2088; x_wconf 89' lang='lat' dir='ltr'><strong>se</strong></span> <span class='ocrx_word' id='word_1_364' title='bbox 3542 2035 3658 2088; x_wconf 80' lang='lat' dir='ltr'><strong>suis</strong></span> 
     </span>
    </p>
   </div>
   <div class='ocr_carea' id='block_1_52' title="bbox 2086 2112 3654 2186">
    <p class='ocr_par' dir='ltr' id='par_1_52' title="bbox 2086 2112 3654 2186">
     <span class='ocr_line' id='line_1_52' title="bbox 2086 2112 3654 2186; baseline 0.006 -20"><span class='ocrx_word' id='word_1_365' title='bbox 2086 2112 2356 2176; x_wconf 89' lang='lat' dir='ltr'><strong>dominis,</strong></span> <span class='ocrx_word' id='word_1_366' title='bbox 2390 2128 2454 2167; x_wconf 90' lang='lat' dir='ltr'><strong>ac</strong></span> <span class='ocrx_word' id='word_1_367' title='bbox 2498 2114 2641 2183; x_wconf 89' lang='lat' dir='ltr'><strong>apud</strong></span> <span class='ocrx_word' id='word_1_368' title='bbox 2673 2130 2785 2174; x_wconf 82' lang='lat' dir='ltr'><strong>eos</strong></span> <span class='ocrx_word' id='word_1_369' title='bbox 2834 2117 3058 2185; x_wconf 79' lang='lat' dir='ltr'><strong>gravius</strong></span> <span class='ocrx_word' id='word_1_370' title='bbox 3112 2130 3492 2186; x_wconf 83' lang='lat' dir='ltr'><strong>accusaturos,</strong></span> <span class='ocrx_word' id='word_1_371' title='bbox 3544 2135 3654 2177; x_wconf 89' lang='lat' dir='ltr'><strong>non</strong></span> 
     </span>
    </p>
   </div>
   <div class='ocr_carea' id='block_1_53' title="bbox 2085 2205 3657 2281">
    <p class='ocr_par' dir='ltr' id='par_1_53' title="bbox 2085 2205 3657 2281">
     <span class='ocr_line' id='line_1_53' title="bbox 2085 2205 3657 2281; baseline 0.004 -23"><span class='ocrx_word' id='word_1_372' title='bbox 2085 2214 2342 2260; x_wconf 87' lang='lat' dir='ltr'><strong>verentes</strong></span> <span class='ocrx_word' id='word_1_373' title='bbox 2372 2205 2544 2259; x_wconf 89' lang='lat' dir='ltr'><strong>malos</strong></span> <span class='ocrx_word' id='word_1_374' title='bbox 2581 2206 2701 2259; x_wconf 87' lang='lat' dir='ltr'><strong>illos</strong></span> <span class='ocrx_word' id='word_1_375' title='bbox 2734 2206 3011 2262; x_wconf 70' lang='lat' dir='ltr'><strong>dannones</strong></span> <span class='ocrx_word' id='word_1_376' title='bbox 3050 2222 3113 2263; x_wconf 88' lang='lat' dir='ltr'><strong>ac</strong></span> <span class='ocrx_word' id='word_1_377' title='bbox 3142 2220 3324 2279; x_wconf 76' lang='lat' dir='ltr'><strong>pestes</strong></span> <span class='ocrx_word' id='word_1_378' title='bbox 3350 2212 3430 2266; x_wconf 91' lang='lat' dir='ltr'><strong>sic</strong></span> <span class='ocrx_word' id='word_1_379' title='bbox 3466 2216 3657 2281; x_wconf 91' lang='lat' dir='ltr'><strong>appel-</strong></span> 
     </span>
    </p>
   </div>
   <div class='ocr_carea' id='block_1_54' title="bbox 2087 2294 3651 2372">
    <p class='ocr_par' dir='ltr' id='par_1_54' title="bbox 2087 2294 3651 2372">
     <span class='ocr_line' id='line_1_54' title="bbox 2087 2294 3651 2372; baseline 0.005 -23"><span class='ocrx_word' id='word_1_380' title='bbox 2087 2295 2223 2352; x_wconf 88' lang='lat' dir='ltr'><strong>lare.</strong></span> <span class='ocrx_word' id='word_1_381' title='bbox 2258 2294 2296 2349; x_wconf 93' lang='lat' dir='ltr'><strong>li</strong></span> <span class='ocrx_word' id='word_1_382' title='bbox 2339 2310 2471 2349; x_wconf 91' lang='lat' dir='ltr'><strong>vero</strong></span> <span class='ocrx_word' id='word_1_383' title='bbox 2500 2295 2728 2350; x_wconf 89' lang='lat' dir='ltr'><strong>horrore</strong></span> <span class='ocrx_word' id='word_1_384' title='bbox 2770 2306 3048 2364; x_wconf 88' lang='lat' dir='ltr'><strong>tenentur,</strong></span> <span class='ocrx_word' id='word_1_385' title='bbox 3094 2299 3393 2371; x_wconf 90' lang='lat' dir='ltr'><strong>longosque</strong></span> <span class='ocrx_word' id='word_1_386' title='bbox 3425 2318 3651 2372; x_wconf 24' lang='lat' dir='ltr'><strong>precanr</strong></span> 
     </span>
    </p>
   </div>
   <div class='ocr_carea' id='block_1_55' title="bbox 2091 2386 3656 2464">
    <p class='ocr_par' dir='ltr' id='par_1_55' title="bbox 2091 2386 3656 2464">
     <span class='ocr_line' id='line_1_55' title="bbox 2091 2386 3656 2464; baseline 0.006 -25"><span class='ocrx_word' id='word_1_387' title='bbox 2091 2394 2181 2439; x_wconf 92' lang='lat' dir='ltr'><strong>tur</strong></span> <span class='ocrx_word' id='word_1_388' title='bbox 2207 2400 2380 2441; x_wconf 90' lang='lat' dir='ltr'><strong>annos</strong></span> <span class='ocrx_word' id='word_1_389' title='bbox 2411 2386 2499 2450; x_wconf 90' lang='lat' dir='ltr'><strong>iis,</strong></span> <span class='ocrx_word' id='word_1_390' title='bbox 2528 2387 2623 2455; x_wconf 90' lang='lat' dir='ltr'><strong>qui</strong></span> <span class='ocrx_word' id='word_1_391' title='bbox 2660 2388 2857 2442; x_wconf 90' lang='lat' dir='ltr'><strong>merito</strong></span> <span class='ocrx_word' id='word_1_392' title='bbox 2892 2390 2977 2459; x_wconf 85' lang='lat' dir='ltr'><strong>agi</strong></span> <span class='ocrx_word' id='word_1_393' title='bbox 3008 2389 3327 2446; x_wconf 88' lang='lat' dir='ltr'><strong>debuissent</strong></span> <span class='ocrx_word' id='word_1_394' title='bbox 3356 2410 3370 2445; x_wconf 88' lang='lat'><strong>:</strong></span> <span class='ocrx_word' id='word_1_395' title='bbox 3403 2404 3656 2464; x_wconf 60' lang='lat' dir='ltr'><strong>rogantis</strong></span> 
     </span>
    </p>
   </div>
   <div class='ocr_carea' id='block_1_56' title="bbox 2092 2478 3656 2551">
    <p class='ocr_par' dir='ltr' id='par_1_56' title="bbox 2092 2478 3656 2551">
     <span class='ocr_line' id='line_1_56' title="bbox 2092 2478 3656 2551; baseline 0.003 -20"><span class='ocrx_word' id='word_1_396' title='bbox 2092 2486 2153 2532; x_wconf 91' lang='lat' dir='ltr'><strong>ut</strong></span> <span class='ocrx_word' id='word_1_397' title='bbox 2178 2479 2322 2533; x_wconf 91' lang='lat' dir='ltr'><strong>inter</strong></span> <span class='ocrx_word' id='word_1_398' title='bbox 2353 2478 2545 2547; x_wconf 89' lang='lat' dir='ltr'><strong>pocula</strong></span> <span class='ocrx_word' id='word_1_399' title='bbox 2594 2494 2786 2533; x_wconf 89' lang='lat' dir='ltr'><strong>eorum</strong></span> <span class='ocrx_word' id='word_1_400' title='bbox 2821 2479 3027 2551; x_wconf 88' lang='lat' dir='ltr'><strong>aliquid</strong></span> <span class='ocrx_word' id='word_1_401' title='bbox 3084 2486 3401 2539; x_wconf 71' lang='lat' dir='ltr'><strong>meminisse</strong></span> <span class='ocrx_word' id='word_1_402' title='bbox 3440 2487 3608 2541; x_wconf 89' lang='lat' dir='ltr'><strong>velint</strong></span> <span class='ocrx_word' id='word_1_403' title='bbox 3644 2504 3656 2536; x_wconf 87' lang='lat'>:</span> 
     </span>
    </p>
   </div>
   <div class='ocr_carea' id='block_1_57' title="bbox 2093 2570 3663 2643">
    <p class='ocr_par' dir='ltr' id='par_1_57' title="bbox 2093 2570 3663 2643">
     <span class='ocr_line' id='line_1_57' title="bbox 2093 2570 3663 2643; baseline 0.004 -19"><span class='ocrx_word' id='word_1_404' title='bbox 2093 2579 2413 2639; x_wconf 88' lang='lat' dir='ltr'><strong>tantamque</strong></span> <span class='ocrx_word' id='word_1_405' title='bbox 2458 2570 2770 2625; x_wconf 89' lang='lat' dir='ltr'><strong>libertatem</strong></span> <span class='ocrx_word' id='word_1_406' title='bbox 2803 2572 2882 2626; x_wconf 88' lang='lat' dir='ltr'><strong>sic</strong></span> <span class='ocrx_word' id='word_1_407' title='bbox 2920 2572 3063 2643; x_wconf 91' lang='lat' dir='ltr'><strong>apud</strong></span> <span class='ocrx_word' id='word_1_408' title='bbox 3096 2575 3221 2629; x_wconf 90' lang='lat' dir='ltr'><strong>illos</strong></span> <span class='ocrx_word' id='word_1_409' title='bbox 3255 2585 3530 2631; x_wconf 82' lang='lat' dir='ltr'><strong>merentes</strong></span> <span class='ocrx_word' id='word_1_410' title='bbox 3572 2593 3663 2632; x_wconf 86' lang='lat' dir='ltr'><strong>as-</strong></span> 
     </span>
    </p>
   </div>
   <div class='ocr_carea' id='block_1_58' title="bbox 2093 2665 3664 2735">
    <p class='ocr_par' dir='ltr' id='par_1_58' title="bbox 2093 2665 3664 2735">
     <span class='ocr_line' id='line_1_58' title="bbox 2093 2665 3664 2735; baseline 0.004 -19"><span class='ocrx_word' id='word_1_411' title='bbox 2093 2668 2473 2730; x_wconf 86' lang='lat' dir='ltr'><strong>sumpserunt,</strong></span> <span class='ocrx_word' id='word_1_412' title='bbox 2512 2670 2571 2716; x_wconf 93' lang='lat' dir='ltr'><strong>ut</strong></span> <span class='ocrx_word' id='word_1_413' title='bbox 2606 2677 2707 2717; x_wconf 89' lang='lat' dir='ltr'><strong>nec</strong></span> <span class='ocrx_word' id='word_1_414' title='bbox 2741 2680 2837 2733; x_wconf 90' lang='lat' dir='ltr'><strong>pro</strong></span> <span class='ocrx_word' id='word_1_415' title='bbox 2869 2665 2977 2719; x_wconf 88' lang='lat' dir='ltr'><strong>illis</strong></span> <span class='ocrx_word' id='word_1_416' title='bbox 3008 2666 3344 2735; x_wconf 90' lang='lat' dir='ltr'><strong>impudentia</strong></span> <span class='ocrx_word' id='word_1_417' title='bbox 3376 2682 3536 2722; x_wconf 90' lang='lat' dir='ltr'><strong>orare</strong></span> <span class='ocrx_word' id='word_1_418' title='bbox 3570 2684 3664 2724; x_wconf 84' lang='lat' dir='ltr'><strong>ve-</strong></span> 
     </span>
    </p>
   </div>
   <div class='ocr_carea' id='block_1_59' title="bbox 2092 2753 3663 2827">
    <p class='ocr_par' dir='ltr' id='par_1_59' title="bbox 2092 2753 3663 2827">
     <span class='ocr_line' id='line_1_59' title="bbox 2092 2753 3663 2827; baseline 0.006 -22"><span class='ocrx_word' id='word_1_419' title='bbox 2092 2762 2339 2819; x_wconf 87' lang='lat' dir='ltr'><strong>reantur,</strong></span> <span class='ocrx_word' id='word_1_420' title='bbox 2374 2754 2669 2823; x_wconf 88' lang='lat' dir='ltr'><strong>omniaque</strong></span> <span class='ocrx_word' id='word_1_421' title='bbox 2720 2753 2922 2822; x_wconf 85' lang='lat' dir='ltr'><strong>i‘acere,</strong></span> <span class='ocrx_word' id='word_1_422' title='bbox 2969 2771 3036 2811; x_wconf 82' lang='lat' dir='ltr'><strong>ex</strong></span> <span class='ocrx_word' id='word_1_423' title='bbox 3078 2758 3279 2827; x_wconf 89' lang='lat' dir='ltr'><strong>quibus</strong></span> <span class='ocrx_word' id='word_1_424' title='bbox 3328 2759 3440 2814; x_wconf 88' lang='lat' dir='ltr'><strong>illis</strong></span> <span class='ocrx_word' id='word_1_425' title='bbox 3498 2761 3663 2816; x_wconf 79' lang='lat' dir='ltr'><strong>obse-</strong></span> 
     </span>
    </p>
   </div>
   <div class='ocr_carea' id='block_1_60' title="bbox 2092 2846 3665 2921">
    <p class='ocr_par' dir='ltr' id='par_1_60' title="bbox 2092 2846 3665 2921">
     <span class='ocr_line' id='line_1_60' title="bbox 2092 2846 3665 2921; baseline 0.004 -23"><span class='ocrx_word' id='word_1_426' title='bbox 2092 2855 2377 2915; x_wconf 88' lang='lat' dir='ltr'><strong>quantur;</strong></span> <span class='ocrx_word' id='word_1_427' title='bbox 2408 2846 2556 2915; x_wconf 88' lang='lat' dir='ltr'><strong>quod</strong></span> <span class='ocrx_word' id='word_1_428' title='bbox 2603 2860 2689 2901; x_wconf 89' lang='lat' dir='ltr'><strong>est</strong></span> <span class='ocrx_word' id='word_1_429' title='bbox 2717 2847 2909 2903; x_wconf 87' lang='lat' dir='ltr'><strong>urbem</strong></span> <span class='ocrx_word' id='word_1_430' title='bbox 2940 2849 3194 2919; x_wconf 90' lang='lat' dir='ltr'><strong>prodere.</strong></span> <span class='ocrx_word' id='word_1_431' title='bbox 3229 2865 3293 2905; x_wconf 90' lang='lat' dir='ltr'><strong>ac</strong></span> <span class='ocrx_word' id='word_1_432' title='bbox 3323 2853 3502 2921; x_wconf 84' lang='lat' dir='ltr'><strong>palam</strong></span> <span class='ocrx_word' id='word_1_433' title='bbox 3537 2856 3665 2909; x_wconf 83' lang='lat' dir='ltr'><strong>uni-</strong></span> 
     </span>
    </p>
   </div>
   <div class='ocr_carea' id='block_1_61' title="bbox 2092 2936 3663 3013">
    <p class='ocr_par' dir='ltr' id='par_1_61' title="bbox 2092 2936 3663 3013">
     <span class='ocr_line' id='line_1_61' title="bbox 2092 2936 3663 3013; baseline 0.007 -26"><span class='ocrx_word' id='word_1_434' title='bbox 2092 2950 2378 2990; x_wconf 87' lang='lat' dir='ltr'><strong>versorum</strong></span> <span class='ocrx_word' id='word_1_435' title='bbox 2438 2936 2691 2992; x_wconf 84' lang='lat' dir='ltr'><strong>dominos</strong></span> <span class='ocrx_word' id='word_1_436' title='bbox 2741 2938 2921 2994; x_wconf 82' lang='lat' dir='ltr'><strong>facere</strong></span> <span class='ocrx_word' id='word_1_437' title='bbox 2950 2958 2963 2993; x_wconf 91' lang='lat'><strong>:</strong></span> <span class='ocrx_word' id='word_1_438' title='bbox 2996 2948 3055 2995; x_wconf 92' lang='lat' dir='ltr'><strong>ut</strong></span> <span class='ocrx_word' id='word_1_439' title='bbox 3088 2955 3186 2995; x_wconf 90' lang='lat' dir='ltr'><strong>nec</strong></span> <span class='ocrx_word' id='word_1_440' title='bbox 3215 2940 3327 3011; x_wconf 75' lang='lat' dir='ltr'><strong>jam</strong></span> <span class='ocrx_word' id='word_1_441' title='bbox 3358 2941 3538 2998; x_wconf 86' lang='lat' dir='ltr'><strong>desint</strong></span> <span class='ocrx_word' id='word_1_442' title='bbox 3569 2945 3663 3013; x_wconf 85' lang='lat' dir='ltr'><strong>qui</strong></span> 
     </span>
    </p>
   </div>
   <div class='ocr_carea' id='block_1_62' title="bbox 2093 3026 3663 3097">
    <p class='ocr_par' dir='ltr' id='par_1_62' title="bbox 2093 3026 3663 3097">
     <span class='ocr_line' id='line_1_62' title="bbox 2093 3026 3663 3097; baseline 0.004 -16"><span class='ocrx_word' id='word_1_443' title='bbox 2093 3036 2283 3096; x_wconf 79' lang='lat' dir='ltr'><strong>aptent</strong></span> <span class='ocrx_word' id='word_1_444' title='bbox 2314 3026 2417 3082; x_wconf 87' lang='lat' dir='ltr'><strong>sub</strong></span> <span class='ocrx_word' id='word_1_445' title='bbox 2446 3027 2622 3097; x_wconf 82' lang='lat' dir='ltr'><strong>pactis</strong></span> <span class='ocrx_word' id='word_1_446' title='bbox 2654 3028 2775 3097; x_wconf 88' lang='lat' dir='ltr'><strong>capi</strong></span> <span class='ocrx_word' id='word_1_447' title='bbox 2804 3028 3105 3095; x_wconf 87' lang='lat' dir='ltr'><strong>civitatem,</strong></span> <span class='ocrx_word' id='word_1_448' title='bbox 3145 3031 3401 3085; x_wconf 89' lang='lat' dir='ltr'><strong>timentes</strong></span> <span class='ocrx_word' id='word_1_449' title='bbox 3430 3047 3499 3086; x_wconf 91' lang='lat' dir='ltr'><strong>ne</strong></span> <span class='ocrx_word' id='word_1_450' title='bbox 3544 3049 3663 3088; x_wconf 78' lang='lat' dir='ltr'><strong>sce-</strong></span> 
     </span>
    </p>
   </div>
   <div class='ocr_carea' id='block_1_63' title="bbox 2092 3117 3412 3191">
    <p class='ocr_par' dir='ltr' id='par_1_63' title="bbox 2092 3117 3412 3191">
     <span class='ocr_line' id='line_1_63' title="bbox 2092 3117 3412 3191; baseline 0.004 -19"><span class='ocrx_word' id='word_1_451' title='bbox 2092 3119 2245 3174; x_wconf 90' lang='lat' dir='ltr'><strong>lestis</strong></span> <span class='ocrx_word' id='word_1_452' title='bbox 2277 3117 2396 3173; x_wconf 91' lang='lat' dir='ltr'><strong>istis</strong></span> <span class='ocrx_word' id='word_1_453' title='bbox 2437 3118 2794 3191; x_wconf 79' lang='lat' dir='ltr'><strong>traditoribus</strong></span> <span class='ocrx_word' id='word_1_454' title='bbox 2832 3121 3110 3190; x_wconf 73' lang='lat' dir='ltr'><strong>Contingat</strong></span> <span class='ocrx_word' id='word_1_455' title='bbox 3138 3124 3412 3191; x_wconf 87' lang='lat' dir='ltr'><strong>occupari.</strong></span> 
     </span>
    </p>
   </div>
   <div class='ocr_carea' id='block_1_64' title="bbox 488 3180 1991 3285">
    <p class='ocr_par' dir='ltr' id='par_1_64' title="bbox 488 3180 1986 3283">
     <span class='ocr_line' id='line_1_64' title="bbox 488 3180 1986 3283; baseline -0.005 -13"><span class='ocrx_word' id='word_1_456' title='bbox 488 3180 675 3278; x_wconf 61' lang='grc' dir='ltr'>οέτωξ</span> <span class='ocrx_word' id='word_1_457' title='bbox 704 3216 782 3277; x_wconf 86' lang='grc' dir='ltr'><strong>είς</strong></span> <span class='ocrx_word' id='word_1_458' title='bbox 813 3212 1018 3283; x_wconf 79' lang='grc' dir='ltr'>ἄπορόν</span> <span class='ocrx_word' id='word_1_459' title='bbox 1045 3180 1168 3265; x_wconf 74' lang='grc' dir='ltr'>τινα</span> <span class='ocrx_word' id='word_1_460' title='bbox 1198 3180 1367 3281; x_wconf 79' lang='grc' dir='ltr'>τύχην</span> <span class='ocrx_word' id='word_1_461' title='bbox 1395 3211 1466 3265; x_wconf 74' lang='grc' dir='ltr'><strong>τά</strong></span> <span class='ocrx_word' id='word_1_462' title='bbox 1498 3211 1655 3265; x_wconf 71' lang='grc' dir='ltr'>κοινὰ</span> <span class='ocrx_word' id='word_1_463' title='bbox 1687 3209 1986 3280; x_wconf 86' lang='grc' dir='ltr'>συνηλάθη,</span> 
     </span>
    </p>
   </div>
   <div class='ocr_carea' id='block_1_65' title="bbox 2094 3180 3667 3285">
    <p class='ocr_par' dir='ltr' id='par_1_65' title="bbox 2165 3210 3667 3285">
     <span class='ocr_line' id='line_1_65' title="bbox 2165 3210 3667 3285; baseline 0.003 -20"><span class='ocrx_word' id='word_1_464' title='bbox 2165 3210 2258 3265; x_wconf 89' lang='lat' dir='ltr'><strong>Sic</strong></span> <span class='ocrx_word' id='word_1_465' title='bbox 2289 3210 2509 3279; x_wconf 90' lang='lat' dir='ltr'><strong>publica</strong></span> <span class='ocrx_word' id='word_1_466' title='bbox 2541 3225 2631 3265; x_wconf 79' lang='lat' dir='ltr'><strong>res</strong></span> <span class='ocrx_word' id='word_1_467' title='bbox 2662 3210 2716 3263; x_wconf 94' lang='lat' dir='ltr'><strong>in</strong></span> <span class='ocrx_word' id='word_1_468' title='bbox 2762 3220 3032 3265; x_wconf 78' lang='lat' dir='ltr'><strong>extremas</strong></span> <span class='ocrx_word' id='word_1_469' title='bbox 3078 3214 3342 3279; x_wconf 67' lang='lat' dir='ltr'><strong>qu.isdam</strong></span> <span class='ocrx_word' id='word_1_470' title='bbox 3388 3216 3667 3285; x_wconf 81' lang='lat' dir='ltr'><strong>angustias</strong></span> 
     </span>
    </p>
   </div>
   <div class='ocr_carea' id='block_1_66' title="bbox 424 3302 1992 3376">
    <p class='ocr_par' dir='ltr' id='par_1_66' title="bbox 424 3302 1992 3376">
     <span class='ocr_line' id='line_1_66' title="bbox 424 3302 1992 3376; baseline -0.006 -13"><span class='ocrx_word' id='word_1_471' title='bbox 424 3311 516 3364; x_wconf 79' lang='grc' dir='ltr'>καὶ</span> <span class='ocrx_word' id='word_1_472' title='bbox 542 3307 683 3362; x_wconf 73' lang='grc' dir='ltr'>οὕτω</span> <span class='ocrx_word' id='word_1_473' title='bbox 703 3306 763 3359; x_wconf 78' lang='grc' dir='ltr'>τὸ</span> <span class='ocrx_word' id='word_1_474' title='bbox 786 3306 904 3376; x_wconf 75' lang='grc' dir='ltr'>μετ’</span> <span class='ocrx_word' id='word_1_475' title='bbox 921 3302 1234 3374; x_wconf 74' lang='grc' dir='ltr'>ἐλευθερίας</span> <span class='ocrx_word' id='word_1_476' title='bbox 1261 3303 1363 3375; x_wconf 77' lang='grc' dir='ltr'>ζῇν</span> <span class='ocrx_word' id='word_1_477' title='bbox 1392 3302 1490 3358; x_wconf 90' lang='grc' dir='ltr'><strong>τοῦ</strong></span> <span class='ocrx_word' id='word_1_478' title='bbox 1513 3302 1700 3356; x_wconf 81' lang='grc' dir='ltr'>λοιποῦ</span> <span class='ocrx_word' id='word_1_479' title='bbox 1722 3302 1783 3355; x_wconf 78' lang='grc' dir='ltr'><strong>ἓν</strong></span> <span class='ocrx_word' id='word_1_480' title='bbox 1808 3319 1862 3355; x_wconf 91' lang='grc' dir='ltr'><strong>τι</strong></span> <span class='ocrx_word' id='word_1_481' title='bbox 1881 3302 1992 3355; x_wconf 88' lang='grc' dir='ltr'><strong>τῶν</strong></span> 
     </span>
    </p>
   </div>
   <div class='ocr_carea' id='block_1_67' title="bbox 423 3391 1995 3464">
    <p class='ocr_par' dir='ltr' id='par_1_67' title="bbox 423 3391 1995 3464">
     <span class='ocr_line' id='line_1_67' title="bbox 423 3391 1995 3464; baseline -0.006 -10"><span class='ocrx_word' id='word_1_482' title='bbox 423 3399 693 3454; x_wconf 71' lang='grc' dir='ltr'>ἀδυνάτων</span> <span class='ocrx_word' id='word_1_483' title='bbox 721 3397 898 3451; x_wconf 85' lang='grc' dir='ltr'>δοκεῖ·</span> <span class='ocrx_word' id='word_1_484' title='bbox 932 3396 1009 3456; x_wconf 84' lang='grc' dir='ltr'><strong>είς</strong></span> <span class='ocrx_word' id='word_1_485' title='bbox 1040 3396 1177 3464; x_wconf 85' lang='grc' dir='ltr'>ὅπερ</span> <span class='ocrx_word' id='word_1_486' title='bbox 1211 3395 1354 3463; x_wconf 75' lang='grc' dir='ltr'>ὑμᾶς</span> <span class='ocrx_word' id='word_1_487' title='bbox 1406 3394 1467 3446; x_wconf 78' lang='grc' dir='ltr'>τὸ</span> <span class='ocrx_word' id='word_1_488' title='bbox 1499 3394 1569 3446; x_wconf 82' lang='grc' dir='ltr'>τὰ</span> <span class='ocrx_word' id='word_1_489' title='bbox 1605 3392 1703 3463; x_wconf 83' lang='grc' dir='ltr'>μὲν</span> <span class='ocrx_word' id='word_1_490' title='bbox 1743 3391 1995 3463; x_wconf 86' lang='grc' dir='ltr'>καθημέ-</span> 
     </span>
    </p>
   </div>
   <div class='ocr_carea' id='block_1_68' title="bbox 425 3481 1995 3563">
    <p class='ocr_par' dir='ltr' id='par_1_68' title="bbox 425 3481 1995 3563">
     <span class='ocr_line' id='line_1_68' title="bbox 425 3481 1995 3563; baseline -0.007 -19"><span class='ocrx_word' id='word_1_491' title='bbox 425 3509 526 3563; x_wconf 88' lang='grc' dir='ltr'>ραν</span> <span class='ocrx_word' id='word_1_492' title='bbox 550 3486 908 3556; x_wconf 77' lang='grc' dir='ltr'>ἐλαττώματα</span> <span class='ocrx_word' id='word_1_493' title='bbox 936 3484 1282 3555; x_wconf 87' lang='grc' dir='ltr'>διορθοῦσθαι</span> <span class='ocrx_word' id='word_1_494' title='bbox 1312 3484 1555 3554; x_wconf 76' lang='grc' dir='ltr'>νομίζειν</span> <span class='ocrx_word' id='word_1_495' title='bbox 1584 3482 1901 3553; x_wconf 88' lang='grc' dir='ltr'>περίεργον,</span> <span class='ocrx_word' id='word_1_496' title='bbox 1933 3481 1995 3533; x_wconf 86' lang='grc' dir='ltr'><strong>τδ</strong></span> 
     </span>
    </p>
   </div>
   <div class='ocr_carea' id='block_1_69' title="bbox 424 3573 1994 3651">
    <p class='ocr_par' dir='ltr' id='par_1_69' title="bbox 424 3573 1994 3651">
     <span class='ocr_line' id='line_1_69' title="bbox 424 3573 1994 3651; baseline -0.008 -12"><span class='ocrx_word' id='word_1_497' title='bbox 424 3584 483 3639; x_wconf 79' lang='grc' dir='ltr'>δὲ</span> <span class='ocrx_word' id='word_1_498' title='bbox 536 3584 674 3651; x_wconf 77' lang='grc' dir='ltr'>μετὰ</span> <span class='ocrx_word' id='word_1_499' title='bbox 723 3577 1008 3649; x_wconf 63' lang='grc' dir='ltr'>ῥᾳστώνης</span> <span class='ocrx_word' id='word_1_500' title='bbox 1053 3577 1343 3646; x_wconf 78' lang='grc' dir='ltr'>παρελθεῖν</span> <span class='ocrx_word' id='word_1_501' title='bbox 1373 3575 1471 3643; x_wconf 78' lang='grc' dir='ltr'>τὴν</span> <span class='ocrx_word' id='word_1_502' title='bbox 1504 3575 1719 3645; x_wconf 84' lang='grc' dir='ltr'>ἡμέραν</span> <span class='ocrx_word' id='word_1_503' title='bbox 1765 3573 1994 3644; x_wconf 82' lang='grc' dir='ltr'>ἀνδράσι</span> 
     </span>
    </p>
   </div>
   <div class='ocr_carea' id='block_1_70' title="bbox 425 3665 1994 3746">
    <p class='ocr_par' dir='ltr' id='par_1_70' title="bbox 425 3665 1994 3746">
     <span class='ocr_line' id='line_1_70' title="bbox 425 3665 1994 3746; baseline -0.008 -16"><span class='ocrx_word' id='word_1_504' title='bbox 425 3674 699 3746; x_wconf 81' lang='grc' dir='ltr'>προσῆκον</span> <span class='ocrx_word' id='word_1_505' title='bbox 722 3669 1068 3738; x_wconf 77' lang='grc' dir='ltr'>λογίζεσθαιο</span> <span class='ocrx_word' id='word_1_506' title='bbox 1094 3671 1186 3721; x_wconf 77' lang='grc' dir='ltr'>καὶ</span> <span class='ocrx_word' id='word_1_507' title='bbox 1213 3669 1344 3731; x_wconf 82' lang='grc' dir='ltr'>τοὺς</span> <span class='ocrx_word' id='word_1_508' title='bbox 1377 3668 1476 3737; x_wconf 81' lang='grc' dir='ltr'>μὲν</span> <span class='ocrx_word' id='word_1_509' title='bbox 1506 3666 1541 3721; x_wconf 79' lang='grc' dir='ltr'><strong>θ.</strong></span> <span class='ocrx_word' id='word_1_510' title='bbox 1566 3667 1647 3719; x_wconf 76' lang='grc' dir='ltr'><strong>δεῖ</strong></span> <span class='ocrx_word' id='word_1_511' title='bbox 1665 3665 1994 3737; x_wconf 84' lang='grc' dir='ltr'>παραινοῦν-</span> 
     </span>
    </p>
   </div>
   <div class='ocr_carea' id='block_1_71' title="bbox 423 3759 1997 3835">
    <p class='ocr_par' dir='ltr' id='par_1_71' title="bbox 423 3759 1997 3835">
     <span class='ocr_line' id='line_1_71' title="bbox 423 3759 1997 3835; baseline -0.006 -16"><span class='ocrx_word' id='word_1_512' title='bbox 423 3784 522 3830; x_wconf 79' lang='grc' dir='ltr'><strong>τας</strong></span> <span class='ocrx_word' id='word_1_513' title='bbox 565 3766 764 3835; x_wconf 84' lang='grc' dir='ltr'>λήρους</span> <span class='ocrx_word' id='word_1_514' title='bbox 793 3763 999 3827; x_wconf 75' lang='grc' dir='ltr'>καλεῖν,</span> <span class='ocrx_word' id='word_1_515' title='bbox 1029 3763 1140 3824; x_wconf 80' lang='grc' dir='ltr'>τοῖς</span> <span class='ocrx_word' id='word_1_516' title='bbox 1169 3760 1225 3813; x_wconf 75' lang='grc' dir='ltr'>δὲ</span> <span class='ocrx_word' id='word_1_517' title='bbox 1250 3762 1369 3823; x_wconf 79' lang='grc' dir='ltr'>ταῖς</span> <span class='ocrx_word' id='word_1_518' title='bbox 1409 3759 1567 3830; x_wconf 82' lang='grc' dir='ltr'>ἡμῶν</span> <span class='ocrx_word' id='word_1_519' title='bbox 1592 3759 1805 3829; x_wconf 80' lang='grc' dir='ltr'>ἡδοναῖς</span> <span class='ocrx_word' id='word_1_520' title='bbox 1839 3775 1997 3811; x_wconf 84' lang='grc' dir='ltr'>συνα-</span> 
     </span>
    </p>
   </div>
   <div class='ocr_carea' id='block_1_72' title="bbox 425 3847 1992 3925">
    <p class='ocr_par' dir='ltr' id='par_1_72' title="bbox 425 3847 1992 3925">
     <span class='ocr_line' id='line_1_72' title="bbox 425 3847 1992 3925; baseline -0.003 -16"><span class='ocrx_word' id='word_1_521' title='bbox 425 3853 820 3925; x_wconf 77' lang='grc' dir='ltr'>γωνιζομένους</span> <span class='ocrx_word' id='word_1_522' title='bbox 841 3847 977 3906; x_wconf 81' lang='grc' dir='ltr'>ἆθλα</span> <span class='ocrx_word' id='word_1_523' title='bbox 999 3852 1289 3921; x_wconf 84' lang='grc' dir='ltr'>θαυμαστὰ</span> <span class='ocrx_word' id='word_1_524' title='bbox 1334 3850 1646 3921; x_wconf 85' lang='grc' dir='ltr'>προτιθέναι</span> <span class='ocrx_word' id='word_1_525' title='bbox 1682 3851 1992 3922; x_wconf 82' lang='grc' dir='ltr'>προήγαγε.</span> 
     </span>
    </p>
   </div>
   <div class='ocr_carea' id='block_1_73' title="bbox 425 3943 1997 4018">
    <p class='ocr_par' dir='ltr' id='par_1_73' title="bbox 425 3943 1997 4018">
     <span class='ocr_line' id='line_1_73' title="bbox 425 3943 1997 4018; baseline -0.004 -15"><span class='ocrx_word' id='word_1_526' title='bbox 425 3951 537 4003; x_wconf 77' lang='lat' dir='ltr'><strong>Kal</strong></span> <span class='ocrx_word' id='word_1_527' title='bbox 566 3949 703 4018; x_wconf 87' lang='grc' dir='ltr'>πρός</span> <span class='ocrx_word' id='word_1_528' title='bbox 741 3963 806 4014; x_wconf 87' lang='grc' dir='ltr'><strong>γε</strong></span> <span class='ocrx_word' id='word_1_529' title='bbox 846 3946 930 3998; x_wconf 71' lang='grc' dir='ltr'>ἔτι</span> <span class='ocrx_word' id='word_1_530' title='bbox 958 3945 1020 3998; x_wconf 82' lang='grc' dir='ltr'>τὸ</span> <span class='ocrx_word' id='word_1_531' title='bbox 1054 3946 1178 4007; x_wconf 73' lang='grc' dir='ltr'>τοὺς</span> <span class='ocrx_word' id='word_1_532' title='bbox 1210 3946 1308 4013; x_wconf 83' lang='grc' dir='ltr'>μὲν</span> <span class='ocrx_word' id='word_1_533' title='bbox 1338 3943 1590 4014; x_wconf 76' lang='grc' dir='ltr'>φανερῶς</span> <span class='ocrx_word' id='word_1_534' title='bbox 1623 3944 1997 4013; x_wconf 84' lang='grc' dir='ltr'>πολεμοῦντας</span> 
     </span>
    </p>
   </div>
   <div class='ocr_carea' id='block_1_74' title="bbox 427 4030 1995 4107">
    <p class='ocr_par' dir='ltr' id='par_1_74' title="bbox 427 4030 1995 4107">
     <span class='ocr_line' id='line_1_74' title="bbox 427 4030 1995 4107; baseline -0.005 -16"><span class='ocrx_word' id='word_1_535' title='bbox 427 4036 737 4107; x_wconf 74' lang='grc' dir='ltr'>ἀνέχεσθαι,</span> <span class='ocrx_word' id='word_1_536' title='bbox 787 4034 884 4087; x_wconf 77' lang='grc' dir='ltr'>καὶ</span> <span class='ocrx_word' id='word_1_537' title='bbox 924 4034 1201 4087; x_wconf 77' lang='grc' dir='ltr'>πιστεύειν</span> <span class='ocrx_word' id='word_1_538' title='bbox 1230 4033 1567 4099; x_wconf 80' lang='grc' dir='ltr'>ἐξαπατῶσι,</span> <span class='ocrx_word' id='word_1_539' title='bbox 1623 4034 1749 4095; x_wconf 81' lang='grc' dir='ltr'>τοὺς</span> <span class='ocrx_word' id='word_1_540' title='bbox 1782 4032 1840 4085; x_wconf 82' lang='grc' dir='ltr'>δὲ</span> <span class='ocrx_word' id='word_1_541' title='bbox 1875 4030 1995 4099; x_wconf 81' lang='grc' dir='ltr'>μεθ’</span> 
     </span>
    </p>
   </div>
   <div class='ocr_carea' id='block_1_75' title="bbox 427 4116 1995 4200">
    <p class='ocr_par' dir='ltr' id='par_1_75' title="bbox 427 4116 1995 4200">
     <span class='ocr_line' id='line_1_75' title="bbox 427 4116 1995 4200; baseline -0.004 -19"><span class='ocrx_word' id='word_1_542' title='bbox 427 4130 586 4200; x_wconf 79' lang='grc' dir='ltr'>ήμῶν</span> <span class='ocrx_word' id='word_1_543' title='bbox 633 4125 924 4180; x_wconf 79' lang='grc' dir='ltr'>τάττεσθαι</span> <span class='ocrx_word' id='word_1_544' title='bbox 981 4127 1077 4179; x_wconf 73' lang='grc' dir='ltr'>καὶ</span> <span class='ocrx_word' id='word_1_545' title='bbox 1132 4116 1457 4194; x_wconf 70' lang='grc' dir='ltr'>συμμαχεῖν⁵</span> <span class='ocrx_word' id='word_1_546' title='bbox 1492 4123 1995 4194; x_wconf 67' lang='grc' dir='ltr'>ἐπαγγελλομένους</span> 
     </span>
    </p>
   </div>
   <div class='ocr_carea' id='block_1_76' title="bbox 428 4215 1995 4286">
    <p class='ocr_par' dir='ltr' id='par_1_76' title="bbox 428 4215 1995 4286">
     <span class='ocr_line' id='line_1_76' title="bbox 428 4215 1995 4286; baseline -0.008 -9"><span class='ocrx_word' id='word_1_547' title='bbox 428 4221 757 4276; x_wconf 82' lang='grc' dir='ltr'>ὑποπτεύειν</span> <span class='ocrx_word' id='word_1_548' title='bbox 775 4234 789 4249; x_wconf 89' lang='grc'><strong>·</strong></span> <span class='ocrx_word' id='word_1_549' title='bbox 824 4217 919 4272; x_wconf 67' lang='grc' dir='ltr'>καὶ</span> <span class='ocrx_word' id='word_1_550' title='bbox 948 4216 1134 4286; x_wconf 77' lang='grc' dir='ltr'>ζητεῖν</span> <span class='ocrx_word' id='word_1_551' title='bbox 1159 4218 1463 4285; x_wconf 79' lang='grc' dir='ltr'>προφάσεις</span> <span class='ocrx_word' id='word_1_552' title='bbox 1482 4217 1606 4267; x_wconf 82' lang='grc' dir='ltr'>ὅθεν</span> <span class='ocrx_word' id='word_1_553' title='bbox 1633 4216 1866 4283; x_wconf 82' lang='grc' dir='ltr'>λύσομεν</span> <span class='ocrx_word' id='word_1_554' title='bbox 1898 4215 1995 4275; x_wconf 79' lang='grc' dir='ltr'>τὰς</span> 
     </span>
    </p>
   </div>
   <div class='ocr_carea' id='block_1_77' title="bbox 430 4305 1995 4384">
    <p class='ocr_par' dir='ltr' id='par_1_77' title="bbox 430 4305 1995 4384">
     <span class='ocr_line' id='line_1_77' title="bbox 430 4305 1995 4384; baseline -0.006 -18"><span class='ocrx_word' id='word_1_555' title='bbox 430 4310 790 4384; x_wconf 75' lang='grc' dir='ltr'>φιλίας.’Λλλ⁹</span> <span class='ocrx_word' id='word_1_556' title='bbox 809 4310 904 4364; x_wconf 81' lang='grc' dir='ltr'>ἐὰν</span> <span class='ocrx_word' id='word_1_557' title='bbox 926 4310 1033 4360; x_wconf 90' lang='grc' dir='ltr'><strong>τῶν</strong></span> <span class='ocrx_word' id='word_1_558' title='bbox 1065 4307 1331 4377; x_wconf 86' lang='grc' dir='ltr'>πρότερον</span> <span class='ocrx_word' id='word_1_559' title='bbox 1356 4307 1740 4374; x_wconf 80' lang='grc' dir='ltr'>καταγνόντες,</span> <span class='ocrx_word' id='word_1_560' title='bbox 1768 4309 1877 4367; x_wconf 77' lang='grc' dir='ltr'>τοῖς</span> <span class='ocrx_word' id='word_1_561' title='bbox 1900 4305 1995 4357; x_wconf 91' lang='grc' dir='ltr'>νῦν</span> 
     </span>
    </p>
   </div>
   <div class='ocr_carea' id='block_1_78' title="bbox 429 4395 1996 4475">
    <p class='ocr_par' dir='ltr' id='par_1_78' title="bbox 429 4395 1996 4475">
     <span class='ocr_line' id='line_1_78' title="bbox 429 4395 1996 4475; baseline -0.007 -17"><span class='ocrx_word' id='word_1_562' title='bbox 429 4405 582 4475; x_wconf 72' lang='grc' dir='ltr'>παρὰ</span> <span class='ocrx_word' id='word_1_563' title='bbox 612 4402 746 4457; x_wconf 83' lang='grc' dir='ltr'>Θεοῦ</span> <span class='ocrx_word' id='word_1_564' title='bbox 784 4399 1086 4467; x_wconf 78' lang='grc' dir='ltr'>δεδομένοις</span> <span class='ocrx_word' id='word_1_565' title='bbox 1122 4397 1479 4467; x_wconf 67' lang='grc' dir='ltr'>χρησώμεθα,</span> <span class='ocrx_word' id='word_1_566' title='bbox 1518 4399 1611 4450; x_wconf 78' lang='grc' dir='ltr'>καὶ</span> <span class='ocrx_word' id='word_1_567' title='bbox 1641 4401 1767 4460; x_wconf 82' lang='grc' dir='ltr'>τοὺς</span> <span class='ocrx_word' id='word_1_568' title='bbox 1810 4395 1996 4449; x_wconf 86' lang='grc' dir='ltr'>ἀνθελ-</span> 
     </span>
    </p>
   </div>
   <div class='ocr_carea' id='block_1_79' title="bbox 2096 3301 3669 3376">
    <p class='ocr_par' dir='ltr' id='par_1_79' title="bbox 2096 3301 3669 3376">
     <span class='ocr_line' id='line_1_79' title="bbox 2096 3301 3669 3376; baseline 0.005 -22"><span class='ocrx_word' id='word_1_569' title='bbox 2096 3301 2313 3355; x_wconf 87' lang='lat' dir='ltr'><strong>redacta</strong></span> <span class='ocrx_word' id='word_1_570' title='bbox 2340 3310 2449 3363; x_wconf 89' lang='lat' dir='ltr'><strong>est,</strong></span> <span class='ocrx_word' id='word_1_571' title='bbox 2483 3301 2669 3370; x_wconf 89' lang='lat' dir='ltr'><strong>sicque</strong></span> <span class='ocrx_word' id='word_1_572' title='bbox 2699 3301 2959 3368; x_wconf 90' lang='lat' dir='ltr'><strong>deinceps</strong></span> <span class='ocrx_word' id='word_1_573' title='bbox 2992 3304 3194 3357; x_wconf 88' lang='lat' dir='ltr'><strong>liberos</strong></span> <span class='ocrx_word' id='word_1_574' title='bbox 3241 3306 3424 3360; x_wconf 89' lang='lat' dir='ltr'><strong>vivere</strong></span> <span class='ocrx_word' id='word_1_575' title='bbox 3457 3308 3669 3376; x_wconf 83' lang='lat' dir='ltr'><strong>impos-</strong></span> 
     </span>
    </p>
   </div>
   <div class='ocr_carea' id='block_1_80' title="bbox 2095 3392 3669 3469">
    <p class='ocr_par' dir='ltr' id='par_1_80' title="bbox 2095 3392 3669 3469">
     <span class='ocr_line' id='line_1_80' title="bbox 2095 3392 3669 3469; baseline 0.004 -23"><span class='ocrx_word' id='word_1_576' title='bbox 2095 3392 2351 3447; x_wconf 84' lang='lat' dir='ltr'><strong>sibilibus</strong></span> <span class='ocrx_word' id='word_1_577' title='bbox 2379 3392 2786 3447; x_wconf 84' lang='lat' dir='ltr'><strong>accensendum</strong></span> <span class='ocrx_word' id='word_1_578' title='bbox 2817 3393 3034 3447; x_wconf 89' lang='lat' dir='ltr'><strong>videtur</strong></span> <span class='ocrx_word' id='word_1_579' title='bbox 3060 3411 3075 3459; x_wconf 90' lang='lat'><strong>;</strong></span> <span class='ocrx_word' id='word_1_580' title='bbox 3106 3395 3162 3447; x_wconf 90' lang='lat' dir='ltr'><strong>in</strong></span> <span class='ocrx_word' id='word_1_581' title='bbox 3193 3412 3332 3464; x_wconf 85' lang='lat' dir='ltr'><strong>quas</strong></span> <span class='ocrx_word' id='word_1_582' title='bbox 3370 3414 3470 3451; x_wconf 89' lang='lat' dir='ltr'><strong>nos</strong></span> <span class='ocrx_word' id='word_1_583' title='bbox 3496 3414 3669 3469; x_wconf 82' lang='lat' dir='ltr'><strong>angu-</strong></span> 
     </span>
    </p>
   </div>
   <div class='ocr_carea' id='block_1_81' title="bbox 2095 3482 3666 3559">
    <p class='ocr_par' dir='ltr' id='par_1_81' title="bbox 2095 3482 3666 3559">
     <span class='ocr_line' id='line_1_81' title="bbox 2095 3482 3666 3559; baseline 0.003 -21"><span class='ocrx_word' id='word_1_584' title='bbox 2095 3484 2229 3538; x_wconf 88' lang='lat' dir='ltr'><strong>stias</strong></span> <span class='ocrx_word' id='word_1_585' title='bbox 2254 3482 2511 3553; x_wconf 90' lang='lat' dir='ltr'><strong>conjecit,</strong></span> <span class='ocrx_word' id='word_1_586' title='bbox 2540 3490 2653 3536; x_wconf 92' lang='lat' dir='ltr'><strong>tum</strong></span> <span class='ocrx_word' id='word_1_587' title='bbox 2683 3483 2827 3551; x_wconf 84' lang='lat' dir='ltr'><strong>quod</strong></span> <span class='ocrx_word' id='word_1_588' title='bbox 2860 3484 3162 3539; x_wconf 84' lang='lat' dir='ltr'><strong>accidentia</strong></span> <span class='ocrx_word' id='word_1_589' title='bbox 3190 3488 3329 3540; x_wconf 88' lang='lat' dir='ltr'><strong>mala</strong></span> <span class='ocrx_word' id='word_1_590' title='bbox 3358 3488 3666 3559; x_wconf 88' lang='lat' dir='ltr'><strong>damnaque</strong></span> 
     </span>
    </p>
   </div>
   <div class='ocr_carea' id='block_1_82' title="bbox 2098 3574 3655 3644">
    <p class='ocr_par' dir='ltr' id='par_1_82' title="bbox 2098 3574 3655 3644">
     <span class='ocr_line' id='line_1_82' title="bbox 2098 3574 3655 3644; baseline 0.004 -15"><span class='ocrx_word' id='word_1_591' title='bbox 2098 3574 2503 3643; x_wconf 75' lang='lat' dir='ltr'><strong>neglexerimus</strong></span> <span class='ocrx_word' id='word_1_592' title='bbox 2550 3587 2649 3627; x_wconf 90' lang='lat' dir='ltr'><strong>ceu</strong></span> <span class='ocrx_word' id='word_1_593' title='bbox 2709 3589 2824 3627; x_wconf 87' lang='lat' dir='ltr'><strong>rem</strong></span> <span class='ocrx_word' id='word_1_594' title='bbox 2868 3575 3198 3644; x_wconf 83' lang='lat' dir='ltr'><strong>superﬂuam</strong></span> <span class='ocrx_word' id='word_1_595' title='bbox 3244 3580 3540 3635; x_wconf 89' lang='lat' dir='ltr'><strong>emendare</strong></span> <span class='ocrx_word' id='word_1_596' title='bbox 3590 3599 3655 3635; x_wconf 87' lang='lat' dir='ltr'><strong>ac</strong></span> 
     </span>
    </p>
   </div>
   <div class='ocr_carea' id='block_1_83' title="bbox 2098 3664 3666 3740">
    <p class='ocr_par' dir='ltr' id='par_1_83' title="bbox 2098 3664 3666 3740">
     <span class='ocr_line' id='line_1_83' title="bbox 2098 3664 3666 3740; baseline 0.003 -20"><span class='ocrx_word' id='word_1_597' title='bbox 2098 3666 2450 3730; x_wconf 83' lang='lat' dir='ltr'><strong>instaurare;</strong></span> <span class='ocrx_word' id='word_1_598' title='bbox 2505 3672 2620 3720; x_wconf 91' lang='lat' dir='ltr'><strong>tum</strong></span> <span class='ocrx_word' id='word_1_599' title='bbox 2670 3664 2817 3734; x_wconf 86' lang='lat' dir='ltr'><strong>quod</strong></span> <span class='ocrx_word' id='word_1_600' title='bbox 2865 3665 3008 3720; x_wconf 86' lang='lat' dir='ltr'><strong>diem</strong></span> <span class='ocrx_word' id='word_1_601' title='bbox 3077 3668 3190 3724; x_wconf 91' lang='lat' dir='ltr'><strong>otio</strong></span> <span class='ocrx_word' id='word_1_602' title='bbox 3234 3672 3555 3740; x_wconf 53' lang='lat' dir='ltr'><strong>&#39;transigere</strong></span> <span class='ocrx_word' id='word_1_603' title='bbox 3601 3689 3666 3725; x_wconf 77' lang='lat' dir='ltr'><strong>ac.</strong></span> 
     </span>
    </p>
   </div>
   <div class='ocr_carea' id='block_1_84' title="bbox 2098 3755 3668 3826">
    <p class='ocr_par' dir='ltr' id='par_1_84' title="bbox 2098 3755 3668 3826">
     <span class='ocr_line' id='line_1_84' title="bbox 2098 3755 3668 3826; baseline 0.005 -17"><span class='ocrx_word' id='word_1_604' title='bbox 2098 3755 2351 3826; x_wconf 85' lang='lat' dir='ltr'><strong>ignavia,</strong></span> <span class='ocrx_word' id='word_1_605' title='bbox 2404 3756 2553 3810; x_wconf 86' lang='lat' dir='ltr'><strong>viros</strong></span> <span class='ocrx_word' id='word_1_606' title='bbox 2600 3755 2799 3810; x_wconf 89' lang='lat' dir='ltr'><strong>decere</strong></span> <span class='ocrx_word' id='word_1_607' title='bbox 2852 3764 3209 3825; x_wconf 86' lang='lat' dir='ltr'><strong>putaremus;</strong></span> <span class='ocrx_word' id='word_1_608' title='bbox 3255 3775 3320 3814; x_wconf 86' lang='lat' dir='ltr'><strong>ac</strong></span> <span class='ocrx_word' id='word_1_609' title='bbox 3380 3772 3668 3817; x_wconf 84' lang='lat' dir='ltr'><strong>monentes</strong></span> 
     </span>
    </p>
   </div>
   <div class='ocr_carea' id='block_1_85' title="bbox 2097 3849 3668 3918">
    <p class='ocr_par' dir='ltr' id='par_1_85' title="bbox 2097 3849 3668 3918">
     <span class='ocr_line' id='line_1_85' title="bbox 2097 3849 3668 3918; baseline 0.004 -17"><span class='ocrx_word' id='word_1_610' title='bbox 2097 3849 2319 3917; x_wconf 92' lang='lat' dir='ltr'><strong>quidem</strong></span> <span class='ocrx_word' id='word_1_611' title='bbox 2380 3862 2502 3918; x_wconf 85' lang='lat' dir='ltr'><strong>quae</strong></span> <span class='ocrx_word' id='word_1_612' title='bbox 2565 3863 2746 3918; x_wconf 75' lang='lat' dir='ltr'><strong>opera:</strong></span> <span class='ocrx_word' id='word_1_613' title='bbox 2796 3849 3030 3918; x_wconf 89' lang='lat' dir='ltr'><strong>pretium</strong></span> <span class='ocrx_word' id='word_1_614' title='bbox 3075 3859 3281 3915; x_wconf 81' lang='lat' dir='ltr'><strong>essent,</strong></span> <span class='ocrx_word' id='word_1_615' title='bbox 3332 3852 3668 3908; x_wconf 83' lang='lat' dir='ltr'><strong>haberemus</strong></span> 
     </span>
    </p>
   </div>
   <div class='ocr_carea' id='block_1_86' title="bbox 2098 3940 3666 4009">
    <p class='ocr_par' dir='ltr' id='par_1_86' title="bbox 2098 3940 3666 4009">
     <span class='ocr_line' id='line_1_86' title="bbox 2098 3940 3666 4009; baseline 0.003 -15"><span class='ocrx_word' id='word_1_616' title='bbox 2098 3940 2295 3994; x_wconf 88' lang='lat' dir='ltr'><strong>stultos</strong></span> <span class='ocrx_word' id='word_1_617' title='bbox 2322 3956 2337 4003; x_wconf 90' lang='lat'><strong>;</strong></span> <span class='ocrx_word' id='word_1_618' title='bbox 2374 3940 2442 3993; x_wconf 89' lang='lat' dir='ltr'><strong>iis</strong></span> <span class='ocrx_word' id='word_1_619' title='bbox 2468 3951 2649 3993; x_wconf 90' lang='lat' dir='ltr'><strong>autem</strong></span> <span class='ocrx_word' id='word_1_620' title='bbox 2682 3940 2775 4009; x_wconf 90' lang='lat' dir='ltr'><strong>qui</strong></span> <span class='ocrx_word' id='word_1_621' title='bbox 2803 3940 3174 4008; x_wconf 89' lang='lat' dir='ltr'><strong>voluptatibus</strong></span> <span class='ocrx_word' id='word_1_622' title='bbox 3205 3942 3666 3998; x_wconf 86' lang='lat' dir='ltr'><strong>adbiandirentur</strong></span> 
     </span>
    </p>
   </div>
   <div class='ocr_carea' id='block_1_87' title="bbox 2100 4031 3670 4101">
    <p class='ocr_par' dir='ltr' id='par_1_87' title="bbox 2100 4031 3670 4101">
     <span class='ocr_line' id='line_1_87' title="bbox 2100 4031 3670 4101; baseline 0.005 -19"><span class='ocrx_word' id='word_1_623' title='bbox 2100 4031 2325 4095; x_wconf 89' lang='lat' dir='ltr'><strong>nostris,</strong></span> <span class='ocrx_word' id='word_1_624' title='bbox 2361 4031 2621 4100; x_wconf 67' lang='lat' dir='ltr'><strong>pmlara</strong></span> <span class='ocrx_word' id='word_1_625' title='bbox 2655 4031 2903 4100; x_wconf 63' lang='lat' dir='ltr'><strong>quaedam</strong></span> <span class='ocrx_word' id='word_1_626' title='bbox 2947 4032 3164 4099; x_wconf 68' lang='lat' dir='ltr'><strong>praemia</strong></span> <span class='ocrx_word' id='word_1_627' title='bbox 3189 4034 3467 4101; x_wconf 80' lang='lat' dir='ltr'><strong>preposita</strong></span> <span class='ocrx_word' id='word_1_628' title='bbox 3500 4036 3670 4090; x_wconf 79' lang='lat' dir='ltr'><strong>velle-</strong></span> 
     </span>
    </p>
   </div>
   <div class='ocr_carea' id='block_1_88' title="bbox 2100 4122 3670 4191">
    <p class='ocr_par' dir='ltr' id='par_1_88' title="bbox 2100 4122 3670 4191">
     <span class='ocr_line' id='line_1_88' title="bbox 2100 4122 3670 4191; baseline 0.003 -16"><span class='ocrx_word' id='word_1_629' title='bbox 2100 4138 2238 4176; x_wconf 88' lang='lat' dir='ltr'><strong>mus.</strong></span> <span class='ocrx_word' id='word_1_630' title='bbox 2270 4122 2350 4176; x_wconf 83' lang='lat' dir='ltr'><strong>Ad</strong></span> <span class='ocrx_word' id='word_1_631' title='bbox 2379 4123 2495 4177; x_wconf 65' lang='lat' dir='ltr'><strong>haec</strong></span> <span class='ocrx_word' id='word_1_632' title='bbox 2517 4132 2722 4185; x_wconf 90' lang='lat' dir='ltr'><strong>autem,</strong></span> <span class='ocrx_word' id='word_1_633' title='bbox 2749 4124 2889 4191; x_wconf 87' lang='lat' dir='ltr'><strong>quod</strong></span> <span class='ocrx_word' id='word_1_634' title='bbox 2924 4123 3241 4178; x_wconf 83' lang='lat' dir='ltr'><strong>manifestos</strong></span> <span class='ocrx_word' id='word_1_635' title='bbox 3269 4124 3451 4180; x_wconf 85' lang='lat' dir='ltr'><strong>hostes</strong></span> <span class='ocrx_word' id='word_1_636' title='bbox 3500 4129 3670 4180; x_wconf 80' lang='lat' dir='ltr'><strong>susti—</strong></span> 
     </span>
    </p>
   </div>
   <div class='ocr_carea' id='block_1_89' title="bbox 2100 4212 3671 4280">
    <p class='ocr_par' dir='ltr' id='par_1_89' title="bbox 2100 4212 3671 4280">
     <span class='ocr_line' id='line_1_89' title="bbox 2100 4212 3671 4280; baseline 0.002 -14"><span class='ocrx_word' id='word_1_637' title='bbox 2100 4227 2374 4274; x_wconf 88' lang='lat' dir='ltr'><strong>neremus,</strong></span> <span class='ocrx_word' id='word_1_638' title='bbox 2405 4226 2468 4264; x_wconf 86' lang='lat' dir='ltr'><strong>ac</strong></span> <span class='ocrx_word' id='word_1_639' title='bbox 2510 4212 2918 4280; x_wconf 87' lang='lat' dir='ltr'><strong>decipientibus</strong></span> <span class='ocrx_word' id='word_1_640' title='bbox 2970 4213 3305 4268; x_wconf 89' lang='lat' dir='ltr'><strong>haberemus</strong></span> <span class='ocrx_word' id='word_1_641' title='bbox 3336 4214 3496 4267; x_wconf 59' lang='lat' dir='ltr'><strong>fidem</strong></span> <span class='ocrx_word' id='word_1_642' title='bbox 3524 4232 3538 4280; x_wconf 86' lang='lat'><strong>;</strong></span> <span class='ocrx_word' id='word_1_643' title='bbox 3576 4231 3671 4269; x_wconf 89' lang='lat' dir='ltr'><strong>eos</strong></span> 
     </span>
    </p>
   </div>
   <div class='ocr_carea' id='block_1_90' title="bbox 2100 4303 3674 4373">
    <p class='ocr_par' dir='ltr' id='par_1_90' title="bbox 2100 4303 3674 4373">
     <span class='ocr_line' id='line_1_90' title="bbox 2100 4303 3674 4373; baseline 0.003 -15"><span class='ocrx_word' id='word_1_644' title='bbox 2100 4313 2283 4358; x_wconf 89' lang='lat' dir='ltr'><strong>autem</strong></span> <span class='ocrx_word' id='word_1_645' title='bbox 2316 4305 2409 4373; x_wconf 90' lang='lat' dir='ltr'><strong>qui</strong></span> <span class='ocrx_word' id='word_1_646' title='bbox 2455 4303 2617 4357; x_wconf 89' lang='lat' dir='ltr'><strong>nobis</strong></span> <span class='ocrx_word' id='word_1_647' title='bbox 2661 4304 3011 4367; x_wconf 88' lang='lat' dir='ltr'><strong>accedentes,</strong></span> <span class='ocrx_word' id='word_1_648' title='bbox 3043 4306 3169 4360; x_wconf 87' lang='lat' dir='ltr'><strong>belli</strong></span> <span class='ocrx_word' id='word_1_649' title='bbox 3217 4321 3299 4360; x_wconf 45' lang='lat' dir='ltr'><strong>se.</strong></span> <span class='ocrx_word' id='word_1_650' title='bbox 3326 4307 3508 4361; x_wconf 88' lang='lat' dir='ltr'><strong>socios</strong></span> <span class='ocrx_word' id='word_1_651' title='bbox 3553 4307 3674 4362; x_wconf 83' lang='lat' dir='ltr'><strong>fore</strong></span> 
     </span>
    </p>
   </div>
   <div class='ocr_carea' id='block_1_91' title="bbox 2100 4390 3672 4465">
    <p class='ocr_par' dir='ltr' id='par_1_91' title="bbox 2100 4390 3672 4465">
     <span class='ocr_line' id='line_1_91' title="bbox 2100 4390 3672 4465; baseline 0.003 -18"><span class='ocrx_word' id='word_1_652' title='bbox 2100 4394 2514 4459; x_wconf 84' lang='lat' dir='ltr'><strong>pollicebantur,</strong></span> <span class='ocrx_word' id='word_1_653' title='bbox 2542 4394 2893 4449; x_wconf 84' lang='lat' dir='ltr'><strong>habuerimus</strong></span> <span class='ocrx_word' id='word_1_654' title='bbox 2926 4405 3229 4465; x_wconf 89' lang='lat' dir='ltr'><strong>suspectos,</strong></span> <span class='ocrx_word' id='word_1_655' title='bbox 3262 4411 3325 4452; x_wconf 86' lang='lat' dir='ltr'><strong>ea</strong></span> <span class='ocrx_word' id='word_1_656' title='bbox 3362 4390 3672 4462; x_wconf 81' lang='lat' dir='ltr'><strong>causantes,</strong></span> 
     </span>
    </p>
   </div>
   <div class='ocr_carea' id='block_1_92' title="bbox 430 4484 1991 4559">
    <p class='ocr_par' dir='ltr' id='par_1_92' title="bbox 430 4487 1991 4558">
     <span class='ocr_line' id='line_1_92' title="bbox 430 4487 1991 4558; baseline -0.006 -8"><span class='ocrx_word' id='word_1_657' title='bbox 430 4497 662 4558; x_wconf 85' lang='grc' dir='ltr'>κοῦντας</span> <span class='ocrx_word' id='word_1_658' title='bbox 693 4492 916 4553; x_wconf 83' lang='grc' dir='ltr'>τούτους</span> <span class='ocrx_word' id='word_1_659' title='bbox 970 4490 1395 4557; x_wconf 79' lang='grc' dir='ltr'>ἀποσεισάμενοι</span> <span class='ocrx_word' id='word_1_660' title='bbox 1415 4527 1431 4552; x_wconf 92' lang='grc'><strong>,</strong></span> <span class='ocrx_word' id='word_1_661' title='bbox 1464 4490 1555 4543; x_wconf 75' lang='grc' dir='ltr'>καὶ</span> <span class='ocrx_word' id='word_1_662' title='bbox 1584 4490 1791 4558; x_wconf 82' lang='grc' dir='ltr'>γραυσὶ</span> <span class='ocrx_word' id='word_1_663' title='bbox 1826 4487 1991 4541; x_wconf 87' lang='grc' dir='ltr'>ταῦτα</span> 
     </span>
    </p>
   </div>
   <div class='ocr_carea' id='block_1_93' title="bbox 2094 4484 3713 4559">
    <p class='ocr_par' dir='ltr' id='par_1_93' title="bbox 2104 4484 3713 4559">
     <span class='ocr_line' id='line_1_93' title="bbox 2104 4484 3713 4559; baseline 0.002 -22"><span class='ocrx_word' id='word_1_664' title='bbox 2104 4484 2306 4554; x_wconf 88' lang='lat' dir='ltr'><strong>quibus</strong></span> <span class='ocrx_word' id='word_1_665' title='bbox 2335 4484 2605 4540; x_wconf 87' lang='lat' dir='ltr'><strong>amicitias</strong></span> <span class='ocrx_word' id='word_1_666' title='bbox 2629 4485 3076 4546; x_wconf 84' lang='lat' dir='ltr'><strong>dissolveremus.</strong></span> <span class='ocrx_word' id='word_1_667' title='bbox 3099 4488 3301 4543; x_wconf 83' lang='lat' dir='ltr'><strong>Verum</strong></span> <span class='ocrx_word' id='word_1_668' title='bbox 3337 4499 3397 4544; x_wconf 89' lang='lat' dir='ltr'><strong>ut</strong></span> <span class='ocrx_word' id='word_1_669' title='bbox 3424 4493 3674 4559; x_wconf 86' lang='lat' dir='ltr'><strong>priorum</strong></span> <span class='ocrx_word' id='word_1_670' title='bbox 3705 4522 3713 4559; x_wconf 58' lang='grc' dir='ltr'><em>ρ</em></span> 
     </span>
    </p>
   </div>
   <div class='ocr_carea' id='block_1_94' title="bbox 439 4556 1991 4655">
    <p class='ocr_par' dir='ltr' id='par_1_94' title="bbox 439 4556 1991 4655">
     <span class='ocr_line' id='line_1_94' title="bbox 439 4556 1991 4655; baseline -0.007 -15"><span class='ocrx_word' id='word_1_671' title='bbox 439 4556 915 4655; x_wconf 75' lang='grc' dir='ltr'>μυθολογήσαντας</span> <span class='ocrx_word' id='word_1_672' title='bbox 961 4582 1412 4653; x_wconf 78' lang='grc' dir='ltr'>ἀποπέμψαντες,</span> <span class='ocrx_word' id='word_1_673' title='bbox 1440 4582 1530 4634; x_wconf 81' lang='grc' dir='ltr'>τὸν</span> <span class='ocrx_word' id='word_1_674' title='bbox 1562 4556 1785 4647; x_wconf 73' lang='grc' dir='ltr'>ἔσχατον</span> <span class='ocrx_word' id='word_1_675' title='bbox 1814 4578 1991 4631; x_wconf 51' lang='grc' dir='ltr'>τοῦτον</span> 
     </span>
    </p>
   </div>
   <div class='ocr_carea' id='block_1_95' title="bbox 2094 4556 3712 4655">
    <p class='ocr_par' dir='ltr' id='par_1_95' title="bbox 2106 4556 3712 4650">
     <span class='ocr_line' id='line_1_95' title="bbox 2106 4556 3712 4650; baseline 0.004 -20"><span class='ocrx_word' id='word_1_676' title='bbox 2106 4576 2451 4647; x_wconf 73' lang='grc' dir='ltr'>ρωιιὶιυᾶὶιιε</span> <span class='ocrx_word' id='word_1_677' title='bbox 2496 4576 2684 4642; x_wconf 89' lang='lat' dir='ltr'><strong>ducti,</strong></span> <span class='ocrx_word' id='word_1_678' title='bbox 2736 4578 2935 4633; x_wconf 85' lang='lat' dir='ltr'><strong>oblatis</strong></span> <span class='ocrx_word' id='word_1_679' title='bbox 2994 4595 3140 4634; x_wconf 91' lang='lat' dir='ltr'><strong>nunc</strong></span> <span class='ocrx_word' id='word_1_680' title='bbox 3190 4581 3283 4635; x_wconf 89' lang='lat' dir='ltr'><strong>Dei</strong></span> <span class='ocrx_word' id='word_1_681' title='bbox 3330 4556 3712 4650; x_wconf 52' lang='lat' dir='ltr'><strong>providentia,x</strong></span> 
     </span>
    </p>
   </div>
   <div class='ocr_carea' id='block_1_96' title="bbox 438 4656 1991 4747">
    <p class='ocr_par' dir='ltr' id='par_1_96' title="bbox 438 4668 1991 4747">
     <span class='ocr_line' id='line_1_96' title="bbox 438 4668 1991 4747; baseline -0.007 -16"><span class='ocrx_word' id='word_1_682' title='bbox 438 4679 579 4747; x_wconf 77' lang='grc' dir='ltr'>ὺπέρ</span> <span class='ocrx_word' id='word_1_683' title='bbox 607 4678 708 4747; x_wconf 81' lang='grc' dir='ltr'>τῆς</span> <span class='ocrx_word' id='word_1_684' title='bbox 736 4680 921 4747; x_wconf 85' lang='grc' dir='ltr'>κοινῆς</span> <span class='ocrx_word' id='word_1_685' title='bbox 952 4675 1223 4746; x_wconf 73' lang='grc' dir='ltr'>σωτηρίας</span> <span class='ocrx_word' id='word_1_686' title='bbox 1252 4672 1443 4741; x_wconf 68' lang='grc' dir='ltr'>ἀγῶνα</span> <span class='ocrx_word' id='word_1_687' title='bbox 1464 4668 1841 4739; x_wconf 85' lang='grc' dir='ltr'>ἀγωνίσασθαι</span> <span class='ocrx_word' id='word_1_688' title='bbox 1882 4668 1991 4736; x_wconf 84' lang='grc' dir='ltr'>βου·</span> 
     </span>
    </p>
   </div>
   <div class='ocr_carea' id='block_1_97' title="bbox 2094 4656 3708 4747">
    <p class='ocr_par' dir='ltr' id='par_1_97' title="bbox 2109 4656 3708 4739">
     <span class='ocr_line' id='line_1_97' title="bbox 2109 4656 3708 4739; baseline 0 -19"><span class='ocrx_word' id='word_1_689' title='bbox 2109 4666 2447 4721; x_wconf 87' lang='lat' dir='ltr'><strong>voiuerimns</strong></span> <span class='ocrx_word' id='word_1_690' title='bbox 2477 4668 2580 4732; x_wconf 89' lang='lat' dir='ltr'><strong>uti,</strong></span> <span class='ocrx_word' id='word_1_691' title='bbox 2624 4668 2802 4736; x_wconf 86' lang='lat' dir='ltr'><strong>iisque</strong></span> <span class='ocrx_word' id='word_1_692' title='bbox 2838 4671 3074 4736; x_wconf 86' lang='lat' dir='ltr'><strong>repulsis</strong></span> <span class='ocrx_word' id='word_1_693' title='bbox 3102 4672 3197 4739; x_wconf 89' lang='lat' dir='ltr'><strong>qui</strong></span> <span class='ocrx_word' id='word_1_694' title='bbox 3238 4685 3395 4725; x_wconf 85' lang='lat' dir='ltr'><strong>secus</strong></span> <span class='ocrx_word' id='word_1_695' title='bbox 3431 4656 3708 4731; x_wconf 67' lang='lat' dir='ltr'><strong>trahunt,‘</strong></span> 
     </span>
    </p>
   </div>
   <div class='ocr_carea' id='block_1_98' title="bbox 435 4762 2007 4840">
    <p class='ocr_par' dir='ltr' id='par_1_98' title="bbox 435 4762 2007 4840">
     <span class='ocr_line' id='line_1_98' title="bbox 435 4762 2007 4840; baseline -0.008 -15"><span class='ocrx_word' id='word_1_696' title='bbox 435 4771 656 4840; x_wconf 82' lang='grc' dir='ltr'>ληθῆτε,</span> <span class='ocrx_word' id='word_1_697' title='bbox 708 4764 882 4838; x_wconf 75' lang='grc' dir='ltr'>οἶμαι,</span> <span class='ocrx_word' id='word_1_698' title='bbox 923 4770 1018 4822; x_wconf 77' lang='grc' dir='ltr'>καὶ</span> <span class='ocrx_word' id='word_1_699' title='bbox 1056 4769 1153 4821; x_wconf 81' lang='grc' dir='ltr'>σὺν</span> <span class='ocrx_word' id='word_1_700' title='bbox 1191 4765 1310 4834; x_wconf 82' lang='grc' dir='ltr'><strong>Θεῷ</strong></span> <span class='ocrx_word' id='word_1_701' title='bbox 1347 4764 1493 4817; x_wconf 81' lang='grc' dir='ltr'>τοῦτ’</span> <span class='ocrx_word' id='word_1_702' title='bbox 1541 4762 1802 4833; x_wconf 76' lang='grc' dir='ltr'>εἰρήσθω,</span> <span class='ocrx_word' id='word_1_703' title='bbox 1841 4762 1902 4814; x_wconf 85' lang='grc' dir='ltr'><strong>ού</strong></span> <span class='ocrx_word' id='word_1_704' title='bbox 1938 4762 2007 4814; x_wconf 80' lang='grc' dir='ltr'><strong>τὰ</strong></span> 
     </span>
    </p>
   </div>
   <div class='ocr_carea' id='block_1_99' title="bbox 437 4854 2005 4930">
    <p class='ocr_par' dir='ltr' id='par_1_99' title="bbox 437 4854 2005 4930">
     <span class='ocr_line' id='line_1_99' title="bbox 437 4854 2005 4930; baseline -0.006 -17"><span class='ocrx_word' id='word_1_705' title='bbox 437 4863 576 4914; x_wconf 88' lang='grc' dir='ltr'>οίκοι</span> <span class='ocrx_word' id='word_1_706' title='bbox 618 4859 797 4930; x_wconf 85' lang='grc' dir='ltr'>μόνον,</span> <span class='ocrx_word' id='word_1_707' title='bbox 851 4860 985 4913; x_wconf 79' lang='grc' dir='ltr'>ἀλλὰ</span> <span class='ocrx_word' id='word_1_708' title='bbox 1018 4859 1117 4911; x_wconf 72' lang='grc' dir='ltr'><strong>καὶ</strong></span> <span class='ocrx_word' id='word_1_709' title='bbox 1168 4858 1238 4910; x_wconf 82' lang='grc' dir='ltr'>τὰ</span> <span class='ocrx_word' id='word_1_710' title='bbox 1273 4857 1610 4926; x_wconf 76' lang='grc' dir='ltr'>πορρωτάτω</span> <span class='ocrx_word' id='word_1_711' title='bbox 1643 4855 1820 4916; x_wconf 83' lang='grc' dir='ltr'>καλῶς</span> <span class='ocrx_word' id='word_1_712' title='bbox 1860 4854 2005 4917; x_wconf 67' lang='grc' dir='ltr'>ἕξειν</span> 
     </span>
    </p>
   </div>
   <div class='ocr_carea' id='block_1_100' title="bbox 435 4946 2004 5021">
    <p class='ocr_par' dir='ltr' id='par_1_100' title="bbox 435 4946 2004 5021">
     <span class='ocr_line' id='line_1_100' title="bbox 435 4946 2004 5021; baseline -0.004 -17"><span class='ocrx_word' id='word_1_713' title='bbox 435 4953 597 5021; x_wconf 75' lang='grc' dir='ltr'>ἡμῖν’</span> <span class='ocrx_word' id='word_1_714' title='bbox 618 4952 712 5004; x_wconf 76' lang='grc' dir='ltr'>καὶ</span> <span class='ocrx_word' id='word_1_715' title='bbox 740 4950 816 5020; x_wconf 77' lang='grc' dir='ltr'>μὴ</span> <span class='ocrx_word' id='word_1_716' title='bbox 838 4954 904 5021; x_wconf 80' lang='grc' dir='ltr'>τῇ</span> <span class='ocrx_word' id='word_1_717' title='bbox 934 4949 1154 5019; x_wconf 91' lang='grc' dir='ltr'>πατρίδι</span> <span class='ocrx_word' id='word_1_718' title='bbox 1182 4948 1341 5017; x_wconf 86' lang='grc' dir='ltr'>μόνον</span> <span class='ocrx_word' id='word_1_719' title='bbox 1356 4946 1659 5001; x_wconf 78' lang='grc' dir='ltr'>ἁνασώσειν</span> <span class='ocrx_word' id='word_1_720' title='bbox 1694 4947 1755 4998; x_wconf 75' lang='grc' dir='ltr'>τὸ</span> <span class='ocrx_word' id='word_1_721' title='bbox 1785 4947 2004 4999; x_wconf 82' lang='grc' dir='ltr'>πάντων</span> 
     </span>
    </p>
   </div>
   <div class='ocr_carea' id='block_1_101' title="bbox 2108 4748 3705 4827">
    <p class='ocr_par' dir='ltr' id='par_1_101' title="bbox 2108 4748 3705 4827">
     <span class='ocr_line' id='line_1_101' title="bbox 2108 4748 3705 4827; baseline -0.001 -14"><span class='ocrx_word' id='word_1_722' title='bbox 2108 4774 2171 4813; x_wconf 87' lang='lat' dir='ltr'><strong>ac</strong></span> <span class='ocrx_word' id='word_1_723' title='bbox 2198 4759 2265 4813; x_wconf 88' lang='lat' dir='ltr'><strong>ad</strong></span> <span class='ocrx_word' id='word_1_724' title='bbox 2290 4774 2452 4821; x_wconf 84' lang='lat' dir='ltr'><strong>anus,</strong></span> <span class='ocrx_word' id='word_1_725' title='bbox 2475 4758 2677 4825; x_wconf 87' lang='lat' dir='ltr'><strong>quibus</strong></span> <span class='ocrx_word' id='word_1_726' title='bbox 2703 4773 2799 4813; x_wconf 85' lang='lat' dir='ltr'><strong>eas</strong></span> <span class='ocrx_word' id='word_1_727' title='bbox 2829 4759 3047 4827; x_wconf 48' lang='lat' dir='ltr'><strong>fabulas</strong></span> <span class='ocrx_word' id='word_1_728' title='bbox 3073 4771 3319 4819; x_wconf 86' lang='lat' dir='ltr'><strong>narrent.</strong></span> <span class='ocrx_word' id='word_1_729' title='bbox 3347 4762 3673 4823; x_wconf 77' lang='lat' dir='ltr'><strong>amandalis,</strong></span> <span class='ocrx_word' id='word_1_730' title='bbox 3702 4748 3705 4755; x_wconf 80' lang='grc'><em>’</em></span> 
     </span>
    </p>
   </div>
   <div class='ocr_carea' id='block_1_102' title="bbox 2107 4850 3674 4918">
    <p class='ocr_par' dir='ltr' id='par_1_102' title="bbox 2107 4850 3674 4918">
     <span class='ocr_line' id='line_1_102' title="bbox 2107 4850 3674 4918; baseline -0.004 -13"><span class='ocrx_word' id='word_1_731' title='bbox 2107 4865 2424 4918; x_wconf 85' lang='lat' dir='ltr'><strong>supremum</strong></span> <span class='ocrx_word' id='word_1_732' title='bbox 2467 4851 2573 4903; x_wconf 90' lang='lat' dir='ltr'><strong>hoc</strong></span> <span class='ocrx_word' id='word_1_733' title='bbox 2613 4865 2711 4918; x_wconf 88' lang='lat' dir='ltr'><strong>pro</strong></span> <span class='ocrx_word' id='word_1_734' title='bbox 2738 4850 2913 4904; x_wconf 87' lang='lat' dir='ltr'><strong>salute</strong></span> <span class='ocrx_word' id='word_1_735' title='bbox 2950 4852 3225 4903; x_wconf 89' lang='lat' dir='ltr'><strong>communi</strong></span> <span class='ocrx_word' id='word_1_736' title='bbox 3255 4852 3524 4903; x_wconf 79' lang='lat' dir='ltr'><strong>desudare</strong></span> <span class='ocrx_word' id='word_1_737' title='bbox 3552 4866 3674 4903; x_wconf 74' lang='lat' dir='ltr'><strong>cex--</strong></span> 
     </span>
    </p>
   </div>
   <div class='ocr_carea' id='block_1_103' title="bbox 2108 4942 3673 5012">
    <p class='ocr_par' dir='ltr' id='par_1_103' title="bbox 2108 4942 3673 5012">
     <span class='ocr_line' id='line_1_103' title="bbox 2108 4942 3673 5012; baseline -0.003 -14"><span class='ocrx_word' id='word_1_738' title='bbox 2108 4955 2313 5005; x_wconf 84' lang='lat' dir='ltr'><strong>tamcn,</strong></span> <span class='ocrx_word' id='word_1_739' title='bbox 2347 4943 2460 4996; x_wconf 81' lang='lat' dir='ltr'><strong>fore</strong></span> <span class='ocrx_word' id='word_1_740' title='bbox 2513 4956 2697 5010; x_wconf 87' lang='lat' dir='ltr'><strong>spero,</strong></span> <span class='ocrx_word' id='word_1_741' title='bbox 2732 4942 2877 5003; x_wconf 86' lang='lat' dir='ltr'><strong>quod</strong></span> <span class='ocrx_word' id='word_1_742' title='bbox 2914 4944 2985 4993; x_wconf 81' lang='lat' dir='ltr'><strong>sit</strong></span> <span class='ocrx_word' id='word_1_743' title='bbox 3014 4943 3216 4995; x_wconf 84' lang='lat' dir='ltr'><strong>dictum</strong></span> <span class='ocrx_word' id='word_1_744' title='bbox 3262 4943 3370 4995; x_wconf 85' lang='lat' dir='ltr'><strong>Deo</strong></span> <span class='ocrx_word' id='word_1_745' title='bbox 3430 4945 3673 5012; x_wconf 55' lang='lat' dir='ltr'><strong>auspice,</strong></span> 
     </span>
    </p>
   </div>
   <div class='ocr_carea' id='block_1_104' title="bbox 434 5020 2021 5109">
    <p class='ocr_par' dir='ltr' id='par_1_104' title="bbox 434 5020 2021 5109">
     <span class='ocr_line' id='line_1_104' title="bbox 434 5020 2021 5109; baseline -0.003 -17"><span class='ocrx_word' id='word_1_746' title='bbox 434 5020 764 5109; x_wconf 73' lang='grc' dir='ltr'>ἀντίρροπον</span> <span class='ocrx_word' id='word_1_747' title='bbox 797 5020 901 5108; x_wconf 77' lang='grc' dir='ltr'><strong>τὴν</strong></span> <span class='ocrx_word' id='word_1_748' title='bbox 928 5036 1265 5106; x_wconf 88' lang='grc' dir='ltr'>ἐλευθερίαν,</span> <span class='ocrx_word' id='word_1_749' title='bbox 1298 5036 1433 5088; x_wconf 80' lang='grc' dir='ltr'>ἀλλὰ</span> <span class='ocrx_word' id='word_1_750' title='bbox 1481 5037 1575 5088; x_wconf 72' lang='grc' dir='ltr'>καὶ</span> <span class='ocrx_word' id='word_1_751' title='bbox 1614 5034 1873 5109; x_wconf 54' lang='grc' dir='ltr'>πλειόχων</span> <span class='ocrx_word' id='word_1_752' title='bbox 1909 5020 2021 5103; x_wconf 36' lang='lat' dir='ltr'><strong>ap;</strong></span> 
     </span>
    </p>
   </div>
   <div class='ocr_carea' id='block_1_105' title="bbox 438 5126 2006 5201">
    <p class='ocr_par' dir='ltr' id='par_1_105' title="bbox 438 5126 2006 5201">
     <span class='ocr_line' id='line_1_105' title="bbox 438 5126 2006 5201; baseline -0.002 -20"><span class='ocrx_word' id='word_1_753' title='bbox 438 5128 551 5196; x_wconf 76' lang='grc' dir='ltr'>ξειν</span> <span class='ocrx_word' id='word_1_754' title='bbox 581 5130 616 5199; x_wconf 75' lang='grc' dir='ltr'>ἢ</span> <span class='ocrx_word' id='word_1_755' title='bbox 668 5130 961 5201; x_wconf 82' lang='grc' dir='ltr'>πρότερον·</span> <span class='ocrx_word' id='word_1_756' title='bbox 997 5131 1092 5182; x_wconf 79' lang='grc' dir='ltr'>καὶ</span> <span class='ocrx_word' id='word_1_757' title='bbox 1125 5128 1333 5190; x_wconf 81' lang='grc' dir='ltr'>πάντας</span> <span class='ocrx_word' id='word_1_758' title='bbox 1373 5127 1499 5192; x_wconf 84' lang='grc' dir='ltr'>τοὺς</span> <span class='ocrx_word' id='word_1_759' title='bbox 1533 5128 1663 5197; x_wconf 75' lang='grc' dir='ltr'>πρὶν</span> <span class='ocrx_word' id='word_1_760' title='bbox 1723 5126 1812 5194; x_wconf 77' lang='grc' dir='ltr'><strong>ὑφ’</strong></span> <span class='ocrx_word' id='word_1_761' title='bbox 1857 5127 2006 5195; x_wconf 81' lang='grc' dir='ltr'>ἡμᾶς</span> 
     </span>
    </p>
   </div>
   <div class='ocr_carea' id='block_1_106' title="bbox 438 5218 2007 5290">
    <p class='ocr_par' dir='ltr' id='par_1_106' title="bbox 438 5218 2007 5290">
     <span class='ocr_line' id='line_1_106' title="bbox 438 5218 2007 5290; baseline -0.002 -19"><span class='ocrx_word' id='word_1_762' title='bbox 438 5220 524 5289; x_wconf 79' lang='grc' dir='ltr'>ἐφ’</span> <span class='ocrx_word' id='word_1_763' title='bbox 551 5221 695 5289; x_wconf 76' lang='grc' dir='ltr'>ἡμᾶς</span> <span class='ocrx_word' id='word_1_764' title='bbox 725 5220 1039 5290; x_wconf 71' lang='grc' dir='ltr'>ἐπανήξειν,</span> <span class='ocrx_word' id='word_1_765' title='bbox 1066 5220 1161 5272; x_wconf 76' lang='grc' dir='ltr'>καὶ</span> <span class='ocrx_word' id='word_1_766' title='bbox 1188 5220 1395 5280; x_wconf 84' lang='grc' dir='ltr'>πάντας</span> <span class='ocrx_word' id='word_1_767' title='bbox 1419 5218 1524 5270; x_wconf 73' lang='grc' dir='ltr'><strong>ὑπὸ</strong></span> <span class='ocrx_word' id='word_1_768' title='bbox 1550 5218 1676 5280; x_wconf 79' lang='grc' dir='ltr'>τοὺς</span> <span class='ocrx_word' id='word_1_769' title='bbox 1705 5218 2007 5286; x_wconf 79' lang='grc' dir='ltr'>ἡμετέρους</span> 
     </span>
    </p>
   </div>
   <div class='ocr_carea' id='block_1_107' title="bbox 439 5309 2010 5382">
    <p class='ocr_par' dir='ltr' id='par_1_107' title="bbox 439 5309 2010 5382">
     <span class='ocr_line' id='line_1_107' title="bbox 439 5309 2010 5382; baseline -0.002 -19"><span class='ocrx_word' id='word_1_770' title='bbox 439 5311 658 5365; x_wconf 74' lang='grc' dir='ltr'>ισεσθαι</span> <span class='ocrx_word' id='word_1_771' title='bbox 707 5314 906 5382; x_wconf 88' lang='grc' dir='ltr'>νόμους</span> <span class='ocrx_word' id='word_1_772' title='bbox 927 5351 943 5378; x_wconf 88' lang='grc'><strong>,</strong></span> <span class='ocrx_word' id='word_1_773' title='bbox 971 5313 1067 5364; x_wconf 69' lang='grc' dir='ltr'>καὶ</span> <span class='ocrx_word' id='word_1_774' title='bbox 1106 5311 1377 5380; x_wconf 88' lang='grc' dir='ltr'>πανταχοῦ</span> <span class='ocrx_word' id='word_1_775' title='bbox 1410 5313 1524 5371; x_wconf 89' lang='grc' dir='ltr'>τοῖς</span> <span class='ocrx_word' id='word_1_776' title='bbox 1552 5309 1848 5380; x_wconf 74' lang='grc' dir='ltr'>βαρϐάροις</span> <span class='ocrx_word' id='word_1_777' title='bbox 1878 5310 2010 5361; x_wconf 74' lang='grc' dir='ltr'><strong>ἀνα-</strong></span> 
     </span>
    </p>
   </div>
   <div class='ocr_carea' id='block_1_108' title="bbox 442 5399 2010 5475">
    <p class='ocr_par' dir='ltr' id='par_1_108' title="bbox 442 5399 2010 5475">
     <span class='ocr_line' id='line_1_108' title="bbox 442 5399 2010 5475; baseline -0.013 -12"><span class='ocrx_word' id='word_1_778' title='bbox 442 5403 815 5475; x_wconf 75' lang='grc' dir='ltr'>θαρῥήσοντας</span> <span class='ocrx_word' id='word_1_779' title='bbox 844 5403 1220 5475; x_wconf 80' lang='grc' dir='ltr'>ἐπιθήσεσθαι.</span> <span class='ocrx_word' id='word_1_780' title='bbox 1248 5404 1364 5456; x_wconf 80' lang='grc' dir='ltr'>Νῦν</span> <span class='ocrx_word' id='word_1_781' title='bbox 1402 5405 1499 5473; x_wconf 77' lang='grc' dir='ltr'>μὲν</span> <span class='ocrx_word' id='word_1_782' title='bbox 1527 5402 1637 5472; x_wconf 78' lang='grc' dir='ltr'><strong>γὰρ</strong></span> <span class='ocrx_word' id='word_1_783' title='bbox 1664 5402 1812 5470; x_wconf 71' lang='grc' dir='ltr'>ἡμᾶς</span> <span class='ocrx_word' id='word_1_784' title='bbox 1844 5399 2010 5471; x_wconf 78' lang='grc' dir='ltr'>ὀρῶν.</span> 
     </span>
    </p>
   </div>
   <div class='ocr_carea' id='block_1_109' title="bbox 440 5493 2008 5567">
    <p class='ocr_par' dir='ltr' id='par_1_109' title="bbox 440 5493 2008 5567">
     <span class='ocr_line' id='line_1_109' title="bbox 440 5493 2008 5567; baseline -0.006 -15"><span class='ocrx_word' id='word_1_785' title='bbox 440 5513 533 5560; x_wconf 84' lang='grc' dir='ltr'><strong>τες</strong></span> <span class='ocrx_word' id='word_1_786' title='bbox 567 5498 1005 5567; x_wconf 87' lang='grc' dir='ltr'>κατεπτηχότας,</span> <span class='ocrx_word' id='word_1_787' title='bbox 1041 5498 1265 5558; x_wconf 81' lang='grc' dir='ltr'>εἰκότως</span> <span class='ocrx_word' id='word_1_788' title='bbox 1299 5495 1683 5547; x_wconf 79' lang='grc' dir='ltr'>συστέλλονται</span> <span class='ocrx_word' id='word_1_789' title='bbox 1709 5495 1803 5545; x_wconf 77' lang='grc' dir='ltr'>καὶ</span> <span class='ocrx_word' id='word_1_790' title='bbox 1827 5493 2008 5555; x_wconf 76' lang='grc' dir='ltr'>αὐτοὶ,</span> 
     </span>
    </p>
   </div>
   <div class='ocr_carea' id='block_1_110' title="bbox 382 5582 2011 5659">
    <p class='ocr_par' dir='ltr' id='par_1_110' title="bbox 382 5582 2011 5659">
     <span class='ocr_line' id='line_1_110' title="bbox 382 5582 2011 5659; baseline -0.007 -14"><span class='ocrx_word' id='word_1_791' title='bbox 382 5630 391 5645; x_wconf 71' lang='lat'><em>,</em></span> <span class='ocrx_word' id='word_1_792' title='bbox 444 5592 538 5643; x_wconf 75' lang='grc' dir='ltr'>καὶ</span> <span class='ocrx_word' id='word_1_793' title='bbox 572 5590 668 5659; x_wconf 86' lang='grc' dir='ltr'>τῆς</span> <span class='ocrx_word' id='word_1_794' title='bbox 702 5590 949 5651; x_wconf 83' lang='grc' dir='ltr'>δουλείας</span> <span class='ocrx_word' id='word_1_795' title='bbox 976 5588 1279 5657; x_wconf 78' lang='grc' dir='ltr'>ἀνέχονται,</span> <span class='ocrx_word' id='word_1_796' title='bbox 1313 5587 1545 5653; x_wconf 83' lang='grc' dir='ltr'>ὁρῶντες</span> <span class='ocrx_word' id='word_1_797' title='bbox 1577 5584 1701 5643; x_wconf 83' lang='grc' dir='ltr'>τοὺς</span> <span class='ocrx_word' id='word_1_798' title='bbox 1746 5582 2011 5644; x_wconf 81' lang='grc' dir='ltr'>δεσπότας</span> 
     </span>
    </p>
   </div>
   <div class='ocr_carea' id='block_1_111' title="bbox 446 5672 2011 5749">
    <p class='ocr_par' dir='ltr' id='par_1_111' title="bbox 446 5672 2011 5749">
     <span class='ocr_line' id='line_1_111' title="bbox 446 5672 2011 5749; baseline -0.013 -18"><span class='ocrx_word' id='word_1_799' title='bbox 446 5680 934 5749; x_wconf 83' lang='grc' dir='ltr'>ἀνακεχωρηκότας</span> <span class='ocrx_word' id='word_1_800' title='bbox 968 5679 1075 5731; x_wconf 89' lang='grc' dir='ltr'><strong>τῶν</strong></span> <span class='ocrx_word' id='word_1_801' title='bbox 1104 5678 1449 5745; x_wconf 70' lang='grc' dir='ltr'>πραγμάτων</span> <span class='ocrx_word' id='word_1_802' title='bbox 1476 5690 1488 5703; x_wconf 91' lang='grc'><strong>·</strong></span> <span class='ocrx_word' id='word_1_803' title='bbox 1528 5674 1593 5725; x_wconf 85' lang='grc' dir='ltr'>ἂν</span> <span class='ocrx_word' id='word_1_804' title='bbox 1622 5672 1665 5724; x_wconf 79' lang='grc' dir='ltr'>δ’</span> <span class='ocrx_word' id='word_1_805' title='bbox 1697 5673 1892 5741; x_wconf 74' lang='grc' dir='ltr'>ὁρῶσιν</span> <span class='ocrx_word' id='word_1_806' title='bbox 1918 5672 2011 5723; x_wconf 84' lang='grc' dir='ltr'>άν-</span> 
     </span>
    </p>
   </div>
   <div class='ocr_carea' id='block_1_112' title="bbox 447 5761 2010 5850">
    <p class='ocr_par' dir='ltr' id='par_1_112' title="bbox 447 5761 2010 5839">
     <span class='ocr_line' id='line_1_112' title="bbox 447 5761 2010 5839; baseline -0.008 -14"><span class='ocrx_word' id='word_1_807' title='bbox 447 5770 723 5837; x_wconf 69' lang='grc' dir='ltr'>τισλέπειν</span> <span class='ocrx_word' id='word_1_808' title='bbox 778 5770 1189 5839; x_wconf 81' lang='grc' dir='ltr'>τολμήσαντας,</span> <span class='ocrx_word' id='word_1_809' title='bbox 1243 5768 1334 5819; x_wconf 76' lang='grc' dir='ltr'>καὶ</span> <span class='ocrx_word' id='word_1_810' title='bbox 1391 5766 1545 5817; x_wconf 72' lang='grc' dir='ltr'>αὐτοὶ</span> <span class='ocrx_word' id='word_1_811' title='bbox 1594 5764 1894 5831; x_wconf 76' lang='grc' dir='ltr'>συνοίσουσι</span> <span class='ocrx_word' id='word_1_812' title='bbox 1946 5761 2010 5814; x_wconf 80' lang='grc' dir='ltr'><strong>τά</strong></span> 
     </span>
    </p>
   </div>
   <div class='ocr_carea' id='block_1_113' title="bbox 2110 5033 3673 5097">
    <p class='ocr_par' dir='ltr' id='par_1_113' title="bbox 2110 5033 3673 5097">
     <span class='ocr_line' id='line_1_113' title="bbox 2110 5033 3673 5097; baseline 0 -7"><span class='ocrx_word' id='word_1_813' title='bbox 2110 5048 2170 5090; x_wconf 93' lang='lat' dir='ltr'><strong>ut</strong></span> <span class='ocrx_word' id='word_1_814' title='bbox 2202 5035 2403 5090; x_wconf 90' lang='lat' dir='ltr'><strong>nedum</strong></span> <span class='ocrx_word' id='word_1_815' title='bbox 2429 5033 2742 5087; x_wconf 66' lang='lat' dir='ltr'><strong>domesticae</strong></span> <span class='ocrx_word' id='word_1_816' title='bbox 2771 5049 2854 5087; x_wconf 84' lang='lat' dir='ltr'><strong>res</strong></span> <span class='ocrx_word' id='word_1_817' title='bbox 2882 5034 3018 5088; x_wconf 74' lang='lat' dir='ltr'><strong>bene</strong></span> <span class='ocrx_word' id='word_1_818' title='bbox 3050 5036 3208 5089; x_wconf 87' lang='lat' dir='ltr'><strong>nobis</strong></span> <span class='ocrx_word' id='word_1_819' title='bbox 3241 5037 3511 5089; x_wconf 53' lang='lat' dir='ltr'><strong>habitura:</strong></span> <span class='ocrx_word' id='word_1_820' title='bbox 3542 5038 3673 5097; x_wconf 86' lang='lat' dir='ltr'><strong>sint.</strong></span> 
     </span>
    </p>
   </div>
   <div class='ocr_carea' id='block_1_114' title="bbox 2108 5124 3674 5194">
    <p class='ocr_par' dir='ltr' id='par_1_114' title="bbox 2108 5124 3674 5194">
     <span class='ocr_line' id='line_1_114' title="bbox 2108 5124 3674 5194; baseline 0.001 -16"><span class='ocrx_word' id='word_1_821' title='bbox 2108 5140 2298 5180; x_wconf 86' lang='lat' dir='ltr'><strong>verum</strong></span> <span class='ocrx_word' id='word_1_822' title='bbox 2326 5124 2490 5179; x_wconf 89' lang='lat' dir='ltr'><strong>etiam</strong></span> <span class='ocrx_word' id='word_1_823' title='bbox 2522 5138 2685 5192; x_wconf 87' lang='lat' dir='ltr'><strong>quam</strong></span> <span class='ocrx_word' id='word_1_824' title='bbox 2740 5124 3057 5192; x_wconf 78' lang='lat' dir='ltr'><strong>longissime</strong></span> <span class='ocrx_word' id='word_1_825' title='bbox 3087 5127 3319 5193; x_wconf 69' lang='lat' dir='ltr'><strong>positze;</strong></span> <span class='ocrx_word' id='word_1_826' title='bbox 3365 5137 3530 5194; x_wconf 80' lang='lat' dir='ltr'><strong>utque</strong></span> <span class='ocrx_word' id='word_1_827' title='bbox 3567 5142 3674 5179; x_wconf 86' lang='lat' dir='ltr'><strong>non</strong></span> 
     </span>
    </p>
   </div>
   <div class='ocr_carea' id='block_1_115' title="bbox 2109 5215 3675 5283">
    <p class='ocr_par' dir='ltr' id='par_1_115' title="bbox 2109 5215 3675 5283">
     <span class='ocr_line' id='line_1_115' title="bbox 2109 5215 3675 5283; baseline 0.001 -13"><span class='ocrx_word' id='word_1_828' title='bbox 2109 5216 2283 5270; x_wconf 83' lang='lat' dir='ltr'><strong>solum</strong></span> <span class='ocrx_word' id='word_1_829' title='bbox 2338 5215 2528 5283; x_wconf 66' lang='lat' dir='ltr'><strong>patriae</strong></span> <span class='ocrx_word' id='word_1_830' title='bbox 2576 5222 2776 5267; x_wconf 88' lang='lat' dir='ltr'><strong>sartam</strong></span> <span class='ocrx_word' id='word_1_831' title='bbox 2811 5222 3009 5281; x_wconf 84' lang='lat' dir='ltr'><strong>tectam</strong></span> <span class='ocrx_word' id='word_1_832' title='bbox 3061 5231 3366 5282; x_wconf 88' lang='lat' dir='ltr'><strong>servemus,</strong></span> <span class='ocrx_word' id='word_1_833' title='bbox 3404 5218 3675 5275; x_wconf 78' lang='lat' dir='ltr'><strong>universis</strong></span> 
     </span>
    </p>
   </div>
   <div class='ocr_carea' id='block_1_116' title="bbox 2109 5305 3673 5377">
    <p class='ocr_par' dir='ltr' id='par_1_116' title="bbox 2109 5305 3673 5377">
     <span class='ocr_line' id='line_1_116' title="bbox 2109 5305 3673 5377; baseline 0.005 -16"><span class='ocrx_word' id='word_1_834' title='bbox 2109 5306 2531 5376; x_wconf 80' lang='lat' dir='ltr'><strong>comparabilem</strong></span> <span class='ocrx_word' id='word_1_835' title='bbox 2584 5320 2649 5358; x_wconf 88' lang='lat' dir='ltr'><strong>ac</strong></span> <span class='ocrx_word' id='word_1_836' title='bbox 2697 5305 3074 5360; x_wconf 50' lang='lat' dir='ltr'><strong>aestimabilem</strong></span> <span class='ocrx_word' id='word_1_837' title='bbox 3138 5308 3307 5377; x_wconf 83' lang='lat' dir='ltr'><strong>magis</strong></span> <span class='ocrx_word' id='word_1_838' title='bbox 3337 5308 3673 5368; x_wconf 75' lang='lat' dir='ltr'><strong>libertatem.</strong></span> 
     </span>
    </p>
   </div>
   <div class='ocr_carea' id='block_1_117' title="bbox 2110 5378 3673 5468">
    <p class='ocr_par' dir='ltr' id='par_1_117' title="bbox 2110 5378 3673 5468">
     <span class='ocr_line' id='line_1_117' title="bbox 2110 5378 3673 5468; baseline 0 -16"><span class='ocrx_word' id='word_1_839' title='bbox 2110 5398 2204 5452; x_wconf 88' lang='lat' dir='ltr'><strong>sed</strong></span> <span class='ocrx_word' id='word_1_840' title='bbox 2231 5399 2393 5452; x_wconf 86' lang='lat' dir='ltr'><strong>etiam</strong></span> <span class='ocrx_word' id='word_1_841' title='bbox 2436 5396 2686 5466; x_wconf 91' lang='lat' dir='ltr'><strong>pluribus</strong></span> <span class='ocrx_word' id='word_1_842' title='bbox 2725 5378 3058 5465; x_wconf 47' lang='lat' dir='ltr'><strong>inmeremus</strong></span> <span class='ocrx_word' id='word_1_843' title='bbox 3086 5415 3100 5462; x_wconf 85' lang='lat'><strong>;</strong></span> <span class='ocrx_word' id='word_1_844' title='bbox 3134 5414 3433 5468; x_wconf 88' lang='lat' dir='ltr'><strong>omnesque</strong></span> <span class='ocrx_word' id='word_1_845' title='bbox 3464 5401 3673 5467; x_wconf 80' lang='lat' dir='ltr'><strong>pridem</strong></span> 
     </span>
    </p>
   </div>
   <div class='ocr_carea' id='block_1_118' title="bbox 2111 5488 3677 5561">
    <p class='ocr_par' dir='ltr' id='par_1_118' title="bbox 2111 5488 3677 5561">
     <span class='ocr_line' id='line_1_118' title="bbox 2111 5488 3677 5561; baseline 0.001 -18"><span class='ocrx_word' id='word_1_846' title='bbox 2111 5490 2270 5544; x_wconf 86' lang='lat' dir='ltr'><strong>nobis</strong></span> <span class='ocrx_word' id='word_1_847' title='bbox 2303 5488 2531 5559; x_wconf 65' lang='lat' dir='ltr'><strong>sulsjecti</strong></span> <span class='ocrx_word' id='word_1_848' title='bbox 2562 5488 2628 5542; x_wconf 87' lang='lat' dir='ltr'><strong>ad</strong></span> <span class='ocrx_word' id='word_1_849' title='bbox 2679 5504 2779 5543; x_wconf 85' lang='lat' dir='ltr'><strong>nos</strong></span> <span class='ocrx_word' id='word_1_850' title='bbox 2812 5501 3178 5553; x_wconf 83' lang='lat' dir='ltr'><strong>revertantur,</strong></span> <span class='ocrx_word' id='word_1_851' title='bbox 3214 5493 3526 5561; x_wconf 77' lang='lat' dir='ltr'><strong>nostrisque</strong></span> <span class='ocrx_word' id='word_1_852' title='bbox 3560 5510 3609 5545; x_wconf 86' lang='lat' dir='ltr'><strong>u.</strong></span> <span class='ocrx_word' id='word_1_853' title='bbox 3638 5494 3677 5545; x_wconf 88' lang='lat' dir='ltr'><strong>i-</strong></span> 
     </span>
    </p>
   </div>
   <div class='ocr_carea' id='block_1_119' title="bbox 2111 5564 3679 5649">
    <p class='ocr_par' dir='ltr' id='par_1_119' title="bbox 2111 5564 3679 5649">
     <span class='ocr_line' id='line_1_119' title="bbox 2111 5564 3679 5649; baseline 0.005 -20"><span class='ocrx_word' id='word_1_854' title='bbox 2111 5581 2252 5634; x_wconf 88' lang='lat' dir='ltr'><strong>versi</strong></span> <span class='ocrx_word' id='word_1_855' title='bbox 2284 5580 2493 5649; x_wconf 84' lang='lat' dir='ltr'><strong>legibus</strong></span> <span class='ocrx_word' id='word_1_856' title='bbox 2518 5564 2923 5648; x_wconf 62' lang='lat' dir='ltr'><strong>subjiciuntur;</strong></span> <span class='ocrx_word' id='word_1_857' title='bbox 2952 5598 3013 5635; x_wconf 82' lang='lat' dir='ltr'><strong>ac</strong></span> <span class='ocrx_word' id='word_1_858' title='bbox 3041 5587 3255 5636; x_wconf 57' lang='lat' dir='ltr'><strong>«lentum</strong></span> <span class='ocrx_word' id='word_1_859' title='bbox 3292 5593 3351 5636; x_wconf 89' lang='lat' dir='ltr'><strong>ut</strong></span> <span class='ocrx_word' id='word_1_860' title='bbox 3379 5584 3527 5637; x_wconf 83' lang='lat' dir='ltr'><strong>omni</strong></span> <span class='ocrx_word' id='word_1_861' title='bbox 3561 5586 3679 5637; x_wconf 71' lang='lat' dir='ltr'><strong>loco</strong></span> 
     </span>
    </p>
   </div>
   <div class='ocr_carea' id='block_1_120' title="bbox 2113 5672 3678 5745">
    <p class='ocr_par' dir='ltr' id='par_1_120' title="bbox 2113 5672 3678 5745">
     <span class='ocr_line' id='line_1_120' title="bbox 2113 5672 3678 5745; baseline 0 -20"><span class='ocrx_word' id='word_1_862' title='bbox 2113 5672 2310 5726; x_wconf 73' lang='lat' dir='ltr'><strong>fiducia</strong></span> <span class='ocrx_word' id='word_1_863' title='bbox 2340 5672 2508 5743; x_wconf 84' lang='lat' dir='ltr'><strong>pleni,</strong></span> <span class='ocrx_word' id='word_1_864' title='bbox 2534 5672 2720 5727; x_wconf 89' lang='lat' dir='ltr'><strong>hostes</strong></span> <span class='ocrx_word' id='word_1_865' title='bbox 2756 5673 3094 5729; x_wconf 80' lang='lat' dir='ltr'><strong>invadamus.</strong></span> <span class='ocrx_word' id='word_1_866' title='bbox 3126 5675 3281 5728; x_wconf 80' lang='lat' dir='ltr'><strong>Modo</strong></span> <span class='ocrx_word' id='word_1_867' title='bbox 3306 5676 3524 5745; x_wconf 81' lang='lat' dir='ltr'><strong>quidem</strong></span> <span class='ocrx_word' id='word_1_868' title='bbox 3554 5690 3678 5729; x_wconf 75' lang='lat' dir='ltr'><strong>cnzn</strong></span> 
     </span>
    </p>
   </div>
   <div class='ocr_carea' id='block_1_121' title="bbox 2090 5763 3677 5837">
    <p class='ocr_par' dir='ltr' id='par_1_121' title="bbox 2090 5763 3677 5837">
     <span class='ocr_line' id='line_1_121' title="bbox 2090 5763 3677 5837; baseline -0.001 -20"><span class='ocrx_word' id='word_1_869' title='bbox 2090 5772 2216 5819; x_wconf 83' lang='lat' dir='ltr'><strong>nos</strong></span> <span class='ocrx_word' id='word_1_870' title='bbox 2248 5763 2508 5819; x_wconf 80' lang='lat' dir='ltr'><strong>attonitos</strong></span> <span class='ocrx_word' id='word_1_871' title='bbox 2534 5763 2771 5829; x_wconf 86' lang='lat' dir='ltr'><strong>videant,</strong></span> <span class='ocrx_word' id='word_1_872' title='bbox 2806 5766 3003 5819; x_wconf 76' lang='lat' dir='ltr'><strong>merito</strong></span> <span class='ocrx_word' id='word_1_873' title='bbox 3033 5777 3086 5821; x_wconf 81' lang='lat' dir='ltr'><strong>et</strong></span> <span class='ocrx_word' id='word_1_874' title='bbox 3123 5766 3221 5837; x_wconf 90' lang='lat' dir='ltr'><strong>ipsi</strong></span> <span class='ocrx_word' id='word_1_875' title='bbox 3251 5769 3677 5825; x_wconf 83' lang='lat' dir='ltr'><strong>contrahuntur.</strong></span> 
     </span>
    </p>
   </div>
  </div>
