3862 6220
293 293 431 360 tuo?
1558 275 1941 352 DEMETRII
1983 290 2298 352 CYDONll
3387 295 3494 363 toos

291 424 356 463 ac
386 411 595 465 servire
632 406 930 472 sust'nent,
973 403 1226 459 videntes
1277 402 1532 459 dominos
1580 403 1816 460 recessis

1988 403 2222 460 ἑαυτῶν.
2249 404 2321 458 Οὐ
2353 403 2550 474 μικρὸν
2580 403 2633 456 δὲ
2662 404 2708 457 εἰ
2734 406 2842 468 τοῖς
2872 403 3168 476 βαρϐάροις
3200 405 3371 469 ἔξωθεν
3397 406 3495 477 gie-

293 515 321 552 a
370 500 560 554 rebus.
599 498 694 552 Sin
747 506 930 550 autem
966 504 1156 548 contra
1203 507 1368 548 ausos
1417 493 1693 563 respicere
1728 494 1817 548 vid

1985 495 2297 565 πτομὲνοις,
2353 497 2448 548 καὶ
2479 496 2546 547 τὰ
2599 499 2748 562 παρὰ
2790 495 2896 548 τῶν
2944 496 3159 550 οἰκείων
3201 497 3386 560 τούτοις
3421 500 3498 551 οὐκ

292 589 426 647 rint,
453 588 619 643 etiam
645 584 744 655 ipsi
775 583 1082 647 conferent,
1102 597 1222 652 qum
1252 590 1380 636 sunt
1412 583 1681 653 ipsorum.
1719 583 1874 639 Haud
1987 585 2279 654 ἡρεμήσει.

290 696 426 734 vero
477 677 530 733 id
612 677 887 732 modicum
960 683 1020 730 ut
1069 673 1326 729 Barbaris
1377 684 1608 729 externa
1650 675 1793 730 laesis
1853 676 2250 744 impressione,
2320 693 2422 733 nec
2468 692 2590 747 quin
2638 694 2668 732 a
2722 677 2837 733 suis
2889 678 3091 732 habent
3135 679 3308 749 quieta
3339 681 3505 738 consti-

294 770 480 824 terint.

367 861 663 915 Enimvero
719 866 777 912 ut
833 857 1172 920 rumoribus,
1223 873 1285 913 ac
1319 859 1387 913 iis
1437 873 1562 928 quas
1592 861 1872 916 communi

2064 862 2221 916 Ἀλλὰ
2254 864 2358 933 μὴν
2387 864 2441 914 εἴ
2464 881 2515 917 τι
2541 863 2623 914 δεῖ
2647 865 2765 927 ταῖς
2793 869 3003 932 φήμαις
3025 863 3120 915 καὶ
3151 866 3255 924 τοῖς
3281 866 3414 934 κοινῇ
3437 865 3504 916 ie-

293 951 552 1005 feruutur
596 950 759 1014 fama,
795 949 1002 1019 aliquid
1053 950 1120 1003 ad
1160 949 1323 1005 ﬁdem
1357 951 1600 1004 dandum
1633 954 1723 1016 sit,
1756 968 1816 1006 er

1978 955 2227 1022 γομένοις
2256 953 2354 1005 οὐκ
2383 954 2653 1018 ἁπιστλν,
2681 947 2749 1022 ἦν
2781 969 2830 1003 τι
2860 953 3039 1025 λόγιον
3060 952 3123 1004 ὲκ
3150 950 3240 1003 τοῦ
3275 951 3501 1019 πελάγους

295 1044 577 1096 oraculum
609 1043 912 1113 quoddam,
951 1053 1218 1097 venturos
1253 1059 1281 1098 a
1333 1043 1471 1096 mari
1522 1057 1586 1097 ac
1623 1044 1818 1112 Alpibu

1984 1046 2070 1098 καὶ
2101 1045 2209 1098 τῶν
2238 1045 2488 1098 ’Ἄλπεων
2521 1044 2820 1115 ἦξεινδτοὺς
2847 1047 2914 1114 τῇ
2948 1043 3099 1096 πόλει
3133 1042 3226 1097 καὶ
3245 1045 3365 1114 ἡμῖν
3393 1045 3509 1111 ἀμυι

292 1136 388 1203 qui
441 1137 631 1190 urbem
681 1151 742 1189 ac
779 1151 880 1190 nos
927 1135 1099 1189 ulturi
1148 1145 1354 1200 essent,
1419 1135 1643 1203 foreque
1680 1145 1739 1189 ut
1779 1151 1817 1191 et

1983 1135 2238 1196 νοῦντας·
2295 1135 2389 1188 καὶ
2443 1135 2668 1196 τούτους
2721 1135 2924 1196 πάντες
2962 1129 3105 1186 εἶδον
3153 1134 3250 1202 τὴν
3293 1133 3382 1201 μὲν
3423 1134 3508 1183 τῶν

295 1242 488 1282 onmes
521 1227 858 1293 videremus,
889 1225 1258 1281 Barbarorum
1313 1227 1361 1280 vi
1407 1235 1676 1295 prostrata
1709 1237 1820 1295 atqt

1988 1227 2278 1296 βιρϐάρων
2322 1227 2481 1296 ὓϐριν
2545 1228 2844 1296 στορέσειν,
2887 1225 3222 1294 ἀναγκάσειν
3273 1225 3314 1276 δ’
3345 1217 3513 1283 ἀὐτοῦς

295 1321 518 1391 injuria,
549 1320 904 1388 postmodum
961 1319 1069 1372 illis
1113 1319 1320 1371 servire
1362 1327 1641 1386 cogentes,
1677 1317 1820 1386 quibl

1988 1319 2201 1387 Sarepov
2239 1319 2532 1380 δουλεύειν,
2567 1312 2641 1372 ὦν
2679 1319 2948 1387 πρότερον
2997 1313 3204 1388 ἦρχονο
3238 1317 3327 1367 καὶ
3371 1314 3513 1374 οὕτως

294 1412 453 1480 prius
475 1411 927 1480 imperavissent:
961 1409 1206 1478 adeoque
1238 1409 1460 1462 Barbari
1495 1417 1698 1462 metum
1731 1409 1819 1462 hu:

1992 1410 2183 1469 εν⁴¹ταίς
2215 1407 2322 1459 τῶν
2355 1406 2652 1476 βαρϐάρων
2681 1406 2879 1475 ψυχαῖς
2915 1405 3164 1476 ἦκμάζεν
3195 1404 3276 1456 ἀεὶ
3302 1403 3442 1455 τοῦτο
3470 1403 3517 1453 τὸ

295 1520 514 1574 semper
547 1504 744 1558 animis
773 1485 1068 1574 ovigentem
1105 1502 1327 1563 habent,
1365 1511 1424 1555 ut
1459 1501 1771 1570 ubicunque
1806 1515 1820 1553 ε

1990 1497 2113 1563 ῑὲος,
2179 1496 2312 1549 ὥσθ’
2347 1498 2509 1550 ὁπότε
2572 1495 2919 1557 συνελθόντες
2981 1495 3331 1565 βουλεύοιντο,
3386 1493 3515 1546 τοῦτο

294 1593 714 1650 deliberandum
743 1593 1135 1656 convenerint,
1174 1592 1278 1647 hoc
1327 1592 1596 1657 obtineat,
1639 1592 1782 1647 haud

1991 1591 2151 1658 νικᾷ-ν,
2190 1589 2265 1659 μὴ
2296 1588 2406 1641 δεῖν
2441 1590 2586 1657 πέρα.
2613 1588 2708 1640 τοῦ
2743 1589 2969 1658 μετρὶου
3022 1589 3088 1656 τῇ
3127 1587 3259 1654 πρὶς
3285 1587 3417 1654 ἡμᾶς
3445 1602 3516 1637 κε-

297 1701 398 1740 nos
448 1683 866 1740 immoderatius
910 1700 1034 1740 esse
1082 1682 1272 1752 iniqua
1323 1684 1610 1738 vexatione
1643 1683 1822 1737 abutei

1989 1682 2214 1752 χρῆσθαι
2243 1681 2555 1751 πλεονεξίᾳ·
2585 1680 2720 1732 ἀλλὰ
2750 1681 2891 1731 κατὰ
2922 1679 3117 1746 μικρὸν
3138 1679 3281 1748 ἡμᾶς
3304 1677 3514 1740 ἀναλοῦν,

295 1781 453 1847 dum,
484 1782 580 1836 sed
635 1782 894 1851 paulatim
926 1796 1049 1835 esse
1082 1779 1519 1844 consumendos,
1554 1796 1653 1834 nee
1702 1782 1755 1835 in
1785 1781 1816 1834 d

1990 1773 2103 1844 μηδ’
2137 1773 2450 1840 ἀπόγνωσιν
2493 1774 2624 1840 ἡμῖν
2665 1772 2936 1839 ἐμποιεῖν,
2979 1769 3118 1822 ὥστε
3160 1768 3235 1838 μὴ
3273 1769 3515 1839 παντελῴς

300 1872 672 1942 sperationem
704 1873 1000 1944 cogendos,
1038 1888 1105 1926 ne
1129 1871 1356 1926 omnino
1390 1871 1480 1925 illa
1513 1872 1782 1940 persuasi,
1811 1889 1825 1925 ε

1992 1867 2337 1934 Ξιπογνόντας.
2377 1865 2472 1917 ἐπὶ
2501 1864 2725 1923 τούτους
2761 1864 3152 1930 καταφεύγειν,
3195 1862 3244 1915 οἳ
3279 1861 3368 1915 νῦν
3391 1861 3517 1914 αὐτ-5-

294 1979 394 2020 eos
446 1965 850 2036 confugiamus,
900 1966 995 2034 qui
1038 1964 1202 2019 modo
1250 1973 1448 2033 sponte
1487 1963 1713 2027 adsunt,
1762 1973 1813 2018 ta

1994 1976 2142 2013 ιατοι
2174 1956 2544 2026 πάρεισιν,ὼς
2577 1955 2685 2008 τότ’
2719 1955 2903 2017 αὐτοῖς·
2936 1954 3310 2020 ἁντεπεξιέναι
3337 1954 3420 2006 καί
3448 1971 3519 2022 φισ

298 2072 464 2126 quam
496 2072 562 2111 eo
585 2068 787 2127 eventu
843 2056 979 2110 nihil
1030 2057 1134 2110 illis
1181 2055 1462 2125 expeditio
1503 2069 1566 2109 ac
1597 2061 1822 2108 content

1992 2054 2239 2104 tovemsiv
2272 2052 2332 2102 ού
2350 2051 2615 2102 συνοῖσον.
2643 2047 2936 2117 Δεχώμεθα
2962 2047 3017 2100 δὲ
3047 2049 3137 2100 τὸν
3168 2047 3349 2100 οἰωνὸν
3371 2047 3517 2115 ἀγαθῇ

299 2147 646 2202 conducibile
681 2149 942 2202 habeant.
966 2147 1164 2200 Fauste
1197 2147 1385 2215 itaque
1419 2160 1579 2200 omen
1610 2145 1824 2216 suscipi

1999 2143 2142 2213 τύχῃ,
2175 2137 2217 2210 ᾧ
2241 2143 2335 2194 xii.
2363 2142 2430 2194 τὰ
2447 2139 2599 2209 παρὰ
2628 2139 2735 2192 τῶν
2766 2138 2976 2209 ἐχθρῶν
3004 2137 3424 2208 συμψηφίζετοιι·
3448 2135 3524 2191 καὶ

300 2252 440 2297 mus,
470 2240 558 2292 cui
599 2249 653 2293 et
689 2239 872 2293 hostes
903 2239 1162 2310 suffragio
1193 2238 1504 2301 accedant;
1540 2252 1645 2292 nec
1685 2252 1814 2291 eoru

1998 2235 2066 2302 μὴ
2093 2233 2282 2302 κυρίας
2311 2235 2408 2294 τὰς
2439 2232 2604 2300 εὐχὰς
2638 2231 2752 2292 τοῖς
2776 2230 3081 2310 βαρϐάροις
3102 2231 3362 2296 ποιῶμεν.
3391 2230 3523 2280 Ἀτο-

299 2341 424 2384 vota
458 2339 570 2404 rata
606 2330 892 2384 faciamus.
923 2329 1136 2399 Quippe
1169 2329 1441 2384 absonum
1466 2328 1665 2382 merito
1691 2328 1824 2383 vide:

2001 2345 2089 2379 τιον
2121 2327 2226 2395 γὰρ
2255 2325 2479 2378 ἐκείνων
2511 2323 2683 2375 ταῦτα
2717 2299 3136 2392 πεφοϐημένων,
3170 2324 3262 2376 καὶ
3289 2321 3374 2375 διὰ
3397 2321 3526 2375 τοῦτο

303 2431 412 2480 tur,
449 2429 506 2473 ut
541 2435 665 2474 cum
715 2421 789 2473 illi
832 2421 1082 2485 timeant,
1118 2433 1296 2488 exque
1348 2425 1517 2482 metu,
1555 2416 1702 2470 domi
1741 2419 1828 2469 viri

2000 2419 2296 2488 εὐχομένων
2336 2418 2474 2470 οἴκοι
2517 2417 2700 2485 μένειν
2739 2415 2866 2477 τοὺς
2904 2415 3124 2484 ἄνδρας,
3158 2415 3306 2484 ἡμᾶς
3331 2413 3525 2466 κωλύειν

303 2528 526 2566 manere
569 2521 882 2580 precentur,
936 2512 1160 2566 eosdem
1218 2511 1319 2580 ipsi
1370 2510 1658 2564 venientes
1697 2511 1828 2578 proh

2004 2513 2183 2572 κύτους
2207 2510 2444 2580 ἥκοντας
2464 2523 2478 2537 ·
2518 2507 2612 2559 καὶ
2641 2505 2782 2559 οὕτω
2806 2507 2916 2568 τοῖς
2947 2505 3230 2574 πολεμίοις
3263 2519 3529 2572 συγκατερ-

303 2608 549 2664 beamus,
585 2621 776 2673 sicque
829 2605 1070 2658 hosﬁum
1139 2603 1430 2672 cupiditati
1464 2605 1748 2672 coeperari
1809 2621 1827 2654 ι

1402 2604 1430 2656 Li
1464 2605 1748 2672 coopcrari
1809 2605 1888 2654 \i—
1990 2604 2120 2669 τάξι
2137 2603 2253 2653 30a:
2281 2601 2455 2652 δοκεῖν
2480 2599 2576 2668 τὴν
2609 2598 2927 2668 ἐπιθυμίαν.

302 2699 551 2749 deamur.

383 2889 435 2893 φ--
442 2889 1653 2894 ᾐ--ᾐκη
1682 2889 1692 2890 ,
1741 2889 1748 2890 ,

1112 3036 1521 3099 MONITUM
1556 3036 1654 3097 IN
1697 3033 1857 3096 ORA
1871 2989 2198 3100 nomen
2238 3038 2767 3112 SEQUENTEM

1720 3185 1991 3248 (COMBBFIS.
2034 3183 2176 3248 ibid.)

392 3417 559 3472 Multa
589 3414 863 3470 Laonicus
893 3413 962 3471 de
993 3413 1266 3487 Callipoli,
1294 3428 1458 3484 quam
1486 3412 1582 3467 lib.
1617 3429 1668 3469 tv
1699 3411 1855 3465 πόλιν
1880 3413 2174 3482 εὐδαίμονα
2205 3422 2384 3467 vocat.
2429 3411 2742 3468 Tenuerant
2782 3423 2994 3483 tempus
3035 3414 3266 3486 aliquod
3298 3415 3531 3480 Catalani,

310 3516 507 3571 Tureze
540 3515 593 3568 in
637 3512 913 3581 Europam
948 3511 1408 3576 transmittentes,
1437 3509 1559 3583 fere
1599 3513 1653 3564 in
1684 3525 1768 3574 ea,
1803 3509 2021 3564 urbium
2054 3508 2287 3578 primam
2323 3524 2437 3564 suae
2463 3509 2694 3565 ditionis
2742 3510 3005 3578 fecerant,
3053 3527 3235 3584 eaque
3269 3514 3412 3584 potiti
3459 3514 3539 3568 itu-

312 3611 520 3666 mensis
549 3609 815 3679 deinceps
849 3609 1102 3665 clatibus
1133 3607 1452 3664 Graecorum
1485 3606 1881 3680 rempublicam
1910 3604 2211 3662 affecerant
2241 3622 2255 3659 :
2290 3621 2524 3676 quorum
2555 3607 2666 3678 jam
2698 3609 2799 3663 sub
2832 3607 3082 3680 Bajazete
3113 3613 3360 3686 reliquias
3381 3614 3540 3670 delete

305 3716 518 3771 essent,
551 3722 615 3761 ac
641 3715 801 3776 capta
837 3703 1374 3774 ConstantinOpolis,
1405 3703 1511 3759 nisi
1547 3702 1808 3758 Temeres
1840 3701 2040 3773 Scytha
2074 3701 2332 3758 eumdem
2380 3701 2677 3760 delevisset
2713 3719 2781 3764 ae
2832 3711 3102 3766 tantillum
3141 3712 3249 3766 sub
3275 3711 3539 3766 Maehmete

305 3802 428 3870 ejus
460 3800 571 3854 tilio
599 3773 884 3867 respirare
917 3798 1161 3855 sivisset.
1197 3773 1276 3852 Eo
1311 3796 1587 3852 exstincto
1613 3811 1678 3852 ac
1705 3795 1968 3850 Amurate
1999 3795 2225 3850 ineunte
2255 3795 2578 3867 imperium,
2602 3800 2653 3855 ei
2701 3800 2874 3856 Graeci
2919 3802 3270 3874 Mustapham
3302 3803 3541 3872 objecere.
3577 3773 3580 3776 i

311 3911 438 3949 eum
479 3910 590 3965 quo
626 3897 794 3952 etiam
835 3902 1107 3964 ceperunt
1152 3891 1463 3962 Callipolim
1499 3892 1677 3948 eidem
1725 3892 2020 3947 facientem
2069 3890 2460 3956 deditionem:
2515 3896 2904 3968 idque'unum
2955 3898 3072 3954 fere
3143 3899 3320 3955 Graeci
3368 3894 3541 3968 prmii

306 3991 432 4043 loco
459 3987 788 4044 videbantur
827 4003 857 4041 a
893 3984 1184 4056 Mustapha
1211 3985 1456 4056 exigere,
1491 3992 1553 4038 ut
1581 3999 1774 4040 eorum
1827 3983 2114 4058 Callipolis
2148 3988 2375 4045 ditionis
2421 3989 2616 4056 fieret;
2647 3991 2793 4060 quod
2838 3999 3017 4045 tamen
3051 3991 3251 4047 Turcte
3277 4005 3390 4051 eam
3421 3989 3544 4043 inco-

306 4086 486 4139 lentes
527 4084 814 4153 aegerrime
848 4080 1144 4147 ferebant;
1196 4095 1262 4136 ac
1314 4094 1419 4135 nec
1462 4080 1812 4155 acquievisse
1855 4085 2415 4157 Mustaphte‘volenti
2470 4085 2709 4150 tradere,
2759 4085 2924 4141 tradit
2969 4086 3287 4154 Laonieus;
3335 4095 3541 4156 praesen!

311 4187 495 4230 tamen
527 4175 880 4241 deliberatio,
913 4174 1080 4245 pleno
1109 4175 1237 4244 jure
1266 4172 1576 4248 subiectam
1637 4177 1845 4235 Graecis
1898 4179 2177 4234 civitatem
2220 4179 2441 4234 videtur
2479 4178 2829 4250 signiﬁcare;
2880 4194 2983 4236 nec
3039 4194 3108 4236 eo
3158 4182 3324 4236 modo
3359 4185 3540 4248 captam

310 4286 424 4339 quo
454 4270 610 4337 ponit
642 4268 939 4334 Laonicus,
968 4268 1064 4324 sed
1097 4283 1130 4328 a
1160 4269 1374 4329 Latinis
1396 4288 1460 4329 ac
1484 4275 1711 4342 comite,
1743 4275 1839 4345 qui
1873 4275 2123 4332 subsidio
2153 4275 2433 4330 venissent
2463 4274 2692 4341 Graecis,
2740 4275 2856 4331 sola
2887 4276 2941 4330 in
2973 4291 3070 4332 eos
3094 4277 3302 4346 pietate
3324 4289 3385 4330 ac
3408 4271 3542 4326 mise-

316 4365 556 4420 ricordia
591 4365 751 4432 moti,
777 4364 928 4435 quod
959 4365 1310 4427 Christianos
1338 4371 1595 4427 homines
1641 4371 1724 4426 sic
1777 4387 1806 4425 a
1848 4370 2107 4438 Barbaris
2160 4386 2224 4426 ac
2265 4372 2452 4442 impiis
2503 4372 2790 4429 audissent
2842 4373 2982 4428 male
3039 4372 3271 4438 haberi;
3307 4383 3430 4426 num
3475 4363 3546 4419 ille

313 4458 562 4513 auctoris
590 4471 780 4518 cernes
809 4462 881 4517 sit
906 4460 1154 4532 Smyrna:
1185 4463 1464 4532 princeps,
1495 4477 1660 4527 quem
1690 4461 1963 4519 Laonieus
2002 4461 2318 4519 Graecorum
2344 4464 2522 4534 copiis
2555 4464 2767 4522 socium
2821 4465 3117 4519 accessisse
3146 4461 3337 4526 tradit,
3366 4455 3544 4514 tuenda!

315 4548 456 4621 parti
486 4546 790 4624 fdustapbte
823 4567 888 4607 ac
922 4552 1205 4623 capienda:
1232 4552 1530 4624 Gallipoli?
1565 4553 1632 4610 Ut
1662 4562 1721 4608 ut
1782 4556 2002 4622 habeat,
2058 4556 2250 4622 habes,
2306 4557 2849 4628 Christianopolitice
2897 4557 3092 4623 lector,
3126 4571 3246 4626 quo
3278 4554 3545 4610 Turcanlm

312 4647 612 4715 dignoscas
647 4645 948 4712 solertiam,
981 4655 1039 4701 et
1064 4654 1126 4701 ut
1154 4646 1232 4702 ita
1262 4645 1434 4702 rebus
1458 4646 1740 4712 auxerint,
1775 4648 2023 4717 quaesitis
2049 4663 2114 4704 ac
2141 4664 2243 4704 suo
2267 4649 2497 4721 adjectis
2521 4650 2770 4706 dominio
2791 4653 3092 4706 commodis
3121 4649 3374 4721 urbibus,
3404 4655 3547 4713 quam

315 4754 545 4812 tumque
574 4757 682 4796 una
719 4740 850 4796 urbs
875 4739 1058 4811 aliqua
1101 4738 1297 4797 afferat
1342 4740 1509 4798 rebus
1553 4745 1838 4799 momenti.
1873 4739 2012 4798 Vide
2061 4743 2204 4814 apud
2239 4720 2638 4799 Leunclavium
2671 4743 3012 4814 deploratam
3062 4720 3386 4798 Graecorum
3421 4739 3547 4792 diva:-

318 4821 574 4906 σθησίαν,
613 4845 772 4906 capta
802 4847 833 4888 a
861 4833 1059 4890 Turcis
1093 4833 1334 4905 primum
1365 4849 1431 4892 ea
1465 4836 1624 4901 urbe,
1664 4849 1761 4890 seu
1801 4834 1921 4892 leve
1952 4835 2212 4892 damnum
2254 4837 2464 4892 illatum
2489 4846 2669 4901 esset;
2716 4835 3064 4907 subiudeque
3115 4845 3408 4906 regnorum
3439 4828 3548 4883 inte-

248 4915 252 4922 ’
314 4945 538 5002 grorum
587 4943 685 4999 per
716 4938 939 4986 nostros
991 4927 1368 4995 amissionem,
1422 4927 1653 4984 ludente
1705 4928 1911 5000 Cypro,
1968 4919 2226 4994 ac‘aliis,
2265 4929 2557 4984 fabulam:
2591 4937 2758 4999 tuque
2811 4926 3050 5000 idipsum
3099 4926 3410 4984 Christiana
3446 4927 3549 4974 vere

316 5026 520 5096 pietate
556 5040 620 5080 ac
648 5039 836 5094 sensu,
867 5025 1029 5082 modo
1061 5026 1117 5081 in
1142 5023 1307 5081 Creta
1344 5023 1608 5096 deplora:
1643 5039 1745 5080 nec
1769 5025 1892 5096 ejus
1926 5034 2087 5095 putes
2117 5025 2396 5110 manibus
2444 5023 2744 5081 sistendam
2796 5023 3089 5087 ﬂammam,
3128 5013 3194 5077 ut
3217 5018 3546 5086 ne-reliquum

312 5119 507 5173 orbem
563 5115 962 5186 Christianum,
1020 5119 1124 5174 nisi
1184 5117 1620 5190 expergiscimur
1674 5133 1738 5174 ac
1803 5121 2010 5175 sentire
2068 5117 2399 5189 incipimus,
2461 5120 2545 5176 vel
2603 5119 2718 5176 Deo
2767 5119 3066 5176 ulciscente
3137 5117 3280 5172 dura
3334 5112 3548 5170 viscera.

317 5213 596 5282 depascat.
1019 5245 1022 5248 -
1711 5211 1715 5215 ’
