3862 6220
439 397 574 461 100!)

1272 410 1555 474 ORATIO
1596 414 1695 473 DE
1736 414 1888 476 NON
1926 417 2337 479 BEDDENDA
2378 412 2795 479 CALLIPOLY.

3506 410 3640 477 1010

437 600 3613 633 NW

1510 767 1859 901 ΤΟΥ
1964 765 2543 905 ΑΥΤΟΥ

993 950 2365 1131 ΣΥΜΒΟΥΑΕΥΤΙΚΟΣ
2481 1013 3062 1130 ΕΤΕΡΟΣ

1318 1239 1637 1325 ΠΕΡΙ
1730 1238 2717 1327 ΚΑΛΛΙΠΟΛΕΩΣ

1504 1419 1939 1475 ΔΙΤΗΣΔΝΤΟΣ
1976 1421 2114 1475 ΤΟΥ
2144 1421 2527 1477 ΜΟΥΡΛΤΟΥ

1580 1750 2450 1909 EJUSDEM

1137 2044 1594 2136 ORATIO
1639 2047 1913 2133 ALIA
2019 2048 2915 2141 DELIBERATIVA

953 2247 1059 2307 DE
1100 2244 1262 2305 NON
1311 2244 1761 2323 REDDENDA:
1792 2243 2215 2307 CALLIPOLI
2261 2247 2630 2309 PETENTE
2679 2247 3092 2310 AMURATE.

479 2542 629 2594 Ἐδει
665 2534 866 2609 μὲνμῶ
921 2539 1135 2609 ἄνδρες,
1197 2539 1272 2607 μὴ
1324 2540 1454 2605 περὶ
1510 2537 1771 2589 τοιούτων
1822 2538 2010 2605 ἡμᾶς.

2148 2539 2248 2591 Par
2282 2538 2526 2607 quidem,
2567 2539 2868 2599 auditores.
2904 2550 3042 2603 eral,
3084 2556 3149 2592 nc
3180 2539 3247 2593 de
3286 2540 3351 2594 iis
3382 2542 3666 2596 delibera.

404 2635 563 2705 ἣκειν
594 2630 1073 2703 βουλευσομένους,
1129 2631 1191 2694 ἐξ
1228 2623 1303 2682 ὧν
1341 2628 1602 2696 ὁποτέρου
1644 2627 1972 2696 συμϐάντος,

408 2727 670 2797 αἰσχύνην
724 2724 818 2776 καὶ
852 2722 1097 2776 κίνδυνον
1134 2719 1349 2787 ἀνάγκη
1384 2721 1448 2789 τῇ
1500 2718 1650 2771 πόλει
1688 2718 1977 2785 προσγίνε-
2036 2730 2037 2733 ‘

412 2819 554 2881 σθαι,
588 2816 722 2869 ἀλλὰ
751 2815 879 2885 περὶ
915 2813 1022 2865 τῶν
1062 2810 1415 2879 ἐνδοξοτέρων
1446 2826 1502 2861 τε
1556 2808 1650 2861 καὶ
1691 2808 1977 2877 βελτιόνων

410 2912 541 2979 ἡμῖν
574 2905 712 2961 εἶναι
752 2906 844 2959 τὸν
896 2905 1089 2972 λόγον’
1144 2902 1317 2965 ἄλλως
1367 2919 1424 2953 τε
1472 2902 1565 2954 καὶ
1617 2901 1714 2969 τῆς
1769 2900 1976 2962 πόλῖως

415 3003 545 3069 ἡμῖν
577 3002 635 3053 ὲν
673 3001 792 3062 ταῖς
843 2999 1051 3059 κοιναῖς
1104 2993 1389 3063 πράξεσιν,
1444 2992 1596 3045 οὐδὲν
1648 2989 1867 3044 πώποτε
1903 2991 1978 3059 μὴ

411 3091 722 3159 φιλοτιμίας
761 3090 855 3141 καὶ
893 3088 1049 3157 δόξης
1082 3086 1357 3155 ἐχόμενον,
1392 3083 1768 3153 άνασχομένης
1806 3082 1977 3136 ἐνδεί-

410 3182 658 3234 κνυσθαι.
688 3180 840 3233 Ἐπεὶ
862 3179 919 3233 δὲ
942 3178 1003 3231 τὸ
1030 3178 1129 3247 μὲν
1156 3177 1403 3245 εὐτυχεῖν
1434 3175 1526 3228 καὶ
1561 3174 1772 3245 μεγάλα
1806 3175 1982 3243 πράτ-

410 3290 522 3324 τείν
567 3273 714 3342 ἡμᾶς
750 3269 1108 3324 ὑπολέλοιπεν
1140 3267 1265 3336 ἤδη,
1327 3266 1693 3333 πεπράγαμεν
1740 3262 1797 3315 δὲ
1837 3261 1979 3315 οὕτω

372 3374 377 3377 ‘
411 3364 615 3426 κακῶς,
652 3362 791 3414 ὥστε
823 3362 935 3421 τοῖς
986 3357 1113 3428 παρ’
1159 3358 1293 3426 ἡμῖν
1346 3356 1601 3425 ῥήτορσιν
1646 3352 1809 3421 ἔργον
1843 3347 1979 3429 εἶναι

410 3454 516 3507 τῶν
547 3452 951 3523 προτιθεμένων
989 3451 1075 3503 ἀεὶ
1121 3446 1307 3500 κακῶν
1348 3446 1409 3499 τὸ
1458 3445 1786 3512 κουφότερον
1826 3443 1981 3507 ἐξευ-

414 3548 624 3616 ρίσκειν
648 3562 663 3575 ο
704 3544 759 3595 τί
785 3543 973 3596 λοιπὸν
1002 3542 1033 3611 ἢ
1070 3540 1190 3609 Θεῷ
1234 3538 1336 3607 μὲν
1374 3536 1631 3606 εὔχεσθαι
1664 3535 1790 3604 περὶ
1824 3534 1981 3603 ἡμῶν

417 3636 781 3706 μετριώτερόν
846 3650 901 3687 τι
952 3630 1345 3703 βουλεύσασθαι
1372 3672 1386 3695 ,
1446 3630 1643 3693 αὐτοὺς
1686 3628 1742 3681 δὲ
1773 3626 1980 3694 λελογι-

416 3731 627 3798 σμένως
681 3730 746 3799 τῇ
800 3725 1052 3795 παρούσῃ
1104 3724 1239 3794 τύχῃ
1294 3722 1629 3793 χρωμένους,
1690 3720 1981 3787 πειρᾶσθαι

416 3820 613 3884 σώζειν
640 3820 833 3880 αὐτοὺς
865 3818 970 3879 ἕως
1000 3816 1202 3882 ἔξεστι,
1255 3816 1349 3867 καὶ
1390 3815 1464 3885 μὴ
1496 3813 1686 3882 ὥσπερ
1714 3812 1981 3878 ἀπογνόν-

413 3928 532 3973 τας,
574 3909 671 3977 τὴν
704 3908 813 3959 τῶν
844 3906 1126 3976 προγόνων
1168 3906 1371 3974 ἀρετήν
1409 3922 1468 3957 τε
1520 3904 1616 3956 καὶ
1658 3903 1815 3968 δόξαν
1847 3918 1982 3971 προ·

414 3985 600 4055 δοῦναί
623 4001 990 4065 παντάπασιν,
1052 3997 1166 4051 ἀλλ’
1186 4000 1250 4051 ὲκ
1288 3998 1396 4050 τῶν
1424 3996 1665 4049 δυνατῶν
1692 3998 1770 4057 είς
1801 3997 1985 4047 ἐκεῖνα

419 4092 703 4161 φαίνεσθαι
724 4093 791 4145 τὰ
829 4092 1249 4162 παραδείγματα
1277 4090 1371 4143 καὶ
1406 4089 1500 4143 νῦν
1526 4089 1935 4149 ἀποϐλέποντας
1967 4103 1980 4117 ·

430 4184 494 4235 'H
522 4182 619 4244 μὲν
646 4182 738 4234 οὖν
775 4181 939 4251 βουλὴ
976 4182 1070 4233 καὶ
1115 4182 1146 4247 ἡ
1190 4179 1514 4247 καθημέραν
1540 4178 1800 4246 γινομένη
1847 4178 1985 4245 πρὸς

421 4274 687 4342 ἀλλήλους
716 4274 775 4325 ὲν
815 4276 933 4335 ταῖς
962 4271 1284 4341 ἐκκλησίαις
1313 4268 1588 4335 ἀντιλογία
1624 4268 1751 4336 περὶ
1781 4268 1890 4319 τῶν
1928 4269 1985 4320 ὲν

418 4366 750 4432 Χερρονήσῳ
786 4364 1132 4429 πραγμάτων
1178 4360 1295 4412 ἐστὶ
1336 4359 1552 4425 καὶτῆς
1584 4356 1985 4422 Καλλιπόλεως;

417 4460 485 4524 ἣν
512 4457 542 4507 ό
567 4455 863 4523 Μονράτης
902 4453 1033 4521 παρ’
1068 4452 1227 4519 ἡμῶν
1254 4451 1395 4515 ὑπὲρ
1416 4449 1541 4531 ..τῆς
1571 4450 1793 4517 εἰρήνης
1823 4449 1983 4498 αἰτεῖ.

424 4548 530 4598 Καὶ
565 4547 623 4597 τό
665 4563 727 4611 γε
766 4544 1017 4597 πλεῖστον
1052 4546 1151 4612 τῆς
1200 4542 1427 4603 πόλεως,
1466 4543 1556 4609 καὶ
1602 4534 1710 4592 τῶν
1749 4540 1989 4607 συμϐου-

423 4636 601 4685 λεύειν
652 4633 940 4697 εἰωθότων,
982 4634 1118 4701 φασὶ
1168 4633 1276 4685 δεῖν
1323 4632 1421 4701 ήδη
1476 4631 1714 4694 διδόναι,
1767 4632 1862 4683 καὶ
1915 4631 1988 4699 μὴ

427 4725 641 4795 μέλλειν
689 4726 766 4787 ὡς
822 4726 913 4777 καὶ
969 4725 1071 4794 τῆς
1122 4725 1393 4793 ἀναϐολῆς
1454 4724 1689 4792 φανερὸν
1744 4723 1990 4776 κίνδυνον

423 4817 657 4886 ἐχούσης
715 4820 779 4887 τῇ
810 4817 984 4871 πόλει.
1004 4815 1145 4881 Ἐγὼ
1167 4816 1211 4868 δ’
1237 4817 1470 4884 ἐσχάτης
1501 4816 1727 4883 ἀτυχίας
1755 4814 1993 4880 νομίζων

421 4912 520 4979 οὐχ
545 4910 760 4962 ὅτιτῶν
802 4909 1076 4979 πολεμίων
1110 4906 1675 4977 προσληψόμεῦαβλγ
1723 4908 1813 4959 ὅτι
1871 4907 1993 4960 τού-

423 5021 537 5066 τοις
583 5002 929 5074 προησόμεθα
981 5001 1089 5053 τῶν
1141 5000 1424 5069 ἡμετέρων
1467 4996 1853 5067 βουλεύεσθαι,
1902 4997 1993 5051 ἐπὶ

423 5095 602 5163 τούτῳ
640 5094 859 5163 μάλιστ’
891 5094 958 5145 ἂν
988 5092 1156 5161 φαίην
1191 5091 1541 5156 ἀγανακτεῖν,
1575 5090 1657 5140 ὅτι
1690 5087 1816 5150 τοὺς
1849 5086 1997 5139 πλεί-

2083 2633 2189 2684 turi
2227 2632 2278 2685 in
2320 2633 2609 2687 consilium
2643 2648 2985 2701 cogeremur,
3029 2649 3092 2687 ex
3123 2632 3344 2702 quibus,
3380 2638 3661 2692 utrumvis

2081 2722 2310 2788 accidat,
2344 2725 2602 2794 probrum
2649 2725 2769 2779 urbi
2814 2740 2875 2779 ac
2927 2726 3231 2794 periculum
3280 2731 3523 2790 accedat,
3556 2744 3655 2783 ue-

2081 2829 2235 2869 cesse
2262 2815 2331 2869 sit
2360 2832 2375 2881 ;
2409 2816 2502 2869 sed
2543 2825 2601 2869 ut
2634 2832 2732 2885 pro
2768 2816 2835 2869 iis
2863 2832 2983 2885 quae
3020 2818 3279 2887 majorem
3309 2818 3511 2873 habent
3541 2820 3657 2889 glo-

2082 2905 2216 2959 riam
2248 2920 2310 2959 ac
2353 2915 2479 2959 sunt
2510 2908 2742 2975 potiora,
2778 2907 2935 2961 nobis
2978 2916 3123 2961 esset
3167 2908 3474 2975 orandum;
3528 2926 3653 2966 ενι-ιι

2084 2993 2289 3063 alioqui
2320 2994 2486 3049 etiam
2516 3008 2703 3050 nostra
2734 2995 2946 3059 civitas,
2970 2995 3103 3049 nihil
3137 3013 3375 3066 unquam
3414 2999 3465 3051 iu
3505 3014 3655 3053 com-

2083 3085 2346 3141 munibus
2382 3086 2715 3152 actionibus,
2763 3104 2870 3142 non
2929 3089 3276 3159 magnificum
3330 3106 3391 3144 ac
3424 3092 3666 3161 gloriam

2086 3177 2315 3241 habens,
2348 3179 2641 3234 ostendere
2669 3180 3023 3233 sustinuerit.
3069 3180 3204 3246 Quia
3254 3198 3386 3236 vero
3420 3198 3517 3237 nos
3543 3185 3653 3253 jam

2083 3265 2335 3332 felicitas,
2368 3278 2422 3322 et
2456 3278 2513 3322 ut
2545 3284 2737 3337 magna
2788 3270 3161 3339 designemus,
3206 3272 3432 3338 defecit,
3487 3276 3656 3327 adco-

2084 3372 2191 3426 que
2217 3359 2357 3412 male
2384 3368 2569 3412 actum
2601 3368 2687 3413 est
2718 3359 3027 3425 uobiscum,
3060 3368 3121 3414 ut
3157 3378 3326 3415 unum
3370 3364 3420 3415 id
3458 3368 3661 3419 nostris

2080 3448 2191 3516 jam
2247 3447 2559 3501 oratoribus
2606 3450 2907 3513 incumbat,
2959 3459 3019 3503 ut
3056 3451 3109 3504 in
3149 3452 3305 3504 malis
3341 3456 3655 3523 propositis,

2084 3538 2231 3608 quod
2258 3539 2328 3595 sit
2358 3540 2535 3594 levius
2576 3541 2880 3605 inveniant,
2927 3543 3056 3612 quid
3088 3555 3363 3612 superest,
3390 3564 3549 3615 quam
3600 3559 3659 3601 ut

2086 3632 2257 3686 Deum
2299 3646 2590 3700 precemur
2618 3631 2839 3685 mitiora
2869 3632 2936 3687 de
2968 3633 3129 3688 nobis
3161 3633 3457 3690 decernere
3489 3655 3502 3701 ;
3534 3654 3661 3691 nos-

2085 3738 2193 3791 que
2245 3706 2371 3791 ipsi:
2400 3724 2654 3791 praesenti
2686 3724 2897 3779 fortuna
2947 3740 2976 3780 e
3005 3724 3218 3780 ratione
3270 3742 3333 3781 ac
3368 3730 3675 3795 prudentia

2087 3824 2325 3879 utentes,
2362 3822 2560 3869 nostra:
2595 3814 2838 3885 ipsorum
2865 3815 3330 3886 saluti,quamdiu
3368 3819 3512 3883 licet,
3547 3832 3663 3875 stu-

2086 3908 2314 3961 deamus
2340 3905 2650 3972 consulere,
2675 3921 2785 3960 non
2810 3907 2961 3961 velut
2988 3907 3375 3977 desperatione
3401 3914 3527 3973 acti,
3549 3928 3683 3977 mas

2081 3998 2264 4067 jorum
2299 3996 2555 4050 virtutem
2602 4010 2667 4051 ac
2711 3997 2938 4065 gloriam
2971 4000 3198 4054 omnino
3247 4000 3478 4070 prodere
3514 4020 3527 4055 :
3556 4004 3657 4061 sed

2088 4099 2187 4154 pro
2225 4084 2389 4150 virili,
2428 4084 2481 4138 in
2514 4085 2605 4139 illa
2648 4085 2821 4139 videri
2875 4087 3126 4156 exempla
3175 4090 3470 4158 reSpicere.
3503 4092 3659 4159 Quod

2085 4178 2274 4244 itaque
2325 4178 2573 4246 agitatur
2600 4176 2915 4242 consilium,
2948 4193 3012 4232 ac
3061 4178 3295 4233 invicem
3341 4183 3679 4249 quotidiana

2089 4268 2177 4320 illa
2204 4268 2488 4321 nobiscum
2523 4268 2759 4337 publicis
2782 4270 3149 4326 conventibus
3184 4274 3568 4340 contradictio,
3608 4277 3663 4330 iu

2087 4358 2416 4414 Chersonesi
2449 4360 2609 4413 rebus
2629 4367 2973 4427 versatur,ac
2998 4362 3151 4417 urbis
3177 4361 3477 4433 Callipolis,
3501 4383 3662 4435 quam

2090 4450 2327 4504 Murntes
2369 4467 2397 4503 a
2432 4453 2594 4505 nobis
2624 4467 2723 4521 pro
2772 4468 2903 4521 pace
2936 4456 3094 4523 petit.
3140 4455 3217 4508 Ac
3254 4472 3385 4510 vero
3432 4460 3663 4512 maxima

2090 4539 2326 4593 civitatis
2354 4555 2500 4607 pars,
2540 4556 2840 4610 eorumque
2872 4545 2964 4612 qui
2992 4553 3123 4599 sunt
3157 4547 3485 4612 a'consiliis,
3520 4551 3570 4601 in
3598 4564 3666 4601 eo

2092 4632 2391 4700 conspirat,
2426 4640 2484 4685 ut
2527 4633 2760 4687 dandam
2793 4630 2997 4701 dicant,
3032 4646 3198 4705 atque
3231 4637 3282 4691 id
3335 4640 3453 4692 sine
3489 4658 3665 4698 mora.

2091 4738 2210 4791 qua:
2258 4722 2373 4789 ipsa
2416 4734 2664 4792 apertum
2706 4724 2946 4780 civitatis
2990 4728 3294 4795 periculum
3344 4729 3562 4782 habent.
3600 4731 3666 4782 At
3710 4726 3728 4741 ’

2093 4828 2215 4884 ego,
2269 4825 2528 4869 extremae
2572 4831 2681 4869 rem
2736 4816 3077 4871 infelicitatis
3126 4819 3421 4881 arbitrans,
3461 4829 3517 4872 ut
3555 4835 3662 4873 non

2095 4907 2151 4961 in
2182 4922 2248 4961 eo
2286 4916 2473 4960 nostra
2517 4907 2849 4961 deliberatio
2881 4908 2970 4971 sit,
3004 4919 3062 4959 ut
3097 4908 3335 4961 hostium
3389 4926 3475 4963 res
3507 4911 3666 4963 nobis

2092 4990 2451 5061 vindicemus,
2513 4998 2605 5051 scd
2649 5010 2705 5051 ut
2756 5010 2968 5052 nostras
3018 5000 3119 5069 ipsi
3168 5000 3527 5059 dimittamus.
3566 5004 3669 5055 huc

2099 5090 2331 5143 maxime
2362 5088 2752 5158 indignandum
2790 5090 3047 5157 dixerint,
3079 5092 3222 5160 quod
3254 5095 3544 5161 plerosque
3570 5112 3663 5148 ue-

427 5200 586 5239 στους
614 5184 726 5236 τῶν
771 5182 1032 5237 ἐναντίων
1080 5180 1253 5247 λόγων
1282 5179 1390 5231 οὐδ’
1435 5177 1796 5246 ἀνεχομένους
1844 5176 1992 5246 ὁρῶ·

2100 5176 2319 5245 quidem
2378 5176 2714 5230 sustinentes
2764 5178 2958 5231 audire
3016 5182 3324 5233 contrarios
3384 5197 3695 5236 SCI‘IIIUIM‘S-

424 5277 540 5329 ἀλλ’
569 5275 743 5339 οὕτως
779 5277 933 5337 ὅλους
960 5276 1058 5344 τῆς
1086 5272 1330 5331 δουλείας
1362 5274 1455 5323 καὶ
1485 5272 1578 5324 τοῦ
1610 5269 1687 5338 τῷ
1732 5270 1992 5338 βαρϐάρῳ

427 5366 748 5437 χαρίζεσθαι
787 5365 1100 5434 γεγονότας,
1140 5363 1268 5415 ὥστ’
1300 5363 1506 5415 ἐκείνου
1539 5363 1673 5432 πρὸς
1722 5363 1784 5414 τὸ
1809 5361 1995 5413 λαϐεῖν

426 5460 648 5521 τούτους
682 5457 1058 5527 ἑτοιμοτέρους
1100 5454 1236 5509 εἶναι
1279 5457 1415 5524 πρὸς
1454 5457 1514 5506 τὸ
1547 5455 1764 5506 διδόναι.
1796 5453 1860 5508 Τί
1890 5452 1996 5519 γάρ

430 5553 495 5603 ἀν
525 5568 608 5612 τις
632 5550 773 5601 εἴποι
811 5549 943 5610 πρὸς
978 5547 1077 5617 τὴν
1125 5548 1316 5609 ἀλογον
1350 5544 1527 5597 αὐτῶν
1561 5546 1738 5611 ὁρμὴν
1771 5542 2001 5594 ἀποϐλέ-

372 5630 377 5633 ⁷
433 5658 569 5703 πων,
603 5640 695 5692 καὶ
725 5640 787 5691 τὸ
816 5639 1105 5705 πολεμίους
1131 5639 1223 5689 καὶ
1248 5636 1511 5705 προδότας
1546 5634 1651 5687 τῶν
1684 5635 1877 5687 κοινῶν
1906 5650 2002 5685 σα·

442 5731 555 5798 φῶς
602 5727 999 5797 ἀποφαίνεσθαι
1026 5728 1151 5789 τοὺς
1181 5728 1426 5794 ἐπισχεῖν
1473 5726 1569 5777 καὶ
1613 5722 2002 5791 βουλεύσασθαί

460 5841 509 5873 τι
541 5825 664 5891 περὶ
696 5823 877 5874 τούτου
914 5822 1115 5888 βέλτιον
1144 5817 1456 5882 ἀξιοῦντας,
1495 5816 1567 5868 Οὐ
1596 5815 1699 5883 μὴν
1736 5813 1865 5866 ἀλλὰ
1911 5818 2004 5866 καὶ

2100 5265 2358 5335 aspiciam
2385 5284 2400 5333 ;
2432 5266 2525 5320 sed
2575 5266 2649 5319 ita
2693 5273 2836 5320 totos
2863 5265 3078 5321 deditos
3107 5269 3379 5333 servituti,
3409 5280 3572 5339 atque
3610 5281 3670 5323 ut

2101 5358 2339 5411 Barbara
2365 5357 2635 5426 placeant,
2669 5366 2728 5411 ut
2761 5358 2959 5411 minori
2993 5358 3080 5412 ille
3108 5359 3367 5414 aviditate
3409 5352 3667 5430 aecipizu,

2100 5464 2262 5518 quam
2297 5449 2385 5501 isti
2422 5447 2695 5501 desiderio
2742 5449 3001 5502 trihuant.
3041 5449 3182 5514 Quid
3222 5454 3367 5504 enim
3419 5454 3541 5522 quis
3590 5455 3672 5507 ili-

2102 5550 2208 5605 Cat,
2246 5540 2311 5593 ad
2343 5554 2533 5592 eorum
2582 5538 2819 5591 alienum
2854 5555 2883 5591 a
2933 5540 3141 5593 ratione
3194 5544 3453 5609 impetum
3498 5547 3671 5612 Γρψί-

2102 5633 2292 5695 ciens;
2326 5638 2495 5699 utque
2546 5630 2747 5691 hostes,
2777 5642 2839 5681 ac
2871 5643 3052 5681 rerum
3083 5630 3262 5697 palam
3295 5636 3665 5687 coniuninimu

2107 5721 2412 5790 proditores
2440 5718 2816 5787 pronuntient,
2841 5727 2893 5771 ut
2924 5719 3044 5787 quis
3075 5719 3246 5795 οὺιιίίὶ
3278 5720 3506 5785 velit,a:-
3536 5723 3666 5790 quid

2111 5815 2304 5870 melius
2356 5829 2452 5882 pio
2486 5812 2701 5882 icgotio
2746 5812 3033 5866 consulere
3059 5812 3079 5865 ?
3109 5798 3429 5882 Quanquam
3486 5822 3661 5867 tamen
