3862 6220
382 316 515 383 1011

1650 330 2027 391 DEMETRH
2069 331 2381 391 CYDONII

3439 332 3542 397 lCl‘Z

381 438 589 503 grande
638 439 779 494 adeo
827 441 1126 509 periculum
1158 457 1256 511 pro
1286 444 1555 498 concione
1592 445 1660 498 de
1687 444 1940 499 adversa-

2051 446 2305 498 τοσοῦτον
2336 444 2568 515 ἐχούσης
2593 447 2704 506 τοῖς
2726 444 2945 510 λέγουσι
2960 452 2961 455 “
2976 444 3217 498 κίνδυνον
3236 443 3323 513 τῆς
3340 446 3547 513 περὶτῶν

377 528 476 581 riis
517 529 737 584 dicturo
772 531 1076 596 immineat,
1121 532 1263 586 haud
1322 534 1607 589 enimvero
1645 550 1676 589 e
1735 535 1945 590 ratione

373 616 464 675 sit.
496 628 553 671 ut
590 634 712 672 cum
745 619 1002 687 coeperim
1037 620 1240 690 aliqua,
1274 637 1303 676 a
1337 624 1674 678 consulendo
1698 624 1841 693 quod
1875 626 1946 679 sit

374 724 407 760 ο
456 723 516 762 re
547 709 847 766 Communi.
889 710 1219 789 abstineam.
1269 713 1509 782 Equum
1554 730 1719 783 porro
1758 714 1942 780 fuerit,

379 809 436 854 ut
469 810 526 853 et
565 799 665 868 ipsi
718 818 822 854 non
858 804 1085 856 tnoleste
1118 805 1324 870 feratis,
1356 808 1400 860 si
1437 822 1671 875 quorum
1701 808 1943 863 rationes

371 891 574 945 vestris
608 893 791 946 minus
820 896 1134 949 consentire
1165 900 1475 954 senseritis.
1510 899 1630 954 Non
1669 900 1814 954 enim
1852 916 1941 954 ur-

372 981 471 1036 bes
499 982 568 1034 de
614 984 778 1038 rebus
809 996 961 1039 extra
1002 1001 1219 1041 onmem
1272 991 1706 1046 controversiam
1749 991 1943 1061 positis

372 1072 646 1141 diSpicere
701 1076 881 1131 solent
924 1093 988 1133 ac
1022 1078 1366 1145 deliberare;
1403 1082 1498 1136 sed
1549 1082 1618 1136 de
1667 1083 1939 1147 obscuris,

368 1179 434 1217 ac
485 1164 607 1231 eius
635 1168 879 1235 generis,
915 1180 973 1222 ut
1003 1170 1070 1224 de
1102 1172 1209 1225 illis
1236 1173 1361 1242 quis
1393 1175 1668 1228 contraria
1718 1174 1930 1238 dicens,

369 1254 512 1308 haud
560 1258 761 1313 stultus
815 1260 1088 1316 videatur.
1137 1262 1274 1328 Quia
1328 1280 1456 1335 ergo
1505 1266 1666 1321 modo
1717 1282 1939 1336 quoque

368 1348 629 1413 prudenti
673 1351 906 1415 ratione,
937 1356 1248 1410 communis
1280 1367 1585 1411 conventus
1614 1371 1676 1411 ac
1724 1358 1937 1413 consilii

367 1439 582 1505 cepiam
621 1440 849 1507 fecistis,
878 1444 1119 1498 alienum
1148 1447 1273 1501 sita
1304 1449 1516 1504 ratione
1550 1449 1845 1520 indignari,
1881 1461 1940 1503 ut

367 1527 492 1594 quis
520 1529 797 1583 adversam
833 1533 1149 1601 opinionem
1184 1535 1545 1592 insinuaverit
1575 1555 1589 1601 ;
1635 1554 1756 1593 cum
1799 1555 1937 1608 pne-

369 1618 557 1671 settim
588 1634 755 1687 penes
786 1636 882 1675 vos
915 1623 987 1677 sit
1022 1639 1084 1676 ac
1128 1625 1292 1678 vestri
1322 1625 1563 1687 arbitrii,
1597 1636 1656 1683 ut
1687 1625 1771 1681 vel
1807 1640 1936 1695 pro-

368 1706 565 1763 bantcs
592 1710 937 1777 sententiam,
968 1728 1032 1767 ea
1068 1715 1321 1779 utamini,
1354 1716 1437 1769 vel
1462 1715 1787 1770 adversariis
1821 1717 1935 1770 vie-

370 1800 603 1864 toribus,
636 1816 755 1868 qua:
782 1802 894 1855 visa
929 1804 1135 1859 fuerint
1170 1808 1497 1874 sequamini.
1533 1807 1774 1860 Primum
1810 1806 1936 1874 qui-

368 1890 491 1943 dem
522 1890 622 1945 hoc
646 1893 1015 1961 cogitandum,
1041 1894 1343 1964 Callipolim
1369 1912 1510 1956 esse.
1538 1913 1642 1965 qua
1671 1898 1796 1951 boni
1823 1898 1935 1960 isti,

367 1994 433 2036 ac
463 1982 614 2035 urbis
642 1998 700 2037 se
731 1999 916 2037 curam
962 1985 1190 2054 professi
1226 2002 1405 2056 agere,
1448 1988 1698 2044 hostibus
1739 1988 1937 2043 cedem

369 2075 498 2126 dum
532 2074 888 2142 admoneant,
927 2094 1089 2146 qualn
1143 2094 1359 2148 semper
1399 2095 1581 2134 rerum
1623 2089 1931 2133 nostrarum

367 2166 819 2233 pretiosissimam
857 2169 1134 2235 duximus,
1163 2185 1227 2224 ac
1266 2180 1600 2225 momentum
1637 2169 1931 2224 maximum

368 2257 662 2313 habenti-tn
689 2259 752 2312 ad
784 2259 1147 2313 Barbarornut
1178 2261 1402 2315 bellum.

442 2347 547 2401 Sed
607 2360 662 2404 et
720 2353 771 2403 itt
827 2351 1187 2406 conventibus
1241 2353 1492 2420 publicis,
1549 2368 1611 2407 ac
1666 2353 1931 2415 consiliis,

368 2437 590 2505 quando
621 2439 821 2507 cuique
863 2440 1004 2505 quod
1036 2440 1198 2495 libeat
1225 2457 1349 2497 cum
1378 2443 1575 2496 fiducia
1606 2442 1734 2497 licet
1759 2443 1933 2512 loqui,

368 2528 516 2595 quod
556 2529 775 2597 quidem
802 2542 1012 2600 spectat
1055 2533 1119 2588 ad
1164 2535 1292 2600 alia,
1323 2534 1507 2605 plures
1540 2535 1666 2605 quis
1698 2536 1930 2589 invicem

369 2618 724 2673 adversantes
771 2622 1044 2693 audierit,
1089 2640 1152 2689 ac
1195 2625 1331 2687 alios
1370 2626 1589 2695 quidem
1631 2626 1747 2681 haec
1788 2641 1940 2681 asse~

370 2717 578 2779 rentes,
613 2709 750 2771 alios
800 2726 929 2780 vero
959 2724 1244 2783 negantes,
1277 2718 1550 2771 neminem
1597 2731 1726 2772 vero
1760 2732 1934 2787 usque

369 2799 509 2857 adeo
541 2803 965 2869 contentiosum,
1000 2813 1059 2859 ut
1092 2822 1207 2859 rem
1249 2809 1485 2877 aliquam
1515 2807 1761 2877 Gallipoli
1796 2823 1937 2878 prae-

370 2893 678 2959 habendam
714 2897 1028 2973 putaverit:
1067 2898 1200 2971 quin
1247 2914 1351 2953 una
1385 2899 1497 2955 haec
1548 2899 1749 2969 ubique
1796 2896 1937 2954 obti-

370 2986 537 3044 nebat
566 2987 858 3049 sententia,
884 2997 942 3042 ut
976 2990 1285 3059 prazsidium
1327 2992 1713 3057 retinercmus,
1736 2992 1932 3055 nullis-

370 3094 479 3147 que
532 3079 617 3132 vel
677 3079 959 3134 laboribus
1002 3082 1082 3135 vel
1134 3081 1398 3149 impensis
1424 3098 1793 3149 parceremus,
1825 3101 1934 3155 quo

368 3168 506 3235 illud
542 3186 761 3239 semper
789 3171 907 3224 urbi
950 3181 1267 3234 servaretur
1305 3173 1593 3228 incolume.
1639 3175 1708 3230 Ut
1737 3176 1816 3230 sic
1841 3192 1936 3230 au-

372 3273 480 3315 tem
532 3261 774 3316 universi
810 3262 876 3316 de
907 3263 1163 3339 prtesidio
1202 3266 1495 3327 sentirent,
1534 3267 1586 3320 in
1621 3281 1785 3322 causa
1840 3269 1939 3324 fuit

370 3354 1005 3425 estperientia,quodque
1034 3369 1097 3410 ea
1126 3356 1378 3427 magistra
1405 3370 1747 3429 compertum
1777 3372 1940 3427 esset,

369 3456 640 3516 quantum
674 3461 893 3516 semper
919 3448 1082 3513 rebus
1112 3450 1315 3505 nostris
1339 3450 1474 3507 illud
1503 3454 1763 3507 momenti
1798 3465 1944 3509 attu-

370 3542 545 3605 lisset.
570 3540 726 3608 Quod
770 3541 919 3596 enim
962 3542 1194 3605 necdum
1222 3545 1446 3599 omnino
1473 3559 1573 3603 ceu
1606 3544 1773 3605 fluctu
1806 3563 1944 3617 (luo-

370 3633 499 3695 dam
546 3632 731 3687 obruti
775 3634 1020 3699 universi
1065 3633 1357 3709 fuerimus,
1410 3651 1473 3692 ac
1524 3636 1697 3692 Grzcci
1742 3638 1941 3708 reliqui

375 3734 651 3795 quotquot
698 3724 973 3795 Europam
1010 3725 1281 3792 habitant,
1324 3742 1472 3795 cum,
1503 3729 1599 3798 qui
1641 3728 1749 3796 iam
1786 3731 1946 3784 nobis

373 3820 557 3874 infesti
596 3819 882 3888 ingruunt,
910 3818 1099 3872 Asiam
1137 3820 1401 3881 ducerent
1438 3835 1502 3877 ac
1531 3822 1586 3875 in
1614 3822 1811 3877 castris
1853 3824 1946 3877 ha-

369 3910 590 3979 berent,
615 3908 745 3963 illud
770 3922 933 3962 causa
955 3907 1080 3962 fuit.
1103 3907 1259 3973 Quod
1282 3909 1545 3973 nimirum
1566 3910 1727 3971 illud,
1752 3911 1948 3967 Hellus-

369 3999 790 4072 pontiomnibus
810 3997 1025 4053 moeniis
1044 3999 1587 4069 opportunissimum,
1608 4002 1855 4071 interque
1871 4006 1950 4058 al-

369 4110 531 4150 veum
554 4109 618 4150 ac
638 4093 824 4153 fauces
846 4093 1105 4161 positum,
1128 4092 1270 4146 unde
1294 4094 1563 4148 solventes
1582 4093 1943 4150 Barbarorum

370 4202 540 4255 naves
567 4185 986 4255 haudquaquam
1013 4184 1183 4239 latere
1203 4195 1481 4255 poterant,
1515 4185 1625 4241 illic
1650 4187 1946 4241 stationem

372 4278 709 4345 habentibus
737 4276 1052 4345 triremibus
1078 4277 1303 4340 nostris,
1337 4287 1395 4330 ut
1420 4276 1591 4331 libere
1619 4278 1948 4332 cohiberent

369 4368 762 4437 latrocinantes
783 4366 1402 4438 Barbaros,nostrisque
1433 4377 1492 4422 ut
1514 4370 1678 4423 urbes
1712 4377 1828 4422 tuto
1855 4368 1949 4422 ha-

2050 536 2312 590 ἐναντίων
2341 535 2706 606 δημηγορίας,
2747 536 2849 588 οὐκ
2901 534 3121 604 εὔλογον
3162 532 3276 608 δὲῇ
3317 536 3450 589 τινῶν
3471 536 3547 605 ἆρ-

2049 628 2218 693 ξαντα
2253 627 2358 695 τῆς
2383 628 2523 698 ὑπὲρ
2546 627 2639 681 τοῦ
2668 627 2850 680 κοινοῦ
2899 629 3269 698 συμφέροντος
3296 628 3548 698 συμϐουλῆς

2047 717 2409 788 ἀποσχέσθαι.
2433 718 2643 771 Δίκαιοι
2676 718 2721 771 δ’
2743 720 2809 773 ἂν
2839 721 2988 788 εἴητε
3021 719 3120 772 καὶ
3151 720 3298 788 ὑμεῖς
3336 720 3401 789 μὴ
3427 719 3549 788 χαλε-

2049 810 2283 873 παίνειν,
2317 808 2382 862 ἄν
2408 826 2571 861 τινων
2603 811 2897 879 λογισμοὺς
2920 811 3035 872 τοῖς
3062 809 3341 880 ἦμετέροιτ
3363 809 3426 878 μὴ
3446 827 3552 877 συμ·

2047 896 2332 958 ϐαίνοντας
2367 895 2654 965 αἴσθησθε.
2687 898 2763 949 Ού
2807 897 2915 966 γὰρ
2928 898 3080 965 περὶ
3104 890 3177 950 ὧν
3205 897 3361 958 οὐδεὶς
3388 895 3553 947 ἀντιλέ-

2046 1004 2151 1053 γει,
2192 988 2320 1057 περὶ
2364 988 2570 1041 τούτων
2617 990 2673 1040 αί
2732 988 2919 1051 πόλεις
2978 987 3199 1041 εἰώθασι
3246 987 3442 1039 σκοπεῖν
3480 984 3551 1037 καὶ

2047 1077 2431 1145 βουλεύεσθαι·
2468 1078 2605 1132 ἀλλὰ
2650 1081 2779 1148 περὶ
2829 1079 2936 1131 τῶν
2983 1079 3213 1149 ἀδήλων,
3252 1080 3338 1130 καὶ
3369 1079 3478 1145 περὶ
3499 1069 3555 1127 ὧν

2044 1186 2127 1231 τις
2158 1167 2416 1221 τάναντία
2450 1167 2642 1237 λέγων,
2684 1170 2744 1221 οὐ
2778 1169 2919 1233 δόξει
2954 1169 3163 1239 ληρεῖν.
3232 1169 3372 1220 Ἐπεὶ
3410 1167 3552 1218 τοίνυν

2044 1262 2136 1311 καὶ
2172 1262 2283 1323 τοῖς
2323 1259 2585 1330 παροῦσιν
2627 1259 2685 1312 εὖ
2747 1259 3026 1321 ποιοῦντες
3082 1260 3363 1328 ἐκκλησίαν
3401 1257 3557 1309 ἀποδε-

2041 1352 2249 1405 δώκατε
2277 1352 2373 1406 καὶ
2402 1351 2622 1423 βουλὴν,
2666 1352 2861 1419 ἄλογον
2899 1351 3288 1421 δυσχεραίνειν,
3317 1348 3456 1411 εἴτις
3481 1348 3556 1400 καί

2039 1444 2139 1513 τῆς
2181 1446 2429 1507 ἐναντίας
2480 1445 2706 1499 ἅπτοιτο
2742 1444 2939 1515 δόξηςέ
2972 1444 3169 1506 ίᾶλλως
3218 1459 3275 1494 τε
3319 1441 3403 1494 καὶ
3450 1439 3558 1508 μετὰ

2040 1537 2170 1599 τοὺς
2200 1536 2390 1603 λόγους
2426 1538 2508 1605 ἐφ’
2540 1540 2673 1607 ἡμῖν
2720 1538 2872 1600 ὄντος
2920 1539 2952 1607 ἦ
3010 1538 3111 1607 τὴν
3144 1535 3358 1605 γνώμην
3384 1533 3560 1584 ἐπαινέ-

2042 1644 2241 1689 σαντας
2271 1627 2577 1699 χρήσασθαι
2608 1630 2801 1699 ταύτῃ,
2835 1631 2892 1700 ἢ,
2922 1628 3031 1681 τῶν
3058 1630 3312 1680 ἐναντίων
3340 1623 3561 1694 κρατούνο

2039 1736 2167 1785 των,
2196 1723 2309 1783 τοῖς
2337 1720 2553 1785 δόξασιν
2602 1722 2855 1776 ἕπεσθαι.
2902 1720 3128 1792 Πρῶτον
3170 1720 3266 1791 μὲν
3310 1717 3393 1770 οῦν
3423 1720 3561 1770 ἐκεῖνο

2048 1811 2384 1880 ἐνθυμητέον
2407 1853 2423 1875 ,
2464 1815 2538 1876 ὡς
2564 1812 2705 1882 αὕτη
2757 1814 2812 1882 γ’
2840 1814 2987 1868 ἐστὶν
3018 1814 3051 1883 ἡ
3083 1810 3417 1874 Καλλίπολις,
3445 1803 3501 1879 ἧς
3528 1807 3565 1857 οἱ

2049 1901 2276 1969 χρηστοὶ
2301 1900 2396 1953 καὶ
2436 1903 2531 1970 τῆς
2567 1900 2774 1963 πόλεως
2811 1900 3115 1972 φροντίζειν
3142 1900 3427 1966 φάσκοντες
3450 1887 3564 1946 οὗτοι

2045 1993 2159 2053 τοῖς
2190 1990 2465 2060 πολεμίοις
2504 1990 2862 2058 παραινοῦσιν
2891 1991 3173 2059 ἐκστῆναι.
3200 1991 3266 2060 ῆν
3289 1988 3372 2041 ἀεὶ
3388 1986 3566 2040 πάντων

2047 2082 2156 2135 τῶν
2210 2083 2494 2153 ἡμετέρων
2565 2083 2861 2153 κτημάτων
2925 2082 3210 2152 ἡγούμεθα
3268 2078 3564 2149 τιμιώτερον,

2047 2176 2140 2228 καὶ
2167 2175 2428 2245 μεγίστην
2459 2176 2590 2243 ἡμῖν
2627 2177 2941 2240 συντέλειαν
2971 2174 3108 2245 πρὸς
3137 2174 3232 2227 τὸν
3264 2172 3365 2226 τῶν
3401 2168 3571 2240 βαρόἁο

2051 2281 2160 2332 ρων
2202 2263 2439 2332 πόλεμον
2480 2263 2860 2334 παρασχέσθαι
2888 2262 3212 2329 δυνάμενον.

2130 2354 2292 2411 Ἀλλὰ
2324 2355 2427 2405 κάν
2456 2357 2575 2416 ταῖς
2605 2353 2941 2422 ἐκκλησίαις,
2969 2353 3071 2407 κάν
3105 2353 3226 2415 ταῖς
3263 2349 3479 2421 βουλαῖς,
3501 2347 3570 2399 ὅτε

2048 2449 2183 2501 πᾶσι
2217 2446 2352 2507 μετὰ
2382 2446 2695 2515 παρρησίας
2731 2444 2791 2497 τὸ
2820 2444 3010 2498 δοκοῦν
3054 2443 3232 2521 ἔξεστι
3257 2444 3446 2512 λέγειν,
3470 2437 3574 2504 περὶ

2047 2542 2148 2609 μὲν
2199 2538 2307 2591 τῶν
2355 2538 2528 2589 ἄλλων
2584 2537 2781 2606 ἦκουεν
2829 2538 2893 2590 ἄν
2946 2552 3032 2598 τις
3084 2534 3336 2604 ἀλλήλοις
3383 2528 3573 2589 πολλοὺς

2046 2630 2522 2698 ἐναντιουμένους·
2557 2628 2650 2680 καὶ
2686 2627 2815 2680 τάδε
2859 2626 2959 2697 μὲν
2992 2627 3087 2680 ὑπ’
3129 2626 3308 2680 ἄλλων
3332 2621 3571 2689 τιθέμενα,

2046 2721 2137 2774 ὑπ’
2184 2718 2359 2773 ἄλλων
2397 2719 2453 2770 δὲ
2508 2717 2910 2785 ἀναιρούμενα·
2971 2716 3279 2787 φιλόνεικος
3328 2713 3382 2767 δέ
3433 2707 3576 2767 οὕτως

2044 2810 2241 2876 οὐδεὶς,
2271 2807 2401 2862 ὥστ’
2429 2807 2614 2873 ἀξιοῦν
2643 2808 2773 2861 ἄλλο
2800 2824 2853 2860 τι
2882 2808 2978 2876 τῆς
3006 2805 3389 2865 Καλλιπόλεως
3423 2810 3576 2868 προτι-

2050 2905 2158 2973 μᾷν
2177 2900 2354 2955 vam
2390 2897 2529 2967 αὕτη
2555 2898 2618 2969 δὴ
2657 2897 2753 2967 μία
2777 2898 2971 2968 γνώμη
3001 2897 3087 2951 διὰ
3122 2897 3341 2950 πάντων
3369 2890 3576 2958 ἐκράτει,

2044 2994 2360 3065 ἀντέχεσθαι
2402 2991 2495 3045 τοῦ
2524 2991 2805 3063 φρουρίου,
2851 2992 2947 3042 καὶ
2990 2980 3151 3043 πάνθ⁴
3199 2986 3475 3055 ὑπομένειν
3498 2975 3574 3032 καὶ

2048 3087 2344 3149 πονοῦντας
2382 3086 2475 3138 καὶ
2504 3084 2899 3146 ἀναλίσκοντας
2935 3082 3074 3136 ὥστε
3122 3082 3232 3135 σῶν
3257 3082 3343 3135 ἀεὶ
3368 3081 3427 3148 τῇ
3452 3074 3574 3128 πόλει
3606 3140 3611 3153 λ

2045 3180 2352 3247 τηρεῖσθαι.
2388 3178 2494 3230 Τοῦ
2542 3177 2586 3231 δ’
2622 3176 2762 3229 οὕτω
2813 3175 3021 3228 πανταε
3050 3176 3186 3245 περὶ
3218 3172 3311 3227 τοῦ
3350 3164 3570 3239 φρουρίου

2047 3274 2266 3341 φρονεῖν
2296 3271 2467 3322 αἴτιον
2494 3272 2526 3339 ἠ
2565 3272 2750 3339 πεῖρα,
2785 3269 2964 3323 καὶτὸ
2998 3270 3131 3339 παρ’
3168 3267 3339 3335 αὐτῆς
3370 3256 3577 3330 διδαχθῇ

2045 3379 2156 3425 ναι,
2192 3364 2314 3415 ὅσον
2355 3363 2441 3413 ἀεὶ
2477 3364 2589 3423 τοῖς
2616 3362 2909 3429 ἡμετέροις
2958 3361 3265 3428 συνήνεγκε
3309 3356 3574 3425 πράγμασι.

2047 3456 2154 3507 Τοῦ
2192 3455 2300 3523 γὰρ
2337 3454 2411 3521 μὴ
2456 3452 2800 3505 παντάπασιν
2840 3451 3035 3520 ὥσπερ
3064 3452 3174 3504 ὑπό
3204 3468 3347 3513 τινος
3375 3446 3576 3513 κύματος

2049 3544 2527 3607 κατακλυσθέντας
2565 3542 2753 3613 μηκέτ’
2774 3538 2916 3597 εἶναι
2954 3544 3168 3607 πάντας
3200 3542 3345 3612 ἡμᾶς
3373 3537 3456 3592 καὶ
3476 3530 3575 3591 τοὺς

2038 3638 2270 3715 ,λοιποὺς
2301 3637 2572 3705 Ἕλληνας
2611 3637 2725 3689 ὅσοι
2763 3636 2861 3706 τὴν
2911 3636 3188 3705 Εὐρώπην
3240 3631 3485 3690 οἰκοῦσιν,
3510 3625 3577 3677 ὅτε

2046 3729 2144 3794 τὴν
2188 3727 2371 3780 Ἀσίαν
2404 3723 2540 3797 ἦγον
2570 3727 2664 3779 καὶ
2701 3727 2892 3797 ἔφερον
2928 3729 2977 3780 οί
3014 3725 3114 3779 νῦν
3152 3728 3290 3795 ἡμῖν
3335 3719 3577 3784 ἐπικείμεο

2048 3837 2149 3882 νοι,
2193 3817 2339 3871 τοῦτ’
2379 3818 2552 3870 αἴτιον
2580 3811 2668 3888 ἦν.
2699 3816 2824 3868 Ὀτι
2875 3816 2939 3885 δὴ
2983 3815 3094 3867 τῶν
3141 3818 3204 3867 ἐν
3248 3808 3579 3879 Ἑλλησπόντῳ

2046 3910 2242 3979 τειχῶν
2272 3910 2491 3962 πάντων
2521 3908 2939 3976 ἐπικαιρότατον
2969 3905 3051 3970 ὃν,
3086 3905 3348 3976 καὶπρὸς
3370 3903 3439 3971 τῷ
3462 3900 3579 3967 πόρῳ

2051 4003 2252 4069 καὶτῷ
2310 3999 2482 4068 στενῷ
2533 3999 2808 4066 κείμενον,
2869 3998 2990 4050 ὅθεν
3058 3999 3119 4050 αί
3175 3998 3289 4051 τῶν
3335 3993 3581 4066 βαρϐαρων

2048 4095 2386 4162 ἀνα-ίόμεναι
2440 4093 2565 4159 νῆες
2597 4091 2696 4143 οὐκ
2750 4088 2977 4159 ἔμελλον
3026 4088 3242 4158 λήσειν,
3277 4090 3388 4149 ταῖ,
3421 4078 3579 4152 ἡμετέ-

2053 4204 2175 4255 ραις
2204 4187 2484 4254 τριήρεσιν
2514 4182 2885 4251 ἐφορμούσαις
2914 4181 3104 4234 αύτόθι
3144 4183 3405 4249 παρεῖχεν
3433 4176 3581 4253 ἄδειαν

2049 4278 2178 4336 τοὺς
2234 4275 2344 4327 τῶν
2401 4273 2689 4342 βαρϐάρων
2743 4270 3019 4341 ἀνείργειν
3073 4271 3308 4342 λῃστὰς,
3364 4268 3449 4321 καὶ
3494 4262 3580 4319 τοῖς

2050 4366 2342 4436 ἡμετέροις
2396 4364 2655 4431 ἀσφαλῶς
2707 4363 2807 4425 τὰς
2859 4363 3043 4426 πόλεις
3100 4365 3295 4417 οἰκεῖν.
3332 4350 3582 4413 Ἐπειτ“οὖ

370 4461 632 4525 hilarent.
657 4467 954 4528 praestaret.
986 4459 1276 4526 Pmterea,
1310 4459 1511 4514 nedum
1544 4475 1611 4514 ex
1646 4459 1805 4515 malis
1829 4475 1940 4528 qum

2059 4458 2218 4527 μόνον
2250 4458 2312 4508 ἐκ
2340 4455 2450 4507 τῶν
2490 4455 2767 4523 δυσχερῶν
2817 4448 2891 4506 ὧν
2925 4490 2942 4507 .
2977 4492 2993 4509 .
3027 4492 3044 4508 .
3078 4490 3097 4508 .
3137 4490 3155 4506 .
3192 4490 3211 4508 .
3246 4439 3583 4518 πεπειραμεθα

370 4551 745 4616 cavitnus,sed
763 4559 817 4605 et
830 4567 897 4617 ex
917 4552 985 4605 iis
1007 4566 1239 4621 quorum
1256 4566 1322 4605 eo
1338 4551 1539 4607 amisso
1555 4552 1787 4607 fecimus
1799 4554 1944 4622 peri-

370 4646 557 4710 culum
578 4644 941 4712 facimusque,
972 4643 1172 4699 clarius
1196 4644 1421 4714 liqueat,
1448 4644 1583 4699 nihil
1614 4645 1769 4699 nobis
1800 4659 1943 4712 csse,

368 4751 480 4804 quo
499 4750 605 4787 non
640 4735 791 4802 prius
815 4748 979 4802 quam
1008 4733 1098 4787 illo
1119 4735 1312 4788 cedere
1334 4733 1653 4788 debeamus.
1674 4735 1776 4791 Ubi
1794 4736 1942 4791 enim

374 4842 498 4895 qum
531 4827 584 4880 in
619 4825 974 4894 Hellesponto
1001 4842 1064 4880 ac
1094 4825 1428 4895 Propontide
1458 4827 1602 4881 facta
1636 4829 1941 4897 quassatio,

374 4919 630 4971 universa
682 4918 905 4979 evertit,
953 4917 1056 4985 hoc
1111 4932 1332 4987 quoque
1373 4917 1627 4976 Barbaris
1680 4918 1940 4988 oppidum

375 5008 714 5076 tradidisset,
741 5024 866 5063 cum
892 5009 1273 5067 Chersonesus
1301 5019 1409 5065 tota
1442 5010 1550 5064 illis
1593 5010 1810 5076 addicta
1836 5019 1942 5075 est,

375 5112 488 5158 tum
538 5101 703 5157 urbes
750 5099 1017 5167 Thraciae,
1057 5101 1253 5155 ditioni
1302 5101 1673 5165 adiecerunt;
1710 5116 1773 5155 ac
1813 5116 1944 5156 nec-

374 5194 503 5251 dum
537 5203 729 5247 cxacto
775 5206 940 5257 anno,
972 5209 999 5245 a
1036 5192 1193 5248 nobis
1230 5192 1435 5246 tributa
1481 5201 1802 5262 exegerunt,
1835 5201 1945 5247 ter-

376 5299 603 5353 ramque
663 5299 695 5339 e
747 5283 1008 5338 moenium
1056 5283 1275 5353 regione
1341 5284 1575 5353 positam
1625 5291 1943 5346 aravcrunt.

372 5373 516 5440 Quin
578 5384 634 5429 et
679 5383 737 5428 ut
786 5375 910 5442 quis
964 5374 1247 5442 praesentis
1295 5374 1506 5443 probri,
1543 5384 1709 5443 utque
1751 5362 1945 5427 civitas

375 5479 476 5531 pro
508 5465 586 5520 sic
638 5465 882 5536 ingloriis
906 5480 969 5519 ac
1000 5463 1302 5527 humilibus
1347 5463 1647 5527 deliberare
1694 5474 1943 5532 cogatur,

374 5554 683 5620 Callipolim
716 5571 935 5610 causam
968 5555 1198 5621 dixerit,
1232 5570 1295 5610 ac
1335 5553 1482 5622 quod
1510 5568 1573 5608 ea
1613 5553 1814 5615 amissa
1850 5552 1942 5616 sit,

377 5645 652 5699 neminem
687 5644 803 5697 fore
853 5646 1090 5699 arbitror
1122 5646 1213 5715 qui
1260 5646 1620 5700 contradicat.
1660 5642 1763 5709 Qui
1812 5658 1953 5714 ergo.

380 5746 492 5793 non
522 5731 855 5801 absurdum,
887 5734 942 5789 u't
977 5736 1041 5801 iis
1074 5752 1196 5808 qua:
1222 5736 1509 5808 praesentia
1556 5734 1692 5793 adeo
1723 5731 1947 5807 profue-

2052 4549 2146 4603 καὶ
2188 4545 2485 4615 πειρώμεθ’
2538 4544 2670 4599 αὐτὸ
2724 4543 3087 4606 ἀπολέσαντες
3128 4544 3319 4615 ῥᾴδιον
3372 4536 3583 4594 συνιδεῖν.

2050 4642 2127 4704 ὼς
2163 4641 2362 4702 παντὸς
2406 4637 2606 4709 μᾶλλον
2635 4637 2741 4691 τῶν
2788 4636 3152 4706 ὑπαρχόντων
3207 4636 3342 4705 ἡμῖν
3382 4634 3582 4686 ἀποστα·

2051 4736 2170 4789 τέον
2200 4733 2233 4802 ἢ
2273 4731 2486 4785 τούτου.
2529 4728 2635 4784 Τοῦ
2668 4728 2777 4798 γὰρ
2808 4729 2938 4797 περὶ
2955 4728 3045 4781 τὸν
3088 4727 3476 4798 Ἑλλήσποντον
3514 4714 3585 4772 καὶ

2051 4823 2148 4894 τὴν
2216 4819 2556 4891 Προποντίδα
2627 4819 2934 4887 συμϐάντος
2997 4817 3235 4888 σεισμοῦ
3318 4817 3377 4878 ὃς
3444 4812 3583 4864 πάντα

2052 4913 2335 4984 ἀνέτρεψε,
2408 4913 2503 4965 καὶ
2559 4910 2621 4963 τὸ
2668 4909 2870 4978 χωρίον
2933 4910 3094 4963 τοῦτο
3150 4914 3271 4973 τοῖς
3334 4904 3585 4977 βαρῦἁροις

2053 5004 2479 5075 προδεδωκότος,
2511 5001 2546 5072 ἦ
2574 5018 2635 5053 τε
2669 4998 3012 5071 Χερρόνησπ
3040 5001 3195 5052 πᾶσα
3244 4998 3451 5056 τούτοις
3474 4989 3587 5045 ἐδού-

2051 5097 2233 5160 λευσε,
2281 5094 2376 5147 καὶ
2402 5094 2499 5155 τὰς
2530 5094 2586 5144 ἐν
2612 5093 2802 5162 Θρᾴκῃ
2839 5092 3028 5155 πόλεις
3070 5090 3143 5143 δι’
3180 5088 3389 5143 ἑαυτῶν
3429 5080 3588 5146 ἐποιη-

2053 5205 2239 5252 σαντο,
2269 5187 2361 5239 καὶ
2393 5185 2521 5256 πρὶν
2549 5185 2668 5247 ἔτος
2700 5186 2940 5252 ἐξήκειν.
2968 5186 3172 5255 φόρους
3205 5201 3267 5236 τε
3294 5184 3432 5250 ἡμᾶς
3452 5172 3587 5244 ἐπρά-

2056 5281 2238 5347 ξαντο,
2273 5280 2370 5332 καὶ
2390 5279 2488 5345 τὴν
2518 5264 2623 5348 πρὸ
2653 5276 2763 5328 τῶν
2784 5276 2977 5345 τειχῶν
3011 5276 3210 5342 ἔτεμον
3240 5275 3368 5344 γῆν.
3398 5272 3500 5325 Κᾶν
3525 5278 3587 5324 τις

2054 5372 2153 5439 τῆς
2212 5368 2497 5437 παρούσης
2531 5366 2816 5437 αἰσχύνης,
2851 5367 2944 5429 καὶ
2986 5366 3078 5419 τοῦ
3134 5365 3270 5435 περὶ
3319 5364 3422 5414 τῶν
3448 5357 3587 5413 οὕτως

2055 5460 2258 5525 ἀδόξων
2298 5459 2392 5511 καὶ
2415 5457 2691 5511 ταπεινῶν
2724 5456 2823 5528 τὴν
2855 5456 3010 5509 πόλιν
3039 5453 3411 5525 βουλεύεσθαι,
3443 5447 3589 5503 uitiati

2053 5549 2153 5620 τὴν
2184 5545 2518 5601 Καλλίπολιν
2552 5549 2646 5599 καὶ⁵
2674 5545 2773 5617 τὴν
2801 5546 3014 5617 ἐκείνης
3043 5544 3327 5599 ἀπώλειαν
3356 5538 3482 5594 εἶναι
3509 5534 3586 5601 φῇ.

2055 5644 2244 5698 οὐδένα
2279 5641 2343 5695 ἂν
2376 5640 2489 5709 ἔχοι
2517 5640 2609 5692 τὸν
2638 5639 3007 5707 ἀντιλέγοντα.
3046 5637 3175 5701 Πῶς
3221 5635 3318 5690 οὖν
3361 5634 3455 5687 οὐκ
3490 5631 3591 5683 ἆτο-

2057 5751 2177 5801 πον,
2211 5732 2246 5787 5.
2278 5733 2517 5803 παρόντα
2551 5732 2647 5803 μὲν
2680 5732 2945 5803 τοσαύτην
2980 5732 3179 5802 ἤνεγκε
3211 5730 3311 5802 τὴν
3332 5724 3585 5801 ὠφέλειαν,

3032 5858 3055 5883 Ι
