  <div class='ocr_page' id='page_1' title='image "/cluster/home/n/w/nwhite01/storage/ocr_20150623/154/hvd.32044073505299/538.png"; bbox 0 0 3862 6220; ppageno 0'>
   <div class='ocr_carea' id='block_1_1' title="bbox 410 325 547 396">
    <p class='ocr_par' dir='ltr' id='par_1_1' title="bbox 410 325 547 396">
     <span class='ocr_line' id='line_1_1' title="bbox 410 325 547 396; baseline -0.058 0"><span class='ocrx_word' id='word_1_1' title='bbox 410 325 547 396; x_wconf 76' lang='grc'><strong>1013</strong></span> 
     </span>
    </p>
   </div>
   <div class='ocr_carea' id='block_1_2' title="bbox 1288 337 2801 401">
    <p class='ocr_par' dir='ltr' id='par_1_2' title="bbox 1288 337 2801 401">
     <span class='ocr_line' id='line_1_2' title="bbox 1288 337 2801 401; baseline -0.001 -4"><span class='ocrx_word' id='word_1_2' title='bbox 1288 339 1569 398; x_wconf 75' lang='lat' dir='ltr'><strong>ORATIO</strong></span> <span class='ocrx_word' id='word_1_3' title='bbox 1610 339 1706 398; x_wconf 83' lang='lat' dir='ltr'><strong>DE</strong></span> <span class='ocrx_word' id='word_1_4' title='bbox 1745 337 1893 398; x_wconf 78' lang='lat' dir='ltr'><strong>NON</strong></span> <span class='ocrx_word' id='word_1_5' title='bbox 1938 338 2344 400; x_wconf 46' lang='lat' dir='ltr'><strong>REDDEN&#39;DA</strong></span> <span class='ocrx_word' id='word_1_6' title='bbox 2384 337 2801 401; x_wconf 81' lang='lat' dir='ltr'><strong>CALLlPOLI.</strong></span> 
     </span>
    </p>
   </div>
   <div class='ocr_carea' id='block_1_3' title="bbox 3497 326 3638 394">
    <p class='ocr_par' dir='ltr' id='par_1_3' title="bbox 3497 326 3638 394">
     <span class='ocr_line' id='line_1_3' title="bbox 3497 326 3638 394; baseline -0.035 -1"><span class='ocrx_word' id='word_1_7' title='bbox 3497 326 3638 394; x_wconf 77' lang='grc' dir='ltr'><strong>ωιι</strong></span> 
     </span>
    </p>
   </div>
   <div class='ocr_carea' id='block_1_4' title="bbox 404 443 1975 523">
    <p class='ocr_par' dir='ltr' id='par_1_4' title="bbox 404 446 1959 521">
     <span class='ocr_line' id='line_1_4' title="bbox 404 446 1959 521; baseline 0.004 -21"><span class='ocrx_word' id='word_1_8' title='bbox 404 446 614 500; x_wconf 77' lang='grc' dir='ltr'><strong>ἀπόντα</strong></span> <span class='ocrx_word' id='word_1_9' title='bbox 638 447 692 502; x_wconf 74' lang='grc' dir='ltr'><strong>δὲ</strong></span> <span class='ocrx_word' id='word_1_10' title='bbox 716 448 1115 519; x_wconf 76' lang='grc' dir='ltr'><strong>τοῦςέσχάτους</strong></span> <span class='ocrx_word' id='word_1_11' title='bbox 1134 450 1411 515; x_wconf 77' lang='grc' dir='ltr'><strong>κινδύνους</strong></span> <span class='ocrx_word' id='word_1_12' title='bbox 1432 452 1725 521; x_wconf 79' lang='grc' dir='ltr'><strong>ἐπήνεγκε,</strong></span> <span class='ocrx_word' id='word_1_13' title='bbox 1753 452 1959 506; x_wconf 83' lang='grc' dir='ltr'><strong>τούτων</strong></span> 
     </span>
    </p>
   </div>
   <div class='ocr_carea' id='block_1_5' title="bbox 2065 443 3634 523">
    <p class='ocr_par' dir='ltr' id='par_1_5' title="bbox 2065 443 3634 523">
     <span class='ocr_line' id='line_1_5' title="bbox 2065 443 3634 523; baseline -0.006 -17"><span class='ocrx_word' id='word_1_14' title='bbox 2065 464 2213 518; x_wconf 89' lang='lat' dir='ltr'><strong>runt,</strong></span> <span class='ocrx_word' id='word_1_15' title='bbox 2240 468 2466 523; x_wconf 68' lang='lat' dir='ltr'><strong>quaeque</strong></span> <span class='ocrx_word' id='word_1_16' title='bbox 2498 467 2621 507; x_wconf 91' lang='lat' dir='ltr'><strong>cum</strong></span> <span class='ocrx_word' id='word_1_17' title='bbox 2651 451 2906 505; x_wconf 89' lang='lat' dir='ltr'><strong>abessent</strong></span> <span class='ocrx_word' id='word_1_18' title='bbox 2935 459 3189 517; x_wconf 82' lang='lat' dir='ltr'><strong>suprema</strong></span> <span class='ocrx_word' id='word_1_19' title='bbox 3218 443 3461 514; x_wconf 84' lang='lat' dir='ltr'><strong>pericula</strong></span> <span class='ocrx_word' id='word_1_20' title='bbox 3490 450 3634 499; x_wconf 76' lang='lat' dir='ltr'><strong>attu~</strong></span> 
     </span>
    </p>
   </div>
   <div class='ocr_carea' id='block_1_6' title="bbox 403 536 1961 613">
    <p class='ocr_par' dir='ltr' id='par_1_6' title="bbox 403 536 1961 613">
     <span class='ocr_line' id='line_1_6' title="bbox 403 536 1961 613; baseline 0.006 -26"><span class='ocrx_word' id='word_1_21' title='bbox 403 536 661 599; x_wconf 76' lang='grc' dir='ltr'><strong>ἐκστῆναι</strong></span> <span class='ocrx_word' id='word_1_22' title='bbox 691 542 1132 611; x_wconf 78' lang='grc' dir='ltr'><strong>τοῖςιπολεμίοις,</strong></span> <span class='ocrx_word' id='word_1_23' title='bbox 1172 543 1263 596; x_wconf 76' lang='grc' dir='ltr'><strong>καὶ</strong></span> <span class='ocrx_word' id='word_1_24' title='bbox 1290 538 1372 604; x_wconf 71' lang='grc' dir='ltr'><strong>οἷς</strong></span> <span class='ocrx_word' id='word_1_25' title='bbox 1398 542 1570 596; x_wconf 79' lang='grc' dir='ltr'><strong>ταῦτα</strong></span> <span class='ocrx_word' id='word_1_26' title='bbox 1595 544 1961 613; x_wconf 75' lang='grc' dir='ltr'><strong>προλαὸοῦσιν</strong></span> 
     </span>
    </p>
   </div>
   <div class='ocr_carea' id='block_1_7' title="bbox 402 622 1963 703">
    <p class='ocr_par' dir='ltr' id='par_1_7' title="bbox 402 622 1963 703">
     <span class='ocr_line' id='line_1_7' title="bbox 402 622 1963 703; baseline 0.01 -29"><span class='ocrx_word' id='word_1_27' title='bbox 402 622 555 676; x_wconf 79' lang='grc' dir='ltr'><strong>οὐδὲν</strong></span> <span class='ocrx_word' id='word_1_28' title='bbox 594 628 666 680; x_wconf 73' lang='grc' dir='ltr'><strong>ἔτι</strong></span> <span class='ocrx_word' id='word_1_29' title='bbox 700 630 843 684; x_wconf 79' lang='grc' dir='ltr'><strong>κατὰ</strong></span> <span class='ocrx_word' id='word_1_30' title='bbox 883 633 981 699; x_wconf 80' lang='grc' dir='ltr'><strong>τῆς</strong></span> <span class='ocrx_word' id='word_1_31' title='bbox 1022 631 1228 695; x_wconf 86' lang='grc' dir='ltr'><strong>πόλεως</strong></span> <span class='ocrx_word' id='word_1_32' title='bbox 1257 632 1561 703; x_wconf 84' lang='grc' dir='ltr'><strong>ἀτόλμητον</strong></span> <span class='ocrx_word' id='word_1_33' title='bbox 1614 634 1798 698; x_wconf 71' lang='grc' dir='ltr'><strong>ἔσταις</strong></span> <span class='ocrx_word' id='word_1_34' title='bbox 1855 636 1963 689; x_wconf 73' lang='grc' dir='ltr'><strong>Καὶ</strong></span> 
     </span>
    </p>
   </div>
   <div class='ocr_carea' id='block_1_8' title="bbox 403 713 1963 797">
    <p class='ocr_par' dir='ltr' id='par_1_8' title="bbox 403 713 1963 797">
     <span class='ocr_line' id='line_1_8' title="bbox 403 713 1963 797; baseline 0.005 -26"><span class='ocrx_word' id='word_1_35' title='bbox 403 713 580 767; x_wconf 78' lang='grc' dir='ltr'><strong>ταῦτα</strong></span> <span class='ocrx_word' id='word_1_36' title='bbox 631 716 690 778; x_wconf 71' lang='grc' dir='ltr'><strong>ἐξ</strong></span> <span class='ocrx_word' id='word_1_37' title='bbox 733 722 1128 793; x_wconf 81' lang='grc' dir='ltr'><strong>ἐπιτάγματος,</strong></span> <span class='ocrx_word' id='word_1_38' title='bbox 1157 724 1346 794; x_wconf 82' lang='grc' dir='ltr'><strong>ὥσπερ</strong></span> <span class='ocrx_word' id='word_1_39' title='bbox 1371 725 1489 778; x_wconf 76' lang='grc' dir='ltr'><strong>δέον</strong></span> <span class='ocrx_word' id='word_1_40' title='bbox 1520 727 1630 788; x_wconf 91' lang='grc' dir='ltr'><strong>τοῖς</strong></span> <span class='ocrx_word' id='word_1_41' title='bbox 1666 726 1963 797; x_wconf 79' lang='grc' dir='ltr'><strong>βαρϐάροις</strong></span> 
     </span>
    </p>
   </div>
   <div class='ocr_carea' id='block_1_9' title="bbox 404 803 1960 886">
    <p class='ocr_par' dir='ltr' id='par_1_9' title="bbox 404 803 1960 886">
     <span class='ocr_line' id='line_1_9' title="bbox 404 803 1960 886; baseline 0.012 -33"><span class='ocrx_word' id='word_1_42' title='bbox 404 803 563 857; x_wconf 81' lang='grc' dir='ltr'><strong>πάνθ’</strong></span> <span class='ocrx_word' id='word_1_43' title='bbox 619 806 934 870; x_wconf 71' lang='grc' dir='ltr'><strong>ὑπακούειν,</strong></span> <span class='ocrx_word' id='word_1_44' title='bbox 975 816 1005 883; x_wconf 75' lang='grc' dir='ltr'>ἢ</span> <span class='ocrx_word' id='word_1_45' title='bbox 1052 814 1162 867; x_wconf 85' lang='grc' dir='ltr'><strong>τῶν</strong></span> <span class='ocrx_word' id='word_1_46' title='bbox 1207 814 1492 886; x_wconf 74' lang='grc' dir='ltr'><strong>ἡμετέρων</strong></span> <span class='ocrx_word' id='word_1_47' title='bbox 1552 818 1960 886; x_wconf 81' lang='grc' dir='ltr'><strong>πλεονεκτημά-</strong></span> 
     </span>
    </p>
   </div>
   <div class='ocr_carea' id='block_1_10' title="bbox 404 892 1264 966">
    <p class='ocr_par' dir='ltr' id='par_1_10' title="bbox 404 892 1264 966">
     <span class='ocr_line' id='line_1_10' title="bbox 404 892 1264 966; baseline 0.017 -23"><span class='ocrx_word' id='word_1_48' title='bbox 404 909 513 946; x_wconf 87' lang='grc' dir='ltr'><strong>των</strong></span> <span class='ocrx_word' id='word_1_49' title='bbox 545 892 785 955; x_wconf 79' lang='grc' dir='ltr'><strong>ἐκείνους</strong></span> <span class='ocrx_word' id='word_1_50' title='bbox 817 897 1037 966; x_wconf 78' lang='grc' dir='ltr'><strong>κυρίους</strong></span> <span class='ocrx_word' id='word_1_51' title='bbox 1070 905 1264 958; x_wconf 82' lang='grc' dir='ltr'><strong>ποιεῖν.</strong></span> 
     </span>
    </p>
   </div>
   <div class='ocr_carea' id='block_1_11' title="bbox 478 982 1963 1067">
    <p class='ocr_par' dir='ltr' id='par_1_11' title="bbox 478 982 1963 1067">
     <span class='ocr_line' id='line_1_11' title="bbox 478 982 1963 1067; baseline 0.014 -35"><span class='ocrx_word' id='word_1_52' title='bbox 478 982 716 1035; x_wconf 84' lang='grc' dir='ltr'><strong>Κάκεῖνο</strong></span> <span class='ocrx_word' id='word_1_53' title='bbox 738 984 792 1036; x_wconf 82' lang='grc' dir='ltr'><strong>δὲ</strong></span> <span class='ocrx_word' id='word_1_54' title='bbox 819 986 924 1054; x_wconf 83' lang='grc' dir='ltr'><strong>χρὴ</strong></span> <span class='ocrx_word' id='word_1_55' title='bbox 954 992 1471 1060; x_wconf 64' lang='grc' dir='ltr'><strong>προσῖνθυμεῖσθαι,</strong></span> <span class='ocrx_word' id='word_1_56' title='bbox 1507 996 1595 1049; x_wconf 86' lang='grc' dir='ltr'><strong>ὅτε</strong></span> <span class='ocrx_word' id='word_1_57' title='bbox 1627 998 1841 1065; x_wconf 86' lang='grc' dir='ltr'><strong>πρῶτον</strong></span> <span class='ocrx_word' id='word_1_58' title='bbox 1867 999 1963 1067; x_wconf 73' lang='grc' dir='ltr'><strong>ἡγ-</strong></span> 
     </span>
    </p>
   </div>
   <div class='ocr_carea' id='block_1_12' title="bbox 408 1066 1965 1153">
    <p class='ocr_par' dir='ltr' id='par_1_12' title="bbox 408 1066 1965 1153">
     <span class='ocr_line' id='line_1_12' title="bbox 408 1066 1965 1153; baseline 0.013 -34"><span class='ocrx_word' id='word_1_59' title='bbox 408 1067 573 1136; x_wconf 83' lang='grc' dir='ltr'><strong>γέλθη</strong></span> <span class='ocrx_word' id='word_1_60' title='bbox 624 1069 725 1137; x_wconf 81' lang='grc' dir='ltr'><strong>τὴν</strong></span> <span class='ocrx_word' id='word_1_61' title='bbox 755 1070 1086 1125; x_wconf 79' lang='grc' dir='ltr'><strong>Καλλίπολιν</strong></span> <span class='ocrx_word' id='word_1_62' title='bbox 1123 1074 1432 1128; x_wconf 77' lang='grc' dir='ltr'><strong>σεισθεῖσαν</strong></span> <span class='ocrx_word' id='word_1_63' title='bbox 1462 1080 1568 1133; x_wconf 78' lang='grc' dir='ltr'><strong>ὑπὸ</strong></span> <span class='ocrx_word' id='word_1_64' title='bbox 1612 1082 1723 1136; x_wconf 84' lang='grc' dir='ltr'><strong>τῶν</strong></span> <span class='ocrx_word' id='word_1_65' title='bbox 1760 1066 1965 1153; x_wconf 71' lang='grc' dir='ltr'><strong>βαρϐά-</strong></span> 
     </span>
    </p>
   </div>
   <div class='ocr_carea' id='block_1_13' title="bbox 409 1157 1965 1242">
    <p class='ocr_par' dir='ltr' id='par_1_13' title="bbox 409 1157 1965 1242">
     <span class='ocr_line' id='line_1_13' title="bbox 409 1157 1965 1242; baseline 0.013 -35"><span class='ocrx_word' id='word_1_66' title='bbox 409 1173 520 1225; x_wconf 87' lang='grc' dir='ltr'><strong>ρων</strong></span> <span class='ocrx_word' id='word_1_67' title='bbox 548 1157 837 1226; x_wconf 77' lang='grc' dir='ltr'><strong>ληφθῆναι,</strong></span> <span class='ocrx_word' id='word_1_68' title='bbox 870 1159 1019 1221; x_wconf 85' lang='grc' dir='ltr'><strong>τίνας</strong></span> <span class='ocrx_word' id='word_1_69' title='bbox 1050 1163 1232 1229; x_wconf 75' lang='grc' dir='ltr'><strong>φωνὰς</strong></span> <span class='ocrx_word' id='word_1_70' title='bbox 1263 1166 1517 1234; x_wconf 62' lang='grc' dir='ltr'><strong>ήφῖεμεν.</strong></span> <span class='ocrx_word' id='word_1_71' title='bbox 1550 1171 1644 1225; x_wconf 77' lang='grc' dir='ltr'><strong>καὶ</strong></span> <span class='ocrx_word' id='word_1_72' title='bbox 1665 1172 1749 1235; x_wconf 86' lang='grc' dir='ltr'><strong>τίς</strong></span> <span class='ocrx_word' id='word_1_73' title='bbox 1781 1170 1846 1242; x_wconf 83' lang='grc' dir='ltr'><strong>ἦν</strong></span> <span class='ocrx_word' id='word_1_74' title='bbox 1876 1176 1965 1227; x_wconf 78' lang='grc' dir='ltr'><strong>διὰ</strong></span> 
     </span>
    </p>
   </div>
   <div class='ocr_carea' id='block_1_14' title="bbox 414 1248 1966 1333">
    <p class='ocr_par' dir='ltr' id='par_1_14' title="bbox 414 1248 1966 1333">
     <span class='ocr_line' id='line_1_14' title="bbox 414 1248 1966 1333; baseline 0.014 -36"><span class='ocrx_word' id='word_1_75' title='bbox 414 1248 595 1317; x_wconf 79' lang='grc' dir='ltr'><strong>πάσης</strong></span> <span class='ocrx_word' id='word_1_76' title='bbox 625 1250 722 1318; x_wconf 83' lang='grc' dir='ltr'><strong>τῆς</strong></span> <span class='ocrx_word' id='word_1_77' title='bbox 750 1251 956 1313; x_wconf 88' lang='grc' dir='ltr'><strong>πόλεως</strong></span> <span class='ocrx_word' id='word_1_78' title='bbox 1002 1252 1230 1322; x_wconf 73' lang='grc' dir='ltr'><strong>θρῆνοςς</strong></span> <span class='ocrx_word' id='word_1_79' title='bbox 1271 1257 1364 1309; x_wconf 75' lang='grc' dir='ltr'><strong>καὶ</strong></span> <span class='ocrx_word' id='word_1_80' title='bbox 1392 1260 1475 1321; x_wconf 86' lang='grc' dir='ltr'><strong>τίς</strong></span> <span class='ocrx_word' id='word_1_81' title='bbox 1505 1254 1573 1328; x_wconf 80' lang='grc' dir='ltr'><strong>ἦν</strong></span> <span class='ocrx_word' id='word_1_82' title='bbox 1597 1263 1628 1325; x_wconf 88' lang='grc' dir='ltr'><strong>ή</strong></span> <span class='ocrx_word' id='word_1_83' title='bbox 1661 1263 1780 1314; x_wconf 84' lang='grc' dir='ltr'><strong>τότε</strong></span> <span class='ocrx_word' id='word_1_84' title='bbox 1815 1266 1966 1333; x_wconf 85' lang='grc' dir='ltr'><strong>παρὰ</strong></span> 
     </span>
    </p>
   </div>
   <div class='ocr_carea' id='block_1_15' title="bbox 407 1340 1964 1425">
    <p class='ocr_par' dir='ltr' id='par_1_15' title="bbox 407 1340 1964 1425">
     <span class='ocr_line' id='line_1_15' title="bbox 407 1340 1964 1425; baseline 0.012 -36"><span class='ocrx_word' id='word_1_85' title='bbox 407 1342 471 1406; x_wconf 76' lang='grc' dir='ltr'><strong>τῇ</strong></span> <span class='ocrx_word' id='word_1_86' title='bbox 508 1341 656 1393; x_wconf 90' lang='grc' dir='ltr'><strong>πόλει</strong></span> <span class='ocrx_word' id='word_1_87' title='bbox 681 1340 957 1407; x_wconf 78' lang='grc' dir='ltr'><strong>κρατοῦσα</strong></span> <span class='ocrx_word' id='word_1_88' title='bbox 990 1345 1141 1413; x_wconf 82' lang='grc' dir='ltr'><strong>φήμη</strong></span> <span class='ocrx_word' id='word_1_89' title='bbox 1162 1347 1296 1415; x_wconf 63' lang='lat' dir='ltr'><strong>wax</strong></span> <span class='ocrx_word' id='word_1_90' title='bbox 1324 1348 1395 1408; x_wconf 84' lang='grc' dir='ltr'>ὡς</span> <span class='ocrx_word' id='word_1_91' title='bbox 1429 1350 1821 1421; x_wconf 82' lang='grc' dir='ltr'><strong>ἀπολώλαμεν;</strong></span> <span class='ocrx_word' id='word_1_92' title='bbox 1854 1357 1964 1425; x_wconf 74' lang='grc' dir='ltr'><strong>Οὐχ</strong></span> 
     </span>
    </p>
   </div>
   <div class='ocr_carea' id='block_1_16' title="bbox 406 1426 1966 1506">
    <p class='ocr_par' dir='ltr' id='par_1_16' title="bbox 406 1426 1966 1506">
     <span class='ocr_line' id='line_1_16' title="bbox 406 1426 1966 1506; baseline 0.013 -30"><span class='ocrx_word' id='word_1_93' title='bbox 406 1426 482 1488; x_wconf 85' lang='grc' dir='ltr'>ὡς</span> <span class='ocrx_word' id='word_1_94' title='bbox 535 1427 592 1478; x_wconf 86' lang='grc' dir='ltr'><strong>ἐν</strong></span> <span class='ocrx_word' id='word_1_95' title='bbox 650 1429 862 1498; x_wconf 78' lang='grc' dir='ltr'><strong>σαγήνῃ</strong></span> <span class='ocrx_word' id='word_1_96' title='bbox 913 1432 1112 1493; x_wconf 72' lang='grc' dir='ltr'><strong>πάντες</strong></span> <span class='ocrx_word' id='word_1_97' title='bbox 1158 1434 1259 1503; x_wconf 82' lang='grc' dir='ltr'><strong>ήδη</strong></span> <span class='ocrx_word' id='word_1_98' title='bbox 1291 1438 1403 1497; x_wconf 89' lang='grc' dir='ltr'><strong>τοῖς</strong></span> <span class='ocrx_word' id='word_1_99' title='bbox 1450 1438 1685 1506; x_wconf 74' lang='grc' dir='ltr'><strong>τείχεσιν</strong></span> <span class='ocrx_word' id='word_1_100' title='bbox 1729 1440 1833 1493; x_wconf 78' lang='grc' dir='ltr'><strong>ὑπὸ</strong></span> <span class='ocrx_word' id='word_1_101' title='bbox 1859 1444 1966 1497; x_wconf 85' lang='grc' dir='ltr'><strong>τῶν</strong></span> 
     </span>
    </p>
   </div>
   <div class='ocr_carea' id='block_1_17' title="bbox 409 1516 1966 1596">
    <p class='ocr_par' dir='ltr' id='par_1_17' title="bbox 409 1516 1966 1596">
     <span class='ocr_line' id='line_1_17' title="bbox 409 1516 1966 1596; baseline 0.013 -30"><span class='ocrx_word' id='word_1_102' title='bbox 409 1516 694 1585; x_wconf 71' lang='grc' dir='ltr'><strong>βαρϐάρων</strong></span> <span class='ocrx_word' id='word_1_103' title='bbox 725 1518 1000 1587; x_wconf 86' lang='grc' dir='ltr'><strong>ἐχόμεθα;</strong></span> <span class='ocrx_word' id='word_1_104' title='bbox 1033 1522 1142 1591; x_wconf 82' lang='grc' dir='ltr'><strong>Οὐχ</strong></span> <span class='ocrx_word' id='word_1_105' title='bbox 1182 1524 1257 1586; x_wconf 84' lang='grc' dir='ltr'>ὡς</span> <span class='ocrx_word' id='word_1_106' title='bbox 1288 1525 1382 1579; x_wconf 65' lang='grc' dir='ltr'><strong>κοιλ⁸</strong></span> <span class='ocrx_word' id='word_1_107' title='bbox 1408 1526 1670 1596; x_wconf 76' lang='grc' dir='ltr'><strong>τοῦδαφος</strong></span> <span class='ocrx_word' id='word_1_108' title='bbox 1698 1532 1831 1585; x_wconf 75' lang='grc' dir='ltr'><strong>αὐτὸ</strong></span> <span class='ocrx_word' id='word_1_109' title='bbox 1860 1532 1966 1586; x_wconf 82' lang='grc' dir='ltr'><strong>λοι-</strong></span> 
     </span>
    </p>
   </div>
   <div class='ocr_carea' id='block_1_18' title="bbox 407 1606 1967 1684">
    <p class='ocr_par' dir='ltr' id='par_1_18' title="bbox 407 1606 1967 1684">
     <span class='ocr_line' id='line_1_18' title="bbox 407 1606 1967 1684; baseline 0.013 -28"><span class='ocrx_word' id='word_1_110' title='bbox 407 1606 505 1657; x_wconf 81' lang='grc' dir='ltr'><strong>πὸν</strong></span> <span class='ocrx_word' id='word_1_111' title='bbox 535 1607 632 1674; x_wconf 81' lang='grc' dir='ltr'><strong>τῆς</strong></span> <span class='ocrx_word' id='word_1_112' title='bbox 666 1608 872 1672; x_wconf 82' lang='grc' dir='ltr'><strong>πόλεως</strong></span> <span class='ocrx_word' id='word_1_113' title='bbox 904 1612 1190 1667; x_wconf 74' lang='grc' dir='ltr'><strong>ὑπόκειται</strong></span> <span class='ocrx_word' id='word_1_114' title='bbox 1230 1619 1339 1679; x_wconf 85' lang='grc' dir='ltr'><strong>τοῖς</strong></span> <span class='ocrx_word' id='word_1_115' title='bbox 1374 1619 1670 1684; x_wconf 79' lang='grc' dir='ltr'><strong>κινδύνοιςς</strong></span> <span class='ocrx_word' id='word_1_116' title='bbox 1716 1624 1829 1676; x_wconf 86' lang='grc' dir='ltr'><strong>Ούκ</strong></span> <span class='ocrx_word' id='word_1_117' title='bbox 1874 1625 1967 1676; x_wconf 83' lang='grc' dir='ltr'>εύ-</span> 
     </span>
    </p>
   </div>
   <div class='ocr_carea' id='block_1_19' title="bbox 401 1694 1966 1775">
    <p class='ocr_par' dir='ltr' id='par_1_19' title="bbox 401 1694 1966 1775">
     <span class='ocr_line' id='line_1_19' title="bbox 401 1694 1966 1775; baseline 0.012 -31"><span class='ocrx_word' id='word_1_118' title='bbox 401 1694 608 1763; x_wconf 80' lang='grc' dir='ltr'><strong>δαίμων</strong></span> <span class='ocrx_word' id='word_1_119' title='bbox 628 1698 656 1748; x_wconf 88' lang='grc' dir='ltr'><strong>ό</strong></span> <span class='ocrx_word' id='word_1_120' title='bbox 682 1697 786 1764; x_wconf 83' lang='grc' dir='ltr'><strong>πρὸ</strong></span> <span class='ocrx_word' id='word_1_121' title='bbox 814 1697 924 1749; x_wconf 83' lang='grc' dir='ltr'><strong>τῶν</strong></span> <span class='ocrx_word' id='word_1_122' title='bbox 948 1700 1209 1753; x_wconf 78' lang='grc' dir='ltr'>κινδύνων</span> <span class='ocrx_word' id='word_1_123' title='bbox 1235 1703 1332 1771; x_wconf 81' lang='grc' dir='ltr'><strong>τὴν</strong></span> <span class='ocrx_word' id='word_1_124' title='bbox 1360 1705 1516 1758; x_wconf 84' lang='grc' dir='ltr'><strong>πόλιν</strong></span> <span class='ocrx_word' id='word_1_125' title='bbox 1536 1706 1966 1775; x_wconf 80' lang='grc' dir='ltr'><strong>καταλιμπάνων</strong></span> 
     </span>
    </p>
   </div>
   <div class='ocr_carea' id='block_1_20' title="bbox 401 1782 2037 1869">
    <p class='ocr_par' dir='ltr' id='par_1_20' title="bbox 401 1782 2037 1869">
     <span class='ocr_line' id='line_1_20' title="bbox 401 1782 2037 1869; baseline 0.012 -33"><span class='ocrx_word' id='word_1_126' title='bbox 401 1786 521 1837; x_wconf 87' lang='grc' dir='ltr'><strong>τότε</strong></span> <span class='ocrx_word' id='word_1_127' title='bbox 568 1788 776 1851; x_wconf 74' lang='grc' dir='ltr'><strong>ἐδόκεις</strong></span> <span class='ocrx_word' id='word_1_128' title='bbox 817 1789 1043 1853; x_wconf 79' lang='grc' dir='ltr'><strong>Πάντως</strong></span> <span class='ocrx_word' id='word_1_129' title='bbox 1079 1793 1376 1861; x_wconf 82' lang='grc' dir='ltr'><strong>μέμνησθε,</strong></span> <span class='ocrx_word' id='word_1_130' title='bbox 1429 1796 1505 1859; x_wconf 85' lang='grc' dir='ltr'><strong>ὡς</strong></span> <span class='ocrx_word' id='word_1_131' title='bbox 1548 1797 1648 1866; x_wconf 75' lang='grc' dir='ltr'><strong>τῆς</strong></span> <span class='ocrx_word' id='word_1_132' title='bbox 1698 1799 1964 1869; x_wconf 78' lang='grc' dir='ltr'><strong>πολεμίας</strong></span> <span class='ocrx_word' id='word_1_133' title='bbox 1998 1782 2037 1836; x_wconf 74' lang='grc' dir='ltr'><strong>Β</strong></span> 
     </span>
    </p>
   </div>
   <div class='ocr_carea' id='block_1_21' title="bbox 403 1876 1965 1956">
    <p class='ocr_par' dir='ltr' id='par_1_21' title="bbox 403 1876 1965 1956">
     <span class='ocr_line' id='line_1_21' title="bbox 403 1876 1965 1956; baseline 0.011 -28"><span class='ocrx_word' id='word_1_134' title='bbox 403 1876 603 1943; x_wconf 82' lang='grc' dir='ltr'><strong>μᾶλλον</strong></span> <span class='ocrx_word' id='word_1_135' title='bbox 647 1878 1045 1950; x_wconf 79' lang='grc' dir='ltr'><strong>ύπωπτεύομεν</strong></span> <span class='ocrx_word' id='word_1_136' title='bbox 1080 1881 1178 1951; x_wconf 75' lang='grc' dir='ltr'><strong>τήν</strong></span> <span class='ocrx_word' id='word_1_137' title='bbox 1221 1884 1473 1953; x_wconf 86' lang='grc' dir='ltr'><strong>πατρίδα,</strong></span> <span class='ocrx_word' id='word_1_138' title='bbox 1511 1887 1604 1939; x_wconf 70' lang='grc' dir='ltr'><strong>καὶ</strong></span> <span class='ocrx_word' id='word_1_139' title='bbox 1644 1888 1777 1956; x_wconf 79' lang='grc' dir='ltr'><strong>πρὸς</strong></span> <span class='ocrx_word' id='word_1_140' title='bbox 1822 1889 1965 1944; x_wconf 80' lang='grc' dir='ltr'><strong>Ἰτα-</strong></span> 
     </span>
    </p>
   </div>
   <div class='ocr_carea' id='block_1_22' title="bbox 397 1965 1961 2047">
    <p class='ocr_par' dir='ltr' id='par_1_22' title="bbox 397 1965 1961 2047">
     <span class='ocr_line' id='line_1_22' title="bbox 397 1965 1961 2047; baseline 0.011 -30"><span class='ocrx_word' id='word_1_141' title='bbox 397 1965 539 2031; x_wconf 78' lang='grc' dir='ltr'><strong>λίαν,</strong></span> <span class='ocrx_word' id='word_1_142' title='bbox 597 1970 691 2022; x_wconf 74' lang='grc' dir='ltr'><strong>καὶ</strong></span> <span class='ocrx_word' id='word_1_143' title='bbox 751 1969 1002 2041; x_wconf 84' lang='grc' dir='ltr'><strong>Γάδειρα,</strong></span> <span class='ocrx_word' id='word_1_144' title='bbox 1045 1973 1141 2026; x_wconf 72' lang='grc' dir='ltr'><strong>καὶ</strong></span> <span class='ocrx_word' id='word_1_145' title='bbox 1176 1973 1274 2043; x_wconf 84' lang='grc' dir='ltr'><strong>τὴν</strong></span> <span class='ocrx_word' id='word_1_146' title='bbox 1327 1976 1433 2041; x_wconf 74' lang='grc' dir='ltr'><strong>ἔξω</strong></span> <span class='ocrx_word' id='word_1_147' title='bbox 1486 1978 1706 2047; x_wconf 81' lang='grc' dir='ltr'><strong>Στηλῶν</strong></span> <span class='ocrx_word' id='word_1_148' title='bbox 1764 1981 1961 2045; x_wconf 78' lang='grc' dir='ltr'><strong>πάντες</strong></span> 
     </span>
    </p>
   </div>
   <div class='ocr_carea' id='block_1_23' title="bbox 396 2058 1964 2136">
    <p class='ocr_par' dir='ltr' id='par_1_23' title="bbox 396 2058 1964 2136">
     <span class='ocr_line' id='line_1_23' title="bbox 396 2058 1964 2136; baseline 0.01 -27"><span class='ocrx_word' id='word_1_149' title='bbox 396 2058 686 2125; x_wconf 77' lang='grc' dir='ltr'><strong>ἠπείγοντο</strong></span> <span class='ocrx_word' id='word_1_150' title='bbox 733 2060 1024 2126; x_wconf 72' lang='grc' dir='ltr'><strong>θάλασσαν,</strong></span> <span class='ocrx_word' id='word_1_151' title='bbox 1073 2062 1150 2126; x_wconf 85' lang='grc' dir='ltr'>ὡς</span> <span class='ocrx_word' id='word_1_152' title='bbox 1186 2064 1328 2118; x_wconf 78' lang='grc' dir='ltr'><strong>οὕτω</strong></span> <span class='ocrx_word' id='word_1_153' title='bbox 1374 2068 1553 2134; x_wconf 80' lang='grc' dir='ltr'><strong>μόνως</strong></span> <span class='ocrx_word' id='word_1_154' title='bbox 1584 2069 1681 2136; x_wconf 75' lang='grc' dir='ltr'><strong>τῆς</strong></span> <span class='ocrx_word' id='word_1_155' title='bbox 1720 2069 1964 2136; x_wconf 80' lang='grc' dir='ltr'><strong>δουλείας</strong></span> 
     </span>
    </p>
   </div>
   <div class='ocr_carea' id='block_1_24' title="bbox 397 2148 1961 2229">
    <p class='ocr_par' dir='ltr' id='par_1_24' title="bbox 397 2148 1961 2229">
     <span class='ocr_line' id='line_1_24' title="bbox 397 2148 1961 2229; baseline 0.01 -30"><span class='ocrx_word' id='word_1_156' title='bbox 397 2148 856 2219; x_wconf 80' lang='grc' dir='ltr'><strong>ἀπαλλαξόμενοι.</strong></span> <span class='ocrx_word' id='word_1_157' title='bbox 888 2151 988 2206; x_wconf 82' lang='grc' dir='ltr'>Ἦν</span> <span class='ocrx_word' id='word_1_158' title='bbox 1018 2155 1197 2208; x_wconf 78' lang='grc' dir='ltr'><strong>τοίνυν</strong></span> <span class='ocrx_word' id='word_1_159' title='bbox 1232 2157 1344 2209; x_wconf 79' lang='grc' dir='ltr'><strong>τότ’</strong></span> <span class='ocrx_word' id='word_1_160' title='bbox 1374 2159 1709 2229; x_wconf 82' lang='grc' dir='ltr'><strong>ἐθρηνοῦμεν</strong></span> <span class='ocrx_word' id='word_1_161' title='bbox 1746 2163 1961 2216; x_wconf 84' lang='grc' dir='ltr'><strong>ἀπολω-</strong></span> 
     </span>
    </p>
   </div>
   <div class='ocr_carea' id='block_1_25' title="bbox 398 2239 1962 2321">
    <p class='ocr_par' dir='ltr' id='par_1_25' title="bbox 398 2239 1962 2321">
     <span class='ocr_line' id='line_1_25' title="bbox 398 2239 1962 2321; baseline 0.01 -30"><span class='ocrx_word' id='word_1_162' title='bbox 398 2240 572 2304; x_wconf 82' lang='grc' dir='ltr'><strong>λυῖαν,</strong></span> <span class='ocrx_word' id='word_1_163' title='bbox 616 2244 710 2296; x_wconf 75' lang='grc' dir='ltr'><strong>καὶ</strong></span> <span class='ocrx_word' id='word_1_164' title='bbox 736 2239 804 2315; x_wconf 78' lang='grc' dir='ltr'><strong>ἧς</strong></span> <span class='ocrx_word' id='word_1_165' title='bbox 832 2244 1210 2317; x_wconf 73' lang='grc' dir='ltr'><strong>δουλευούσης,</strong></span> <span class='ocrx_word' id='word_1_166' title='bbox 1259 2249 1412 2302; x_wconf 79' lang='grc' dir='ltr'><strong>οὐδὲν</strong></span> <span class='ocrx_word' id='word_1_167' title='bbox 1457 2252 1590 2319; x_wconf 85' lang='grc' dir='ltr'><strong>ήμῖν</strong></span> <span class='ocrx_word' id='word_1_168' title='bbox 1624 2247 1691 2321; x_wconf 79' lang='grc' dir='ltr'><strong>ἦν</strong></span> <span class='ocrx_word' id='word_1_169' title='bbox 1740 2253 1962 2307; x_wconf 79' lang='grc' dir='ltr'><strong>ἀνέλπι-</strong></span> 
     </span>
    </p>
   </div>
   <div class='ocr_carea' id='block_1_26' title="bbox 400 2333 1959 2413">
    <p class='ocr_par' dir='ltr' id='par_1_26' title="bbox 400 2333 1959 2413">
     <span class='ocr_line' id='line_1_26' title="bbox 400 2333 1959 2413; baseline 0.009 -30"><span class='ocrx_word' id='word_1_170' title='bbox 400 2347 526 2384; x_wconf 80' lang='grc' dir='ltr'><strong>στον</strong></span> <span class='ocrx_word' id='word_1_171' title='bbox 552 2333 661 2387; x_wconf 86' lang='grc' dir='ltr'><strong>τῶν</strong></span> <span class='ocrx_word' id='word_1_172' title='bbox 689 2336 898 2399; x_wconf 85' lang='grc' dir='ltr'><strong>κακῶν,</strong></span> <span class='ocrx_word' id='word_1_173' title='bbox 926 2338 1131 2408; x_wconf 89' lang='grc' dir='ltr'><strong>ταύτην</strong></span> <span class='ocrx_word' id='word_1_174' title='bbox 1155 2339 1328 2401; x_wconf 80' lang='grc' dir='ltr'><strong>οὕτως</strong></span> <span class='ocrx_word' id='word_1_175' title='bbox 1362 2341 1550 2400; x_wconf 81' lang='grc' dir='ltr'><strong>ἁπλῶς</strong></span> <span class='ocrx_word' id='word_1_176' title='bbox 1580 2343 1959 2413; x_wconf 80' lang='grc' dir='ltr'><strong>προησόμεθα,</strong></span> 
     </span>
    </p>
   </div>
   <div class='ocr_carea' id='block_1_27' title="bbox 396 2425 1961 2504">
    <p class='ocr_par' dir='ltr' id='par_1_27' title="bbox 396 2425 1961 2504">
     <span class='ocr_line' id='line_1_27' title="bbox 396 2425 1961 2504; baseline 0.01 -29"><span class='ocrx_word' id='word_1_177' title='bbox 396 2425 703 2497; x_wconf 76' lang='grc' dir='ltr'>ἐπειδήπερ</span> <span class='ocrx_word' id='word_1_178' title='bbox 731 2429 764 2496; x_wconf 85' lang='grc' dir='ltr'><strong>ή</strong></span> <span class='ocrx_word' id='word_1_179' title='bbox 791 2428 1014 2499; x_wconf 78' lang='grc' dir='ltr'><strong>πρόνοια</strong></span> <span class='ocrx_word' id='word_1_180' title='bbox 1045 2431 1208 2483; x_wconf 75' lang='grc' dir='ltr'><strong>πάλιν</strong></span> <span class='ocrx_word' id='word_1_181' title='bbox 1232 2428 1289 2485; x_wconf 84' lang='grc' dir='ltr'><strong>εὖ</strong></span> <span class='ocrx_word' id='word_1_182' title='bbox 1326 2432 1553 2486; x_wconf 78' lang='grc' dir='ltr'><strong>ποιοῦσα</strong></span> <span class='ocrx_word' id='word_1_183' title='bbox 1581 2434 1648 2486; x_wconf 65' lang='grc' dir='ltr'><strong>τὰ</strong></span> <span class='ocrx_word' id='word_1_184' title='bbox 1678 2436 1961 2504; x_wconf 76' lang='grc' dir='ltr'><strong>πράγμαθ’</strong></span> 
     </span>
    </p>
   </div>
   <div class='ocr_carea' id='block_1_28' title="bbox 393 2511 1963 2591">
    <p class='ocr_par' dir='ltr' id='par_1_28' title="bbox 393 2511 1963 2591">
     <span class='ocr_line' id='line_1_28' title="bbox 393 2511 1963 2591; baseline 0.01 -31"><span class='ocrx_word' id='word_1_185' title='bbox 393 2511 526 2579; x_wconf 89' lang='grc' dir='ltr'><strong>ήμῖν</strong></span> <span class='ocrx_word' id='word_1_186' title='bbox 555 2514 906 2582; x_wconf 79' lang='grc' dir='ltr'><strong>ἐπανήγαγεν</strong></span> <span class='ocrx_word' id='word_1_187' title='bbox 926 2532 939 2546; x_wconf 90' lang='grc'><strong>·</strong></span> <span class='ocrx_word' id='word_1_188' title='bbox 971 2516 1160 2584; x_wconf 83' lang='grc' dir='ltr'><strong>ὥσπερ</strong></span> <span class='ocrx_word' id='word_1_189' title='bbox 1190 2517 1220 2586; x_wconf 85' lang='grc' dir='ltr'>ἢ</span> <span class='ocrx_word' id='word_1_190' title='bbox 1251 2518 1351 2587; x_wconf 85' lang='grc' dir='ltr'><strong>τῆς</strong></span> <span class='ocrx_word' id='word_1_191' title='bbox 1404 2518 1608 2588; x_wconf 74' lang='grc' dir='ltr'><strong>ζημίας</strong></span> <span class='ocrx_word' id='word_1_192' title='bbox 1638 2521 1963 2591; x_wconf 79' lang='grc' dir='ltr'><strong>ἐπιλαθόμε-</strong></span> 
     </span>
    </p>
   </div>
   <div class='ocr_carea' id='block_1_29' title="bbox 395 2601 1958 2681">
    <p class='ocr_par' dir='ltr' id='par_1_29' title="bbox 395 2601 1958 2681">
     <span class='ocr_line' id='line_1_29' title="bbox 395 2601 1958 2681; baseline 0.009 -32"><span class='ocrx_word' id='word_1_193' title='bbox 395 2617 495 2662; x_wconf 87' lang='grc' dir='ltr'><strong>νοι,</strong></span> <span class='ocrx_word' id='word_1_194' title='bbox 528 2601 562 2670; x_wconf 76' lang='grc' dir='ltr'>ἢ</span> <span class='ocrx_word' id='word_1_195' title='bbox 608 2602 1001 2674; x_wconf 81' lang='grc' dir='ltr'><strong>δυστυχοῦντες</strong></span> <span class='ocrx_word' id='word_1_196' title='bbox 1053 2606 1151 2675; x_wconf 79' lang='grc' dir='ltr'><strong>μὲν</strong></span> <span class='ocrx_word' id='word_1_197' title='bbox 1186 2607 1387 2668; x_wconf 71' lang='grc' dir='ltr'><strong>ειδότες</strong></span> <span class='ocrx_word' id='word_1_198' title='bbox 1418 2605 1751 2673; x_wconf 81' lang='grc' dir='ltr'><strong>λογίζεσθαι,</strong></span> <span class='ocrx_word' id='word_1_199' title='bbox 1780 2612 1848 2681; x_wconf 81' lang='grc' dir='ltr'><strong>τῇ</strong></span> <span class='ocrx_word' id='word_1_200' title='bbox 1899 2610 1958 2663; x_wconf 83' lang='grc' dir='ltr'><strong>δὲ</strong></span> 
     </span>
    </p>
   </div>
   <div class='ocr_carea' id='block_1_30' title="bbox 396 2691 1961 2767">
    <p class='ocr_par' dir='ltr' id='par_1_30' title="bbox 396 2691 1961 2767">
     <span class='ocr_line' id='line_1_30' title="bbox 396 2691 1961 2767; baseline 0.008 -25"><span class='ocrx_word' id='word_1_201' title='bbox 396 2691 629 2759; x_wconf 80' lang='grc' dir='ltr'>βελτίονι</span> <span class='ocrx_word' id='word_1_202' title='bbox 676 2693 816 2767; x_wconf 81' lang='grc' dir='ltr'>τύχῃ</span> <span class='ocrx_word' id='word_1_203' title='bbox 868 2696 942 2766; x_wconf 80' lang='grc' dir='ltr'><strong>μὴ</strong></span> <span class='ocrx_word' id='word_1_204' title='bbox 976 2695 1266 2767; x_wconf 80' lang='grc' dir='ltr'><strong>δυνάμενοι</strong></span> <span class='ocrx_word' id='word_1_205' title='bbox 1312 2697 1571 2767; x_wconf 82' lang='grc' dir='ltr'><strong>χρῆσθαι.</strong></span> <span class='ocrx_word' id='word_1_206' title='bbox 1608 2700 1805 2754; x_wconf 85' lang='grc' dir='ltr'><strong>Καίτοι</strong></span> <span class='ocrx_word' id='word_1_207' title='bbox 1841 2704 1961 2767; x_wconf 83' lang='grc' dir='ltr'><strong>πῶς</strong></span> 
     </span>
    </p>
   </div>
   <div class='ocr_carea' id='block_1_31' title="bbox 392 2782 1957 2859">
    <p class='ocr_par' dir='ltr' id='par_1_31' title="bbox 392 2782 1957 2859">
     <span class='ocr_line' id='line_1_31' title="bbox 392 2782 1957 2859; baseline 0.009 -27"><span class='ocrx_word' id='word_1_208' title='bbox 392 2782 491 2835; x_wconf 78' lang='grc' dir='ltr'><strong>οὐκ</strong></span> <span class='ocrx_word' id='word_1_209' title='bbox 527 2783 834 2851; x_wconf 80' lang='grc' dir='ltr'><strong>ἀπέραντον</strong></span> <span class='ocrx_word' id='word_1_210' title='bbox 864 2786 924 2838; x_wconf 85' lang='grc' dir='ltr'><strong>τὸ</strong></span> <span class='ocrx_word' id='word_1_211' title='bbox 954 2786 1145 2852; x_wconf 78' lang='grc' dir='ltr'><strong>κακὸν,</strong></span> <span class='ocrx_word' id='word_1_212' title='bbox 1182 2790 1230 2839; x_wconf 81' lang='grc' dir='ltr'><strong>εί</strong></span> <span class='ocrx_word' id='word_1_213' title='bbox 1260 2787 1437 2858; x_wconf 84' lang='grc' dir='ltr'><strong>κύριοι</strong></span> <span class='ocrx_word' id='word_1_214' title='bbox 1470 2791 1570 2858; x_wconf 87' lang='grc' dir='ltr'><strong>μέν</strong></span> <span class='ocrx_word' id='word_1_215' title='bbox 1590 2807 1754 2844; x_wconf 90' lang='grc' dir='ltr'><strong>τινων</strong></span> <span class='ocrx_word' id='word_1_216' title='bbox 1783 2793 1957 2859; x_wconf 78' lang='grc' dir='ltr'><strong>ὄντες,</strong></span> 
     </span>
    </p>
   </div>
   <div class='ocr_carea' id='block_1_32' title="bbox 390 2873 1959 2947">
    <p class='ocr_par' dir='ltr' id='par_1_32' title="bbox 390 2873 1959 2947">
     <span class='ocr_line' id='line_1_32' title="bbox 390 2873 1959 2947; baseline 0.007 -23"><span class='ocrx_word' id='word_1_217' title='bbox 390 2873 490 2925; x_wconf 69' lang='grc' dir='ltr'><strong>οὐκ</strong></span> <span class='ocrx_word' id='word_1_218' title='bbox 536 2874 910 2943; x_wconf 72' lang='grc' dir='ltr'><strong>αἰσθησόμεθα</strong></span> <span class='ocrx_word' id='word_1_219' title='bbox 951 2876 1051 2945; x_wconf 80' lang='grc' dir='ltr'><strong>τὴν</strong></span> <span class='ocrx_word' id='word_1_220' title='bbox 1086 2878 1192 2930; x_wconf 75' lang='grc' dir='ltr'><strong>ἀπὸ</strong></span> <span class='ocrx_word' id='word_1_221' title='bbox 1234 2878 1440 2930; x_wconf 87' lang='grc' dir='ltr'><strong>τούτων</strong></span> <span class='ocrx_word' id='word_1_222' title='bbox 1486 2879 1785 2947; x_wconf 60' lang='grc' dir='ltr'><strong>ὠφέλειαν</strong></span> <span class='ocrx_word' id='word_1_223' title='bbox 1826 2885 1959 2937; x_wconf 83' lang='grc' dir='ltr'><strong>ἀπο-</strong></span> 
     </span>
    </p>
   </div>
   <div class='ocr_carea' id='block_1_33' title="bbox 390 2963 1958 3047">
    <p class='ocr_par' dir='ltr' id='par_1_33' title="bbox 390 2963 1958 3047">
     <span class='ocr_line' id='line_1_33' title="bbox 390 2963 1958 3047; baseline 0.005 -32"><span class='ocrx_word' id='word_1_224' title='bbox 390 2963 637 3017; x_wconf 83' lang='grc' dir='ltr'><strong>λωλότων</strong></span> <span class='ocrx_word' id='word_1_225' title='bbox 680 2966 759 3029; x_wconf 87' lang='grc' dir='ltr'><strong>δέ,</strong></span> <span class='ocrx_word' id='word_1_226' title='bbox 808 2967 1211 3035; x_wconf 78' lang='grc' dir='ltr'><strong>ἀθυμήσομενς</strong></span> <span class='ocrx_word' id='word_1_227' title='bbox 1258 2970 1354 3022; x_wconf 76' lang='grc' dir='ltr'><strong>καὶ</strong></span> <span class='ocrx_word' id='word_1_228' title='bbox 1410 2971 1721 3040; x_wconf 83' lang='grc' dir='ltr'><strong>ποθήσομεν</strong></span> <span class='ocrx_word' id='word_1_229' title='bbox 1753 2971 1853 3040; x_wconf 87' lang='grc' dir='ltr'><strong>μέν</strong></span> <span class='ocrx_word' id='word_1_230' title='bbox 1884 2975 1958 3047; x_wconf 75' lang='grc' dir='ltr'><strong>μὴ</strong></span> 
     </span>
    </p>
   </div>
   <div class='ocr_carea' id='block_1_34' title="bbox 393 3055 1958 3131">
    <p class='ocr_par' dir='ltr' id='par_1_34' title="bbox 393 3055 1958 3131">
     <span class='ocr_line' id='line_1_34' title="bbox 393 3055 1958 3131; baseline 0.009 -25"><span class='ocrx_word' id='word_1_231' title='bbox 393 3055 637 3124; x_wconf 89' lang='grc' dir='ltr'><strong>παρόντα</strong></span> <span class='ocrx_word' id='word_1_232' title='bbox 659 3097 673 3120; x_wconf 94' lang='grc'><strong>,</strong></span> <span class='ocrx_word' id='word_1_233' title='bbox 709 3057 1078 3111; x_wconf 74' lang='grc' dir='ltr'><strong>ἐπανελθόντα</strong></span> <span class='ocrx_word' id='word_1_234' title='bbox 1106 3058 1161 3110; x_wconf 80' lang='grc' dir='ltr'><strong>δὲ</strong></span> <span class='ocrx_word' id='word_1_235' title='bbox 1191 3058 1347 3124; x_wconf 80' lang='grc' dir='ltr'><strong>αὖθις</strong></span> <span class='ocrx_word' id='word_1_236' title='bbox 1378 3062 1607 3131; x_wconf 72' lang='grc' dir='ltr'><strong>ρίψομεν</strong></span> <span class='ocrx_word' id='word_1_237' title='bbox 1628 3079 1640 3091; x_wconf 91' lang='grc'><strong>·</strong></span> <span class='ocrx_word' id='word_1_238' title='bbox 1686 3066 1783 3118; x_wconf 71' lang='grc' dir='ltr'><strong>καὶ</strong></span> <span class='ocrx_word' id='word_1_239' title='bbox 1807 3067 1958 3119; x_wconf 79' lang='grc' dir='ltr'><strong>ταῦτ’</strong></span> 
     </span>
    </p>
   </div>
   <div class='ocr_carea' id='block_1_35' title="bbox 391 3146 1961 3221">
    <p class='ocr_par' dir='ltr' id='par_1_35' title="bbox 391 3146 1961 3221">
     <span class='ocr_line' id='line_1_35' title="bbox 391 3146 1961 3221; baseline 0.007 -23"><span class='ocrx_word' id='word_1_240' title='bbox 391 3146 612 3211; x_wconf 77' lang='grc' dir='ltr'><strong>εἰδότες,</strong></span> <span class='ocrx_word' id='word_1_241' title='bbox 644 3146 718 3210; x_wconf 86' lang='grc' dir='ltr'><strong>ὡς</strong></span> <span class='ocrx_word' id='word_1_242' title='bbox 768 3148 832 3202; x_wconf 82' lang='grc' dir='ltr'><strong>οὐ</strong></span> <span class='ocrx_word' id='word_1_243' title='bbox 878 3147 1261 3219; x_wconf 86' lang='grc' dir='ltr'><strong>καταλύσομεν</strong></span> <span class='ocrx_word' id='word_1_244' title='bbox 1293 3150 1386 3204; x_wconf 78' lang='grc' dir='ltr'><strong>τὸν</strong></span> <span class='ocrx_word' id='word_1_245' title='bbox 1430 3151 1629 3221; x_wconf 79' lang='grc' dir='ltr'><strong>ἔρωτα,</strong></span> <span class='ocrx_word' id='word_1_246' title='bbox 1684 3154 1819 3209; x_wconf 76' lang='grc' dir='ltr'><strong>ἀλλὰ</strong></span> <span class='ocrx_word' id='word_1_247' title='bbox 1864 3156 1961 3209; x_wconf 76' lang='grc' dir='ltr'><strong>καὶ</strong></span> 
     </span>
    </p>
   </div>
   <div class='ocr_carea' id='block_1_36' title="bbox 388 3237 1957 3317">
    <p class='ocr_par' dir='ltr' id='par_1_36' title="bbox 388 3237 1957 3317">
     <span class='ocr_line' id='line_1_36' title="bbox 388 3237 1957 3317; baseline 0.009 -30"><span class='ocrx_word' id='word_1_248' title='bbox 388 3237 799 3308; x_wconf 80' lang='grc' dir='ltr'><strong>προσθήσομεν,</strong></span> <span class='ocrx_word' id='word_1_249' title='bbox 833 3240 964 3293; x_wconf 84' lang='grc' dir='ltr'><strong>ὅταν</strong></span> <span class='ocrx_word' id='word_1_250' title='bbox 998 3241 1098 3293; x_wconf 81' lang='grc' dir='ltr'><strong>οὐκ</strong></span> <span class='ocrx_word' id='word_1_251' title='bbox 1129 3238 1188 3312; x_wconf 77' lang='grc' dir='ltr'><strong>ᾗ.</strong></span> <span class='ocrx_word' id='word_1_252' title='bbox 1235 3241 1406 3295; x_wconf 82' lang='grc' dir='ltr'><strong>Τοῦτο</strong></span> <span class='ocrx_word' id='word_1_253' title='bbox 1452 3243 1561 3312; x_wconf 78' lang='grc' dir='ltr'><strong>γὰρ</strong></span> <span class='ocrx_word' id='word_1_254' title='bbox 1590 3244 1863 3317; x_wconf 79' lang='grc' dir='ltr'><strong>ἄντικρυς.</strong></span> <span class='ocrx_word' id='word_1_255' title='bbox 1896 3250 1957 3301; x_wconf 81' lang='grc' dir='ltr'><strong>οὐ</strong></span> 
     </span>
    </p>
   </div>
   <div class='ocr_carea' id='block_1_37' title="bbox 390 3328 1961 3400">
    <p class='ocr_par' dir='ltr' id='par_1_37' title="bbox 390 3328 1961 3400">
     <span class='ocr_line' id='line_1_37' title="bbox 390 3328 1961 3400; baseline 0.008 -21"><span class='ocrx_word' id='word_1_256' title='bbox 390 3328 701 3398; x_wconf 84' lang='grc' dir='ltr'><strong>Πενελόπης</strong></span> <span class='ocrx_word' id='word_1_257' title='bbox 731 3331 898 3395; x_wconf 74' lang='grc' dir='ltr'><strong>ἰστὸν,</strong></span> <span class='ocrx_word' id='word_1_258' title='bbox 943 3332 1172 3394; x_wconf 76' lang='grc' dir='ltr'><strong>ἑαυτοὺς</strong></span> <span class='ocrx_word' id='word_1_259' title='bbox 1214 3331 1261 3385; x_wconf 81' lang='grc' dir='ltr'><strong>δ’</strong></span> <span class='ocrx_word' id='word_1_260' title='bbox 1294 3331 1443 3391; x_wconf 72' lang='grc' dir='ltr'><strong>ἐστιν</strong></span> <span class='ocrx_word' id='word_1_261' title='bbox 1472 3335 1835 3400; x_wconf 74' lang='grc' dir='ltr'><strong>ἀναλυόντων,</strong></span> <span class='ocrx_word' id='word_1_262' title='bbox 1865 3341 1961 3392; x_wconf 73' lang='grc' dir='ltr'><strong>καὶ</strong></span> 
     </span>
    </p>
   </div>
   <div class='ocr_carea' id='block_1_38' title="bbox 390 3422 1285 3496">
    <p class='ocr_par' dir='ltr' id='par_1_38' title="bbox 390 3422 1285 3496">
     <span class='ocr_line' id='line_1_38' title="bbox 390 3422 1285 3496; baseline 0.009 -23"><span class='ocrx_word' id='word_1_263' title='bbox 390 3422 488 3485; x_wconf 72' lang='grc' dir='ltr'><strong>τὰς</strong></span> <span class='ocrx_word' id='word_1_264' title='bbox 519 3422 725 3479; x_wconf 77' lang='grc' dir='ltr'><strong>ἑαυτῶν</strong></span> <span class='ocrx_word' id='word_1_265' title='bbox 756 3424 1063 3494; x_wconf 87' lang='grc' dir='ltr'><strong>μισούντων</strong></span> <span class='ocrx_word' id='word_1_266' title='bbox 1099 3426 1285 3496; x_wconf 80' lang='grc' dir='ltr'><strong>εὐχάς.</strong></span> 
     </span>
    </p>
   </div>
   <div class='ocr_carea' id='block_1_39' title="bbox 471 3600 1959 3679">
    <p class='ocr_par' dir='ltr' id='par_1_39' title="bbox 471 3600 1959 3679">
     <span class='ocr_line' id='line_1_39' title="bbox 471 3600 1959 3679; baseline 0.009 -27"><span class='ocrx_word' id='word_1_267' title='bbox 471 3600 633 3653; x_wconf 83' lang='grc' dir='ltr'><strong>Ἀλλὰ</strong></span> <span class='ocrx_word' id='word_1_268' title='bbox 662 3603 789 3671; x_wconf 77' lang='grc' dir='ltr'><strong>μὴν,</strong></span> <span class='ocrx_word' id='word_1_269' title='bbox 822 3603 871 3655; x_wconf 85' lang='grc' dir='ltr'><strong>εί</strong></span> <span class='ocrx_word' id='word_1_270' title='bbox 915 3604 1013 3672; x_wconf 87' lang='grc' dir='ltr'><strong>μέν</strong></span> <span class='ocrx_word' id='word_1_271' title='bbox 1045 3604 1269 3670; x_wconf 84' lang='grc' dir='ltr'><strong>οίκείοις</strong></span> <span class='ocrx_word' id='word_1_272' title='bbox 1312 3606 1491 3661; x_wconf 83' lang='grc' dir='ltr'><strong>τέλεσι</strong></span> <span class='ocrx_word' id='word_1_273' title='bbox 1522 3609 1618 3663; x_wconf 68' lang='grc' dir='ltr'><strong>καὶ</strong></span> <span class='ocrx_word' id='word_1_274' title='bbox 1647 3611 1959 3679; x_wconf 88' lang='grc' dir='ltr'><strong>στρατείαις</strong></span> 
     </span>
    </p>
   </div>
   <div class='ocr_carea' id='block_1_40' title="bbox 390 3692 1960 3773">
    <p class='ocr_par' dir='ltr' id='par_1_40' title="bbox 390 3692 1960 3773">
     <span class='ocr_line' id='line_1_40' title="bbox 390 3692 1960 3773; baseline 0.007 -29"><span class='ocrx_word' id='word_1_275' title='bbox 390 3692 485 3747; x_wconf 76' lang='grc' dir='ltr'><strong>καὶ</strong></span> <span class='ocrx_word' id='word_1_276' title='bbox 537 3696 724 3756; x_wconf 80' lang='grc' dir='ltr'><strong>πόνοις</strong></span> <span class='ocrx_word' id='word_1_277' title='bbox 752 3695 958 3767; x_wconf 83' lang='grc' dir='ltr'><strong>ταύτην</strong></span> <span class='ocrx_word' id='word_1_278' title='bbox 1016 3696 1121 3749; x_wconf 81' lang='grc' dir='ltr'><strong>ὑπὸ</strong></span> <span class='ocrx_word' id='word_1_279' title='bbox 1180 3699 1294 3761; x_wconf 81' lang='grc' dir='ltr'><strong>τοῖς</strong></span> <span class='ocrx_word' id='word_1_280' title='bbox 1337 3699 1634 3769; x_wconf 76' lang='grc' dir='ltr'><strong>βαρόάροις</strong></span> <span class='ocrx_word' id='word_1_281' title='bbox 1664 3703 1960 3773; x_wconf 80' lang='grc' dir='ltr'><strong>γενομένην</strong></span> 
     </span>
    </p>
   </div>
   <div class='ocr_carea' id='block_1_41' title="bbox 392 3783 1960 3863">
    <p class='ocr_par' dir='ltr' id='par_1_41' title="bbox 392 3783 1960 3863">
     <span class='ocr_line' id='line_1_41' title="bbox 392 3783 1960 3863; baseline 0.008 -28"><span class='ocrx_word' id='word_1_282' title='bbox 392 3783 837 3853; x_wconf 83' lang='grc' dir='ltr'><strong>ἀνεκτησάμεθα,</strong></span> <span class='ocrx_word' id='word_1_283' title='bbox 871 3787 1012 3857; x_wconf 79' lang='grc' dir='ltr'><strong>χρῆν</strong></span> <span class='ocrx_word' id='word_1_284' title='bbox 1038 3788 1139 3857; x_wconf 82' lang='grc' dir='ltr'><strong>μὲν</strong></span> <span class='ocrx_word' id='word_1_285' title='bbox 1164 3788 1274 3842; x_wconf 84' lang='grc' dir='ltr'><strong>οὐδ’</strong></span> <span class='ocrx_word' id='word_1_286' title='bbox 1308 3789 1483 3854; x_wconf 78' lang='grc' dir='ltr'><strong>οὕτως</strong></span> <span class='ocrx_word' id='word_1_287' title='bbox 1498 3784 1572 3844; x_wconf 84' lang='grc' dir='ltr'><strong>ὦν</strong></span> <span class='ocrx_word' id='word_1_288' title='bbox 1599 3792 1960 3863; x_wconf 81' lang='grc' dir='ltr'><strong>ἀνηλώκαμεν</strong></span> 
     </span>
    </p>
   </div>
   <div class='ocr_carea' id='block_1_42' title="bbox 394 3875 1959 3952">
    <p class='ocr_par' dir='ltr' id='par_1_42' title="bbox 394 3875 1959 3952">
     <span class='ocr_line' id='line_1_42' title="bbox 394 3875 1959 3952; baseline 0.009 -27"><span class='ocrx_word' id='word_1_289' title='bbox 394 3875 488 3927; x_wconf 82' lang='grc' dir='ltr'><strong>καὶ</strong></span> <span class='ocrx_word' id='word_1_290' title='bbox 554 3877 947 3947; x_wconf 87' lang='grc' dir='ltr'><strong>πεπονήκαμεν</strong></span> <span class='ocrx_word' id='word_1_291' title='bbox 987 3877 1430 3950; x_wconf 76' lang='grc' dir='ltr'><strong>ἐπιλαθομένους,</strong></span> <span class='ocrx_word' id='word_1_292' title='bbox 1480 3882 1686 3952; x_wconf 86' lang='grc' dir='ltr'><strong>ταύτην</strong></span> <span class='ocrx_word' id='word_1_293' title='bbox 1730 3885 1959 3948; x_wconf 81' lang='grc' dir='ltr'><strong>ἐκείνοις</strong></span> 
     </span>
    </p>
   </div>
   <div class='ocr_carea' id='block_1_43' title="bbox 390 3963 1960 4047">
    <p class='ocr_par' dir='ltr' id='par_1_43' title="bbox 390 3963 1960 4047">
     <span class='ocr_line' id='line_1_43' title="bbox 390 3963 1960 4047; baseline 0.008 -31"><span class='ocrx_word' id='word_1_294' title='bbox 390 3964 553 4019; x_wconf 76' lang='grc' dir='ltr'><strong>πάλιν</strong></span> <span class='ocrx_word' id='word_1_295' title='bbox 575 3967 869 4036; x_wconf 78' lang='grc' dir='ltr'><strong>προέσθαιο</strong></span> <span class='ocrx_word' id='word_1_296' title='bbox 899 3969 1047 4037; x_wconf 84' lang='grc' dir='ltr'><strong>ὅμως</strong></span> <span class='ocrx_word' id='word_1_297' title='bbox 1080 3963 1198 4040; x_wconf 74' lang='grc' dir='ltr'><strong>εἶχέ</strong></span> <span class='ocrx_word' id='word_1_298' title='bbox 1224 3988 1346 4023; x_wconf 88' lang='grc' dir='ltr'><strong>τινα</strong></span> <span class='ocrx_word' id='word_1_299' title='bbox 1390 3971 1547 4041; x_wconf 86' lang='grc' dir='ltr'><strong>λόγον</strong></span> <span class='ocrx_word' id='word_1_300' title='bbox 1588 3974 1650 4026; x_wconf 80' lang='grc' dir='ltr'><strong>τὸ</strong></span> <span class='ocrx_word' id='word_1_301' title='bbox 1686 3974 1845 4029; x_wconf 80' lang='grc' dir='ltr'><strong>πάλιν</strong></span> <span class='ocrx_word' id='word_1_302' title='bbox 1871 3975 1960 4047; x_wconf 82' lang='grc' dir='ltr'><strong>ἐφ’</strong></span> 
     </span>
    </p>
   </div>
   <div class='ocr_carea' id='block_1_44' title="bbox 390 4053 1959 4134">
    <p class='ocr_par' dir='ltr' id='par_1_44' title="bbox 390 4053 1959 4134">
     <span class='ocr_line' id='line_1_44' title="bbox 390 4053 1959 4134; baseline 0.009 -26"><span class='ocrx_word' id='word_1_303' title='bbox 390 4057 523 4126; x_wconf 80' lang='grc' dir='ltr'><strong>ἡμῖν</strong></span> <span class='ocrx_word' id='word_1_304' title='bbox 541 4053 681 4113; x_wconf 79' lang='grc' dir='ltr'><strong>εἶναι</strong></span> <span class='ocrx_word' id='word_1_305' title='bbox 701 4059 906 4129; x_wconf 86' lang='grc' dir='ltr'><strong>ταύτην</strong></span> <span class='ocrx_word' id='word_1_306' title='bbox 929 4061 1066 4114; x_wconf 81' lang='grc' dir='ltr'><strong>ἁναλ</strong></span> <span class='ocrx_word' id='word_1_307' title='bbox 1080 4063 1238 4115; x_wconf 77' lang='grc' dir='ltr'><strong>αδεῖν</strong></span> <span class='ocrx_word' id='word_1_308' title='bbox 1258 4063 1387 4116; x_wconf 82' lang='grc' dir='ltr'><strong>ὃταν</strong></span> <span class='ocrx_word' id='word_1_309' title='bbox 1412 4064 1751 4134; x_wconf 82' lang='grc' dir='ltr'><strong>βουλώμεθα,</strong></span> <span class='ocrx_word' id='word_1_310' title='bbox 1777 4070 1959 4122; x_wconf 86' lang='grc' dir='ltr'><strong>πεῖσαι</strong></span> 
     </span>
    </p>
   </div>
   <div class='ocr_carea' id='block_1_45' title="bbox 389 4146 1957 4231">
    <p class='ocr_par' dir='ltr' id='par_1_45' title="bbox 389 4146 1957 4231">
     <span class='ocr_line' id='line_1_45' title="bbox 389 4146 1957 4231; baseline 0.009 -31"><span class='ocrx_word' id='word_1_311' title='bbox 389 4146 593 4216; x_wconf 78' lang='grc' dir='ltr'><strong>ταύτης</strong></span> <span class='ocrx_word' id='word_1_312' title='bbox 644 4150 739 4204; x_wconf 74' lang='grc' dir='ltr'><strong>νῦν</strong></span> <span class='ocrx_word' id='word_1_313' title='bbox 791 4153 943 4222; x_wconf 76' lang='grc' dir='ltr'><strong>ἡμᾶς</strong></span> <span class='ocrx_word' id='word_1_314' title='bbox 993 4152 1333 4223; x_wconf 59' lang='grc' dir='ltr'><strong>ἀμελῆσαι-ι</strong></span> <span class='ocrx_word' id='word_1_315' title='bbox 1354 4157 1403 4207; x_wconf 81' lang='grc' dir='ltr'><strong>εἰ</strong></span> <span class='ocrx_word' id='word_1_316' title='bbox 1452 4158 1550 4210; x_wconf 73' lang='grc' dir='ltr'><strong>καὶ</strong></span> <span class='ocrx_word' id='word_1_317' title='bbox 1592 4158 1790 4226; x_wconf 77' lang='grc' dir='ltr'><strong>ἄλλως,</strong></span> <span class='ocrx_word' id='word_1_318' title='bbox 1820 4162 1957 4231; x_wconf 82' lang='grc' dir='ltr'><strong>ὅπερ</strong></span> 
     </span>
    </p>
   </div>
   <div class='ocr_carea' id='block_1_46' title="bbox 389 4240 1960 4312">
    <p class='ocr_par' dir='ltr' id='par_1_46' title="bbox 389 4240 1960 4312">
     <span class='ocr_line' id='line_1_46' title="bbox 389 4240 1960 4312; baseline 0.009 -21"><span class='ocrx_word' id='word_1_319' title='bbox 389 4240 550 4309; x_wconf 79' lang='grc' dir='ltr'><strong>ἔφην,</strong></span> <span class='ocrx_word' id='word_1_320' title='bbox 585 4242 834 4308; x_wconf 81' lang='grc' dir='ltr'><strong>ἀνόητον,</strong></span> <span class='ocrx_word' id='word_1_321' title='bbox 884 4242 1104 4308; x_wconf 86' lang='grc' dir='ltr'><strong>ἐκόντας</strong></span> <span class='ocrx_word' id='word_1_322' title='bbox 1155 4246 1486 4311; x_wconf 86' lang='grc' dir='ltr'><strong>ἐκδιδόντας,</strong></span> <span class='ocrx_word' id='word_1_323' title='bbox 1536 4248 1695 4312; x_wconf 79' lang='grc' dir='ltr'><strong>αὖθις</strong></span> <span class='ocrx_word' id='word_1_324' title='bbox 1745 4251 1960 4305; x_wconf 81' lang='grc' dir='ltr'><strong>ἀνασῶ-</strong></span> 
     </span>
    </p>
   </div>
   <div class='ocr_carea' id='block_1_47' title="bbox 393 4331 1955 4413">
    <p class='ocr_par' dir='ltr' id='par_1_47' title="bbox 393 4331 1955 4413">
     <span class='ocr_line' id='line_1_47' title="bbox 393 4331 1955 4413; baseline 0.01 -30"><span class='ocrx_word' id='word_1_325' title='bbox 393 4331 509 4395; x_wconf 79' lang='grc' dir='ltr'><strong>ζειν</strong></span> <span class='ocrx_word' id='word_1_326' title='bbox 539 4334 859 4404; x_wconf 81' lang='grc' dir='ltr'><strong>πειρᾶσθαι,</strong></span> <span class='ocrx_word' id='word_1_327' title='bbox 892 4336 987 4390; x_wconf 75' lang='grc' dir='ltr'><strong>καὶ</strong></span> <span class='ocrx_word' id='word_1_328' title='bbox 1020 4336 1145 4390; x_wconf 87' lang='grc' dir='ltr'><strong>καθ’</strong></span> <span class='ocrx_word' id='word_1_329' title='bbox 1168 4338 1437 4407; x_wconf 77' lang='grc' dir='ltr'><strong>ἑκατέραν</strong></span> <span class='ocrx_word' id='word_1_330' title='bbox 1462 4340 1766 4410; x_wconf 82' lang='grc' dir='ltr'><strong>πράγματα</strong></span> <span class='ocrx_word' id='word_1_331' title='bbox 1788 4342 1955 4413; x_wconf 81' lang='grc' dir='ltr'><strong>ἔχειν.</strong></span> 
     </span>
    </p>
   </div>
   <div class='ocr_carea' id='block_1_48' title="bbox 2062 533 3631 607">
    <p class='ocr_par' dir='ltr' id='par_1_48' title="bbox 2062 533 3631 607">
     <span class='ocr_line' id='line_1_48' title="bbox 2062 533 3631 607; baseline -0.006 -12"><span class='ocrx_word' id='word_1_332' title='bbox 2062 541 2265 607; x_wconf 86' lang='lat' dir='ltr'><strong>lerunt,</strong></span> <span class='ocrx_word' id='word_1_333' title='bbox 2323 543 2572 597; x_wconf 76' lang='lat' dir='ltr'><strong>hostibus</strong></span> <span class='ocrx_word' id='word_1_334' title='bbox 2626 540 2915 601; x_wconf 86' lang='lat' dir='ltr'><strong>cedamus,</strong></span> <span class='ocrx_word' id='word_1_335' title='bbox 2975 536 3178 605; x_wconf 84' lang='lat' dir='ltr'><strong>quibus</strong></span> <span class='ocrx_word' id='word_1_336' title='bbox 3233 543 3293 587; x_wconf 92' lang='lat' dir='ltr'><strong>ut</strong></span> <span class='ocrx_word' id='word_1_337' title='bbox 3343 533 3631 602; x_wconf 75' lang='lat' dir='ltr'><strong>recipiant,</strong></span> 
     </span>
    </p>
   </div>
   <div class='ocr_carea' id='block_1_49' title="bbox 2064 624 3633 704">
    <p class='ocr_par' dir='ltr' id='par_1_49' title="bbox 2064 624 3633 704">
     <span class='ocr_line' id='line_1_49' title="bbox 2064 624 3633 704; baseline -0.004 -21"><span class='ocrx_word' id='word_1_338' title='bbox 2064 632 2200 685; x_wconf 88' lang='lat' dir='ltr'><strong>nihil</strong></span> <span class='ocrx_word' id='word_1_339' title='bbox 2224 634 2334 704; x_wconf 84' lang='lat' dir='ltr'><strong>jam</strong></span> <span class='ocrx_word' id='word_1_340' title='bbox 2368 633 2423 686; x_wconf 92' lang='lat' dir='ltr'><strong>in</strong></span> <span class='ocrx_word' id='word_1_341' title='bbox 2473 632 2663 686; x_wconf 84' lang='lat' dir='ltr'><strong>urbem</strong></span> <span class='ocrx_word' id='word_1_342' title='bbox 2695 630 3026 684; x_wconf 84' lang='lat' dir='ltr'><strong>intentatum</strong></span> <span class='ocrx_word' id='word_1_343' title='bbox 3073 624 3432 694; x_wconf 84' lang='lat' dir='ltr'><strong>relinquent?</strong></span> <span class='ocrx_word' id='word_1_344' title='bbox 3457 624 3633 690; x_wconf 83' lang='lat' dir='ltr'><strong>Atque</strong></span> 
     </span>
    </p>
   </div>
   <div class='ocr_carea' id='block_1_50' title="bbox 2064 709 3637 791">
    <p class='ocr_par' dir='ltr' id='par_1_50' title="bbox 2064 709 3637 791">
     <span class='ocr_line' id='line_1_50' title="bbox 2064 709 3637 791; baseline -0.008 -17"><span class='ocrx_word' id='word_1_345' title='bbox 2064 720 2117 774; x_wconf 87' lang='lat' dir='ltr'><strong>id</strong></span> <span class='ocrx_word' id='word_1_346' title='bbox 2144 736 2210 776; x_wconf 80' lang='lat' dir='ltr'><strong>cx</strong></span> <span class='ocrx_word' id='word_1_347' title='bbox 2244 731 2537 791; x_wconf 68' lang='lat' dir='ltr'><strong>prmcepto,</strong></span> <span class='ocrx_word' id='word_1_348' title='bbox 2568 730 2823 788; x_wconf 90' lang='lat' dir='ltr'><strong>tanquam</strong></span> <span class='ocrx_word' id='word_1_349' title='bbox 2857 717 2911 770; x_wconf 92' lang='lat' dir='ltr'><strong>in</strong></span> <span class='ocrx_word' id='word_1_350' title='bbox 2940 714 3227 779; x_wconf 80' lang='lat' dir='ltr'><strong>omnibus,</strong></span> <span class='ocrx_word' id='word_1_351' title='bbox 3253 727 3461 767; x_wconf 84' lang='lat' dir='ltr'><strong>morem</strong></span> <span class='ocrx_word' id='word_1_352' title='bbox 3508 709 3637 763; x_wconf 85' lang='lat' dir='ltr'><strong>Bar-</strong></span> 
     </span>
    </p>
   </div>
   <div class='ocr_carea' id='block_1_51' title="bbox 2065 804 3636 880">
    <p class='ocr_par' dir='ltr' id='par_1_51' title="bbox 2065 804 3636 880">
     <span class='ocr_line' id='line_1_51' title="bbox 2065 804 3636 880; baseline -0.008 -14"><span class='ocrx_word' id='word_1_353' title='bbox 2065 811 2213 866; x_wconf 89' lang='lat' dir='ltr'><strong>baris</strong></span> <span class='ocrx_word' id='word_1_354' title='bbox 2271 825 2461 880; x_wconf 76' lang='lat' dir='ltr'><strong>gerere</strong></span> <span class='ocrx_word' id='word_1_355' title='bbox 2492 818 2765 880; x_wconf 91' lang='lat' dir='ltr'><strong>oporteat,</strong></span> <span class='ocrx_word' id='word_1_356' title='bbox 2791 814 3215 874; x_wconf 83' lang='lat' dir='ltr'><strong>nostrorumque</strong></span> <span class='ocrx_word' id='word_1_357' title='bbox 3247 804 3371 859; x_wconf 80' lang='lat' dir='ltr'><strong>illos</strong></span> <span class='ocrx_word' id='word_1_358' title='bbox 3394 816 3636 857; x_wconf 83' lang='lat' dir='ltr'><strong>commo-</strong></span> 
     </span>
    </p>
   </div>
   <div class='ocr_carea' id='block_1_52' title="bbox 2064 898 2780 955">
    <p class='ocr_par' dir='ltr' id='par_1_52' title="bbox 2064 898 2780 955">
     <span class='ocr_line' id='line_1_52' title="bbox 2064 898 2780 955; baseline -0.01 0"><span class='ocrx_word' id='word_1_359' title='bbox 2064 900 2261 955; x_wconf 88' lang='lat' dir='ltr'><strong>dorum</strong></span> <span class='ocrx_word' id='word_1_360' title='bbox 2298 902 2474 955; x_wconf 76' lang='lat' dir='ltr'><strong>facere</strong></span> <span class='ocrx_word' id='word_1_361' title='bbox 2508 898 2780 953; x_wconf 89' lang='lat' dir='ltr'><strong>dominos.</strong></span> 
     </span>
    </p>
   </div>
   <div class='ocr_carea' id='block_1_53' title="bbox 2139 983 3631 1056">
    <p class='ocr_par' dir='ltr' id='par_1_53' title="bbox 2139 983 3631 1056">
     <span class='ocr_line' id='line_1_53' title="bbox 2139 983 3631 1056; baseline -0.008 -10"><span class='ocrx_word' id='word_1_362' title='bbox 2139 991 2243 1047; x_wconf 91' lang='lat' dir='ltr'><strong>Sed</strong></span> <span class='ocrx_word' id='word_1_363' title='bbox 2273 1000 2329 1045; x_wconf 90' lang='lat' dir='ltr'><strong>ct</strong></span> <span class='ocrx_word' id='word_1_364' title='bbox 2372 989 2588 1046; x_wconf 83' lang='lat' dir='ltr'><strong>abunde</strong></span> <span class='ocrx_word' id='word_1_365' title='bbox 2651 988 2783 1042; x_wconf 85' lang='lat' dir='ltr'><strong>illud</strong></span> <span class='ocrx_word' id='word_1_366' title='bbox 2816 984 3165 1056; x_wconf 79' lang='lat' dir='ltr'><strong>cogitandum</strong></span> <span class='ocrx_word' id='word_1_367' title='bbox 3190 1023 3204 1047; x_wconf 92' lang='lat'><strong>,</strong></span> <span class='ocrx_word' id='word_1_368' title='bbox 3241 983 3332 1038; x_wconf 91' lang='lat' dir='ltr'><strong>ubi</strong></span> <span class='ocrx_word' id='word_1_369' title='bbox 3392 983 3631 1052; x_wconf 91' lang='lat' dir='ltr'><strong>primum</strong></span> 
     </span>
    </p>
   </div>
   <div class='ocr_carea' id='block_1_54' title="bbox 2067 1074 3634 1150">
    <p class='ocr_par' dir='ltr' id='par_1_54' title="bbox 2067 1074 3634 1150">
     <span class='ocr_line' id='line_1_54' title="bbox 2067 1074 3634 1150; baseline -0.006 -16"><span class='ocrx_word' id='word_1_370' title='bbox 2067 1096 2257 1134; x_wconf 90' lang='lat' dir='ltr'><strong>rumor</strong></span> <span class='ocrx_word' id='word_1_371' title='bbox 2282 1080 2618 1150; x_wconf 80' lang='lat' dir='ltr'><strong>percrebuit,</strong></span> <span class='ocrx_word' id='word_1_372' title='bbox 2647 1086 2959 1147; x_wconf 88' lang='lat' dir='ltr'><strong>quassatam</strong></span> <span class='ocrx_word' id='word_1_373' title='bbox 2994 1092 3025 1130; x_wconf 87' lang='lat' dir='ltr'><strong>a</strong></span> <span class='ocrx_word' id='word_1_374' title='bbox 3057 1075 3309 1130; x_wconf 84' lang='lat' dir='ltr'><strong>Barbaris</strong></span> <span class='ocrx_word' id='word_1_375' title='bbox 3325 1074 3634 1149; x_wconf 77' lang='lat' dir='ltr'><strong>Callipolim</strong></span> 
     </span>
    </p>
   </div>
   <div class='ocr_carea' id='block_1_55' title="bbox 2066 1163 3636 1237">
    <p class='ocr_par' dir='ltr' id='par_1_55' title="bbox 2066 1163 3636 1237">
     <span class='ocr_line' id='line_1_55' title="bbox 2066 1163 3636 1237; baseline -0.005 -15"><span class='ocrx_word' id='word_1_376' title='bbox 2066 1180 2279 1237; x_wconf 83' lang='lat' dir='ltr'><strong>captam</strong></span> <span class='ocrx_word' id='word_1_377' title='bbox 2319 1184 2458 1231; x_wconf 68' lang='lat' dir='ltr'><strong>esse,</strong></span> <span class='ocrx_word' id='word_1_378' title='bbox 2493 1183 2753 1237; x_wconf 80' lang='lat' dir='ltr'><strong>quasnam</strong></span> <span class='ocrx_word' id='word_1_379' title='bbox 2780 1167 3171 1221; x_wconf 89' lang='lat' dir='ltr'><strong>emittebamus</strong></span> <span class='ocrx_word' id='word_1_380' title='bbox 3198 1180 3380 1226; x_wconf 79' lang='lat' dir='ltr'><strong>voces,</strong></span> <span class='ocrx_word' id='word_1_381' title='bbox 3414 1178 3475 1216; x_wconf 88' lang='lat' dir='ltr'><strong>ac</strong></span> <span class='ocrx_word' id='word_1_382' title='bbox 3506 1163 3636 1231; x_wconf 90' lang='lat' dir='ltr'><strong>quis</strong></span> 
     </span>
    </p>
   </div>
   <div class='ocr_carea' id='block_1_56' title="bbox 2068 1255 3635 1326">
    <p class='ocr_par' dir='ltr' id='par_1_56' title="bbox 2068 1255 3635 1326">
     <span class='ocr_line' id='line_1_56' title="bbox 2068 1255 3635 1326; baseline -0.003 -13"><span class='ocrx_word' id='word_1_383' title='bbox 2068 1260 2203 1313; x_wconf 90' lang='lat' dir='ltr'><strong>urbe</strong></span> <span class='ocrx_word' id='word_1_384' title='bbox 2244 1269 2353 1312; x_wconf 91' lang='lat' dir='ltr'><strong>tota</strong></span> <span class='ocrx_word' id='word_1_385' title='bbox 2382 1260 2565 1313; x_wconf 87' lang='lat' dir='ltr'><strong>luctus</strong></span> <span class='ocrx_word' id='word_1_386' title='bbox 2594 1258 2752 1311; x_wconf 82' lang='lat' dir='ltr'><strong>erat?</strong></span> <span class='ocrx_word' id='word_1_387' title='bbox 2816 1273 3005 1326; x_wconf 78' lang='lat' dir='ltr'><strong>quaeve</strong></span> <span class='ocrx_word' id='word_1_388' title='bbox 3065 1265 3195 1310; x_wconf 88' lang='lat' dir='ltr'><strong>tunc</strong></span> <span class='ocrx_word' id='word_1_389' title='bbox 3261 1256 3315 1309; x_wconf 90' lang='lat' dir='ltr'><strong>in</strong></span> <span class='ocrx_word' id='word_1_390' title='bbox 3366 1255 3502 1308; x_wconf 88' lang='lat' dir='ltr'><strong>urbe</strong></span> <span class='ocrx_word' id='word_1_391' title='bbox 3533 1256 3635 1309; x_wconf 82' lang='lat' dir='ltr'><strong>ob-</strong></span> 
     </span>
    </p>
   </div>
   <div class='ocr_carea' id='block_1_57' title="bbox 2070 1346 3631 1417">
    <p class='ocr_par' dir='ltr' id='par_1_57' title="bbox 2070 1346 3631 1417">
     <span class='ocr_line' id='line_1_57' title="bbox 2070 1346 3631 1417; baseline -0.001 -15"><span class='ocrx_word' id='word_1_392' title='bbox 2070 1350 2276 1403; x_wconf 88' lang='lat' dir='ltr'><strong>tinebat</strong></span> <span class='ocrx_word' id='word_1_393' title='bbox 2311 1346 2451 1403; x_wconf 84' lang='lat' dir='ltr'><strong>fama</strong></span> <span class='ocrx_word' id='word_1_394' title='bbox 2474 1351 2497 1387; x_wconf 67' lang='grc' dir='ltr'><strong>ν</strong></span> <span class='ocrx_word' id='word_1_395' title='bbox 2520 1348 2711 1402; x_wconf 85' lang='lat' dir='ltr'><strong>Nonne</strong></span> <span class='ocrx_word' id='word_1_396' title='bbox 2730 1348 2960 1417; x_wconf 87' lang='lat' dir='ltr'><strong>periisse</strong></span> <span class='ocrx_word' id='word_1_397' title='bbox 2987 1348 3123 1402; x_wconf 84' lang='lat' dir='ltr'><strong>nos?</strong></span> <span class='ocrx_word' id='word_1_398' title='bbox 3153 1347 3269 1402; x_wconf 82' lang='lat' dir='ltr'><strong>Non</strong></span> <span class='ocrx_word' id='word_1_399' title='bbox 3292 1346 3401 1413; x_wconf 87' lang='lat' dir='ltr'><strong>jam</strong></span> <span class='ocrx_word' id='word_1_400' title='bbox 3419 1362 3631 1410; x_wconf 87' lang='lat' dir='ltr'><strong>omnes,</strong></span> 
     </span>
    </p>
   </div>
   <div class='ocr_carea' id='block_1_58' title="bbox 2070 1438 3637 1508">
    <p class='ocr_par' dir='ltr' id='par_1_58' title="bbox 2070 1438 3637 1508">
     <span class='ocr_line' id='line_1_58' title="bbox 2070 1438 3637 1508; baseline -0.002 -15"><span class='ocrx_word' id='word_1_401' title='bbox 2070 1450 2327 1507; x_wconf 84' lang='lat' dir='ltr'><strong>tanquam</strong></span> <span class='ocrx_word' id='word_1_402' title='bbox 2347 1439 2398 1492; x_wconf 95' lang='lat' dir='ltr'><strong>in</strong></span> <span class='ocrx_word' id='word_1_403' title='bbox 2426 1454 2647 1508; x_wconf 77' lang='lat' dir='ltr'><strong>sagena,</strong></span> <span class='ocrx_word' id='word_1_404' title='bbox 2666 1439 2744 1493; x_wconf 92' lang='lat' dir='ltr'><strong>sic</strong></span> <span class='ocrx_word' id='word_1_405' title='bbox 2774 1439 2945 1493; x_wconf 89' lang='lat' dir='ltr'><strong>teneri</strong></span> <span class='ocrx_word' id='word_1_406' title='bbox 2973 1454 3004 1492; x_wconf 91' lang='lat' dir='ltr'><strong>a</strong></span> <span class='ocrx_word' id='word_1_407' title='bbox 3030 1438 3287 1491; x_wconf 87' lang='lat' dir='ltr'><strong>Barbaris</strong></span> <span class='ocrx_word' id='word_1_408' title='bbox 3306 1438 3476 1490; x_wconf 90' lang='lat' dir='ltr'><strong>muris</strong></span> <span class='ocrx_word' id='word_1_409' title='bbox 3502 1453 3637 1491; x_wconf 90' lang='lat' dir='ltr'><strong>con-</strong></span> 
     </span>
    </p>
   </div>
   <div class='ocr_carea' id='block_1_59' title="bbox 2068 1526 3631 1598">
    <p class='ocr_par' dir='ltr' id='par_1_59' title="bbox 2068 1526 3631 1598">
     <span class='ocr_line' id='line_1_59' title="bbox 2068 1526 3631 1598; baseline -0.004 -14"><span class='ocrx_word' id='word_1_410' title='bbox 2068 1530 2293 1584; x_wconf 88' lang='lat' dir='ltr'><strong>clusos?</strong></span> <span class='ocrx_word' id='word_1_411' title='bbox 2338 1529 2533 1584; x_wconf 84' lang='lat' dir='ltr'><strong>Nonne</strong></span> <span class='ocrx_word' id='word_1_412' title='bbox 2568 1531 2744 1598; x_wconf 88' lang='lat' dir='ltr'><strong>ipsum</strong></span> <span class='ocrx_word' id='word_1_413' title='bbox 2798 1530 2907 1597; x_wconf 85' lang='lat' dir='ltr'><strong>jam</strong></span> <span class='ocrx_word' id='word_1_414' title='bbox 2942 1529 3093 1583; x_wconf 89' lang='lat' dir='ltr'><strong>urbis</strong></span> <span class='ocrx_word' id='word_1_415' title='bbox 3126 1529 3302 1582; x_wconf 87' lang='lat' dir='ltr'><strong>solum</strong></span> <span class='ocrx_word' id='word_1_416' title='bbox 3334 1526 3631 1581; x_wconf 78' lang='lat' dir='ltr'><strong>obnoxium</strong></span> 
     </span>
    </p>
   </div>
   <div class='ocr_carea' id='block_1_60' title="bbox 2068 1618 3645 1688">
    <p class='ocr_par' dir='ltr' id='par_1_60' title="bbox 2068 1618 3645 1688">
     <span class='ocr_line' id='line_1_60' title="bbox 2068 1618 3645 1688; baseline -0.001 -17"><span class='ocrx_word' id='word_1_417' title='bbox 2068 1633 2188 1673; x_wconf 87' lang='lat' dir='ltr'><strong>esse</strong></span> <span class='ocrx_word' id='word_1_418' title='bbox 2216 1618 2520 1688; x_wconf 86' lang='lat' dir='ltr'><strong>periculis?</strong></span> <span class='ocrx_word' id='word_1_419' title='bbox 2566 1619 2754 1673; x_wconf 82' lang='lat' dir='ltr'><strong>Nonne</strong></span> <span class='ocrx_word' id='word_1_420' title='bbox 2783 1630 2911 1673; x_wconf 90' lang='lat' dir='ltr'><strong>tunc</strong></span> <span class='ocrx_word' id='word_1_421' title='bbox 2939 1618 3132 1672; x_wconf 85' lang='lat' dir='ltr'><strong>beatus</strong></span> <span class='ocrx_word' id='word_1_422' title='bbox 3156 1618 3483 1677; x_wconf 85' lang='lat' dir='ltr'><strong>habebatur,</strong></span> <span class='ocrx_word' id='word_1_423' title='bbox 3536 1618 3645 1686; x_wconf 19' lang='lat' dir='ltr'><strong>quis</strong></span> 
     </span>
    </p>
   </div>
   <div class='ocr_carea' id='block_1_61' title="bbox 2069 1704 3641 1776">
    <p class='ocr_par' dir='ltr' id='par_1_61' title="bbox 2069 1704 3641 1776">
     <span class='ocr_line' id='line_1_61' title="bbox 2069 1704 3641 1776; baseline -0.001 -18"><span class='ocrx_word' id='word_1_424' title='bbox 2069 1705 2302 1759; x_wconf 80' lang='lat' dir='ltr'><strong>necdum</strong></span> <span class='ocrx_word' id='word_1_425' title='bbox 2334 1707 2594 1774; x_wconf 86' lang='lat' dir='ltr'><strong>periculis</strong></span> <span class='ocrx_word' id='word_1_426' title='bbox 2610 1717 2869 1776; x_wconf 80' lang='lat' dir='ltr'><strong>exceptus</strong></span> <span class='ocrx_word' id='word_1_427' title='bbox 2893 1706 3080 1760; x_wconf 87' lang='lat' dir='ltr'><strong>urbem</strong></span> <span class='ocrx_word' id='word_1_428' title='bbox 3111 1706 3485 1775; x_wconf 83' lang='lat' dir='ltr'><strong>relinqueret?</strong></span> <span class='ocrx_word' id='word_1_429' title='bbox 3507 1704 3641 1760; x_wconf 86' lang='lat' dir='ltr'><strong>Om-</strong></span> 
     </span>
    </p>
   </div>
   <div class='ocr_carea' id='block_1_62' title="bbox 2068 1784 3633 1864">
    <p class='ocr_par' dir='ltr' id='par_1_62' title="bbox 2068 1784 3633 1864">
     <span class='ocr_line' id='line_1_62' title="bbox 2068 1784 3633 1864; baseline 0 -16"><span class='ocrx_word' id='word_1_430' title='bbox 2068 1795 2200 1849; x_wconf 90' lang='lat' dir='ltr'><strong>nino</strong></span> <span class='ocrx_word' id='word_1_431' title='bbox 2231 1784 2491 1850; x_wconf 82' lang='lat' dir='ltr'><strong>memoria</strong></span> <span class='ocrx_word' id='word_1_432' title='bbox 2523 1798 2742 1860; x_wconf 88' lang='lat' dir='ltr'><strong>tenetis,</strong></span> <span class='ocrx_word' id='word_1_433' title='bbox 2775 1810 2835 1850; x_wconf 90' lang='lat' dir='ltr'><strong>ut</strong></span> <span class='ocrx_word' id='word_1_434' title='bbox 2884 1797 3124 1851; x_wconf 85' lang='lat' dir='ltr'><strong>hostium</strong></span> <span class='ocrx_word' id='word_1_435' title='bbox 3153 1806 3298 1850; x_wconf 90' lang='lat' dir='ltr'><strong>terra</strong></span> <span class='ocrx_word' id='word_1_436' title='bbox 3325 1797 3633 1864; x_wconf 82' lang='lat' dir='ltr'><strong>suspectio-</strong></span> 
     </span>
    </p>
   </div>
   <div class='ocr_carea' id='block_1_63' title="bbox 2068 1885 3651 1956">
    <p class='ocr_par' dir='ltr' id='par_1_63' title="bbox 2068 1885 3651 1956">
     <span class='ocr_line' id='line_1_63' title="bbox 2068 1885 3651 1956; baseline 0 -17"><span class='ocrx_word' id='word_1_437' title='bbox 2068 1901 2180 1940; x_wconf 91' lang='lat' dir='ltr'><strong>rem</strong></span> <span class='ocrx_word' id='word_1_438' title='bbox 2213 1888 2442 1956; x_wconf 76' lang='lat' dir='ltr'><strong>patriam</strong></span> <span class='ocrx_word' id='word_1_439' title='bbox 2476 1888 2839 1951; x_wconf 85' lang='lat' dir='ltr'><strong>haberemus;</strong></span> <span class='ocrx_word' id='word_1_440' title='bbox 2885 1902 3187 1955; x_wconf 89' lang='lat' dir='ltr'><strong>omnesque</strong></span> <span class='ocrx_word' id='word_1_441' title='bbox 3221 1885 3274 1940; x_wconf 91' lang='lat' dir='ltr'><strong>in</strong></span> <span class='ocrx_word' id='word_1_442' title='bbox 3308 1885 3539 1947; x_wconf 82' lang='lat' dir='ltr'><strong>Italiam,</strong></span> <span class='ocrx_word' id='word_1_443' title='bbox 3572 1900 3651 1939; x_wconf 84' lang='lat' dir='ltr'><strong>ac</strong></span> 
     </span>
    </p>
   </div>
   <div class='ocr_carea' id='block_1_64' title="bbox 2068 1974 3633 2043">
    <p class='ocr_par' dir='ltr' id='par_1_64' title="bbox 2068 1974 3633 2043">
     <span class='ocr_line' id='line_1_64' title="bbox 2068 1974 3633 2043; baseline -0.001 -13"><span class='ocrx_word' id='word_1_444' title='bbox 2068 1974 2270 2038; x_wconf 82' lang='lat' dir='ltr'><strong>Gades,</strong></span> <span class='ocrx_word' id='word_1_445' title='bbox 2325 1991 2584 2043; x_wconf 67' lang='lat' dir='ltr'><strong>mareqm:</strong></span> <span class='ocrx_word' id='word_1_446' title='bbox 2646 1975 2929 2030; x_wconf 76' lang='lat' dir='ltr'><strong>Coiumnis</strong></span> <span class='ocrx_word' id='word_1_447' title='bbox 2988 1974 3241 2038; x_wconf 88' lang='lat' dir='ltr'><strong>ulterius,</strong></span> <span class='ocrx_word' id='word_1_448' title='bbox 3284 1983 3539 2043; x_wconf 82' lang='lat' dir='ltr'><strong>tanquam</strong></span> <span class='ocrx_word' id='word_1_449' title='bbox 3571 1990 3633 2028; x_wconf 83' lang='lat' dir='ltr'><strong>ea</strong></span> 
     </span>
    </p>
   </div>
   <div class='ocr_carea' id='block_1_65' title="bbox 2067 2064 3633 2134">
    <p class='ocr_par' dir='ltr' id='par_1_65' title="bbox 2067 2064 3633 2134">
     <span class='ocr_line' id='line_1_65' title="bbox 2067 2064 3633 2134; baseline -0.001 -16"><span class='ocrx_word' id='word_1_450' title='bbox 2067 2073 2275 2119; x_wconf 87' lang='lat' dir='ltr'><strong>tantum</strong></span> <span class='ocrx_word' id='word_1_451' title='bbox 2304 2065 2515 2119; x_wconf 87' lang='lat' dir='ltr'><strong>ratione</strong></span> <span class='ocrx_word' id='word_1_452' title='bbox 2544 2080 2571 2118; x_wconf 90' lang='lat' dir='ltr'><strong>a</strong></span> <span class='ocrx_word' id='word_1_453' title='bbox 2605 2064 2889 2119; x_wconf 76' lang='lat' dir='ltr'><strong>servitutis</strong></span> <span class='ocrx_word' id='word_1_454' title='bbox 2917 2065 3049 2134; x_wconf 73' lang='lat' dir='ltr'><strong>iugo</strong></span> <span class='ocrx_word' id='word_1_455' title='bbox 3081 2064 3354 2119; x_wconf 87' lang='lat' dir='ltr'><strong>liberandi</strong></span> <span class='ocrx_word' id='word_1_456' title='bbox 3404 2065 3633 2117; x_wconf 79' lang='lat' dir='ltr'><strong>festi:=a-</strong></span> 
     </span>
    </p>
   </div>
   <div class='ocr_carea' id='block_1_66' title="bbox 2066 2154 3648 2223">
    <p class='ocr_par' dir='ltr' id='par_1_66' title="bbox 2066 2154 3648 2223">
     <span class='ocr_line' id='line_1_66' title="bbox 2066 2154 3648 2223; baseline -0.003 -12"><span class='ocrx_word' id='word_1_457' title='bbox 2066 2167 2205 2211; x_wconf 89' lang='lat' dir='ltr'><strong>rcnt.</strong></span> <span class='ocrx_word' id='word_1_458' title='bbox 2239 2156 2409 2222; x_wconf 85' lang='lat' dir='ltr'><strong>Quam</strong></span> <span class='ocrx_word' id='word_1_459' title='bbox 2442 2170 2575 2223; x_wconf 77' lang='lat' dir='ltr'><strong>ergo</strong></span> <span class='ocrx_word' id='word_1_460' title='bbox 2608 2164 2734 2209; x_wconf 84' lang='lat' dir='ltr'><strong>tunc</strong></span> <span class='ocrx_word' id='word_1_461' title='bbox 2770 2156 3024 2208; x_wconf 87' lang='lat' dir='ltr'><strong>amissam</strong></span> <span class='ocrx_word' id='word_1_462' title='bbox 3057 2154 3402 2223; x_wconf 75' lang='lat' dir='ltr'><strong>lugebamns,</strong></span> <span class='ocrx_word' id='word_1_463' title='bbox 3464 2171 3503 2206; x_wconf 17' lang='lat' dir='ltr'><strong>ar</strong></span> <span class='ocrx_word' id='word_1_464' title='bbox 3526 2170 3648 2221; x_wconf 75' lang='lat' dir='ltr'><strong>qna-</strong></span> 
     </span>
    </p>
   </div>
   <div class='ocr_carea' id='block_1_67' title="bbox 2064 2246 3638 2315">
    <p class='ocr_par' dir='ltr' id='par_1_67' title="bbox 2064 2246 3638 2315">
     <span class='ocr_line' id='line_1_67' title="bbox 2064 2246 3638 2315; baseline -0.004 -10"><span class='ocrx_word' id='word_1_465' title='bbox 2064 2249 2365 2313; x_wconf 82' lang='lat' dir='ltr'><strong>serviente,</strong></span> <span class='ocrx_word' id='word_1_466' title='bbox 2403 2249 2612 2302; x_wconf 88' lang='lat' dir='ltr'><strong>nullum</strong></span> <span class='ocrx_word' id='word_1_467' title='bbox 2649 2264 2751 2300; x_wconf 89' lang='lat' dir='ltr'><strong>non</strong></span> <span class='ocrx_word' id='word_1_468' title='bbox 2775 2247 3199 2315; x_wconf 81' lang='lat' dir='ltr'><strong>exspectandum</strong></span> <span class='ocrx_word' id='word_1_469' title='bbox 3237 2246 3439 2299; x_wconf 84' lang='lat' dir='ltr'><strong>malum</strong></span> <span class='ocrx_word' id='word_1_470' title='bbox 3483 2246 3638 2299; x_wconf 88' lang='lat' dir='ltr'><strong>vide-</strong></span> 
     </span>
    </p>
   </div>
   <div class='ocr_carea' id='block_1_68' title="bbox 2066 2336 3636 2405">
    <p class='ocr_par' dir='ltr' id='par_1_68' title="bbox 2066 2336 3636 2405">
     <span class='ocr_line' id='line_1_68' title="bbox 2066 2336 3636 2405; baseline -0.001 -12"><span class='ocrx_word' id='word_1_471' title='bbox 2066 2340 2244 2405; x_wconf 82' lang='lat' dir='ltr'><strong>batur,</strong></span> <span class='ocrx_word' id='word_1_472' title='bbox 2272 2355 2393 2393; x_wconf 82' lang='lat' dir='ltr'><strong>eam</strong></span> <span class='ocrx_word' id='word_1_473' title='bbox 2422 2340 2500 2393; x_wconf 90' lang='lat' dir='ltr'><strong>sic</strong></span> <span class='ocrx_word' id='word_1_474' title='bbox 2537 2351 2742 2393; x_wconf 90' lang='lat' dir='ltr'><strong>temere</strong></span> <span class='ocrx_word' id='word_1_475' title='bbox 2775 2339 3138 2401; x_wconf 87' lang='lat' dir='ltr'><strong>dimittemus,</strong></span> <span class='ocrx_word' id='word_1_476' title='bbox 3166 2336 3308 2405; x_wconf 90' lang='lat' dir='ltr'><strong>quod</strong></span> <span class='ocrx_word' id='word_1_477' title='bbox 3333 2336 3529 2392; x_wconf 90' lang='lat' dir='ltr'><strong>iterum</strong></span> <span class='ocrx_word' id='word_1_478' title='bbox 3556 2336 3636 2391; x_wconf 80' lang='lat' dir='ltr'><strong>fa-</strong></span> 
     </span>
    </p>
   </div>
   <div class='ocr_carea' id='block_1_69' title="bbox 2064 2424 3633 2497">
    <p class='ocr_par' dir='ltr' id='par_1_69' title="bbox 2064 2424 3633 2497">
     <span class='ocr_line' id='line_1_69' title="bbox 2064 2424 3633 2497; baseline -0.001 -18"><span class='ocrx_word' id='word_1_479' title='bbox 2064 2444 2198 2481; x_wconf 66' lang='lat' dir='ltr'><strong>vens</strong></span> <span class='ocrx_word' id='word_1_480' title='bbox 2230 2426 2602 2497; x_wconf 86' lang='lat' dir='ltr'><strong>providentia,</strong></span> <span class='ocrx_word' id='word_1_481' title='bbox 2677 2442 2764 2480; x_wconf 89' lang='lat' dir='ltr'><strong>res</strong></span> <span class='ocrx_word' id='word_1_482' title='bbox 2792 2425 2953 2479; x_wconf 91' lang='lat' dir='ltr'><strong>nobis</strong></span> <span class='ocrx_word' id='word_1_483' title='bbox 2991 2424 3315 2490; x_wconf 76' lang='lat' dir='ltr'><strong>reduxerit,</strong></span> <span class='ocrx_word' id='word_1_484' title='bbox 3373 2433 3633 2493; x_wconf 85' lang='lat' dir='ltr'><strong>tanquam</strong></span> 
     </span>
    </p>
   </div>
   <div class='ocr_carea' id='block_1_70' title="bbox 2062 2512 3650 2589">
    <p class='ocr_par' dir='ltr' id='par_1_70' title="bbox 2062 2512 3650 2589">
     <span class='ocr_line' id='line_1_70' title="bbox 2062 2512 3650 2589; baseline -0.002 -18"><span class='ocrx_word' id='word_1_485' title='bbox 2062 2517 2148 2572; x_wconf 88' lang='lat' dir='ltr'><strong>vel</strong></span> <span class='ocrx_word' id='word_1_486' title='bbox 2179 2517 2409 2589; x_wconf 66' lang='lat' dir='ltr'><strong>jacturaz</strong></span> <span class='ocrx_word' id='word_1_487' title='bbox 2445 2516 2637 2579; x_wconf 89' lang='lat' dir='ltr'><strong>obliti,</strong></span> <span class='ocrx_word' id='word_1_488' title='bbox 2707 2515 2791 2569; x_wconf 86' lang='lat' dir='ltr'><strong>vel</strong></span> <span class='ocrx_word' id='word_1_489' title='bbox 2825 2515 2918 2583; x_wconf 86' lang='lat' dir='ltr'><strong>qui</strong></span> <span class='ocrx_word' id='word_1_490' title='bbox 2960 2515 3099 2568; x_wconf 83' lang='lat' dir='ltr'><strong>mala</strong></span> <span class='ocrx_word' id='word_1_491' title='bbox 3157 2513 3380 2583; x_wconf 87' lang='lat' dir='ltr'><strong>quidem</strong></span> <span class='ocrx_word' id='word_1_492' title='bbox 3416 2512 3650 2568; x_wconf 44' lang='lat' dir='ltr'><strong>fortuna‘</strong></span> 
     </span>
    </p>
   </div>
   <div class='ocr_carea' id='block_1_71' title="bbox 2064 2602 3647 2677">
    <p class='ocr_par' dir='ltr' id='par_1_71' title="bbox 2064 2602 3647 2677">
     <span class='ocr_line' id='line_1_71' title="bbox 2064 2602 3647 2677; baseline -0.004 -16"><span class='ocrx_word' id='word_1_493' title='bbox 2064 2609 2276 2662; x_wconf 69' lang='lat' dir='ltr'><strong>ratione</strong></span> <span class='ocrx_word' id='word_1_494' title='bbox 2309 2622 2469 2677; x_wconf 83' lang='lat' dir='ltr'><strong>agere</strong></span> <span class='ocrx_word' id='word_1_495' title='bbox 2502 2604 2817 2660; x_wconf 88' lang='lat' dir='ltr'><strong>noverimus</strong></span> <span class='ocrx_word' id='word_1_496' title='bbox 2840 2644 2855 2669; x_wconf 90' lang='lat'><strong>,</strong></span> <span class='ocrx_word' id='word_1_497' title='bbox 2886 2618 3147 2673; x_wconf 88' lang='lat' dir='ltr'><strong>prospera</strong></span> <span class='ocrx_word' id='word_1_498' title='bbox 3177 2613 3359 2657; x_wconf 88' lang='lat' dir='ltr'><strong>autem</strong></span> <span class='ocrx_word' id='word_1_499' title='bbox 3414 2602 3496 2657; x_wconf 92' lang='lat' dir='ltr'><strong>uti</strong></span> <span class='ocrx_word' id='word_1_500' title='bbox 3525 2617 3647 2656; x_wconf 12' lang='lat' dir='ltr'><strong>non.</strong></span> 
     </span>
    </p>
   </div>
   <div class='ocr_carea' id='block_1_72' title="bbox 2061 2690 3640 2769">
    <p class='ocr_par' dir='ltr' id='par_1_72' title="bbox 2061 2690 3640 2769">
     <span class='ocr_line' id='line_1_72' title="bbox 2061 2690 3640 2769; baseline -0.004 -16"><span class='ocrx_word' id='word_1_501' title='bbox 2061 2700 2359 2769; x_wconf 89' lang='lat' dir='ltr'><strong>possimus.</strong></span> <span class='ocrx_word' id='word_1_502' title='bbox 2393 2696 2633 2751; x_wconf 87' lang='lat' dir='ltr'><strong>Tametsi</strong></span> <span class='ocrx_word' id='word_1_503' title='bbox 2653 2694 2928 2765; x_wconf 83' lang='lat' dir='ltr'><strong>quomodo</strong></span> <span class='ocrx_word' id='word_1_504' title='bbox 2954 2708 3063 2747; x_wconf 93' lang='lat' dir='ltr'><strong>non</strong></span> <span class='ocrx_word' id='word_1_505' title='bbox 3092 2692 3244 2747; x_wconf 90' lang='lat' dir='ltr'><strong>omni</strong></span> <span class='ocrx_word' id='word_1_506' title='bbox 3271 2690 3377 2746; x_wconf 79' lang='lat' dir='ltr'><strong>[ine</strong></span> <span class='ocrx_word' id='word_1_507' title='bbox 3402 2691 3640 2761; x_wconf 85' lang='lat' dir='ltr'><strong>produc—</strong></span> 
     </span>
    </p>
   </div>
   <div class='ocr_carea' id='block_1_73' title="bbox 2064 2782 3638 2856">
    <p class='ocr_par' dir='ltr' id='par_1_73' title="bbox 2064 2782 3638 2856">
     <span class='ocr_line' id='line_1_73' title="bbox 2064 2782 3638 2856; baseline -0.003 -13"><span class='ocrx_word' id='word_1_508' title='bbox 2064 2790 2171 2844; x_wconf 87' lang='lat' dir='ltr'><strong>tius</strong></span> <span class='ocrx_word' id='word_1_509' title='bbox 2238 2790 2462 2855; x_wconf 90' lang='lat' dir='ltr'><strong>malum,</strong></span> <span class='ocrx_word' id='word_1_510' title='bbox 2503 2798 2563 2842; x_wconf 91' lang='lat' dir='ltr'><strong>ut</strong></span> <span class='ocrx_word' id='word_1_511' title='bbox 2615 2800 2849 2856; x_wconf 91' lang='lat' dir='ltr'><strong>quorum</strong></span> <span class='ocrx_word' id='word_1_512' title='bbox 2905 2782 3115 2839; x_wconf 88' lang='lat' dir='ltr'><strong>domini</strong></span> <span class='ocrx_word' id='word_1_513' title='bbox 3174 2798 3283 2837; x_wconf 92' lang='lat' dir='ltr'><strong>non</strong></span> <span class='ocrx_word' id='word_1_514' title='bbox 3332 2782 3638 2839; x_wconf 84' lang='lat' dir='ltr'><strong>sentiamus</strong></span> 
     </span>
    </p>
   </div>
   <div class='ocr_carea' id='block_1_74' title="bbox 2060 2876 3637 2951">
    <p class='ocr_par' dir='ltr' id='par_1_74' title="bbox 2060 2876 3637 2951">
     <span class='ocr_line' id='line_1_74' title="bbox 2060 2876 3637 2951; baseline -0.001 -20"><span class='ocrx_word' id='word_1_515' title='bbox 2060 2882 2189 2951; x_wconf 83' lang='lat' dir='ltr'><strong>quid</strong></span> <span class='ocrx_word' id='word_1_516' title='bbox 2217 2882 2307 2935; x_wconf 89' lang='lat' dir='ltr'><strong>illa</strong></span> <span class='ocrx_word' id='word_1_517' title='bbox 2344 2879 2613 2935; x_wconf 85' lang='lat' dir='ltr'><strong>commodi</strong></span> <span class='ocrx_word' id='word_1_518' title='bbox 2649 2880 2852 2932; x_wconf 83' lang='lat' dir='ltr'><strong>habent</strong></span> <span class='ocrx_word' id='word_1_519' title='bbox 2877 2919 2890 2939; x_wconf 86' lang='lat'><strong>,</strong></span> <span class='ocrx_word' id='word_1_520' title='bbox 2928 2876 3146 2931; x_wconf 91' lang='lat' dir='ltr'><strong>amissis</strong></span> <span class='ocrx_word' id='word_1_521' title='bbox 3179 2884 3362 2929; x_wconf 84' lang='lat' dir='ltr'><strong>autem</strong></span> <span class='ocrx_word' id='word_1_522' title='bbox 3397 2890 3637 2931; x_wconf 73' lang='lat' dir='ltr'><strong>interere</strong></span> 
     </span>
    </p>
   </div>
   <div class='ocr_carea' id='block_1_75' title="bbox 2060 2967 3638 3040">
    <p class='ocr_par' dir='ltr' id='par_1_75' title="bbox 2060 2967 3638 3040">
     <span class='ocr_line' id='line_1_75' title="bbox 2060 2967 3638 3040; baseline -0.004 -15"><span class='ocrx_word' id='word_1_523' title='bbox 2060 2972 2395 3026; x_wconf 80' lang='lat' dir='ltr'><strong>ailiciamur?</strong></span> <span class='ocrx_word' id='word_1_524' title='bbox 2428 2987 2492 3025; x_wconf 92' lang='lat' dir='ltr'><strong>ac</strong></span> <span class='ocrx_word' id='word_1_525' title='bbox 2523 2971 2743 3040; x_wconf 85' lang='lat' dir='ltr'><strong>quidem</strong></span> <span class='ocrx_word' id='word_1_526' title='bbox 2776 2970 3175 3028; x_wconf 88' lang='lat' dir='ltr'><strong>desideremus,</strong></span> <span class='ocrx_word' id='word_1_527' title='bbox 3240 2983 3365 3021; x_wconf 89' lang='lat' dir='ltr'><strong>cum</strong></span> <span class='ocrx_word' id='word_1_528' title='bbox 3398 2982 3504 3019; x_wconf 90' lang='lat' dir='ltr'><strong>non</strong></span> <span class='ocrx_word' id='word_1_529' title='bbox 3541 2967 3638 3018; x_wconf 81' lang='lat' dir='ltr'><strong>ad-</strong></span> 
     </span>
    </p>
   </div>
   <div class='ocr_carea' id='block_1_76' title="bbox 2063 3057 3635 3128">
    <p class='ocr_par' dir='ltr' id='par_1_76' title="bbox 2063 3057 3635 3128">
     <span class='ocr_line' id='line_1_76' title="bbox 2063 3057 3635 3128; baseline -0.004 -12"><span class='ocrx_word' id='word_1_530' title='bbox 2063 3071 2228 3128; x_wconf 78' lang='lat' dir='ltr'><strong>sunt;</strong></span> <span class='ocrx_word' id='word_1_531' title='bbox 2267 3077 2389 3116; x_wconf 88' lang='lat' dir='ltr'><strong>cum</strong></span> <span class='ocrx_word' id='word_1_532' title='bbox 2419 3077 2552 3116; x_wconf 88' lang='lat' dir='ltr'><strong>vero</strong></span> <span class='ocrx_word' id='word_1_533' title='bbox 2579 3059 2863 3123; x_wconf 89' lang='lat' dir='ltr'><strong>redierint,</strong></span> <span class='ocrx_word' id='word_1_534' title='bbox 2896 3060 3095 3113; x_wconf 92' lang='lat' dir='ltr'><strong>iterum</strong></span> <span class='ocrx_word' id='word_1_535' title='bbox 3137 3058 3516 3127; x_wconf 88' lang='lat' dir='ltr'><strong>projiciamus,</strong></span> <span class='ocrx_word' id='word_1_536' title='bbox 3548 3057 3635 3110; x_wconf 87' lang='lat' dir='ltr'><strong>id-</strong></span> 
     </span>
    </p>
   </div>
   <div class='ocr_carea' id='block_1_77' title="bbox 2064 3148 3637 3223">
    <p class='ocr_par' dir='ltr' id='par_1_77' title="bbox 2064 3148 3637 3223">
     <span class='ocr_line' id='line_1_77' title="bbox 2064 3148 3637 3223; baseline -0.003 -17"><span class='ocrx_word' id='word_1_537' title='bbox 2064 3169 2169 3223; x_wconf 86' lang='lat' dir='ltr'><strong>que</strong></span> <span class='ocrx_word' id='word_1_538' title='bbox 2195 3169 2319 3207; x_wconf 91' lang='lat' dir='ltr'><strong>cum</strong></span> <span class='ocrx_word' id='word_1_539' title='bbox 2353 3154 2588 3206; x_wconf 88' lang='lat' dir='ltr'><strong>sciamus</strong></span> <span class='ocrx_word' id='word_1_540' title='bbox 2611 3152 2752 3213; x_wconf 79' lang='lat' dir='ltr'><strong>fore,</strong></span> <span class='ocrx_word' id='word_1_541' title='bbox 2814 3160 2873 3204; x_wconf 91' lang='lat' dir='ltr'><strong>ut</strong></span> <span class='ocrx_word' id='word_1_542' title='bbox 2897 3164 3141 3204; x_wconf 90' lang='lat' dir='ltr'><strong>amorem</strong></span> <span class='ocrx_word' id='word_1_543' title='bbox 3174 3148 3400 3202; x_wconf 90' lang='lat' dir='ltr'><strong>minime</strong></span> <span class='ocrx_word' id='word_1_544' title='bbox 3428 3148 3637 3202; x_wconf 79' lang='lat' dir='ltr'><strong>exstin-</strong></span> 
     </span>
    </p>
   </div>
   <div class='ocr_carea' id='block_1_78' title="bbox 2062 3238 3637 3315">
    <p class='ocr_par' dir='ltr' id='par_1_78' title="bbox 2062 3238 3637 3315">
     <span class='ocr_line' id='line_1_78' title="bbox 2062 3238 3637 3315; baseline -0.001 -19"><span class='ocrx_word' id='word_1_545' title='bbox 2062 3259 2313 3315; x_wconf 82' lang='lat' dir='ltr'><strong>guamus,</strong></span> <span class='ocrx_word' id='word_1_546' title='bbox 2350 3243 2445 3297; x_wconf 90' lang='lat' dir='ltr'><strong>sed</strong></span> <span class='ocrx_word' id='word_1_547' title='bbox 2475 3252 2532 3296; x_wconf 90' lang='lat' dir='ltr'><strong>ut</strong></span> <span class='ocrx_word' id='word_1_548' title='bbox 2560 3245 2723 3296; x_wconf 90' lang='lat' dir='ltr'><strong>etiam</strong></span> <span class='ocrx_word' id='word_1_549' title='bbox 2752 3241 3026 3295; x_wconf 81' lang='lat' dir='ltr'><strong>exstincta</strong></span> <span class='ocrx_word' id='word_1_550' title='bbox 3056 3255 3115 3292; x_wconf 87' lang='lat' dir='ltr'><strong>re</strong></span> <span class='ocrx_word' id='word_1_551' title='bbox 3143 3254 3461 3309; x_wconf 82' lang='lat' dir='ltr'><strong>augeamus.</strong></span> <span class='ocrx_word' id='word_1_552' title='bbox 3522 3238 3637 3294; x_wconf 86' lang='lat' dir='ltr'><strong>lloc</strong></span> 
     </span>
    </p>
   </div>
   <div class='ocr_carea' id='block_1_79' title="bbox 2060 3331 3636 3404">
    <p class='ocr_par' dir='ltr' id='par_1_79' title="bbox 2060 3331 3636 3404">
     <span class='ocr_line' id='line_1_79' title="bbox 2060 3331 3636 3404; baseline -0.003 -16"><span class='ocrx_word' id='word_1_553' title='bbox 2060 3335 2206 3390; x_wconf 88' lang='lat' dir='ltr'><strong>enim</strong></span> <span class='ocrx_word' id='word_1_554' title='bbox 2232 3336 2430 3404; x_wconf 88' lang='lat' dir='ltr'><strong>palam,</strong></span> <span class='ocrx_word' id='word_1_555' title='bbox 2465 3348 2573 3387; x_wconf 92' lang='lat' dir='ltr'><strong>non</strong></span> <span class='ocrx_word' id='word_1_556' title='bbox 2599 3346 2789 3385; x_wconf 87' lang='lat' dir='ltr'><strong>eorum</strong></span> <span class='ocrx_word' id='word_1_557' title='bbox 2826 3332 2897 3384; x_wconf 90' lang='lat' dir='ltr'><strong>sit</strong></span> <span class='ocrx_word' id='word_1_558' title='bbox 2923 3331 3016 3398; x_wconf 85' lang='lat' dir='ltr'><strong>qui</strong></span> <span class='ocrx_word' id='word_1_559' title='bbox 3049 3331 3211 3384; x_wconf 86' lang='lat' dir='ltr'><strong>telam</strong></span> <span class='ocrx_word' id='word_1_560' title='bbox 3254 3336 3505 3384; x_wconf 76' lang='lat' dir='ltr'><strong>retexunt</strong></span> <span class='ocrx_word' id='word_1_561' title='bbox 3535 3332 3636 3383; x_wconf 81' lang='lat' dir='ltr'><strong>Pe-</strong></span> 
     </span>
    </p>
   </div>
   <div class='ocr_carea' id='block_1_80' title="bbox 2062 3417 3633 3491">
    <p class='ocr_par' dir='ltr' id='par_1_80' title="bbox 2062 3417 3633 3491">
     <span class='ocr_line' id='line_1_80' title="bbox 2062 3417 3633 3491; baseline -0.004 -15"><span class='ocrx_word' id='word_1_562' title='bbox 2062 3423 2310 3491; x_wconf 84' lang='lat' dir='ltr'><strong>nelopes,</strong></span> <span class='ocrx_word' id='word_1_563' title='bbox 2342 3421 2435 3475; x_wconf 85' lang='lat' dir='ltr'><strong>sed</strong></span> <span class='ocrx_word' id='word_1_564' title='bbox 2460 3421 2555 3487; x_wconf 83' lang='lat' dir='ltr'><strong>qui</strong></span> <span class='ocrx_word' id='word_1_565' title='bbox 2584 3420 2797 3489; x_wconf 88' lang='lat' dir='ltr'><strong>seipsos</strong></span> <span class='ocrx_word' id='word_1_566' title='bbox 2824 3417 3084 3487; x_wconf 85' lang='lat' dir='ltr'><strong>perdant,</strong></span> <span class='ocrx_word' id='word_1_567' title='bbox 3137 3430 3348 3485; x_wconf 88' lang='lat' dir='ltr'><strong>suaque</strong></span> <span class='ocrx_word' id='word_1_568' title='bbox 3387 3417 3633 3487; x_wconf 91' lang='lat' dir='ltr'><strong>ipsorum</strong></span> 
     </span>
    </p>
   </div>
   <div class='ocr_carea' id='block_1_81' title="bbox 2060 3510 2628 3566">
    <p class='ocr_par' dir='ltr' id='par_1_81' title="bbox 2060 3510 2628 3566">
     <span class='ocr_line' id='line_1_81' title="bbox 2060 3510 2628 3566; baseline -0.005 -1"><span class='ocrx_word' id='word_1_569' title='bbox 2060 3521 2185 3566; x_wconf 84' lang='lat' dir='ltr'><strong>vota</strong></span> <span class='ocrx_word' id='word_1_570' title='bbox 2217 3510 2345 3565; x_wconf 86' lang='lat' dir='ltr'><strong>odio</strong></span> <span class='ocrx_word' id='word_1_571' title='bbox 2370 3511 2628 3564; x_wconf 88' lang='lat' dir='ltr'><strong>habeant.</strong></span> 
     </span>
    </p>
   </div>
   <div class='ocr_carea' id='block_1_82' title="bbox 2131 3606 3634 3682">
    <p class='ocr_par' dir='ltr' id='par_1_82' title="bbox 2131 3606 3634 3682">
     <span class='ocr_line' id='line_1_82' title="bbox 2131 3606 3634 3682; baseline -0.005 -16"><span class='ocrx_word' id='word_1_572' title='bbox 2131 3612 2292 3682; x_wconf 82' lang='lat' dir='ltr'><strong>Atqui</strong></span> <span class='ocrx_word' id='word_1_573' title='bbox 2321 3622 2380 3666; x_wconf 91' lang='lat' dir='ltr'><strong>ut</strong></span> <span class='ocrx_word' id='word_1_574' title='bbox 2410 3612 2613 3666; x_wconf 85' lang='lat' dir='ltr'><strong>nostris</strong></span> <span class='ocrx_word' id='word_1_575' title='bbox 2639 3610 2740 3680; x_wconf 93' lang='lat' dir='ltr'><strong>ipsi</strong></span> <span class='ocrx_word' id='word_1_576' title='bbox 2766 3608 3045 3665; x_wconf 90' lang='lat' dir='ltr'><strong>reditibus</strong></span> <span class='ocrx_word' id='word_1_577' title='bbox 3081 3606 3542 3678; x_wconf 82' lang='lat' dir='ltr'><strong>expeditioneqne</strong></span> <span class='ocrx_word' id='word_1_578' title='bbox 3569 3619 3634 3659; x_wconf 82' lang='lat' dir='ltr'><strong>ac</strong></span> 
     </span>
    </p>
   </div>
   <div class='ocr_carea' id='block_1_83' title="bbox 2059 3694 3645 3772">
    <p class='ocr_par' dir='ltr' id='par_1_83' title="bbox 2059 3694 3645 3772">
     <span class='ocr_line' id='line_1_83' title="bbox 2059 3694 3645 3772; baseline -0.008 -15"><span class='ocrx_word' id='word_1_579' title='bbox 2059 3702 2362 3765; x_wconf 81' lang='lat' dir='ltr'><strong>laboribus,</strong></span> <span class='ocrx_word' id='word_1_580' title='bbox 2384 3717 2505 3757; x_wconf 92' lang='lat' dir='ltr'><strong>cum</strong></span> <span class='ocrx_word' id='word_1_581' title='bbox 2530 3702 2684 3772; x_wconf 91' lang='lat' dir='ltr'><strong>prius</strong></span> <span class='ocrx_word' id='word_1_582' title='bbox 2707 3699 2964 3755; x_wconf 87' lang='lat' dir='ltr'><strong>Barbaris</strong></span> <span class='ocrx_word' id='word_1_583' title='bbox 2992 3698 3234 3769; x_wconf 87' lang='lat' dir='ltr'><strong>subjecta</strong></span> <span class='ocrx_word' id='word_1_584' title='bbox 3251 3704 3416 3759; x_wconf 79' lang='lat' dir='ltr'><strong>esset,</strong></span> <span class='ocrx_word' id='word_1_585' title='bbox 3442 3694 3645 3747; x_wconf 76' lang='lat' dir='ltr'><strong>urbem</strong></span> 
     </span>
    </p>
   </div>
   <div class='ocr_carea' id='block_1_84' title="bbox 2063 3790 3651 3860">
    <p class='ocr_par' dir='ltr' id='par_1_84' title="bbox 2063 3790 3651 3860">
     <span class='ocr_line' id='line_1_84' title="bbox 2063 3790 3651 3860; baseline -0.006 -15"><span class='ocrx_word' id='word_1_586' title='bbox 2063 3794 2217 3848; x_wconf 89' lang='lat' dir='ltr'><strong>nobis</strong></span> <span class='ocrx_word' id='word_1_587' title='bbox 2250 3794 2699 3857; x_wconf 85' lang='lat' dir='ltr'><strong>asseruissemus,</strong></span> <span class='ocrx_word' id='word_1_588' title='bbox 2753 3806 2855 3847; x_wconf 89' lang='lat' dir='ltr'><strong>nec</strong></span> <span class='ocrx_word' id='word_1_589' title='bbox 2884 3790 2964 3845; x_wconf 90' lang='lat' dir='ltr'><strong>sic</strong></span> <span class='ocrx_word' id='word_1_590' title='bbox 2996 3806 3095 3860; x_wconf 88' lang='lat' dir='ltr'><strong>par</strong></span> <span class='ocrx_word' id='word_1_591' title='bbox 3119 3798 3237 3844; x_wconf 91' lang='lat' dir='ltr'><strong>erat</strong></span> <span class='ocrx_word' id='word_1_592' title='bbox 3271 3800 3651 3856; x_wconf 81' lang='lat' dir='ltr'><strong>expensarum.</strong></span> 
     </span>
    </p>
   </div>
   <div class='ocr_carea' id='block_1_85' title="bbox 2060 3873 3632 3953">
    <p class='ocr_par' dir='ltr' id='par_1_85' title="bbox 2060 3873 3632 3953">
     <span class='ocr_line' id='line_1_85' title="bbox 2060 3873 3632 3953; baseline -0.005 -16"><span class='ocrx_word' id='word_1_593' title='bbox 2060 3884 2259 3939; x_wconf 89' lang='lat' dir='ltr'><strong>oblitos</strong></span> <span class='ocrx_word' id='word_1_594' title='bbox 2284 3899 2348 3940; x_wconf 92' lang='lat' dir='ltr'><strong>ac</strong></span> <span class='ocrx_word' id='word_1_595' title='bbox 2379 3892 2754 3953; x_wconf 79' lang='lat' dir='ltr'><strong>suscepturum</strong></span> <span class='ocrx_word' id='word_1_596' title='bbox 2785 3882 3061 3945; x_wconf 89' lang='lat' dir='ltr'><strong>laborum,</strong></span> <span class='ocrx_word' id='word_1_597' title='bbox 3124 3881 3205 3935; x_wconf 86' lang='lat' dir='ltr'><strong>sic</strong></span> <span class='ocrx_word' id='word_1_598' title='bbox 3268 3892 3458 3932; x_wconf 89' lang='lat' dir='ltr'><strong>rursus</strong></span> <span class='ocrx_word' id='word_1_599' title='bbox 3491 3873 3632 3937; x_wconf 87' lang='lat' dir='ltr'><strong>_illis</strong></span> 
     </span>
    </p>
   </div>
   <div class='ocr_carea' id='block_1_86' title="bbox 2060 3968 3649 4041">
    <p class='ocr_par' dir='ltr' id='par_1_86' title="bbox 2060 3968 3649 4041">
     <span class='ocr_line' id='line_1_86' title="bbox 2060 3968 3649 4041; baseline -0.007 -10"><span class='ocrx_word' id='word_1_600' title='bbox 2060 3977 2359 4033; x_wconf 90' lang='lat' dir='ltr'><strong>dimittere.</strong></span> <span class='ocrx_word' id='word_1_601' title='bbox 2396 3976 2555 4030; x_wconf 79' lang='lat' dir='ltr'><strong>Esset</strong></span> <span class='ocrx_word' id='word_1_602' title='bbox 2585 3975 2953 4028; x_wconf 80' lang='lat' dir='ltr'><strong>nihilominus</strong></span> <span class='ocrx_word' id='word_1_603' title='bbox 2986 3971 3198 4041; x_wconf 88' lang='lat' dir='ltr'><strong>aliquid</strong></span> <span class='ocrx_word' id='word_1_604' title='bbox 3255 3970 3323 4023; x_wconf 89' lang='lat' dir='ltr'><strong>ad</strong></span> <span class='ocrx_word' id='word_1_605' title='bbox 3360 3968 3649 4023; x_wconf 25' lang='lat' dir='ltr'><strong>rationem.</strong></span> 
     </span>
    </p>
   </div>
   <div class='ocr_carea' id='block_1_87' title="bbox 2061 4061 3629 4139">
    <p class='ocr_par' dir='ltr' id='par_1_87' title="bbox 2061 4061 3629 4139">
     <span class='ocr_line' id='line_1_87' title="bbox 2061 4061 3629 4139; baseline -0.007 -16"><span class='ocrx_word' id='word_1_606' title='bbox 2061 4069 2371 4139; x_wconf 83' lang='lat' dir='ltr'><strong>probabile,</strong></span> <span class='ocrx_word' id='word_1_607' title='bbox 2412 4076 2471 4121; x_wconf 91' lang='lat' dir='ltr'><strong>ut</strong></span> <span class='ocrx_word' id='word_1_608' title='bbox 2527 4084 2595 4122; x_wconf 90' lang='lat' dir='ltr'><strong>eo</strong></span> <span class='ocrx_word' id='word_1_609' title='bbox 2646 4067 2699 4121; x_wconf 91' lang='lat' dir='ltr'><strong>in</strong></span> <span class='ocrx_word' id='word_1_610' title='bbox 2761 4065 3173 4135; x_wconf 60' lang='lat' dir='ltr'><strong>praesentiarum</strong></span> <span class='ocrx_word' id='word_1_611' title='bbox 3207 4061 3629 4132; x_wconf 81' lang='lat' dir='ltr'><strong>negligeremus,</strong></span> 
     </span>
    </p>
   </div>
   <div class='ocr_carea' id='block_1_88' title="bbox 2059 4152 3631 4230">
    <p class='ocr_par' dir='ltr' id='par_1_88' title="bbox 2059 4152 3631 4230">
     <span class='ocr_line' id='line_1_88' title="bbox 2059 4152 3631 4230; baseline -0.005 -17"><span class='ocrx_word' id='word_1_612' title='bbox 2059 4158 2205 4230; x_wconf 89' lang='lat' dir='ltr'><strong>quod</strong></span> <span class='ocrx_word' id='word_1_613' title='bbox 2240 4160 2293 4213; x_wconf 93' lang='lat' dir='ltr'><strong>in</strong></span> <span class='ocrx_word' id='word_1_614' title='bbox 2319 4167 2503 4214; x_wconf 90' lang='lat' dir='ltr'><strong>nostra</strong></span> <span class='ocrx_word' id='word_1_615' title='bbox 2527 4167 2793 4229; x_wconf 81' lang='lat' dir='ltr'><strong>potestate</strong></span> <span class='ocrx_word' id='word_1_616' title='bbox 2816 4166 2959 4211; x_wconf 82' lang='lat' dir='ltr'><strong>esset</strong></span> <span class='ocrx_word' id='word_1_617' title='bbox 2992 4157 3193 4209; x_wconf 84' lang='lat' dir='ltr'><strong>iterum</strong></span> <span class='ocrx_word' id='word_1_618' title='bbox 3219 4170 3342 4209; x_wconf 91' lang='lat' dir='ltr'><strong>eum</strong></span> <span class='ocrx_word' id='word_1_619' title='bbox 3368 4152 3631 4207; x_wconf 88' lang='lat' dir='ltr'><strong>vellemus</strong></span> 
     </span>
    </p>
   </div>
   <div class='ocr_carea' id='block_1_89' title="bbox 2061 4244 3631 4321">
    <p class='ocr_par' dir='ltr' id='par_1_89' title="bbox 2061 4244 3631 4321">
     <span class='ocr_line' id='line_1_89' title="bbox 2061 4244 3631 4321; baseline -0.006 -15"><span class='ocrx_word' id='word_1_620' title='bbox 2061 4251 2307 4321; x_wconf 90' lang='lat' dir='ltr'><strong>recipere</strong></span> <span class='ocrx_word' id='word_1_621' title='bbox 2338 4269 2352 4305; x_wconf 90' lang='lat'><strong>:</strong></span> <span class='ocrx_word' id='word_1_622' title='bbox 2384 4264 2697 4320; x_wconf 89' lang='lat' dir='ltr'><strong>quanquam</strong></span> <span class='ocrx_word' id='word_1_623' title='bbox 2729 4248 2957 4317; x_wconf 88' lang='lat' dir='ltr'><strong>alioqui,</strong></span> <span class='ocrx_word' id='word_1_624' title='bbox 2995 4257 3052 4300; x_wconf 91' lang='lat' dir='ltr'><strong>ut</strong></span> <span class='ocrx_word' id='word_1_625' title='bbox 3100 4246 3374 4312; x_wconf 83' lang='lat' dir='ltr'><strong>dicebam,</strong></span> <span class='ocrx_word' id='word_1_626' title='bbox 3402 4244 3631 4300; x_wconf 88' lang='lat' dir='ltr'><strong>stultum</strong></span> 
     </span>
    </p>
   </div>
   <div class='ocr_carea' id='block_1_90' title="bbox 2061 4340 3629 4405">
    <p class='ocr_par' dir='ltr' id='par_1_90' title="bbox 2061 4340 3629 4405">
     <span class='ocr_line' id='line_1_90' title="bbox 2061 4340 3629 4405; baseline -0.004 -10"><span class='ocrx_word' id='word_1_627' title='bbox 2061 4341 2154 4405; x_wconf 87' lang='lat' dir='ltr'><strong>sit,</strong></span> <span class='ocrx_word' id='word_1_628' title='bbox 2174 4350 2235 4394; x_wconf 91' lang='lat' dir='ltr'><strong>ut</strong></span> <span class='ocrx_word' id='word_1_629' title='bbox 2255 4340 2399 4395; x_wconf 89' lang='lat' dir='ltr'><strong>ultro</strong></span> <span class='ocrx_word' id='word_1_630' title='bbox 2428 4340 2757 4403; x_wconf 87' lang='lat' dir='ltr'><strong>tribuentes,</strong></span> <span class='ocrx_word' id='word_1_631' title='bbox 2782 4342 2963 4392; x_wconf 83' lang='lat' dir='ltr'><strong>denuo</strong></span> <span class='ocrx_word' id='word_1_632' title='bbox 2991 4352 3256 4391; x_wconf 89' lang='lat' dir='ltr'><strong>conemur</strong></span> <span class='ocrx_word' id='word_1_633' title='bbox 3283 4350 3629 4404; x_wconf 88' lang='lat' dir='ltr'><strong>recuperare.</strong></span> 
     </span>
    </p>
   </div>
   <div class='ocr_carea' id='block_1_91' title="bbox 390 4421 1975 4507">
    <p class='ocr_par' dir='ltr' id='par_1_91' title="bbox 390 4421 1952 4503">
     <span class='ocr_line' id='line_1_91' title="bbox 390 4421 1952 4503; baseline 0.006 -28"><span class='ocrx_word' id='word_1_634' title='bbox 390 4421 458 4476; x_wconf 72' lang='lat' dir='ltr'><strong>Et</strong></span> <span class='ocrx_word' id='word_1_635' title='bbox 496 4423 542 4475; x_wconf 84' lang='grc' dir='ltr'><strong>δ’</strong></span> <span class='ocrx_word' id='word_1_636' title='bbox 576 4425 737 4493; x_wconf 82' lang='grc' dir='ltr'><strong>ήμεῖς</strong></span> <span class='ocrx_word' id='word_1_637' title='bbox 778 4425 887 4478; x_wconf 78' lang='grc' dir='ltr'><strong>τόθ’</strong></span> <span class='ocrx_word' id='word_1_638' title='bbox 933 4426 1135 4498; x_wconf 81' lang='grc' dir='ltr'><strong>ἀλούσῃ</strong></span> <span class='ocrx_word' id='word_1_639' title='bbox 1182 4428 1399 4481; x_wconf 81' lang='grc' dir='ltr'><strong>τοσαῦτ’</strong></span> <span class='ocrx_word' id='word_1_640' title='bbox 1452 4430 1770 4500; x_wconf 81' lang='grc' dir='ltr'><strong>ἀπέσχομεν</strong></span> <span class='ocrx_word' id='word_1_641' title='bbox 1815 4434 1952 4503; x_wconf 76' lang='grc' dir='ltr'><strong>αὐτῇ</strong></span> 
     </span>
    </p>
   </div>
   <div class='ocr_carea' id='block_1_92' title="bbox 2065 4421 3634 4507">
    <p class='ocr_par' dir='ltr' id='par_1_92' title="bbox 2065 4429 3634 4501">
     <span class='ocr_line' id='line_1_92' title="bbox 2065 4429 3634 4501; baseline -0.005 -13"><span class='ocrx_word' id='word_1_642' title='bbox 2065 4448 2123 4488; x_wconf 73' lang='lat' dir='ltr'><strong>ac</strong></span> <span class='ocrx_word' id='word_1_643' title='bbox 2152 4432 2393 4501; x_wconf 88' lang='lat' dir='ltr'><strong>quotidie</strong></span> <span class='ocrx_word' id='word_1_644' title='bbox 2415 4432 2624 4501; x_wconf 78' lang='lat' dir='ltr'><strong>negotia</strong></span> <span class='ocrx_word' id='word_1_645' title='bbox 2640 4431 2956 4485; x_wconf 87' lang='lat' dir='ltr'><strong>habeamus.</strong></span> <span class='ocrx_word' id='word_1_646' title='bbox 2972 4429 3126 4495; x_wconf 85' lang='lat' dir='ltr'><strong>Quod</strong></span> <span class='ocrx_word' id='word_1_647' title='bbox 3144 4430 3187 4483; x_wconf 87' lang='lat' dir='ltr'><strong>si</strong></span> <span class='ocrx_word' id='word_1_648' title='bbox 3208 4440 3475 4491; x_wconf 64' lang='lat' dir='ltr'><strong>nos,\cum</strong></span> <span class='ocrx_word' id='word_1_649' title='bbox 3504 4437 3634 4481; x_wconf 87' lang='lat' dir='ltr'><strong>tunc</strong></span> 
     </span>
    </p>
   </div>
   <div class='ocr_carea' id='block_1_93' title="bbox 392 4511 1955 4589">
    <p class='ocr_par' dir='ltr' id='par_1_93' title="bbox 392 4511 1955 4589">
     <span class='ocr_line' id='line_1_93' title="bbox 392 4511 1955 4589; baseline 0.008 -26"><span class='ocrx_word' id='word_1_650' title='bbox 392 4511 679 4581; x_wconf 81' lang='grc' dir='ltr'><strong>βοηθῆσαι,</strong></span> <span class='ocrx_word' id='word_1_651' title='bbox 711 4515 836 4567; x_wconf 84' lang='grc' dir='ltr'><strong>ὅσον</strong></span> <span class='ocrx_word' id='word_1_652' title='bbox 866 4516 990 4585; x_wconf 79' lang='grc' dir='ltr'><strong>ἐμοὶ</strong></span> <span class='ocrx_word' id='word_1_653' title='bbox 1025 4516 1176 4570; x_wconf 79' lang='grc' dir='ltr'><strong>δοκεῖ</strong></span> <span class='ocrx_word' id='word_1_654' title='bbox 1210 4518 1423 4571; x_wconf 79' lang='grc' dir='ltr'><strong>καὶτοῦ</strong></span> <span class='ocrx_word' id='word_1_655' title='bbox 1462 4520 1807 4589; x_wconf 80' lang='grc' dir='ltr'><strong>πτήσεσθαι’</strong></span> <span class='ocrx_word' id='word_1_656' title='bbox 1842 4522 1955 4576; x_wconf 82' lang='grc' dir='ltr'><strong>ίστε</strong></span> 
     </span>
    </p>
   </div>
   <div class='ocr_carea' id='block_1_94' title="bbox 389 4604 1962 4682">
    <p class='ocr_par' dir='ltr' id='par_1_94' title="bbox 389 4604 1962 4682">
     <span class='ocr_line' id='line_1_94' title="bbox 389 4604 1962 4682; baseline 0.006 -27"><span class='ocrx_word' id='word_1_657' title='bbox 389 4608 500 4674; x_wconf 73' lang='grc' dir='ltr'><strong>γὰρ</strong></span> <span class='ocrx_word' id='word_1_658' title='bbox 522 4604 595 4668; x_wconf 85' lang='grc' dir='ltr'>ὡς</span> <span class='ocrx_word' id='word_1_659' title='bbox 622 4606 776 4670; x_wconf 80' lang='grc' dir='ltr'><strong>ἔτους</strong></span> <span class='ocrx_word' id='word_1_660' title='bbox 805 4608 1037 4661; x_wconf 80' lang='grc' dir='ltr'><strong>ἑκάστου</strong></span> <span class='ocrx_word' id='word_1_661' title='bbox 1068 4610 1195 4679; x_wconf 75' lang='grc' dir='ltr'><strong>περὶ</strong></span> <span class='ocrx_word' id='word_1_662' title='bbox 1224 4608 1430 4663; x_wconf 90' lang='grc' dir='ltr'><strong>τούτων</strong></span> <span class='ocrx_word' id='word_1_663' title='bbox 1461 4612 1755 4682; x_wconf 78' lang='grc' dir='ltr'><strong>ἐκκλησίαν</strong></span> <span class='ocrx_word' id='word_1_664' title='bbox 1779 4615 1962 4681; x_wconf 78' lang='grc' dir='ltr'><strong>ἀθροί-</strong></span> 
     </span>
    </p>
   </div>
   <div class='ocr_carea' id='block_1_95' title="bbox 392 4688 1960 4774">
    <p class='ocr_par' dir='ltr' id='par_1_95' title="bbox 392 4688 1960 4774">
     <span class='ocr_line' id='line_1_95' title="bbox 392 4688 1960 4774; baseline 0.004 -23"><span class='ocrx_word' id='word_1_665' title='bbox 392 4699 599 4763; x_wconf 82' lang='grc' dir='ltr'><strong>ζοντες,</strong></span> <span class='ocrx_word' id='word_1_666' title='bbox 634 4688 805 4769; x_wconf 69' lang='grc' dir='ltr'><strong>πεζῆς</strong></span> <span class='ocrx_word' id='word_1_667' title='bbox 839 4699 936 4769; x_wconf 82' lang='grc' dir='ltr'><strong>μὲν</strong></span> <span class='ocrx_word' id='word_1_668' title='bbox 995 4699 1280 4769; x_wconf 84' lang='grc' dir='ltr'><strong>δυνάμεως</strong></span> <span class='ocrx_word' id='word_1_669' title='bbox 1308 4703 1410 4754; x_wconf 82' lang='grc' dir='ltr'><strong>οὐκ</strong></span> <span class='ocrx_word' id='word_1_670' title='bbox 1449 4703 1735 4767; x_wconf 85' lang='grc' dir='ltr'><strong>ἐλάττονος</strong></span> <span class='ocrx_word' id='word_1_671' title='bbox 1764 4705 1796 4774; x_wconf 78' lang='grc' dir='ltr'>ἢ</span> <span class='ocrx_word' id='word_1_672' title='bbox 1826 4704 1960 4774; x_wconf 78' lang='grc' dir='ltr'><strong>Ξέρ-</strong></span> 
     </span>
    </p>
   </div>
   <div class='ocr_carea' id='block_1_96' title="bbox 396 4785 1963 4865">
    <p class='ocr_par' dir='ltr' id='par_1_96' title="bbox 396 4785 1963 4865">
     <span class='ocr_line' id='line_1_96' title="bbox 396 4785 1963 4865; baseline 0.006 -25"><span class='ocrx_word' id='word_1_673' title='bbox 396 4788 497 4859; x_wconf 81' lang='grc' dir='ltr'><strong>ξης</strong></span> <span class='ocrx_word' id='word_1_674' title='bbox 527 4790 624 4843; x_wconf 75' lang='grc' dir='ltr'><strong>ἐπὶ</strong></span> <span class='ocrx_word' id='word_1_675' title='bbox 645 4790 771 4854; x_wconf 78' lang='grc' dir='ltr'><strong>τοὺς</strong></span> <span class='ocrx_word' id='word_1_676' title='bbox 806 4789 1076 4857; x_wconf 81' lang='grc' dir='ltr'><strong>Ἕλληνας</strong></span> <span class='ocrx_word' id='word_1_677' title='bbox 1118 4785 1243 4860; x_wconf 83' lang='grc' dir='ltr'><strong>ἦγε,</strong></span> <span class='ocrx_word' id='word_1_678' title='bbox 1281 4793 1394 4854; x_wconf 85' lang='grc' dir='ltr'><strong>τοῖς</strong></span> <span class='ocrx_word' id='word_1_679' title='bbox 1426 4794 1748 4863; x_wconf 81' lang='grc' dir='ltr'><strong>πράγμασιν</strong></span> <span class='ocrx_word' id='word_1_680' title='bbox 1782 4796 1963 4865; x_wconf 80' lang='grc' dir='ltr'><strong>ἐλέγο-</strong></span> 
     </span>
    </p>
   </div>
   <div class='ocr_carea' id='block_1_97' title="bbox 396 4881 1961 4960">
    <p class='ocr_par' dir='ltr' id='par_1_97' title="bbox 396 4881 1961 4960">
     <span class='ocr_line' id='line_1_97' title="bbox 396 4881 1961 4960; baseline 0.007 -28"><span class='ocrx_word' id='word_1_681' title='bbox 396 4897 497 4948; x_wconf 81' lang='grc' dir='ltr'>μεν</span> <span class='ocrx_word' id='word_1_682' title='bbox 536 4882 647 4935; x_wconf 82' lang='grc' dir='ltr'>δεῖν</span> <span class='ocrx_word' id='word_1_683' title='bbox 668 4896 682 4913; x_wconf 82' lang='grc'><strong><em>⁸</em></strong></span> <span class='ocrx_word' id='word_1_684' title='bbox 721 4881 858 4934; x_wconf 87' lang='grc' dir='ltr'><strong>νεῶν</strong></span> <span class='ocrx_word' id='word_1_685' title='bbox 888 4883 943 4936; x_wconf 84' lang='grc' dir='ltr'><strong>δὲ</strong></span> <span class='ocrx_word' id='word_1_686' title='bbox 975 4883 1262 4947; x_wconf 83' lang='grc' dir='ltr'><strong>πλειόνων,</strong></span> <span class='ocrx_word' id='word_1_687' title='bbox 1295 4884 1330 4953; x_wconf 80' lang='grc' dir='ltr'>ἢ</span> <span class='ocrx_word' id='word_1_688' title='bbox 1360 4885 1429 4938; x_wconf 82' lang='grc' dir='ltr'><strong>δι⁹</strong></span> <span class='ocrx_word' id='word_1_689' title='bbox 1454 4886 1596 4940; x_wconf 78' lang='grc' dir='ltr'><strong>ὅσων</strong></span> <span class='ocrx_word' id='word_1_690' title='bbox 1628 4888 1728 4959; x_wconf 79' lang='grc' dir='ltr'><strong>τήν</strong></span> <span class='ocrx_word' id='word_1_691' title='bbox 1759 4889 1961 4960; x_wconf 85' lang='grc' dir='ltr'><strong>Τροίαν</strong></span> 
     </span>
    </p>
   </div>
   <div class='ocr_carea' id='block_1_98' title="bbox 395 4969 1959 5051">
    <p class='ocr_par' dir='ltr' id='par_1_98' title="bbox 395 4969 1959 5051">
     <span class='ocr_line' id='line_1_98' title="bbox 395 4969 1959 5051; baseline 0.006 -26"><span class='ocrx_word' id='word_1_692' title='bbox 395 4972 659 5043; x_wconf 83' lang='grc' dir='ltr'><strong>Ἕλληνες</strong></span> <span class='ocrx_word' id='word_1_693' title='bbox 714 4969 894 5026; x_wconf 78' lang='grc' dir='ltr'><strong>εἷλον·</strong></span> <span class='ocrx_word' id='word_1_694' title='bbox 955 4977 1255 5047; x_wconf 82' lang='grc' dir='ltr'><strong>χρημάτων</strong></span> <span class='ocrx_word' id='word_1_695' title='bbox 1292 4976 1338 5030; x_wconf 84' lang='grc' dir='ltr'><strong>δ’</strong></span> <span class='ocrx_word' id='word_1_696' title='bbox 1384 4978 1524 5031; x_wconf 82' lang='grc' dir='ltr'><strong>ὅσων</strong></span> <span class='ocrx_word' id='word_1_697' title='bbox 1577 4979 1686 5033; x_wconf 73' lang='grc' dir='ltr'><strong>οὐδ’</strong></span> <span class='ocrx_word' id='word_1_698' title='bbox 1743 4981 1809 5034; x_wconf 86' lang='grc' dir='ltr'><strong>ἂν</strong></span> <span class='ocrx_word' id='word_1_699' title='bbox 1860 4980 1959 5051; x_wconf 85' lang='grc' dir='ltr'><strong>τὴν</strong></span> 
     </span>
    </p>
   </div>
   <div class='ocr_carea' id='block_1_99' title="bbox 391 5064 1947 5138">
    <p class='ocr_par' dir='ltr' id='par_1_99' title="bbox 391 5064 1947 5138">
     <span class='ocr_line' id='line_1_99' title="bbox 391 5064 1947 5138; baseline 0.008 -23"><span class='ocrx_word' id='word_1_700' title='bbox 391 5064 641 5118; x_wconf 84' lang='grc' dir='ltr'><strong>ἐκάστων</strong></span> <span class='ocrx_word' id='word_1_701' title='bbox 670 5066 858 5118; x_wconf 78' lang='grc' dir='ltr'><strong>οὐσίαν</strong></span> <span class='ocrx_word' id='word_1_702' title='bbox 883 5066 1372 5138; x_wconf 79' lang='grc' dir='ltr'><strong>ἐξαργυρισθεῖσαν</strong></span> <span class='ocrx_word' id='word_1_703' title='bbox 1400 5069 1634 5138; x_wconf 80' lang='grc' dir='ltr'><strong>ἀρκέσαι</strong></span> <span class='ocrx_word' id='word_1_704' title='bbox 1658 5087 1671 5101; x_wconf 90' lang='grc'><strong>·</strong></span> <span class='ocrx_word' id='word_1_705' title='bbox 1710 5072 1861 5126; x_wconf 77' lang='grc' dir='ltr'><strong>ἄλλοι</strong></span> <span class='ocrx_word' id='word_1_706' title='bbox 1892 5075 1947 5127; x_wconf 87' lang='grc' dir='ltr'><strong>δέ</strong></span> 
     </span>
    </p>
   </div>
   <div class='ocr_carea' id='block_1_100' title="bbox 391 5156 1958 5233">
    <p class='ocr_par' dir='ltr' id='par_1_100' title="bbox 391 5156 1958 5233">
     <span class='ocr_line' id='line_1_100' title="bbox 391 5156 1958 5233; baseline 0.006 -25"><span class='ocrx_word' id='word_1_707' title='bbox 391 5172 539 5218; x_wconf 65' lang='grc' dir='ltr'><strong>τινες</strong></span> <span class='ocrx_word' id='word_1_708' title='bbox 568 5156 851 5227; x_wconf 77' lang='grc' dir='ltr'><strong>πόρρωθεν</strong></span> <span class='ocrx_word' id='word_1_709' title='bbox 871 5158 1125 5227; x_wconf 81' lang='grc' dir='ltr'><strong>ἥκοντες,</strong></span> <span class='ocrx_word' id='word_1_710' title='bbox 1158 5162 1251 5213; x_wconf 75' lang='grc' dir='ltr'><strong>καὶ</strong></span> <span class='ocrx_word' id='word_1_711' title='bbox 1275 5160 1409 5229; x_wconf 79' lang='grc' dir='ltr'><strong>ἡμῖν</strong></span> <span class='ocrx_word' id='word_1_712' title='bbox 1431 5156 1508 5213; x_wconf 84' lang='grc' dir='ltr'><strong>ὧν</strong></span> <span class='ocrx_word' id='word_1_713' title='bbox 1534 5164 1958 5233; x_wconf 80' lang='grc' dir='ltr'><strong>ἀπεστερήμεθα</strong></span> 
     </span>
    </p>
   </div>
   <div class='ocr_carea' id='block_1_101' title="bbox 394 5245 1958 5314">
    <p class='ocr_par' dir='ltr' id='par_1_101' title="bbox 394 5245 1958 5314">
     <span class='ocr_line' id='line_1_101' title="bbox 394 5245 1958 5314; baseline 0.005 -17"><span class='ocrx_word' id='word_1_714' title='bbox 394 5245 857 5313; x_wconf 84' lang='grc' dir='ltr'><strong>συναλγήσαντες,</strong></span> <span class='ocrx_word' id='word_1_715' title='bbox 899 5248 1014 5308; x_wconf 89' lang='grc' dir='ltr'><strong>τοῖς</strong></span> <span class='ocrx_word' id='word_1_716' title='bbox 1046 5249 1259 5301; x_wconf 85' lang='grc' dir='ltr'><strong>ἐαυτῶν</strong></span> <span class='ocrx_word' id='word_1_717' title='bbox 1304 5248 1574 5314; x_wconf 80' lang='grc' dir='ltr'><strong>κινδύνοις</strong></span> <span class='ocrx_word' id='word_1_718' title='bbox 1614 5252 1707 5305; x_wconf 71' lang='grc' dir='ltr'><strong>καὶ</strong></span> <span class='ocrx_word' id='word_1_719' title='bbox 1744 5253 1958 5306; x_wconf 84' lang='grc' dir='ltr'><strong>ἀναλώ-</strong></span> 
     </span>
    </p>
   </div>
   <div class='ocr_carea' id='block_1_102' title="bbox 392 5332 1958 5411">
    <p class='ocr_par' dir='ltr' id='par_1_102' title="bbox 392 5332 1958 5411">
     <span class='ocr_line' id='line_1_102' title="bbox 392 5332 1958 5411; baseline 0.003 -20"><span class='ocrx_word' id='word_1_720' title='bbox 392 5353 561 5406; x_wconf 83' lang='grc' dir='ltr'><strong>μασιν</strong></span> <span class='ocrx_word' id='word_1_721' title='bbox 594 5336 749 5400; x_wconf 80' lang='grc' dir='ltr'><strong>αὖθις</strong></span> <span class='ocrx_word' id='word_1_722' title='bbox 776 5340 910 5407; x_wconf 75' lang='grc' dir='ltr'><strong>ἡμῖν</strong></span> <span class='ocrx_word' id='word_1_723' title='bbox 940 5339 1229 5406; x_wconf 75' lang='grc' dir='ltr'><strong>ἀπέδοσαν,</strong></span> <span class='ocrx_word' id='word_1_724' title='bbox 1258 5332 1333 5393; x_wconf 81' lang='grc' dir='ltr'><strong>ὧν</strong></span> <span class='ocrx_word' id='word_1_725' title='bbox 1362 5341 1628 5411; x_wconf 87' lang='grc' dir='ltr'><strong>πρότερον</strong></span> <span class='ocrx_word' id='word_1_726' title='bbox 1668 5341 1958 5395; x_wconf 86' lang='grc' dir='ltr'><strong>ἐκπεπτώ-</strong></span> 
     </span>
    </p>
   </div>
   <div class='ocr_carea' id='block_1_103' title="bbox 388 5431 1955 5503">
    <p class='ocr_par' dir='ltr' id='par_1_103' title="bbox 388 5431 1955 5503">
     <span class='ocr_line' id='line_1_103' title="bbox 388 5431 1955 5503; baseline 0.004 -23"><span class='ocrx_word' id='word_1_727' title='bbox 388 5446 567 5498; x_wconf 87' lang='grc' dir='ltr'><strong>καμεν</strong></span> <span class='ocrx_word' id='word_1_728' title='bbox 591 5446 605 5460; x_wconf 78' lang='grc'><strong><em>⁸</em></strong></span> <span class='ocrx_word' id='word_1_729' title='bbox 638 5432 690 5483; x_wconf 91' lang='grc' dir='ltr'><strong>τί</strong></span> <span class='ocrx_word' id='word_1_730' title='bbox 722 5431 803 5483; x_wconf 86' lang='grc' dir='ltr'><strong>δεῖ</strong></span> <span class='ocrx_word' id='word_1_731' title='bbox 832 5431 996 5486; x_wconf 82' lang='grc' dir='ltr'><strong>πάλιν</strong></span> <span class='ocrx_word' id='word_1_732' title='bbox 1037 5433 1116 5494; x_wconf 80' lang='grc' dir='ltr'><strong>είς</strong></span> <span class='ocrx_word' id='word_1_733' title='bbox 1161 5434 1262 5495; x_wconf 76' lang='grc' dir='ltr'><strong>τὰς</strong></span> <span class='ocrx_word' id='word_1_734' title='bbox 1296 5434 1566 5503; x_wconf 85' lang='grc' dir='ltr'><strong>πρότερον</strong></span> <span class='ocrx_word' id='word_1_735' title='bbox 1596 5434 1955 5488; x_wconf 81' lang='grc' dir='ltr'><strong>καθίστασθαι</strong></span> 
     </span>
    </p>
   </div>
   <div class='ocr_carea' id='block_1_104' title="bbox 388 5523 1956 5594">
    <p class='ocr_par' dir='ltr' id='par_1_104' title="bbox 388 5523 1956 5594">
     <span class='ocr_line' id='line_1_104' title="bbox 388 5523 1956 5594; baseline 0.002 -20"><span class='ocrx_word' id='word_1_736' title='bbox 388 5523 702 5593; x_wconf 73' lang='grc' dir='ltr'><strong>συμφορὰς,</strong></span> <span class='ocrx_word' id='word_1_737' title='bbox 742 5524 838 5577; x_wconf 74' lang='grc' dir='ltr'><strong>καὶ</strong></span> <span class='ocrx_word' id='word_1_738' title='bbox 865 5525 965 5594; x_wconf 78' lang='grc' dir='ltr'><strong>τὴν</strong></span> <span class='ocrx_word' id='word_1_739' title='bbox 1012 5525 1112 5592; x_wconf 81' lang='grc' dir='ltr'><strong>μὲν</strong></span> <span class='ocrx_word' id='word_1_740' title='bbox 1158 5524 1369 5594; x_wconf 82' lang='grc' dir='ltr'><strong>ἀνδρῶν</strong></span> <span class='ocrx_word' id='word_1_741' title='bbox 1399 5526 1624 5577; x_wconf 83' lang='grc' dir='ltr'><strong>ἐκείνων</strong></span> <span class='ocrx_word' id='word_1_742' title='bbox 1672 5526 1956 5593; x_wconf 72' lang='grc' dir='ltr'><strong>ἀφανίζειν</strong></span> 
     </span>
    </p>
   </div>
   <div class='ocr_carea' id='block_1_105' title="bbox 385 5611 1954 5687">
    <p class='ocr_par' dir='ltr' id='par_1_105' title="bbox 385 5611 1954 5687">
     <span class='ocr_line' id='line_1_105' title="bbox 385 5611 1954 5687; baseline 0.004 -23"><span class='ocrx_word' id='word_1_743' title='bbox 385 5614 727 5683; x_wconf 76' lang='grc' dir='ltr'><strong>φιλοτιμίαν,</strong></span> <span class='ocrx_word' id='word_1_744' title='bbox 755 5611 837 5679; x_wconf 72' lang='grc' dir='ltr'><strong>οἷς</strong></span> <span class='ocrx_word' id='word_1_745' title='bbox 862 5615 992 5684; x_wconf 84' lang='grc' dir='ltr'><strong>παρ’</strong></span> <span class='ocrx_word' id='word_1_746' title='bbox 1021 5615 1177 5685; x_wconf 81' lang='grc' dir='ltr'><strong>ήμῶν</strong></span> <span class='ocrx_word' id='word_1_747' title='bbox 1207 5618 1301 5669; x_wconf 75' lang='grc' dir='ltr'><strong>καὶ</strong></span> <span class='ocrx_word' id='word_1_748' title='bbox 1330 5617 1530 5685; x_wconf 78' lang='grc' dir='ltr'><strong>στήλην</strong></span> <span class='ocrx_word' id='word_1_749' title='bbox 1560 5617 1665 5669; x_wconf 74' lang='grc' dir='ltr'><strong>ἔδει</strong></span> <span class='ocrx_word' id='word_1_750' title='bbox 1693 5616 1954 5687; x_wconf 71' lang='grc' dir='ltr'><strong>σταθῆναι</strong></span> 
     </span>
    </p>
   </div>
   <div class='ocr_carea' id='block_1_106' title="bbox 391 5701 1953 5776">
    <p class='ocr_par' dir='ltr' id='par_1_106' title="bbox 391 5701 1953 5776">
     <span class='ocr_line' id='line_1_106' title="bbox 391 5701 1953 5776; baseline 0.003 -20"><span class='ocrx_word' id='word_1_751' title='bbox 391 5708 661 5774; x_wconf 78' lang='grc' dir='ltr'><strong>μνημεῖον</strong></span> <span class='ocrx_word' id='word_1_752' title='bbox 690 5701 763 5759; x_wconf 76' lang='grc' dir='ltr'>ὧν</span> <span class='ocrx_word' id='word_1_753' title='bbox 797 5708 945 5775; x_wconf 75' lang='grc' dir='ltr'><strong>ἡμᾶς</strong></span> <span class='ocrx_word' id='word_1_754' title='bbox 971 5706 1354 5776; x_wconf 78' lang='grc' dir='ltr'><strong>εὐηργέτησαν</strong></span> <span class='ocrx_word' id='word_1_755' title='bbox 1375 5723 1386 5736; x_wconf 92' lang='grc'><strong>·</strong></span> <span class='ocrx_word' id='word_1_756' title='bbox 1439 5706 1651 5768; x_wconf 25' lang='grc' dir='ltr'><strong>αὐτοὶςκ</strong></span> <span class='ocrx_word' id='word_1_757' title='bbox 1672 5706 1725 5757; x_wconf 76' lang='grc' dir='ltr'><strong>δὲ</strong></span> <span class='ocrx_word' id='word_1_758' title='bbox 1758 5707 1820 5759; x_wconf 71' lang='grc' dir='ltr'><strong>τὰ</strong></span> <span class='ocrx_word' id='word_1_759' title='bbox 1848 5706 1953 5760; x_wconf 81' lang='grc' dir='ltr'><strong>τῶν</strong></span> 
     </span>
    </p>
   </div>
   <div class='ocr_carea' id='block_1_107' title="bbox 2067 4521 3633 4593">
    <p class='ocr_par' dir='ltr' id='par_1_107' title="bbox 2067 4521 3633 4593">
     <span class='ocr_line' id='line_1_107' title="bbox 2067 4521 3633 4593; baseline -0.005 -14"><span class='ocrx_word' id='word_1_760' title='bbox 2067 4533 2223 4593; x_wconf 87' lang='lat' dir='ltr'><strong>capta</strong></span> <span class='ocrx_word' id='word_1_761' title='bbox 2258 4532 2421 4587; x_wconf 89' lang='lat' dir='ltr'><strong>esset,</strong></span> <span class='ocrx_word' id='word_1_762' title='bbox 2456 4522 2536 4577; x_wconf 87' lang='lat' dir='ltr'><strong>sic</strong></span> <span class='ocrx_word' id='word_1_763' title='bbox 2564 4522 2725 4589; x_wconf 81' lang='lat' dir='ltr'><strong>longe</strong></span> <span class='ocrx_word' id='word_1_764' title='bbox 2748 4536 2988 4582; x_wconf 91' lang='lat' dir='ltr'><strong>eramus,</strong></span> <span class='ocrx_word' id='word_1_765' title='bbox 3040 4529 3105 4575; x_wconf 75' lang='lat' dir='ltr'><strong>ut‘</strong></span> <span class='ocrx_word' id='word_1_766' title='bbox 3129 4521 3178 4575; x_wconf 89' lang='lat' dir='ltr'><strong>ei</strong></span> <span class='ocrx_word' id='word_1_767' title='bbox 3211 4534 3501 4590; x_wconf 84' lang='lat' dir='ltr'><strong>possemus</strong></span> <span class='ocrx_word' id='word_1_768' title='bbox 3534 4534 3633 4572; x_wconf 88' lang='lat' dir='ltr'><strong>au-</strong></span> 
     </span>
    </p>
   </div>
   <div class='ocr_carea' id='block_1_108' title="bbox 2060 4605 3630 4682">
    <p class='ocr_par' dir='ltr' id='par_1_108' title="bbox 2060 4605 3630 4682">
     <span class='ocr_line' id='line_1_108' title="bbox 2060 4605 3630 4682; baseline -0.006 -14"><span class='ocrx_word' id='word_1_769' title='bbox 2060 4614 2250 4668; x_wconf 78' lang='lat' dir='ltr'><strong>xilium</strong></span> <span class='ocrx_word' id='word_1_770' title='bbox 2280 4614 2444 4677; x_wconf 81' lang='lat' dir='ltr'><strong>ferre,</strong></span> <span class='ocrx_word' id='word_1_771' title='bbox 2482 4612 2561 4666; x_wconf 90' lang='lat' dir='ltr'><strong>uti</strong></span> <span class='ocrx_word' id='word_1_772' title='bbox 2596 4621 2750 4682; x_wconf 89' lang='lat' dir='ltr'><strong>puto,</strong></span> <span class='ocrx_word' id='word_1_773' title='bbox 2789 4620 2848 4665; x_wconf 89' lang='lat' dir='ltr'><strong>ut</strong></span> <span class='ocrx_word' id='word_1_774' title='bbox 2882 4608 3155 4681; x_wconf 91' lang='lat' dir='ltr'><strong>possimus</strong></span> <span class='ocrx_word' id='word_1_775' title='bbox 3204 4609 3414 4662; x_wconf 88' lang='lat' dir='ltr'><strong>volare.</strong></span> <span class='ocrx_word' id='word_1_776' title='bbox 3466 4605 3630 4660; x_wconf 88' lang='lat' dir='ltr'><strong>Scitis</strong></span> 
     </span>
    </p>
   </div>
   <div class='ocr_carea' id='block_1_109' title="bbox 2060 4698 3626 4775">
    <p class='ocr_par' dir='ltr' id='par_1_109' title="bbox 2060 4698 3626 4775">
     <span class='ocr_line' id='line_1_109' title="bbox 2060 4698 3626 4775; baseline -0.008 -14"><span class='ocrx_word' id='word_1_777' title='bbox 2060 4705 2205 4761; x_wconf 89' lang='lat' dir='ltr'><strong>enim</strong></span> <span class='ocrx_word' id='word_1_778' title='bbox 2241 4714 2299 4760; x_wconf 90' lang='lat' dir='ltr'><strong>ut</strong></span> <span class='ocrx_word' id='word_1_779' title='bbox 2325 4706 2485 4760; x_wconf 87' lang='lat' dir='ltr'><strong>annis</strong></span> <span class='ocrx_word' id='word_1_780' title='bbox 2521 4703 2752 4775; x_wconf 82' lang='lat' dir='ltr'><strong>singulis</strong></span> <span class='ocrx_word' id='word_1_781' title='bbox 2778 4718 2953 4771; x_wconf 88' lang='lat' dir='ltr'><strong>super</strong></span> <span class='ocrx_word' id='word_1_782' title='bbox 2981 4702 3070 4755; x_wconf 89' lang='lat' dir='ltr'><strong>his</strong></span> <span class='ocrx_word' id='word_1_783' title='bbox 3097 4701 3324 4754; x_wconf 79' lang='lat' dir='ltr'><strong>collecta</strong></span> <span class='ocrx_word' id='word_1_784' title='bbox 3372 4698 3626 4757; x_wconf 86' lang='lat' dir='ltr'><strong>ecclesia,</strong></span> 
     </span>
    </p>
   </div>
   <div class='ocr_carea' id='block_1_110' title="bbox 2062 4790 3685 4865">
    <p class='ocr_par' dir='ltr' id='par_1_110' title="bbox 2062 4790 3685 4865">
     <span class='ocr_line' id='line_1_110' title="bbox 2062 4790 3685 4865; baseline -0.008 -13"><span class='ocrx_word' id='word_1_785' title='bbox 2062 4798 2203 4852; x_wconf 90' lang='lat' dir='ltr'><strong>haud</strong></span> <span class='ocrx_word' id='word_1_786' title='bbox 2238 4797 2539 4851; x_wconf 86' lang='lat' dir='ltr'><strong>minoribus</strong></span> <span class='ocrx_word' id='word_1_787' title='bbox 2568 4795 2907 4865; x_wconf 81' lang='lat' dir='ltr'><strong>pedestribu.c</strong></span> <span class='ocrx_word' id='word_1_788' title='bbox 2933 4793 3106 4859; x_wconf 88' lang='lat' dir='ltr'><strong>copiis</strong></span> <span class='ocrx_word' id='word_1_789' title='bbox 3131 4805 3270 4859; x_wconf 82' lang='lat' dir='ltr'><strong>opus</strong></span> <span class='ocrx_word' id='word_1_790' title='bbox 3291 4790 3625 4848; x_wconf 82' lang='lat' dir='ltr'><strong>diceremus,</strong></span> <span class='ocrx_word' id='word_1_791' title='bbox 3664 4847 3685 4861; x_wconf 42' lang='lat'><em>.</em></span> 
     </span>
    </p>
   </div>
   <div class='ocr_carea' id='block_1_111' title="bbox 2061 4875 3621 4947">
    <p class='ocr_par' dir='ltr' id='par_1_111' title="bbox 2061 4875 3621 4947">
     <span class='ocr_line' id='line_1_111' title="bbox 2061 4875 3621 4947; baseline -0.012 0"><span class='ocrx_word' id='word_1_792' title='bbox 2061 4908 2124 4947; x_wconf 89' lang='lat' dir='ltr'><strong>ac</strong></span> <span class='ocrx_word' id='word_1_793' title='bbox 2151 4891 2356 4945; x_wconf 80' lang='lat' dir='ltr'><strong>Xerxes</strong></span> <span class='ocrx_word' id='word_1_794' title='bbox 2383 4888 2664 4943; x_wconf 64' lang='lat' dir='ltr'><strong>eduxi&lt;set</strong></span> <span class='ocrx_word' id='word_1_795' title='bbox 2701 4895 2891 4939; x_wconf 90' lang='lat' dir='ltr'><strong>contra</strong></span> <span class='ocrx_word' id='word_1_796' title='bbox 2923 4875 3144 4938; x_wconf 61' lang='grc' dir='ltr'><strong>(ἔπερσε</strong></span> <span class='ocrx_word' id='word_1_797' title='bbox 3177 4899 3191 4935; x_wconf 90' lang='lat'><strong>:</strong></span> <span class='ocrx_word' id='word_1_798' title='bbox 3224 4881 3458 4935; x_wconf 83' lang='lat' dir='ltr'><strong>navibus</strong></span> <span class='ocrx_word' id='word_1_799' title='bbox 3490 4896 3621 4933; x_wconf 84' lang='lat' dir='ltr'><strong>veru</strong></span> 
     </span>
    </p>
   </div>
   <div class='ocr_carea' id='block_1_112' title="bbox 2061 4971 3647 5052">
    <p class='ocr_par' dir='ltr' id='par_1_112' title="bbox 2061 4971 3647 5052">
     <span class='ocr_line' id='line_1_112' title="bbox 2061 4971 3647 5052; baseline -0.007 -17"><span class='ocrx_word' id='word_1_800' title='bbox 2061 4981 2325 5052; x_wconf 86' lang='lat' dir='ltr'><strong>pluribus,</strong></span> <span class='ocrx_word' id='word_1_801' title='bbox 2390 4995 2551 5046; x_wconf 87' lang='lat' dir='ltr'><strong>quam</strong></span> <span class='ocrx_word' id='word_1_802' title='bbox 2598 4978 2801 5047; x_wconf 86' lang='lat' dir='ltr'><strong>quibus</strong></span> <span class='ocrx_word' id='word_1_803' title='bbox 2832 4977 3003 5032; x_wconf 65' lang='grc' dir='ltr'><strong>δι’ωοί</strong></span> <span class='ocrx_word' id='word_1_804' title='bbox 3064 4982 3352 5042; x_wconf 59' lang='lat' dir='ltr'><strong>coeperunt</strong></span> <span class='ocrx_word' id='word_1_805' title='bbox 3381 4971 3647 5041; x_wconf 48' lang='lat' dir='ltr'><strong>Troiam;</strong></span> 
     </span>
    </p>
   </div>
   <div class='ocr_carea' id='block_1_113' title="bbox 2061 5053 3626 5142">
    <p class='ocr_par' dir='ltr' id='par_1_113' title="bbox 2061 5053 3626 5142">
     <span class='ocr_line' id='line_1_113' title="bbox 2061 5053 3626 5142; baseline -0.008 -14"><span class='ocrx_word' id='word_1_806' title='bbox 2061 5053 2309 5142; x_wconf 71' lang='lat' dir='ltr'><strong>pecuniis</strong></span> <span class='ocrx_word' id='word_1_807' title='bbox 2337 5071 2470 5124; x_wconf 80' lang='lat' dir='ltr'><strong>adeo</strong></span> <span class='ocrx_word' id='word_1_808' title='bbox 2495 5070 2704 5133; x_wconf 87' lang='lat' dir='ltr'><strong>multis,</strong></span> <span class='ocrx_word' id='word_1_809' title='bbox 2738 5078 2796 5121; x_wconf 91' lang='lat' dir='ltr'><strong>ut</strong></span> <span class='ocrx_word' id='word_1_810' title='bbox 2829 5066 3305 5141; x_wconf 43' lang='lat' dir='ltr'><strong>ncc.singulornm</strong></span> <span class='ocrx_word' id='word_1_811' title='bbox 3337 5064 3626 5118; x_wconf 76' lang='lat' dir='ltr'><strong>facultates</strong></span> 
     </span>
    </p>
   </div>
   <div class='ocr_carea' id='block_1_114' title="bbox 2060 5153 3629 5231">
    <p class='ocr_par' dir='ltr' id='par_1_114' title="bbox 2060 5153 3629 5231">
     <span class='ocr_line' id='line_1_114' title="bbox 2060 5153 3629 5231; baseline -0.008 -15"><span class='ocrx_word' id='word_1_812' title='bbox 2060 5165 2112 5217; x_wconf 88' lang='lat' dir='ltr'><strong>in</strong></span> <span class='ocrx_word' id='word_1_813' title='bbox 2146 5171 2429 5231; x_wconf 81' lang='lat' dir='ltr'><strong>argentum</strong></span> <span class='ocrx_word' id='word_1_814' title='bbox 2459 5175 2628 5213; x_wconf 64' lang='lat' dir='ltr'><strong>versa:</strong></span> <span class='ocrx_word' id='word_1_815' title='bbox 2650 5158 2980 5214; x_wconf 76' lang='lat' dir='ltr'><strong>suilicerent.</strong></span> <span class='ocrx_word' id='word_1_816' title='bbox 3035 5158 3128 5213; x_wconf 87' lang='lat' dir='ltr'><strong>Sic</strong></span> <span class='ocrx_word' id='word_1_817' title='bbox 3159 5172 3289 5210; x_wconf 76' lang='lat' dir='ltr'><strong>vero</strong></span> <span class='ocrx_word' id='word_1_818' title='bbox 3323 5155 3486 5208; x_wconf 87' lang='lat' dir='ltr'><strong>rebus</strong></span> <span class='ocrx_word' id='word_1_819' title='bbox 3530 5153 3629 5206; x_wconf 76' lang='lat' dir='ltr'><strong>ha-</strong></span> 
     </span>
    </p>
   </div>
   <div class='ocr_carea' id='block_1_115' title="bbox 2060 5245 3628 5317">
    <p class='ocr_par' dir='ltr' id='par_1_115' title="bbox 2060 5245 3628 5317">
     <span class='ocr_line' id='line_1_115' title="bbox 2060 5245 3628 5317; baseline -0.008 -10"><span class='ocrx_word' id='word_1_820' title='bbox 2060 5252 2314 5307; x_wconf 90' lang='lat' dir='ltr'><strong>bentibus</strong></span> <span class='ocrx_word' id='word_1_821' title='bbox 2337 5258 2605 5305; x_wconf 82' lang='lat' dir='ltr'><strong>venerunt</strong></span> <span class='ocrx_word' id='word_1_822' title='bbox 2635 5250 2727 5303; x_wconf 88' lang='lat' dir='ltr'><strong>alii</strong></span> <span class='ocrx_word' id='word_1_823' title='bbox 2759 5248 2979 5317; x_wconf 89' lang='lat' dir='ltr'><strong>quidam</strong></span> <span class='ocrx_word' id='word_1_824' title='bbox 3003 5263 3034 5303; x_wconf 93' lang='lat' dir='ltr'><strong>e</strong></span> <span class='ocrx_word' id='word_1_825' title='bbox 3086 5246 3416 5317; x_wconf 82' lang='lat' dir='ltr'><strong>longinquis,</strong></span> <span class='ocrx_word' id='word_1_826' title='bbox 3442 5245 3628 5299; x_wconf 76' lang='lat' dir='ltr'><strong>nobis-</strong></span> 
     </span>
    </p>
   </div>
   <div class='ocr_carea' id='block_1_116' title="bbox 2057 5339 3623 5413">
    <p class='ocr_par' dir='ltr' id='par_1_116' title="bbox 2057 5339 3623 5413">
     <span class='ocr_line' id='line_1_116' title="bbox 2057 5339 3623 5413; baseline -0.003 -17"><span class='ocrx_word' id='word_1_827' title='bbox 2057 5359 2185 5413; x_wconf 84' lang='lat' dir='ltr'><strong>que,</strong></span> <span class='ocrx_word' id='word_1_828' title='bbox 2215 5358 2316 5412; x_wconf 89' lang='lat' dir='ltr'><strong>pro</strong></span> <span class='ocrx_word' id='word_1_829' title='bbox 2348 5356 2415 5397; x_wconf 89' lang='lat' dir='ltr'><strong>eo</strong></span> <span class='ocrx_word' id='word_1_830' title='bbox 2443 5352 2605 5411; x_wconf 87' lang='lat' dir='ltr'><strong>atque</strong></span> <span class='ocrx_word' id='word_1_831' title='bbox 2640 5341 2929 5409; x_wconf 78' lang='lat' dir='ltr'><strong>exspoliati</strong></span> <span class='ocrx_word' id='word_1_832' title='bbox 2958 5354 3204 5396; x_wconf 89' lang='lat' dir='ltr'><strong>essemus</strong></span> <span class='ocrx_word' id='word_1_833' title='bbox 3242 5339 3623 5396; x_wconf 74' lang='lat' dir='ltr'><strong>condolcutes.</strong></span> 
     </span>
    </p>
   </div>
   <div class='ocr_carea' id='block_1_117' title="bbox 2058 5432 3622 5501">
    <p class='ocr_par' dir='ltr' id='par_1_117' title="bbox 2058 5432 3622 5501">
     <span class='ocr_line' id='line_1_117' title="bbox 2058 5432 3622 5501; baseline -0.004 -12"><span class='ocrx_word' id='word_1_834' title='bbox 2058 5435 2173 5489; x_wconf 86' lang='lat' dir='ltr'><strong>suis</strong></span> <span class='ocrx_word' id='word_1_835' title='bbox 2209 5434 2452 5501; x_wconf 89' lang='lat' dir='ltr'><strong>ipsorum</strong></span> <span class='ocrx_word' id='word_1_836' title='bbox 2510 5432 2771 5501; x_wconf 83' lang='lat' dir='ltr'><strong>periculis</strong></span> <span class='ocrx_word' id='word_1_837' title='bbox 2822 5440 2985 5498; x_wconf 86' lang='lat' dir='ltr'><strong>atque</strong></span> <span class='ocrx_word' id='word_1_838' title='bbox 3043 5432 3374 5500; x_wconf 86' lang='lat' dir='ltr'><strong>sumptibus,</strong></span> <span class='ocrx_word' id='word_1_839' title='bbox 3426 5432 3622 5485; x_wconf 88' lang='lat' dir='ltr'><strong>iterum</strong></span> 
     </span>
    </p>
   </div>
   <div class='ocr_carea' id='block_1_118' title="bbox 2059 5521 3624 5594">
    <p class='ocr_par' dir='ltr' id='par_1_118' title="bbox 2059 5521 3624 5594">
     <span class='ocr_line' id='line_1_118' title="bbox 2059 5521 3624 5594; baseline -0.004 -13"><span class='ocrx_word' id='word_1_840' title='bbox 2059 5527 2219 5581; x_wconf 90' lang='lat' dir='ltr'><strong>nobis</strong></span> <span class='ocrx_word' id='word_1_841' title='bbox 2251 5525 2638 5584; x_wconf 88' lang='lat' dir='ltr'><strong>reddiderunt.</strong></span> <span class='ocrx_word' id='word_1_842' title='bbox 2680 5539 2803 5593; x_wconf 65' lang='lat' dir='ltr'><strong>qua:</strong></span> <span class='ocrx_word' id='word_1_843' title='bbox 2864 5524 3017 5594; x_wconf 90' lang='lat' dir='ltr'><strong>prius</strong></span> <span class='ocrx_word' id='word_1_844' title='bbox 3068 5523 3451 5577; x_wconf 85' lang='lat' dir='ltr'><strong>amiseramus.</strong></span> <span class='ocrx_word' id='word_1_845' title='bbox 3482 5521 3624 5588; x_wconf 88' lang='lat' dir='ltr'><strong>Quid</strong></span> 
     </span>
    </p>
   </div>
   <div class='ocr_carea' id='block_1_119' title="bbox 2058 5614 3625 5688">
    <p class='ocr_par' dir='ltr' id='par_1_119' title="bbox 2058 5614 3625 5688">
     <span class='ocr_line' id='line_1_119' title="bbox 2058 5614 3625 5688; baseline -0.006 -14"><span class='ocrx_word' id='word_1_846' title='bbox 2058 5634 2187 5688; x_wconf 83' lang='lat' dir='ltr'><strong>ergo</strong></span> <span class='ocrx_word' id='word_1_847' title='bbox 2207 5634 2344 5688; x_wconf 89' lang='lat' dir='ltr'><strong>opus</strong></span> <span class='ocrx_word' id='word_1_848' title='bbox 2366 5618 2642 5687; x_wconf 81' lang='lat' dir='ltr'><strong>prioribus</strong></span> <span class='ocrx_word' id='word_1_849' title='bbox 2662 5633 2760 5671; x_wconf 90' lang='lat' dir='ltr'><strong>nos</strong></span> <span class='ocrx_word' id='word_1_850' title='bbox 2784 5615 3190 5671; x_wconf 79' lang='lat' dir='ltr'><strong>calamitatibus</strong></span> <span class='ocrx_word' id='word_1_851' title='bbox 3213 5614 3540 5675; x_wconf 84' lang='lat' dir='ltr'><strong>inseramus,</strong></span> <span class='ocrx_word' id='word_1_852' title='bbox 3560 5629 3625 5665; x_wconf 87' lang='lat' dir='ltr'><strong>ac</strong></span> 
     </span>
    </p>
   </div>
   <div class='ocr_carea' id='block_1_120' title="bbox 2060 5703 3627 5778">
    <p class='ocr_par' dir='ltr' id='par_1_120' title="bbox 2060 5703 3627 5778">
     <span class='ocr_line' id='line_1_120' title="bbox 2060 5703 3627 5778; baseline -0.003 -16"><span class='ocrx_word' id='word_1_853' title='bbox 2060 5710 2276 5765; x_wconf 81' lang='lat' dir='ltr'><strong>illorum</strong></span> <span class='ocrx_word' id='word_1_854' title='bbox 2310 5709 2527 5778; x_wconf 86' lang='lat' dir='ltr'><strong>quidem</strong></span> <span class='ocrx_word' id='word_1_855' title='bbox 2573 5708 2815 5762; x_wconf 82' lang='lat' dir='ltr'><strong>virorum</strong></span> <span class='ocrx_word' id='word_1_856' title='bbox 2855 5704 3313 5777; x_wconf 77' lang='lat' dir='ltr'><strong>magniﬁcentiam</strong></span> <span class='ocrx_word' id='word_1_857' title='bbox 3364 5703 3627 5758; x_wconf 79' lang='lat' dir='ltr'><strong>obscuro-</strong></span> 
     </span>
    </p>
   </div>
  </div>
