3862 6220
297 261 430 326 1017

1190 270 1475 331 ORATIO
1515 272 1615 333 DE
1654 225 1808 332 I‘iON
1852 271 2268 336 REDDENDA
2309 271 2728 360 CALLIPOLI.

3409 271 3547 339 1018

286 376 432 431 τοῦτ’
461 376 636 446 ἔχετε,
671 378 794 449 μηδ’
830 381 888 434 ἐν
937 383 1256 454 προσθήκης
1293 386 1452 456 μέρει
1506 386 1697 442 δοκοῦν
1719 403 1730 416 ⁸
1768 389 1860 441 καὶ

1971 391 2272 457 prwsidium
2304 390 2644 452 instruentes,
2679 385 2856 438 urbem
2887 384 3024 439 vobis
3064 385 3406 449 tradidimus,
3431 403 3538 456 quo

287 469 422 521 Θεοῦ
458 468 714 539 τυχόντες
745 470 1026 542 εὐμενοῦς,
1075 474 1290 543 εἵλομεν
1323 476 1423 545 μὲν
1468 479 1682 544 ἐκεῖνο,
1709 532 1714 535 _
1737 480 1860 543 τοὺς

288 558 344 610 δὲ
394 557 688 627 πολεμίους
725 560 968 631 αίσχρῶς
1027 566 1222 630 φυγεῖν
1258 564 1672 634 ἠναγκάσαμεν.
1717 568 1836 620 Ἀνε

287 651 641 718 λαμϐάνομεν
668 651 724 703 δὲ
763 653 888 715 τοὺς
929 655 1214 724 ὑμετέρων
1245 656 1429 709 αὐτόθι
1471 657 1822 725 δουλεύοντας
1847 679 1860 692 ·

289 740 478 797 ὅπλοις
505 738 584 799 δέ,
624 743 716 795 καὶ
755 741 908 808 σίτῳ,
942 741 1035 795 καὶ
1061 743 1293 812 σώμασι,
1329 747 1424 796 καὶ
1465 747 1630 798 πᾶσιν
1653 740 1727 799 ὧν
1758 748 1864 801 ἔδει

285 830 350 881 τὸ
393 832 568 899 τεῖχος
620 831 1104 899 ἐπισκευάσαντες,
1143 836 1547 906 παρεδώκαμεν
1580 836 1710 906 ὑμῖν
1766 839 1863 906 τὴν

294 917 448 974 πόλιν
474 919 548 981 ώς
592 922 766 992 οἰκείᾳ
795 923 1096 994 κεχρῆσθαι
1119 940 1134 955 °
1189 927 1282 980 καὶ
1311 927 1371 980 τὸ
1401 927 1536 988 τέως
1581 927 1688 980 ὐπὸ
1729 929 1866 981 πάν-

290 1031 404 1067 των
452 1013 846 1085 θρυλλούμενον
889 1017 1189 1086 ἀμήχανον,
1222 1022 1297 1081 ib;
1343 1019 1444 1090 τῆς
1485 1019 1864 1084 Καλλιπόλεως

287 1104 611 1175 ἀφεστώσης
658 1107 935 1175 ἀμήχανον
972 1108 1046 1177 μὴ
1093 1109 1398 1176 δουλεῦσαι,
1455 1112 1547 1164 καὶ
1585 1110 1612 1164 ὃ
1665 1113 1863 1174 πάντες

287 1196 348 1248 ἓν
386 1215 436 1250 τι
494 1197 600 1250 τῶν
638 1199 912 1252 ἀδυνάτων
966 1199 1167 1269 ᾤοντο,
1224 1201 1432 1272 ταύτην
1488 1203 1862 1266 ἐπανασώσαι,

288 1287 436 1340 τοῦτ’
469 1288 569 1358 ἤδη
604 1290 755 1359 παρά
798 1289 953 1354 δόξαν
985 1292 1396 1359 ἐκπέπρακται·
1427 1294 1518 1346 καὶ
1552 1295 1731 1364 κύριοι
1767 1296 1864 1357 μὲν

289 1383 446 1452 ὑμεῖς
485 1382 581 1435 τοῦ
634 1383 921 1453 πορθμοῦο
978 1385 1156 1449 ἔξεστι
1198 1386 1254 1438 δὲ
1294 1390 1410 1451 τοῖς
1460 1389 1648 1443 αὐτόθι
1683 1390 1864 1459 λιμέσι

289 1475 626 1543 χρωμένους,
671 1475 771 1538 τὰς
809 1475 918 1528 τῶν
975 1477 1264 1547 βαρϐάρων
1301 1477 1559 1549 λῃστείας
1611 1483 1704 1534 καὶ
1740 1485 1864 1546 τοὺς

290 1563 523 1627 ἔκπλους
551 1565 848 1634 ἀνείργειν·
895 1586 914 1619 ι
949 1569 998 1620 εί
1041 1568 1104 1638 δὴ
1144 1569 1317 1624 ταῦτα
1365 1571 1594 1639 λέγοιεν,
1631 1573 1724 1626 καὶ
1763 1575 1864 1644 τὴν

288 1653 474 1706 αἰτίαν
521 1653 913 1707 πυνθάνοιντο·
972 1675 990 1706 ι
1043 1656 1110 1711 Τί
1151 1657 1364 1726 δήποτ’,
1399 1653 1443 1712 ὦ
1478 1660 1726 1729 χρηστοὶ,
1770 1661 1864 1712 καὶ

1973 481 2248 534 uteremini
2275 489 2529 549 tanquam
2555 476 3090 548 propria;--quodq:te
3146 477 3398 529 hactenus
3451 477 3550 530 im-

1973 571 2215 639 possibile
2247 587 2337 623 ore
2361 571 2595 623 omnium
2625 569 2892 634 ferebatur
2919 607 2934 630 ,
2991 566 3110 634 ﬁeri
3142 584 3244 620 non
3273 583 3442 636 posse,
3492 576 3550 619 ut

1973 664 2246 728 de/ieiente
2278 662 2528 731 Gallipoli
2585 661 2887 714 libertatem
2947 661 3261 724 tueremini;
3310 677 3370 714 ac
3413 661 3552 730 quod

1975 755 2208 806 universi
2241 755 2376 806 inter
2412 750 2760 820 impossibilia
2805 750 3088 812 habebant,
3131 761 3187 802 ut
3234 767 3294 802 ea
3332 767 3550 818 recupe-

1974 848 2085 898 rari
2109 853 2298 915 posset,
2329 845 2423 897 hoc
2475 844 2626 896 modo
2680 853 2871 912 printer
2902 844 3198 911 opinionem
3255 844 3552 910 pra'stitum

1971 945 2081 999 est;
2113 936 2402 1003 tteqaidem
2436 952 2523 986 vos
2549 934 2667 998 {reti
2695 933 2892 986 domini
2917 935 3058 995 estis,
3086 934 3404 1003 potestisque
3428 950 3554 1001 por-

1989 1025 2143 1078 tubus
2167 1026 2278 1078 illic
2312 1028 2490 1094 positis
2523 1026 2648 1078 bene
2676 1026 3376 1089 utentes,barbarorumque
3411 1027 3554 1078 rohi-

1973 1116 2090 1168 bere
2140 1116 2415 1168 latrocinia
2468 1132 2529 1168 ac
2579 1117 2896 1185 eruptiones.
2957 1115 3258 1182 Siquidem,
3306 1115 3549 1182 inquam,

1973 1207 2074 1259 ista
2133 1206 2395 1269 dixerint,
2460 1208 2776 1274 fuerintque
2826 1221 3043 1259 causam
3080 1207 3377 1273 percontati
3426 1224 3438 1258 :
3487 1205 3552 1258 Ct

1970 1296 2095 1361 quid
2128 1313 2212 1350 vos
2283 1298 2487 1366 optimi,
2545 1298 2855 1363 nullumque
2909 1298 3123 1366 agendis
3198 1297 3550 1364 prtt'slittttum

1971 1387 2110 1439 vobis
2143 1387 2369 1443 volentes
2392 1388 2573 1453 finem,
2607 1405 2668 1441 ea
2694 1389 2954 1440 consecuti
2986 1403 3209 1455 quorum
3235 1385 3552 1438 tenebamini

1971 1478 2254 1536 desiderio.
2286 1478 2425 1531 vobis
2448 1479 2638 1530 iterum
2670 1464 2963 1529 libertatem
3000 1477 3262 1538 invidetis,
3290 1492 3354 1527 ac
3402 1489 3552 1526 mun-

1972 1569 2139 1636 cipari
2174 1569 2379 1621 vultis?
2408 1569 2518 1622 [Ioc
2539 1570 2677 1620 enim
2709 1568 2847 1620 vobis
2885 1566 3015 1627 vult,
3048 1566 3186 1635 quod
3219 1566 3409 1617 iterum
3456 1581 3550 1616 ur-

1973 1661 2086 1713 bem
2117 1663 2168 1714 in
2205 1678 2391 1714 manus
2447 1663 2669 1716 tradutis
2706 1661 2966 1713 barbaris.
3030 1659 3170 1738 Quid
3218 1657 3419 1711 dicturi
3461 1673 3554 1710 su-

291 1744 430 1810 πρδς
461 1745 631 1814 μηδὲν
667 1747 818 1807 τέλος
850 1747 1084 1815 ὁρῶντες
1114 1751 1170 1800 ἐν
1199 1743 1280 1811 οἷς
1306 1751 1599 1817 πράττετε,
1633 1743 1706 1802 ὧν
1737 1752 1867 1820 πρλν

1977 1749 2136 1802 mus?
2185 1749 2324 1814 Quid
2363 1766 2460 1818 per
2501 1750 2668 1802 Deum
2705 1747 3059 1817 responsuri?
3117 1747 3280 1799 Plane
3324 1760 3551 1799 necesse

291 1835 616 1906 ἐπεθυμεῖτε
661 1837 944 1907 τυχόντες,
982 1840 1144 1891 πάλιν
1186 1839 1315 1908 ὑμῖν
1349 1839 1532 1902 αὐτοῖς
1573 1841 1669 1908 τῆς
1718 1841 1868 1892 ἐλευ-

291 1924 348 1974 θε
362 1925 477 1993 pia:
502 1924 770 1990 φθονεῖτε,
806 1928 900 1979 καὶ
931 1927 1205 1979 δουλεύειν
1234 1909 1482 1996 αἱρεῖσθε
1506 1944 1520 1993 ;
1573 1927 1742 1980 Τοῦτο
1764 1932 1871 1996 γὰρ

289 2015 420 2077 ὑμῖν
457 2015 704 2084 βούλεται
743 2019 802 2070 τὺ
851 2020 964 2080 τοῖς
1012 2016 1310 2086 βαρϐάροις
1346 2018 1508 2071 πάλιν
1546 2019 1869 2089 ἐγχειρίζειν

288 2107 393 2174 τὴν
423 2108 612 2160 πόλινο
663 2128 681 2160 ι
727 2113 778 2160 τί
804 2110 1066 2179 ἐροῦμεν,
1101 2110 1131 2178 ῆ
1172 2111 1224 2162 τί
1256 2110 1702 2178 ἀποκρινούμεθα
1736 2112 1868 2181 πρὸ;

295 2195 463 2262 Θεοῦ;
501 2197 723 2260 Πάντως
762 2199 972 2268 ἀνάγκη
1012 2199 1242 2252 κύπτειν
1275 2202 1354 2262 εἰς
1378 2201 1504 2268 γῆν,
1543 2201 1628 2251 καὶ
1661 2216 1872 2268 συγχω-

297 2290 411 2345 ρεῖν
470 2290 590 2356 μετ’
647 2290 910 2358 αίσχύνης
953 2285 1029 2352 οἷς
1071 2291 1330 2357 λέγουσι,
1385 2291 1461 2359 τῷ
1516 2291 1681 2361 μηδὲν
1725 2291 1870 2360 ἔχειν

294 2377 502 2431 δίκαιον
532 2381 830 2434 ἀντειπεῖν.
862 2381 970 2433 Καὶ
1013 2383 1118 2451 μὴν
1148 2382 1206 2432 οὐ
1237 2384 1374 2448 πρὸς
1409 2381 1651 2444 ἐκείνους
1683 2375 1866 2450 μόνον,

292 2468 432 2520 ἀλλὰ
465 2469 557 2521 καὶ
586 2468 725 2539 πρὸς
755 2471 962 2533 πάντας
987 2471 1112 2534 τοὺς
1145 2471 1244 2541 τὴν
1277 2469 1550 2539 Εὐρώπην
1578 2471 1864 2534 οἰκοῦντας

291 2557 694 2628 Χριστιανοὺς,
753 2562 962 2614 οἴεσθαι
1015 2560 1121 2632 χρὴ
1173 2562 1266 2614 τύν
1315 2563 1478 2615 αὐτὸν
1537 2563 1667 2630 ὑμῖν
1723 2563 1865 2617 εἶναι

208 2702 222 2708 _
290 2646 470 2716 λόγον.
501 2648 573 2702 Ἀ
615 2667 675 2702 τε
725 2653 833 2720 γὰρ
877 2651 1125 2720 ἔπραξαν
1177 2653 1223 2703 oi
1259 2651 1403 2721 δεῦρ’
1459 2650 1866 2716 ἐκπλεύσαντες

292 2738 542 2804 ἐκείνων,
591 2739 832 2803 ἇπαντες
870 2741 1052 2793 ἴσασι·
1091 2743 1186 2794 καὶ
1225 2741 1320 2794 νῦν
1362 2741 1428 2795 ἂν
1467 2743 1534 2796 τὰ
1571 2749 1708 2812 μετά
1745 2761 1867 2795 τοσ-

291 2829 466 2884 ούτων
522 2831 782 2885 κινδύνων
829 2831 1100 2900 κτηθέντα
1136 2833 1464 2902 προώμεθα,
1512 2837 1728 2899 πάντως
1765 2837 1864 2899 οὐκ

290 2924 642 2990 ἀγνοήσωσι.
667 2922 831 2986 Τίνας
865 2924 1045 2976 τοίνυν
1078 2923 1221 2977 οὕτω
1247 2925 1457 2987 δεινοὺς
1496 2926 1676 2994 λέγειν
1712 2928 1863 2995 μα

288 3012 424 3082 ψετε
447 3013 689 3079 Ἰταλοῖς,
718 3013 1006 3077 Γαλάταις,
1033 3014 1351 3084 Γερμανοῖς,
1384 3015 1640 3081 Κέλταις,
1678 3018 1864 3069 Ἱσπα-

211 3132 218 3136 -
296 3081 429 3168 νοῖς,
467 3106 581 3165 τοῖς
631 3105 689 3157 ἐν
740 3107 859 3167 ταῖς
901 3081 1176 3175 ἠπείροις,
1224 3108 1339 3169 τοῖς
1379 3108 1436 3160 ἐν
1485 3109 1605 3171 ταῖς
1655 3109 1862 3178 νήποις,
1890 3081 1934 3142 C

289 3199 404 3261 τοῖς
428 3197 531 3261 ἔξω
569 3197 868 3265 Γαδείρων,
895 3196 1092 3262 οἵτινες
1124 3197 1263 3266 ὑπὲρ
1295 3200 1395 3268 τῆς
1427 3199 1691 3270 αἰσχύνης
1729 3201 1860 3252 ταύο

289 3305 393 3358 της
424 3289 513 3341 καὶ
543 3289 642 3358 τῆς
669 3288 929 3351 ἀπονοίας
967 3289 1102 3360 πρὸς
1131 3289 1339 3352 πάντας
1379 3290 1813 3358 ἀπολογήσονται
1843 3333 1855 3354 ,

294 3382 408 3432 Καὶ
456 3379 629 3432 ταῦτα
675 3380 783 3430 τῶν
827 3381 923 3448 μὲν
958 3380 1320 3451 ἐγκλημάτων
1364 3380 1552 3433 οὐδένα
1582 3380 1740 3447 λόγον
1779 3381 1866 3431 ἐν-

290 3473 622 3540 δεχομένων,
659 3471 882 3524 ἐκείνων
929 3470 984 3523 δὲ
1028 3470 1138 3523 τῶν
1173 3471 1272 3538 μὲν
1305 3473 1416 3534 τοῖς
1467 3471 1862 3538 ἀπολλυμένοις

291 3561 732 3630 συναχθομένων,
761 3563 869 3615 τῶν
898 3561 942 3615 δ’
963 3561 1357 3630 ὀργιζομένων,
1380 3561 1467 3628 ἐφ’
1488 3556 1566 3624 οἷς
1597 3564 1858 3630 ματαίους

290 3655 480 3716 αὐτοῖς
521 3655 662 3722 ὑπὲρ
705 3653 862 3722 ἡμῶν
912 3654 1297 3722 πεποιήκαμεν
1347 3652 1568 3714 πόνους.
1614 3653 1779 3714 Τίνας
1816 3652 1862 3704 δ’

293 3746 423 3813 ἡμῖν
449 3744 626 3796 οἴεσθε
656 3745 751 3797 καὶ¹
775 3747 926 3812 παρὰ
960 3743 1402 3814 τῆςἘκκλησίας
1451 3743 1592 3811 άράς
1621 3742 1865 3814 ἐπαχθῆ-

293 3833 500 3894 σεσθαι,
533 3835 746 3903 ὁρώσης
769 3835 864 3903 οὐχ
894 3836 1040 3902 ἡμᾶς
1069 3834 1269 3897 αὐτοὺς
1295 3834 1456 3904 μόνον
1485 3833 1554 3888 δι’
1579 3825 1655 3887 ὧν
1680 3834 1865 3885 ποιοῦ-

1977 1851 2032 1895 ιιι
2078 1842 2321 1895 demisso
2349 1843 2400 1894 in
2439 1852 2643 1895 terrain
2686 1841 2862 1901 vultu,
2921 1840 3062 1891 dicta
3104 1840 3286 1891 omnia
3342 1836 3551 1905 pudore

1972 1931 2348 1991 admittamus.
2388 1932 2590 2002 quibus
2622 1932 2757 1985 nihil
2808 1933 3016 2000 justum
3071 1929 3138 1982 ad
3173 1929 3549 1982 defensionem

1971 2033 2250 2090 suppetat.
2280 2021 2576 2086 Caeterum,
2610 2023 2810 2076 nedum
2843 2020 2907 2072 ad
2949 2020 3092 2083 illos,
3153 2034 3346 2071 verum
3381 2018 3549 2070 etiam

1971 2114 2036 2164 ad
2069 2129 2260 2166 omnes
2295 2120 2404 2165 tota
2438 2112 2656 2179 Europa
2692 2110 3059 2172 Christianos,
3084 2123 3210 2162 eum
3245 2106 3398 2160 vobis
3431 2123 3550 2160 ser-

1971 2218 2189 2256 munem
2220 2218 2363 2265 esse,
2401 2202 2698 2271 putandum
2741 2203 2831 2256 sit.
2899 2201 3092 2254 Sciunt
3139 2199 3286 2252 enim
3333 2213 3548 2262 omnes,

1969 2307 2090 2360 quae
2127 2292 2234 2346 illis
2261 2293 2367 2345 huc
2396 2292 2822 2345 excurrentibus
2857 2301 3006 2358 gesta
3030 2291 3141 2343 sint
3169 2307 3182 2342 :
3212 2298 3378 2357 utque
3404 2306 3551 2343 nunc

1969 2383 2467 2450 ditnittamus,qu:e
2493 2383 2657 2434 tantis
2677 2381 2936 2449 periculis
2963 2389 3278 2448 comparata
3303 2379 3548 2442 luerunt,

1972 2472 2120 2526 haud
2183 2473 2344 2540 plane
2386 2472 2828 2526 suntncscituri.
2884 2470 3034 2536 Quos
3095 2486 3226 2540 ergo
3287 2471 3553 2524 facundos

1967 2564 2105 2616 adeo
2129 2573 2380 2617 oratores
2411 2563 2628 2616 missuri
2661 2564 2796 2617 estis
2849 2563 2918 2617 ad
2953 2563 3139 2625 Italos,
3178 2562 3384 2626 Gallos,
3414 2563 3554 2617 Ger-

1968 2674 2181 2720 manos,
2213 2657 2414 2718 Celtas,
2447 2657 2717 2725 llispanOs
2755 2673 2768 2709 :
2805 2655 2870 2708 ad
2902 2672 2997 2710 eos
3030 2657 3121 2724 qui
3149 2655 3549 2718 continentem,

1966 2746 2170 2816 quique
2193 2745 2399 2800 insulas
2428 2747 2710 2810 habitant;
2749 2761 2812 2798 ac
2861 2747 2956 2814 qui
2989 2755 3141 2799 extra
3170 2745 3391 2808 Gades;
3451 2745 3551 2814 qui

1967 2854 2064 2907 pro
2099 2838 2300 2906 probro
2329 2837 2434 2892 hoc
2463 2855 2526 2891 ac
2555 2838 2818 2899 amentia,
2875 2838 3136 2890 omnibus
3177 2837 3554 2890 satisfaciant?

1966 2929 2143 2999 Atque
2168 2930 2283 2983 hazc
2308 2945 2458 2992 vero,
2489 2943 2612 2982 cum
2641 2929 3026 2981 accusationes
3049 2929 3252 2980 nullam
3281 2927 3551 2982 rationem

1967 3021 2260 3076 admittant
2282 3063 2296 3087 ,
2326 3021 2540 3090 illique,
2567 3022 2765 3091 partim
2787 3021 3007 3090 quidem
3031 3020 3396 3089 pereuntibus
3418 3037 3551 3073 eon-

1967 3113 2210 3173 doleant.
2241 3118 2445 3182 partim
2474 3115 2524 3165 in
2561 3113 2672 3166 iras
2707 3112 3029 3170 eﬂ‘erveant.
3088 3110 3236 3177 quod
3263 3124 3552 3179 susceptos

1967 3201 2036 3255 ab
2062 3202 2143 3256 eis
2171 3219 2267 3270 pro
2298 3203 2456 3256 nobis
2480 3201 2696 3256 labores
2724 3216 2908 3255 cassos
2940 3199 3362 3254 reddiderimus.
3400 3202 3549 3265 Quas

1967 3308 2098 3346 vero
2128 3293 2295 3346 etiam
2334 3293 2400 3346 ab
2429 3291 2673 3348 Ecclesia
2707 3292 2868 3346 nobis
2903 3291 3173 3344 indictum
3243 3292 3308 3344 iri
3362 3293 3552 3346 existi-

1969 3385 2131 3439 matis
2165 3385 2314 3437 diras
2337 3427 2351 3447 ,
2416 3399 2538 3453 qua:
2585 3381 2788 3445 videat,
2853 3390 2913 3435 ut
2943 3381 3144 3462 nedum
3195 3367 3298 3448 ipsi
3327 3398 3446 3439 nos.
3480 3383 3548 3435 iis

1965 3493 2088 3546 qua:
2115 3475 2347 3546 agimus,
2390 3475 2574 3544 impiis
2596 3464 2913 3544 prodamus,
2950 3488 3138 3526 verum
3177 3476 3340 3528 etiam
3384 3475 3550 3528 Chri-

1972 3565 2166 3622 stianis
2224 3567 2517 3632 universis,
2550 3565 2676 3618 mali
2712 3565 2875 3635 hujus
2921 3565 3227 3619 efficiamur
3269 3577 3547 3632 auctores.

1969 3673 2098 3728 quo,
2135 3657 2279 3710 inter
2324 3656 2507 3710 omnia
2541 3671 2780 3725 unquam
2815 3655 3133 3718 commissa,
3200 3656 3335 3709 nihil
3394 3657 3549 3724 quis-

1969 3763 2132 3810 quam
2201 3743 2514 3811 scelestius,
2571 3759 2666 3800 aut
2724 3744 2960 3798 alienum
2994 3744 3165 3810 magis
3194 3744 3262 3798 ab
3296 3747 3549 3802 humaniv

1972 3849 2082 3894 tale
2106 3838 2328 3892 dixerit.

295 3945 397 3994 μςν
451 3927 797 3995 προδιδΰντας
853 3929 964 3988 τοῖς
1033 3924 1308 3988 ἀσεϐέσιν,
1362 3925 1496 3976 ἀλλά
1562 3925 1655 3977 καὶ
1713 3925 1848 3978 πᾶσι
1888 3927 2234 3996 Χριστιανοῖς
2288 3926 2380 3980 τοῦ
2452 3925 2625 3979 κακοῦ
2696 3925 2886 3979 τούτου
2934 3924 3252 3994 γινομένους
3321 3927 3546 4000 αἰτίους,

289 4017 350 4076 οῦ
377 4023 486 4074 τῶν
526 4022 745 4074 πώποτε
777 4022 1161 4090 τολμηθέντων
1198 4019 1310 4074 οὔτ’
1353 4023 1709 4090 ἐναγέστερον
1746 4019 1859 4072 οὔτ’
1897 4024 2403 4093 ἀπανθρωπότερον
2435 4024 2580 4076 εἴποι
2613 4041 2695 4084 τις
2720 4022 2806 4075 άν.

365 4117 531 4181 Τίνας
558 4117 603 4171 δ’
635 4118 772 4187 ὑπὲρ
816 4118 972 4188 ἡμῶν
1013 4118 1174 4187 εὐχὰς
1203 4118 1235 4185 ἦ
1272 4118 1367 4170 καὶ
1402 4118 1593 4180 θυσίας
1639 4120 1858 4187 προσοίο

293 4224 397 4272 σει,
417 4199 598 4276 ὁρῶσα
624 4206 830 4267 πάντας
852 4205 1077 4267 ἑκόντας
1105 4204 1303 4258 οὕτωσ).
1320 4206 1386 4258 τά
1404 4204 1654 4273 χείριστα
1673 4205 1860 4272 αἱρου-

293 4299 526 4366 μένουςς
583 4298 804 4351 Μᾶλλον
843 4299 942 4368 μὲν
1004 4293 1097 4351 οὖν
1148 4297 1262 4359 πῶς
1294 4298 1354 4350 οὐ
1391 4298 1484 4350 καὶ
1517 4297 1859 4365 καταράτους

288 4389 550 4450 τοιούτοις
606 4389 1016 4459 ἐπιχειροῦντας
1063 4389 1365 4458 ἡγήσεται;
1419 4388 1588 4457 ’Υπὲρ
1618 4387 1727 4456 γάρ
1752 4387 1860 4439 τῶν

289 4481 471 4547 ἀγαθά
504 4481 654 4548 σφίσι
696 4499 754 4534 τε
787 4483 968 4544 αὐτοῖς
1015 4484 1106 4535 καὶ
1145 4484 1255 4543 τοῖς
1293 4480 1471 4542 ἄλλοις
1500 4480 1863 4548 βουλομένων,

293 4572 388 4622 καὶ
412 4572 555 4634 ὅπως
584 4573 788 4626 τούτων
811 4573 1024 4642 τύχοιεν
1053 4572 1145 4626 τοῦ
1177 4572 1312 4626 Θεοῦ
1343 4573 1634 4641 δεομένων,
1665 4573 1725 4623 οὐ
1758 4571 1866 4622 τῶν

292 4663 604 4733 ἐξεπίτηδες
663 4666 888 4726 ἑαυτοὺς
919 4665 1285 4729 ἀπολλύντων,
1317 4665 1410 4717 καὶ
1451 4662 1599 4716 θύειν
1649 4661 1745 4715 καὶ
1781 4661 1867 4712 εῦσ

287 4748 482 4818 χεσθαι
528 4752 621 4803 καὶ
669 4752 847 4803 πάντα
900 4753 1074 4804 ποιεῖν
1108 4750 1388 4821 ἀξιοῦμεν.
1433 4750 1768 4820 Κατηγορίαι
1809 4752 1865 4800 δὲ

289 4837 386 4888 καὶ
417 4837 543 4905 ἀραὶ
573 4837 722 4907 παρά
749 4838 985 4902 πάντων,
1016 4837 1070 4890 ετ
1099 4854 1181 4900 τις
1212 4837 1404 4890 ἐαυτὸν
1433 4836 1736 4905 προδιδοὺς,
1773 4834 1867 4887 καὶ

286 4927 413 4989 τούς
437 4929 628 4989 ἀλλους
662 4927 1294 4999 προσαναγκάζοι.Τίνας
1315 4929 1358 4981 δ’
1385 4929 1516 4997 ἡμῖν
1538 4930 1631 4980 καὶ
1664 4945 1869 4995 συγκα-

287 5019 436 5072 λέμσει
474 5019 814 5088 συμμάχους,
867 5019 899 5090 ἢ
941 5019 1081 5089 μετὰ
1125 5018 1282 5081 ποίας
1327 5020 1552 5093 γνώμης
1597 5018 1732 5088 ὑπὲρ
1767 5019 1864 5087 τῆς

289 5111 430 5180 πρὸς
461 5112 609 5180 ἡμᾶς
639 5110 943 5172 διαλέξεται
977 5108 1228 5180 βοηθείας
1251 5125 1265 5140 ο
1302 5108 1454 5170 τίνας
1487 5109 1654 5162 δὲκαὶ
1689 5109 1865 5160 πείσει

288 5205 465 5254 ποιεῖν
498 5203 593 5258 καὶ
623 5202 952 5257 κινδυνεύειν
975 5202 1120 5272 ὑπὲρ
1161 5201 1339 5270 ἡμῶν,
1365 5202 1492 5254 ὅταν
1529 5201 1608 5262 είς
1637 5200 1865 5252 τούναν-

286 5298 405 5347 τίον
431 5297 570 5368 αὐτῇ
599 5296 698 5367 τὴν
741 5295 976 5365 σπουδὴν
1026 5294 1130 5365 όρᾷ
1173 5291 1546 5357 «summa;
1606 5294 1672 5346 'A
1701 5292 1808 5359 γὰρ
1838 5292 1867 5343 ό

291 5387 485 5457 Κόμης
515 5389 650 5460 ὑπὲρ
680 5388 834 5457 ἡμῶν
855 5387 1122 5456 ἐπόνησεν
1157 5386 1338 5454 ἐκείνῃ
1376 5385 1784 5446 πεισθε’ς,τούτ
1807 5403 1862 5437 υν

293 5465 453 5550 ὐμεῖς
483 5480 575 5532 ἐπὶ
601 5481 724 5542 τούς
761 5477 1067 5549 βαρϐάρους
1103 5478 1443 5547 μετενεγκεῖν
1474 5476 1570 5546 τὴν
1594 5475 1863 5543 ὠφέλειαν

294 5570 578 5640 βούλεσθε.
609 5570 785 5633 Ὅλως
833 5568 890 5622 δέ
938 5567 1090 5628 τίνας
1125 5569 1231 5637 χρὴ
1295 5566 1601 5638 προσδοκᾷν
1645 5565 1862 5619 ἔσεσθαι

293 5660 612 5736 συμμάχους
647 5661 799 5734 ἡμῖν,
847 5658 1053 5722 εἰδότας
1099 5657 1173 5720 ὡς
1203 5656 1353 5711 οὐδὲν
1381 5654 1490 5710 οὔτ’
1534 5659 1718 5720 αὐτοῖς
1746 5656 1860 5711 οὐθ’

2038 4118 2308 4184 Quasnam
2345 4134 2476 4173 vero
2509 4134 2610 4187 pro
2647 4117 2804 4172 nobis
2845 4131 3035 4188 preces
3059 4159 3075 4182 ,
3110 4131 3206 4190 seu
3263 4117 3425 4170 etiam
3461 4131 3552 4170 sa-.

1967 4210 2171 4264 critic-ia
2197 4250 2209 4271 ,
2236 4210 2487 4263 oblatura
2529 4211 2636 4273 sit,
2675 4225 2798 4263 cum
2835 4208 2915 4264 sic
2948 4224 3141 4265 omnes
3180 4211 3325 4264 ultro
3363 4209 3558 4276 videat

1970 4306 2331 4367 pricoptantes
2383 4297 2658 4365 pessima?
2715 4297 2854 4364 Quin
2912 4297 3042 4357 imo,
3109 4299 3385 4367 quomodo
3439 4316 3550 4356 non

1965 4391 2192 4444 devotos
2240 4405 2302 4443 ac
2354 4389 2720 4444 cxsecrabiles
2765 4391 2980 4453 habeat,
3025 4405 3123 4444 eos
3183 4390 3277 4458 qui
3333 4398 3550 4445 tentant

1972 4479 2139 4531 talia?
2170 4479 2278 4532 Pro
2327 4479 2392 4532 iis
2422 4479 2592 4535 enim.
2626 4480 2717 4548 qui
2750 4481 2854 4534 sibi
2888 4480 2988 4548 ipsi
3027 4495 3090 4534 ac
3137 4481 3362 4550 reliquis
3405 4481 3551 4539 bona

1968 4569 2186 4632 volunt,
2220 4569 2503 4638 Deumque
2549 4579 2715 4622 orant
2751 4578 2807 4622 ul.
2851 4585 2912 4623 ca
2959 4579 3406 4638 consequantur:
3440 4586 3549 4623 non

1969 4675 2067 4728 pro
2099 4661 2187 4720 iis,
2224 4660 2314 4728 qui
2351 4660 2418 4715 de
2456 4660 2723 4714 industria
2778 4661 3015 4730 perdunt
3050 4662 3279 4731 seipsos,
3312 4662 3551 4714 libentes

1975 4749 2245 4802 sacriﬁcia
2285 4766 2348 4801 ne
2387 4765 2580 4818 preces
2610 4751 2911 4810 oderimus.
2960 4752 3173 4818 aliaque
3205 4752 3386 4800 munda
3436 4764 3550 4801 lno-

1971 4839 2163 4894 limur.
2200 4839 2486 4910 Vttttperia
2537 4853 2720 4895 autem
2766 4859 2828 4894 ac
2855 4841 3141 4893 maledicta
3176 4843 3241 4892 ah
3267 4839 3546 4902 omnibus,

1972 4940 2032 4984 ut
2073 4932 2196 4997 quis
2246 4933 2483 5000 prodens
2528 4933 2802 5001 seipsum,
2840 4931 3056 4984 abunde
3107 4931 3247 4985 alios
3298 4933 3349 4982 in
3401 4929 3545 4984 idem

1969 5031 2148 5091 cogat.
2200 5023 2476 5088 Quosnam
2530 5039 2660 5075 vero
2697 5023 2860 5076 etiam
2917 5021 3077 5094 nobis
3117 5023 3402 5077 advocabit
3459 5037 3549 5076 so-

1969 5112 2110 5177 cios,
2173 5127 2352 5180 quove
2403 5113 2590 5167 animo
2645 5129 2749 5182 pro
2809 5114 3078 5166 mittendo
3133 5113 3292 5167 nobis
3338 5113 3547 5167 auxilio

1967 5203 2239 5255 disseret:
2285 5203 2617 5271 quibusnam
2675 5219 2806 5256 vero
2861 5203 3025 5256 etiam
3079 5203 3430 5273 persuadeat,
3488 5213 3549 5258 ut.

1967 5293 2096 5361 quid
2153 5292 2357 5346 faciant
2399 5308 2498 5363 pro
2550 5293 2730 5355 nobis,
2769 5309 2832 5348 ac
2881 5293 3122 5360 peritula
3158 5293 3377 5355 adeant,
3422 5311 3551 5349 ιυιιι,
3624 5327 3626 5330 ν

1967 5385 2214 5438 studium
2265 5400 2424 5438 suum
2467 5400 2530 5439 ac
2580 5401 2807 5455 operam
2865 5384 3054 5438 videat
3110 5387 3162 5437 in
3202 5386 3544 5439 contrarium

1970 5479 2219 5530 versant?
2251 5477 2382 5542 Quae
2430 5477 2576 5530 enim
2613 5476 2814 5530 Comes
2865 5479 2985 5547 ejus
3014 5493 3176 5530 suasu
3236 5493 3335 5546 pro
3385 5479 3547 5532 nobis

1968 5564 2260 5625 Ithoravit,
2327 5565 2523 5618 horum
2580 5581 2675 5620 vos
2738 5567 2791 5618 in
2856 5564 3130 5620 Barbaros
3195 5568 3544 5620 CulllllHNllllll

1971 5657 2267 5714 transferre
2292 5658 2564 5727 cogitatis.
2598 5659 3048 5735 Umninoautcm
3083 5674 3350 5732 quosnam
3385 5659 3546 5714 nouis
