3862 6220
431 277 568 340 lOl9

1700 271 2076 333 DEMETRII
2115 272 2421 335 CYDONII
2464 300 2470 306 -

3026 202 3071 214 -α,

3503 276 3605 345 ιοιι

428 386 553 440 ι›‹·11ἰ
606 384 852 441 subsidio
893 383 1006 439 fore
1049 397 1355 453 speramus,
1392 397 1514 436 cum
1557 382 1753 447 Sciant,
1788 382 1996 437 nullum

2114 384 2232 453 ἡμῖν
2253 385 2362 437 ἔστ’
2392 385 2580 453 ὄφελος
2605 380 2679 439 ὦν
2709 384 3053 453 πονήσουσιν,
3087 383 3240 455 ἡμῶν
3270 385 3334 439 τι
3359 383 3456 438 τῶν
3483 389 3603 441 πολι.

429 478 703 542 laborum,
766 492 941 546 neque
997 477 1147 545 ipsis,
1206 492 1385 545 neque
1447 475 1604 530 nobis
1669 476 1996 530 cxstiturum

430 571 689 628 fructum.
736 570 1073 622 devictorum
1118 567 1273 620 nobis
1308 567 1544 633 praemia
1597 567 1860 626 hostium.
1894 566 1998 620 ite-

432 678 550 715 rum
586 661 1003 731 projicicntibus
1035 659 1273 713 inimicis
1297 670 1419 729 post
1438 659 1744 715 confectum
1771 657 1993 722 bellum,

430 754 691 821 nulloque
732 751 893 805 nobis
928 750 1177 819 reliquo,
1226 732 1325 820 pro
1361 767 1470 819 quo
1503 752 1584 805 eis
1627 750 1996 820 periculorum

430 842 795 913 crgogratias
850 842 1175 905 habeamus,
1215 842 1361 910 quod
1418 858 1587 896 unum
1644 841 1712 896 iis
1774 839 1870 910 qui
1901 853 1999 909 pro

430 936 553 988 aliis
609 934 986 1000 decertatum,
1040 933 1317 1002 reliquum
1367 942 1554 988 manet
1601 933 1669 987 ad
1724 932 2003 988 solatium.

430 1023 531 1089 Qui
569 1023 716 1077 enim
765 1024 1036 1079 beneficio
1070 1023 1280 1087 donati,
1331 1035 1552 1093 accepta
1586 1024 1903 1093 projiciunt,
1934 1034 2002 1075 ne

430 1114 695 1167 bCDI'ﬁt'iS
732 1114 952 1188 quidem
989 1130 1089 1183 pro
1146 1114 1290 1169 datis
1324 1116 1527 1184 gratias
1571 1112 1811 1167 habituri
1870 1112 1999 1167 sint.

430 1206 618 1274 Atqui,
647 1220 772 1259 cum
806 1220 984 1275 neque
1015 1214 1200 1260 nostra
1236 1206 1337 1275 ipsi
1374 1206 1574 1259 virtute
1613 1204 1804 1259 hostes
1834 1202 2002 1258 ulturi

435 1295 631 1356 simus.
664 1310 727 1348 ac
765 1295 1078 1348 valentibus
1108 1296 1251 1348 ferre
1278 1294 1541 1347 auxilium
1572 1294 1750 1362 palam
1796 1292 2005 1346 denun-

434 1386 630 1439 tienms
663 1400 728 1437 ex
776 1385 844 1438 iis
877 1400 999 1454 qua:
1045 1385 1297 1448 facimus,
1327 1392 1389 1438 ut
1441 1399 1540 1438 nos
1588 1382 1819 1453 fugiant,
1869 1380 2003 1451 quid

2099 476 2238 545 μίων
2261 474 2398 531 ἆθλα
2445 478 2608 532 πάλιν
2655 481 2766 540 τοῖς
2795 478 3009 548 ἐχθροῖς
3056 478 3352 547 ριπτόντων
3404 479 3521 547 μετὰ
3541 480 3605 532 etv

2097 570 2352 640 πόλεμον,
2386 571 2479 623 καὶ
2515 569 2741 641 μηδενὸς
2786 570 2922 641 ἡμῖν
2950 569 3266 638 λειπομένου
3308 570 3437 638 ὑπὲρ
3462 565 3513 621 οῦ
3538 572 3606 639 χά-

2100 677 2186 732 ριν
2236 660 2421 722 αὐτοῖς
2488 660 2751 729 εἰσόμεθα
2802 661 2913 715 τῶν
2969 660 3248 723 κινδύνων,
3293 660 3321 713 ὃ
3364 660 3504 731 μόνον
3528 664 3607 723 τοῖς

2099 749 2238 821 ὑπὲρ
2285 750 2393 803 τῶν
2420 750 2595 804 ἄλλων
2631 752 3028 819 ἠγωνισμένοις
3054 751 3298 805 λείπεται
3319 751 3445 820 πρδς
3472 767 3606 817 παρα-

2101 839 2332 910 μυθίαν;
2382 840 2445 891 Οἱ
2473 838 2583 909 γὰρ
2613 835 2672 893 εὖ
2708 839 2994 906 παθόντες,
3032 840 3287 909 ῥίψαντες
3331 840 3397 893 τὰ
3421 840 3610 904 δοθέντα,

2098 930 2218 984 οὐδὲ
2242 931 2353 993 τοῖς
2383 932 2703 1001 εὐεργέταις
2735 932 2894 1001 χάριν
2939 930 3311 1000 ὁμολογοῦσιν,
3346 925 3416 985 ὧν
3450 920 3610 985 ἔδοσαν.

2109 1019 2268 1071 Ἀλλὰ
2293 1019 2419 1089 μὴν,
2450 1020 2496 1072 εἰ
2516 1019 2640 1088 μήτ’
2666 1020 2820 1073 αὐτοὶ
2840 1021 3021 1093 οίκεία
3045 1020 3271 1091 δυνάμει
3292 1021 3412 1083 τοῦς
3436 1019 3613 1090 ἐχθροὺς

2098 1110 2471 1179 ἀμυνούμεθα,
2525 1112 2765 1173 καὶτοῖς
2819 1114 3128 1182 συμμαχεῖν
3172 1111 3477 1181 δυναμένας
3505 1111 3615 1164 am.

2099 1219 2235 1271 κρυς
2280 1201 2623 1271 προεροῦμεν
2651 1203 2719 1255 δι’
2759 1196 2837 1256 ὧν
2871 1202 3133 1273 ποιοῦμεν
3166 1203 3385 1272 φεύγειν
3422 1200 3617 1273 quam:

2098 1291 2353 1361 λοιπὸν,ῆ
2388 1291 2465 1343 τὼ
2498 1294 2648 1362 χεῖρε
2672 1292 2934 1363 δήσαντες
2978 1295 3103 1357 τοὺς
3136 1296 3360 1366 ἐχθροὺς
3390 1294 3618 1353 ἱκετεύειν,

2100 1383 2196 1434 καὶ
2230 1382 2387 1451 μόνον
2418 1384 2483 1436 ἂν
2512 1384 2841 1453 συγχωρῶσι
2874 1384 2997 1456 ζῇν,
3026 1386 3216 1453 κέρδος
3246 1384 3514 1455 ἡγεῖσθαις

446 1482 723 1543 superest,
762 1475 865 1528 nisi
940 1486 1000 1529 ut
1050 1475 1316 1529 ambabus
1364 1475 1564 1529 vinctis
1625 1474 1900 1541 manibus,
1967 1474 2242 1544 supplices
2292 1474 2543 1530 hostibus
2587 1474 2922 1542 accidamus,
2968 1492 3032 1531 ac
3074 1477 3211 1533 lucri
3258 1477 3377 1531 loco
3441 1475 3621 1545 depute~

434 1585 579 1634 mus,
610 1569 772 1624 modo
806 1580 1018 1625 tantum
1057 1570 1224 1625 vitam
1265 1571 1622 1641 indulgeant?

502 1664 775 1730 Quocirca
829 1680 954 1721 cum
1008 1665 1348 1731 deliberatis,
1384 1646 1521 1719 .dum
1574 1664 1849 1735 Callipolis
1903 1667 2087 1723 tra-B

433 1756 610 1815 denda
642 1755 733 1819 sit,
768 1755 901 1809 nihil
923 1756 1218 1811 mihialiud
1245 1757 1501 1811 videmini
1531 1766 1813 1826 praestare,
1837 1770 2000 1824 quam

435 1856 497 1899 ut
527 1846 805 1915 quieratis,
832 1862 962 1899 num
1000 1847 1175 1916 majus
1219 1845 1285 1900 ad
1315 1847 1543 1916 gloriam
1590 1846 1679 1910 sit,
1730 1860 1793 1900 ac
1825 1844 2004 1899 omni-

440 1938 545 1991 bus
592 1936 768 1992 modis
798 1937 1226 2002 conducibilius,
1255 1936 1421 1990 vitam
1456 1936 1508 1990 in
1539 1936 1794 1990 libertate
1836 1950 2002 2005 agen-

438 2036 541 2089 tes,
584 2028 787 2081 nostris
842 2026 951 2079 frui
996 2027 1181 2090 rebus,
1212 2042 1277 2082 ac
1331 2042 1424 2082 eas
1474 2027 1749 2093 retinere;
1791 2027 1878 2081 vel
1921 2025 2004 2080 eis

438 2119 722 2191 projectis,
761 2118 1024 2189 amplecti
1063 2127 1464 2188 paupertatem,
1510 2117 1730 2187 vimque
1764 2132 1827 2172 ac
1863 2116 2005 2186 inju-

439 2213 576 2265 riam
622 2211 1018 2275 Barbarorum,
1064 2210 1236 2280 pluris
1296 2211 1528 2264 aliorum
1580 2209 1748 2280 gloria
1801 2208 2001 2262 facere.

440 2303 752 2366 Enimvero,
780 2303 895 2371 ipsa
930 2302 1047 2356 haec
1093 2302 1318 2356 omnino
1345 2312 1542 2356 emotae
1586 2301 1784 2355 mentis
1823 2298 2006 2353 homi-

435 2412 535 2449 nes
585 2394 652 2448 ad
708 2394 1065 2448 sobrietatem
1138 2394 1352 2462 possint
1417 2408 1768 2463 componere.
1836 2392 2006 2446 Nemo

436 2486 582 2541 enim
636 2484 774 2538 adeo
811 2486 999 2550 miser,
1057 2494 1117 2539 ut
1165 2501 1289 2539 cum
1333 2485 1455 2539 aliis
1507 2486 1777 2552 imperare
1823 2482 2003 2547 liceat,

437 2576 561 2630 aliis
616 2576 747 2628 velit
786 2575 1041 2640 obedire,
1095 2576 1258 2645 idque
1296 2575 1529 2629 max'me
1576 2574 1711 2628 viris
1755 2573 2007 2643 pessimis

436 2681 501 2720 ac
552 2664 971 2729 infensissimis,
1015 2665 1329 2734 nedumque
1383 2664 1588 2717 nullam
1624 2661 1751 2715 inde
1803 2660 2008 2715 habens

441 2755 774 2814 mercedem,
805 2754 938 2822 quin
989 2763 1045 2808 et
1080 2754 1196 2823 ipse
1240 2754 1459 2823 propria
1493 2751 1801 2806 conferens.
1852 2749 2007 2816 Quod

439 2845 485 2897 si
526 2843 645 2912 qui,
680 2842 829 2896 nulla
880 2843 1101 2911 quidem
1140 2842 1243 2914 ipsi
1305 2843 1517 2896 ratione
1546 2842 1694 2895 hisce
1739 2840 2009 2895 contradi-

438 2950 569 2992 cere
622 2935 844 3000 audent,
877 2934 1021 3003 quod
1054 2944 1110 2988 et
1157 2934 1351 2989 ordine
1382 2946 1437 2989 et
1484 2944 1677 2988 natura
1713 2948 1897 2987 rerum
1932 2933 2005 2990 ita

442 3027 557 3081 haec
584 3026 807 3080 definita
844 3026 974 3089 sint,
1010 3026 1200 3094 sicque
1244 3025 1414 3081 Graeci
1453 3026 1656 3095 pariter
1694 3034 1857 3094 atque
1884 3026 2013 3078 Bar-
2038 3013 2080 3070 ε

445 3116 559 3169 bari
599 3131 790 3170 omnes
832 3116 1170 3181 existiment,
1202 3116 1385 3187 sitque
1424 3115 1680 3170 omnibus
1718 3115 1950 3169 inditum
1981 3130 2012 3170 a

441 3216 660 3268 natura,
700 3215 760 3259 ut
793 3222 860 3260 ne
913 3205 1166 3259 hostibus
1203 3206 1423 3276 propria
1461 3205 1740 3259 dimittant
1773 3222 1786 3258 :
1819 3194 2016 3259 timent

442 3312 574 3353 vero
608 3298 986 3383 imminentem
1021 3298 1242 3365 famem,
1286 3314 1349 3353 ac
1374 3298 1520 3368 quod
1555 3308 1768 3367 segetes
1788 3296 2012 3366 quidem

436 3385 547 3459 iam
581 3398 840 3458 surgente
871 3391 1055 3444 culmo
1107 3391 1245 3445 altas
1289 3390 1547 3455 videant,
1592 3390 1889 3458 hostesque
1932 3389 2015 3445 ni-

443 3478 743 3531 hilominus
793 3487 994 3533 terram
1032 3478 1360 3548 pepulantes
1383 3519 1397 3543 ,
1433 3494 1498 3533 ac
1531 3478 1846 3533 suburbana
1876 3492 2015 3546 prae-

441 3565 581 3621 sidia
629 3575 908 3635 capturos,
954 3566 1160 3636 quique
1193 3568 1378 3621 omnia
1425 3567 1659 3645 subinde
1703 3566 2016 3635 direpturos

442 3659 867 3721 comminemur,
900 3674 1076 3727 eoque
1109 3658 1522 3713 concedendum
1552 3659 1761 3719 volunt,
1784 3673 1904 3727 quae
1934 3656 2013 3711 illi

446 3746 713 3819 ﬂagitant.
749 3751 926 3805 levius
957 3752 1290 3806 arbitrantes
1319 3752 1441 3806 laedi
1474 3752 1599 3813 alia,
1637 3767 1799 3821 quam
1832 3759 1892 3804 ut
1921 3765 2017 3820 pa-

446 3841 550 3895 tria
588 3845 839 3896 intereat.
906 3843 1149 3896 Primum
1193 3842 1415 3910 quidem
1466 3843 1722 3897 noverint
1773 3841 1865 3910 qui
1903 3841 2017 3895 haec

444 3943 632 3996 urant,
666 3950 773 3986 non
818 3948 881 3987 ea
915 3934 1098 3987 dicere
1131 3934 1333 4001 quibus
1374 3934 1513 3987 mala
1549 3933 1753 3987 leviora
1794 3942 2017 4001 praeste-

447 4025 735 4089 mus;scd
798 4025 978 4093 potius
1026 4019 1229 4094 quib'us
1280 4026 1544 4077 malorum
1602 4025 1693 4077 fiat
1743 4023 2013 4077 accessio.

446 4113 636 4181 Neque
666 4116 812 4168 enim
848 4130 943 4167 eos
977 4108 1350 4169 ullosve'alios
1386 4114 1634 4168 dicturos
1670 4124 1822 4183 puto,
1849 4113 2015 4167 idcir-

446 4222 514 4260 co
549 4206 711 4260 nobis
763 4206 882 4259 haec
928 4205 1159 4260 conflata
1195 4207 1357 4273 mala,
1415 4206 1560 4275 quod
1595 4206 1758 4261 urbes
1792 4213 2015 4260 nostras

409 4347 426 4354 _
449 4310 559 4348 non
585 4296 958 4350 dimiserimus
999 4296 1292 4364 Barbaris;
1329 4313 1506 4367 eoque
1536 4298 1587 4352 id
1622 4296 1862 4352 medium
1902 4295 2016 4349 fore

446 4402 560 4456 quo
591 4388 932 4441 commodior
964 4388 1182 4441 fortuna
1222 4389 1430 4454 redeat,
1479 4398 1537 4443 ut
1563 4403 1656 4443 cas
1689 4387 1967 4442 tradamus
1996 4404 2010 4441 :

449 4493 611 4533 secus
638 4495 784 4543 vero,
809 4480 954 4549 quod
982 4489 1166 4535 nostra
1203 4481 1408 4535 incuria
1449 4492 1621 4550 captae
1660 4482 1884 4547 fuerint,
1916 4480 2020 4535 hoc

451 4580 750 4638 praesentes
789 4570 948 4623 nobis
1003 4571 1211 4625 invexit
1266 4570 1641 4625 necessitates.
1696 4569 1853 4623 Haud
1890 4584 2021 4623 vero

451 4660 658 4730 quibus
685 4676 791 4726 res,
819 4678 944 4716 cum
975 4677 1183 4734 magna;
1211 4670 1417 4725 essent,
1446 4662 1580 4716 viles
1609 4662 1764 4715 facta:
1794 4669 1923 4715 sunt
1960 4675 2024 4715 ac

453 4756 778 4818 imminutae,
803 4754 998 4810 iisdem
1030 4754 1341 4810 conandum
1369 4755 1440 4809 sit
1472 4754 1707 4823 pristino
1743 4752 2020 4823 splendori

345 4876 355 4885 -
454 4852 764 4903 restitui-re.
796 4847 937 4913 Quin
972 4848 1081 4902 imo
1113 4856 1325 4901 tantum
1358 4845 1514 4899 abest
1546 4854 1606 4899 ut
1630 4854 1685 4900 et
1716 4844 1878 4899 modo
1901 4858 2023 4914 quin

453 4948 664 4993 restant
698 4938 999 4994 debeamus
1030 4939 1334 5004 dimittere,
1375 4947 1643 5008 quantum
1689 4937 1855 4992 etiam
1902 4937 2025 4990 uni-

452 5044 641 5084 versos
677 5030 947 5094 videmus,
984 5029 1086 5083 alia
1132 5029 1347 5096 aliaque
1388 5044 1592 5082 novum
1633 5025 2024 5095 comparando,

456 5132 566 5172 non
619 5133 718 5172 sua
762 5119 1122 5188 projieiemlo,
1176 5118 1382 5172 divitiis
1434 5133 1655 5188 augere.
1693 5117 1798 5172 Vos
1841 5124 2022 5170 autem

459 5210 604 5264 haud
636 5212 782 5264 aliud
845 5211 1047 5274 facitis,
1075 5226 1239 5280 quam
1302 5210 1347 5265 si
1384 5211 1508 5280 quis
1560 5208 1800 5263 membra
1838 5215 2028 5278 ampu-

460 5310 604 5365 tans,
631 5317 831 5370 corpus
866 5312 1112 5372 vegetum
1162 5302 1556 5370 robustumque
1601 5300 1879 5353 existimet
1906 5314 2025 5352 ser-

460 5404 649 5447 vatum
681 5394 749 5448 iri
780 5416 790 5448 ε
822 5395 905 5447 vel
944 5396 1039 5463 qui
1092 5394 1359 5447 tradendo
1393 5393 1754 5448 substantiam
1793 5390 2026 5445 volenti-

462 5487 565 5541 bus
598 5502 814 5555 rapere,
842 5502 904 5541 ea
935 5487 986 5541 ei
1014 5487 1221 5540 ratione
1252 5484 1522 5540 facturum
1568 5500 1626 5539 se
1656 5482 2026 5537 accessionem

464 5585 641 5645 putet.
675 5577 970 5631 Enimvero
1015 5577 1287 5631 contraria
1332 5577 1445 5630 lucc
1494 5591 1618 5631 cum
1664 5590 1878 5641 sapere.
1913 5582 2026 5625 tum

467 5686 649 5739 agerc,
712 5677 897 5737 aperte
954 5669 1289 5724 vcris.Sanc
1349 5678 1503 5739 pulo,
1558 5666 1825 5737 siquidem
1887 5666 2029 5719 Deus

2184 1659 2339 1712 Ὠσθ’
2369 1660 2497 1713 ὅταν
2530 1660 2578 1712 εί
2603 1659 2711 1712 δέοι
2744 1661 2845 1728 τὴν
2862 1660 3191 1714 Καλλίπολιν
3210 1662 3401 1715 διδόναι
3422 1663 3620 1731 $091562;-

2114 1753 2229 1819 σθε,
2260 1752 2412 1805 οὐδὲν
2441 1750 2626 1821 ἔτερόν
2665 1769 2755 1820 μοι
2788 1752 2993 1805 δοκεῖτε
3027 1756 3223 1815 ποιεῖν,
3255 1754 3287 1824 ἧ
3315 1754 3480 1823 ζητεῖν
3500 1755 3617 1807 wits-

2112 1860 2204 1913 ρον
2234 1842 2588 1913 ἐνδοξότερον,
2626 1844 2719 1896 καὶ
2746 1846 2859 1907 τοῖς
2891 1843 3031 1905 ὅλοις
3061 1844 3508 1916 λυσιτελέστερον,
3551 1847 3621 1912 ζῇν

2112 1935 2170 1987 ὲν
2222 1932 2505 2004 ἐλευθερίᾳ
2558 1928 2934 1997 ἀπολαύοντας
2964 1935 3070 1987 τῶν
3119 1935 3316 1995 ὄντων,
3350 1934 3621 1989 καὶιτούτων

2108 2024 2518 2093 ἀντεχομένους,
2541 2024 2574 2095 ἦ
2598 2024 2774 2078 ταῦτα
2803 2026 3085 2095 ῥίψαντας,
3116 2028 3218 2096 τὴν
3241 2028 3469 2080 δουλείαν
3493 2028 3622 2079 (isiti-

2112 2114 2328 2177 σασθαι,
2363 2117 2454 2167 καὶ
2497 2114 2592 2185 τὴν
2621 2115 2728 2167 τῶν
2753 2115 3043 2185 βαρϐάρων
3076 2118 3239 2186 ὓϐριν
3289 2118 3384 2186 τῆς
3405 2121 3531 2186 παρὰ
3549 2118 3621 2167 τῶν

2111 2204 2283 2260 ἄλλων
2307 2205 2463 2275 δόξης
2498 2206 2891 2277 προτιμότερον
2926 2208 3133 2262 θέσθαι.
3186 2209 3346 2262 Ἀλλὰ
3380 2209 3556 2260 τούτων
3580 2224 3622 2273 γε

2110 2297 2269 2359 ἕνεκα
2297 2298 2387 2349 καὶ
2411 2296 2463 2348 oi
2495 2298 2840 2350 παντάπασιν
2898 2299 3265 2368 ἐξεστηκότες
3297 2299 3527 2352 δύνανται
3550 2315 3625 2349 σω-

2112 2390 2347 2457 φρονεῖν.
2372 2389 2563 2451 Ούδεὶς
2587 2389 2642 2442 δὲ
2674 2388 2817 2443 οὕτω
2845 2391 3135 2460 δυστυχὴς,
3158 2392 3332 2454 ὅστις,
3367 2391 3471 2456 ἐξὸν
3494 2390 3625 2450 ἄλλοις

2113 2479 2437 2541 ἐπιτάττειν,
2483 2479 2660 2542 ἄλλοις
2691 2481 2990 2534 ὑπακούειν
3021 2484 3313 2551 αἱρήσεται
3334 2498 3347 2513 ο
3392 2483 3475 2535 καὶ
3502 2480 3628 2531 ταῦτα

2111 2574 2221 2632 τοῖς
2246 2571 2538 2639 χειρίστοις
2576 2572 2669 2622 καὶ
2721 2571 3154 2640 πολεμιωτάτοις
3178 2612 3194 2635 ,
3230 2574 3325 2626 καὶ
3357 2571 3533 2641 μηδένα
3560 2571 3629 2637 μὲν

2114 2664 2252 2732 ἔχων
2301 2662 2493 2731 μισθὸν
2526 2663 2625 2731 τῆς
2651 2663 2913 2726 δουλείας,
2954 2664 3272 2733 προστιθεὶς
3314 2664 3367 2718 δὲ
3395 2662 3476 2717 καὶ
3504 2662 3558 2715 τὰ
3573 2661 3628 2712 οῖ-

2114 2753 2293 2808 κοθεν.
2327 2754 2386 2805 Εἰ
2413 2754 2469 2806 δέ
2503 2771 2647 2813 τινες
2689 2754 2899 2817 τούτοις
2939 2756 3036 2824 μὲν
3084 2754 3342 2824 οὐδαμῶς
3383 2753 3625 2819 ἀντιλέγειν

2112 2846 2373 2915 τολμῶσι,
2404 2843 2480 2914 τῷ
2502 2846 2594 2897 καὶ
2630 2847 2696 2913 τῇ
2731 2844 2883 2909 τάξει
2917 2846 3009 2897 καὶ
3026 2847 3092 2915 τῇ
3115 2845 3282 2912 φύσει
3305 2844 3406 2897 τῶν
3431 2841 3628 2909 πραγμά-

2114 2954 2222 2989 των
2260 2935 2400 2988 οῦτω
2430 2934 2587 2988 ταυιὴ¹
2611 2934 2916 3004 διωρίσθαι,
2945 2935 3036 2988 καὶ
3060 2922 3220 3005 παρὰ
3270 2936 3427 2987 πᾶσιν
3456 2932 3626 2997 Ἕλλησι

2114 3030 2207 3083 καὶ
2252 3028 2560 3099 Βαρόἀροις
2591 3027 2734 3082 οῦτω
2768 3027 3107 3098 νομίζεσθαι,
3134 3027 3235 3080 καὶ
3263 3028 3419 3081 πᾶσιν
3444 3024 3626 3094 ἔμφυτοι

2113 3114 2251 3171 εἶναι
2286 3118 2359 3189 μὴ
2388 3121 2501 3183 τοῖς
2529 3118 2810 3188 πολεμίοις
2853 3118 2922 3171 τὰ
2951 3119 3129 3171 οἰκεῖα
3173 3118 3479 3189 προΐεσθαι·
3504 3110 3626 3167 δεδοί-

2112 3228 2242 3265 κασι
2276 3210 2335 3264 δὲ
2384 3211 2475 3264 τὸν
2522 3211 2621 3279 μὲν
2669 3210 2829 3279 λιμὸν
2878 3210 3234 3279 ἐπικείμενον
3286 3210 3556 3282 βλέποντες.
3588 3204 3627 3255 ἐν

2112 3302 2265 3371 ἀκμῇ
2298 3301 2395 3371 μὲν
2422 3300 2514 3354 τὸν
2544 3303 2688 3354 σῖτον
2711 3338 2726 3363 ,
2763 3300 2892 3363 τοὺς
2918 3299 2973 3353 δὲ
3007 3298 3344 3369 βαρσάρους,
3393 3298 3451 3352 ἂν
3476 3294 3537 3365 μὴ
3558 3291 3628 3357 τῆς

2114 3393 2326 3455 πόλεως
2358 3392 2691 3463 ἁφεστῶμεν
2720 3391 2925 3456 αὐτοῖς,
2957 3393 3136 3461 κερεῖν
3189 3393 3289 3462 μὲν
3312 3389 3408 3460 τὴν
3429 3387 3533 3456 γῆν.
3559 3400 3628 3436 κα·

2111 3483 2524 3554 ταλήψεσθαιδὲ
2556 3483 2625 3537 τὰ
2664 3482 2771 3553 πρὸ
2821 3482 2921 3553 τῆς
2954 3481 3163 3546 πόλεως
3209 3481 3454 3554 φρούρια,
3499 3476 3628 3529 πάντα

2112 3575 2170 3629 δὲ
2201 3574 2538 3630 ἀνασπάσειν
2585 3574 2785 3643 ἐφεξῆς
2838 3571 3227 3637 ἀπειλοῦντας,
3282 3570 3375 3624 καὶ
3412 3569 3485 3623 διὰ
3518 3562 3627 3616 ταῦτ’

2113 3664 2323 3731 ἀξιοῦσι
2352 3669 2656 3737 συγχωρεῖν
2703 3661 2785 3730 οἷς
2832 3664 3068 3730 αἰτοῦσι,
3119 3664 3445 3734 κουφότερον
3470 3654 3626 3726 τὴνεις

2105 3756 2281 3813 τᾶλλα
2313 3756 2519 3827 ζημίαν
2553 3756 2833 3827 κρίνοντες
2861 3754 2955 3809 τοῦ
2985 3756 3088 3825 τῆς
3141 3753 3399 3825 πατρίδος
3423 3746 3620 3815 ὀλέθρων

2115 3850 2330 3919 πρῶτον
2354 3848 2453 3917 μὲν
2479 3849 2713 3902 ἴστωσαν
2745 3846 2998 3924 οίοταῦτα
3026 3844 3472 3915 δημηγοροῦντες,
3502 3838 3561 3897 ὡς

2114 3940 2182 3993 δι’
2212 3936 2285 3993 ὧν
2312 3939 2518 3992 ἐλάττω
2551 3939 2620 3992 τὰ
2651 3918 3125 4005 κακὰ-ποιήσομεν
3148 3934 3412 4002 λέγουσιν.
3446 3924 3555 3980 ἀλλὰ
3573 3918 3621 3971 δι’

2115 4024 2191 4086 ὧν
2220 4032 2314 4083 καὶ
2343 4029 2744 4100 προσθήσομεν.
2786 4025 2920 4080 Οῦτε
2957 4025 3064 4095 γὰρ
3101 4026 3322 4087 αὐτοὺς,
3346 4019 3447 4074 οὔτ’
3475 4015 3616 4071 ἄλλους

2117 4110 2293 4174 εἰπεῖν
2345 4120 2409 4173 ἂν
2433 4119 2639 4189 νομίζω
2677 4118 2737 4171 τὸ
2795 4116 2871 4187 μὴ
2901 4116 3000 4178 τὰς
3045 4115 3325 4186 ἡμετέρας
3356 4109 3514 4168 πόλεις

2119 4209 2413 4281 βαρϐάροις
2471 4206 2753 4278 προίεσθαι
2808 4207 2981 4260 αίτιον
3037 4208 3173 4275 ἡμίν
3234 4203 3501 4273 γενόμενον
3545 4204 3619 4281 ταν

2119 4303 2403 4371 παρόντων
2434 4299 2619 4353 κακῶν
2638 4342 2653 4366 ,
2683 4301 2777 4354 καὶ
2819 4298 2907 4351 διὰ
2926 4296 3087 4350 τοῦτο
3144 4297 3207 4348 τὸ
3238 4291 3511 4365 προδιδόναι
3535 4279 3621 4337 ταὺ-

2119 4411 2217 4455 τας
2243 4393 2574 4461 ἀφαιρήσειν
2606 4391 2707 4459 τῆς
2746 4388 3034 4458 δυστυχίας
3054 4402 3069 4416 ·
3114 4385 3233 4439 ἀλλ’
3273 4385 3352 4438 ὅτι
3378 4371 3618 4433 romanis!

2124 4484 2281 4556 ἡμῶν
2311 4482 2656 4554 ἀμελούντων
2707 4474 2979 4542 ἑάλωσαν,
3005 4477 3152 4531 τοῦθ’
3177 4477 3308 4547 ἡμῖν
3331 4461 3617 4556 ἐνεγκεῖν

2124 4550 2401 4645 παρούσας
2431 4572 2695 4645 ἀνάγκας,
2727 4570 2800 4623 Οὐ
2837 4567 2901 4638 δὴ
2932 4567 2999 4620 δι’
3032 4561 3107 4620 ὧν
3139 4568 3203 4619 ὲκ
3232 4563 3468 4635 μεγάλων
3492 4550 3619 4623 φαῦλα
3666 4604 3669 4613 .

2122 4644 2520 4734 τὰπρᾶγματα
2556 4644 2767 4729 γέγονε,
2812 4658 2901 4711 διὰ
2938 4658 3046 4711 τῶν
3080 4656 3260 4709 αὐτῶν
3289 4653 3448 4706 ταῦτα
3482 4656 3619 4734 min:

2122 4756 2244 4809 τέον
2274 4753 2735 4824 ἐπανορθοῦσθαι·
2763 4752 2898 4806 ἀλλὰ
2928 4750 3138 4804 τοσοῦτ’
3171 4744 3428 4816 ἀφεκτέον
3458 4735 3534 4790 τοῦ
3556 4726 3619 4833 δίῗῖ

2125 4845 2221 4901 νῦν
2244 4844 2309 4899 τὰ
2335 4844 2462 4897 ὄντα
2488 4843 2793 4912 προΐεσθαι,
2818 4843 2941 4895 ὅσον
2967 4842 3059 4894 καὶ
3074 4843 3302 4903 πάντας,
3323 4834 3393 4902 τῷ
3413 4836 3621 4898 πρωκτει·

2128 4938 2250 4991 σθαι
2330 4938 2423 4993 καὶ
2463 4934 2539 5003 τῷ
2575 4933 3041 5004 προσλαμϐάνειν,
3080 4929 3194 4985 ἀλλ’
3247 4931 3304 4981 οὐ
3341 4925 3413 4994 τῷ
3453 4921 3508 4971 τὰ
3530 4914 3619 5004 ὄντι

2129 5026 2359 5096 ῥίπτειν,
2418 5024 2853 5092 πλουσιωτέρους
2881 5021 3199 5090 γινομένους
3227 5016 3449 5087 ὁρῶμεν.
3483 5000 3619 5099 Ὑμεῖς

2126 5120 2183 5172 δὲ
2212 5120 2414 5171 ποιεῖτε
2442 5114 2848 5185 παραπλήσιον,
2881 5112 3071 5182 ῶσπερ
3098 5109 3233 5165 avsi
3259 5124 3339 5169 τις
3369 5102 3464 5156 τῶν
3493 5092 3619 5190 suis"

2128 5208 2399 5279 ἀφαιρῶν,
2429 5182 2594 5260 οῐοιτο
2640 5182 2735 5273 την
2784 5201 2970 5272 ἀκμὴν
2996 5200 3072 5271 τῷ
3102 5199 3310 5267 σώματι
3341 5192 3425 5245 δαὶ
3449 5182 3619 5282 τὴΪΫῨ

2134 5272 2241 5371 μην
2270 5272 2461 5369 τηρεῖν
2480 5314 2493 5328 ⁸
2518 5296 2550 5365 ἢ
2602 5272 2711 5357 τοῖς
2741 5292 3061 5363 διαρπάζειν
3084 5287 3409 5360 βουλομένοις
3440 5272 3619 5370 ἔκδιδῗίίί

2130 5370 2229 5460 τὴν
2273 5388 2480 5451 ούσίαν,
2543 5384 2895 5459 προστιθέναι
2951 5385 3063 5445 τοῖς
3116 5377 3282 5434 οὖσιν.
3341 5370 3481 5426 Ἀλλᾶ
3505 5372 3619 5460 τοξο

2132 5481 2389 5538 τάναντία
2420 5482 2529 5540 τοῖς
2560 5477 2816 5546 φανεροῖς
2851 5476 2968 5527 ἐστι
2992 5474 3086 5527 καὶ
3115 5471 3341 5541 φρονεῖν,
3367 5463 3446 5517 καὶ
3473 5450 3616 5545 ποιεῖθ’

2146 5570 2288 5640 Ἐγὼ
2310 5571 2419 5639 γὰρ
2457 5569 2509 5621 εί
2539 5584 2661 5621 τινα
2705 5545 2836 5629 Θεὸς
2881 5562 3101 5633 πέμψας
3135 5545 3618 5640 ngam-iungentes.”

2141 5662 2269 5734 παρ’
2327 5660 2491 5715 αὐτοῦ
2525 5660 2729 5726 ζητεῖν,
2783 5656 2857 5721 ὼς
2891 5657 2988 5709 οὐκ
3019 5651 3387 5723 ἀτυχήσοντας,
3415 5635 3537 5690 οὐδὲν
3571 5639 3615 5676 1‘!
