3862 6220
199 308 331 375 1021

1037 319 1324 383 ORATIO
1364 318 1464 380 DE
1506 318 1661 379 NON
1703 318 2119 379 REDDENDA
2158 317 2576 382 CALLIPOLI.

3325 317 3463 382 102‘2

193 420 343 489 ὑμᾶς
392 418 580 491 ἕτερον
625 421 849 492 αίτῆσαι
902 424 1108 491 νομίζω
1158 425 1265 495 πρὸ
1314 425 1425 479 τῶν
1471 425 1683 478 πόλεων
1714 425 1780 486 ἃς

1888 424 2113 479 mittens
2142 425 2362 496 juberet
2393 440 2619 479 munera
2650 433 2859 493 petere,
2895 434 2956 479 ut
2985 440 3052 479 ne
3078 425 3341 497 deinceps
3369 430 3465 483 atl-

191 510 585 581 ἀπωλέσαμεν,
615 513 691 576 ώς
719 513 863 567 οὕτω
895 515 1077 585 μόνως
1110 516 1228 582 ἐξὸν
1256 515 1337 578 εἷς
1356 532 1416 567 τε
1450 516 1550 585 τὴν
1591 518 1781 586 προτέ-

193 613 302 667 ραν
334 597 504 669 τύχην
527 599 879 669 ἀναδραμεῖν,
912 604 1009 655 καὶ
1035 602 1189 665 δίκας
1215 604 1522 671 ἀπαιτῆσαι
1538 604 1664 666 τοὺς
1686 603 1781 657 νῦν

191 688 617 754 πλεονάζοντας.
659 689 775 745 Εἶθ’
825 686 900 746 ὧν
932 695 1186 764 τυχόντες
1219 696 1320 749 οὐκ
1368 696 1435 749 ἂν
1481 695 1783 764 εὐξαίμεθα

192 784 392 853 μείζω,
438 783 592 837 ταῦτ’
656 785 971 857 ἐξεπίτηδες
1015 787 1364 854 ἀπολλύντες,
1419 788 1481 841 τὸ
1535 790 1781 840 συνοῖσον

189 875 327 944 περὶ
355 876 513 945 ἡμῶν
535 878 718 931 αὐτῶν
744 880 1037 949 νομίζομεν
1063 878 1455 950 βεϐουλεῦσθαι
1480 897 1495 946 ;
1528 881 1640 935 Kal.
1664 880 1783 943 πῶς

186 967 255 1047 of)
289 967 576 1036 μαίνεσθαι
607 970 833 1040 δόξομεν
858 989 872 1034 ;

1887 515 2061 570 versis
2086 516 2281 571 essetis
2318 516 2493 578 usuri,
2523 515 2659 569 nihil
2692 531 2788 571 vos
2823 516 2969 571 aliud
3014 517 3183 587 priori
3220 518 3341 572 loco
3376 537 3468 589 pe—

1889 605 2117 661 tendum
2153 616 2393 668 raturos,
2425 621 2588 675 quam
2635 607 2866 660 amissas
2895 606 3081 672 urbes,
3114 616 3371 676 tanquam
3400 626 3464 663 ra

1880 699 2149 753 duntaxat
2200 700 2415 753 ratione
2449 701 2661 760 liceret,
2706 710 2819 753 tum
2882 702 3065 755 redire
3107 701 3173 755 ad
3224 701 3461 769 priorem

1881 790 2178 854 fortunam,
2210 800 2323 843 tum
2354 806 2448 843 eos
2481 790 2672 844 ulcisci
2703 792 2797 860 qui
2835 807 2980 846 nunc
3018 802 3204 846 nostra
3239 793 3463 860 rapiunt

1883 876 2201 945 faciuntque
2261 877 2541 946 injuriam.
2594 878 2687 932 Sic
2736 896 2869 948 ergo
2928 897 2994 935 ea
3049 897 3113 937 ex
3178 884 3462 952 propOsito

1882 971 2223 1036 amittentes,
2277 986 2509 1037 quorum
2574 971 2710 1024 nihil
2768 972 2944 1043 majus
2997 975 3365 1043 possessione,
3405 984 3464 1029 ut

186 1051 283 1115 ’lla
332 1062 590 1116 adessent
633 1070 871 1134 Optaturi
914 1082 1184 1132 essemus,
1215 1068 1364 1139 quod
1412 1082 1442 1123 e
1495 1080 1556 1121 re
1622 1063 1697 1120 sit
1748 1063 1817 1119 de
1853 1063 2016 1119 nobis
2064 1064 2166 1133 ipsi
2216 1062 2549 1135 deliberasse
2593 1065 2952 1134 putabimus?
3015 1067 3115 1133 Qui
3171 1085 3301 1124 vero
3352 1084 3460 1124 non

186 1156 387 1212 furiosi
417 1159 669 1216 homines
698 1178 761 1215 ac
789 1162 970 1217 insani
1008 1164 1249 1220 habendi
1280 1162 1515 1220 sumus?

268 1252 497 1305 Ἔπειτα
522 1254 633 1306 οὐδ’
655 1257 859 1323 ὅμοιον,
880 1258 1361 1328 προπολεμοῦντας
1386 1258 1496 1313 τῶν
1529 1256 1770 1323 οίκείων,

186 1340 286 1393 καὶ
310 1341 737 1407 κινδυνεύοντας,
765 1340 880 1397 εἶτα
897 1346 1234 1409 πταίσαντας
1256 1345 1429 1400 ταῦτα
1457 1346 1774 1411 ἀποϐαλεῖν,

184 1428 285 1480 καὶ
317 1429 426 1481 τῶν
460 1428 755 1498 βαρϐάρων
795 1431 1094 1484 αἰτούντων
1142 1434 1172 1497 ἢ
1223 1433 1320 1485 καὶ
1353 1432 1775 1494 ὲπιταττόντων,

184 1520 395 1590 ταύτην
430 1521 671 1585 ἐνεγκεῖν
702 1524 801 1588 τὴν
836 1522 1062 1591 ζημίαν.
1123 1524 1379 1586 Ἐκείνως
1435 1523 1534 1591 μὲν
1566 1524 1675 1594 γὰρ
1715 1523 1778 1576 τὸ

187 1611 327 1679 γοῦν
355 1613 577 1681 αἰσχρὸν
631 1614 845 1674 ἄπεστι,
883 1616 975 1666 καὶ
1031 1602 1199 1684 μόνης
1234 1616 1330 1685 τῆς
1362 1617 1534 1684 τύχης
1561 1615 1773 1682 γίνεται

184 1704 253 1757 τὸ
282 1703 566 1771 ἐλάττωμα
589 1746 603 1769 ,
653 1700 720 1774 ἦς
749 1704 845 1757 ἀνθ
857 1703 1071 1774 ρώπους
1106 1723 1169 1774 γε
1200 1706 1360 1769 δντας
1388 1708 1488 1761 ούκ
1515 1707 1663 1761 ἔστιν
1688 1709 1775 1760 ἀεὶ

1950 1255 2221 1310 Praeterea
2254 1269 2367 1308 nec
2402 1254 2505 1310 hoc
2548 1255 2748 1323 simile,
2790 1270 2892 1326 pro
2922 1255 3142 1323 {nostris
3184 1266 3309 1309 ante
3358 1271 3461 1325 pu-

1879 1357 2122 1417 gnantes
2165 1346 2355 1406 rebus,
2393 1362 2458 1401 ac
2508 1347 2773 1401 adeuntes
2806 1348 3069 1416 pericula,
3123 1358 3348 1416 tumque
3380 1350 3461 1402 vi-

1879 1451 1997 1495 etos
2044 1457 2107 1496 ea
2159 1442 2436 1506 amittere,
2470 1449 2636 1510 atque
2667 1442 2988 1511 petentibus
3022 1441 3298 1501 Barbaris,
3360 1455 3457 1493 seu

1876 1537 2041 1589 etiam
2078 1533 2423 1604 jubentibus,
2454 1548 2573 1586 eam
2608 1534 2881 1601 jacturam
2921 1532 3082 1585 ferre.
3118 1529 3251 1584 Nam
3280 1529 3459 1598 primo

1876 1625 2037 1679 modo
2103 1624 2257 1678 abest
2304 1623 2448 1693 quod
2510 1635 2595 1678 est
2655 1635 2838 1692 turpe,
2886 1638 2992 1678 nec
3060 1622 3164 1676 nisi
3226 1604 3461 1675 fortuna:

1874 1715 2132 1769 damnum
2167 1723 2251 1769 est
2287 1730 2302 1767 :
2337 1714 2495 1784 cujus
2531 1728 2658 1768 cum
2689 1712 2944 1767 homines
2982 1713 3175 1777 simus,
3206 1710 3462 1780 ἰιιιῃοξςί-

189 1795 607 1863 περιγίνεσθαι·
638 1797 697 1848 τὸ
724 1797 769 1849 δ’
799 1798 1023 1860 ἑκόντας
1069 1797 1192 1852 καθ’
1222 1800 1433 1852 ἑαυτῶν
1467 1804 1580 1864 τοῖς
1629 1800 1773 1870 ἐχθί-

1880 1806 1985 1860 hile
2024 1814 2111 1860 est
2145 1819 2363 1873 semper
2405 1820 2504 1857 nos
2530 1804 2776 1857 arbitros
2811 1818 2956 1856 esse.
2992 1802 3062 1856 Ut
3105 1810 3291 1853 autent
3350 1798 3458 1867 ipsi

191 1905 342 1951 στοις
366 1887 662 1957 ὑπηρετεῖν
687 1928 702 1951 ,
735 1887 897 1941 τοῦτο
948 1889 1012 1955 δὴ
1045 1890 1139 1942 καὶ
1173 1889 1267 1943 τοῦ
1313 1890 1503 1951 ἔθνους
1538 1894 1631 1944 καὶ
1671 1892 1775 1963 τῆς

186 1978 539 2047 ἀνθρωπίνης
573 1978 789 2046 φύσεως
821 1980 1013 2051 πόρῤω
1044 1982 1256 2045 πίπτει,
1291 1980 1387 2034 καὶ
1416 1983 1586 2052 μόνης
1614 1983 1772 2036 ἀναιο

189 2071 427 2139 σθησίας
456 2070 730 2135 ἀπόδειξιν
753 2070 896 2140 ἔχει·
931 2072 959 2125 δ
994 2072 1089 2126 νῦν
1116 2074 1248 2143 ἡμῖν
1282 2072 1652 2143 συμϐήσεται,
1678 2074 1775 2127 ἐὰν

195 2160 275 2231 μὴ
308 2160 672 2231 μεταθώμεθα
709 2163 836 2231 περὶ
864 2155 939 2216 ὧν
971 2161 1366 2234 βουλευόμεθα.

270 2338 452 2408 Χωρὶς
498 2340 555 2393 δὲ
586 2339 815 2404 τούτων,
847 2340 895 2393 εί
928 2340 1029 2407 μὲν
1056 2337 1125 2412 ἦν
1166 2358 1252 2404 τις
1309 2343 1441 2412 ἡμῖν
1475 2342 1776 2413 ἀξιόχρεως

194 2432 296 2501 τῆς
322 2432 431 2485 τῶν
461 2431 751 2502 βαρϐάρων
786 2432 1007 2502 γνώμης
1034 2426 1314 2504 ἐγγυητὴς
1349 2434 1503 2505 (Θεὸς
1527 2434 1574 2487 δ’
1608 2435 1674 2487 ἂν
1708 2431 1775 2505 ἦν

190 2516 379 2586 οὗτος·
403 2524 464 2577 οὐ
498 2525 605 2594 γὰρ
632 2523 934 2594 ἀνθρώπων
961 2542 1025 2592 γε
1046 2525 1220 2579 οὐδενὶ
1251 2526 1319 2579 τά
1341 2526 1569 2579 τοιαῦτα
1598 2526 1776 2579 δοτέον

191 2615 564 2684 ἐπίστασθαι),
605 2615 677 2677 ώς
710 2617 804 2669 ἐὰν
834 2616 870 2670 ἀ
914 2615 1008 2669 νῦν
1042 2618 1091 2669 οί
1141 2616 1406 2687 βάρϐαροι
1438 2617 1567 2687 παρ’
1619 2618 1774 2686 ἡμῶν

196 2706 596 2773 ἐπαγγέλλουσι
625 2706 888 2769 λάϐωσιν,
928 2709 1267 2777 ἡσυχάσουσι
1298 2708 1394 2760 τοῦ
1426 2708 1637 2771 λοιποῦ,
1679 2707 1774 2761 καὶ

189 2798 293 2867 τὴν
326 2798 635 2862 πλεονεξίαν
658 2800 947 2868 στήσουσιν
981 2802 1039 2852 ὲν
1059 2802 1171 2862 τοῖς
1195 2799 1521 2869 δεδομένοις,
1550 2798 1774 2870 αἰσχρὸν

196 2890 299 2956 μὲν
327 2891 551 2959 αἰσχρὸν
586 2892 678 2943 καὶ
700 2890 893 2957 οὕτως,
921 2894 1013 2943 κοιλ⁸
1052 2891 1160 2943 τῶν
1188 2891 1352 2961 μέχρι
1373 2891 1469 2944 νῦν
1503 2893 1615 2952 τοῖς
1646 2909 1777 2960 προ·

192 2980 373 3049 γόνοις
424 2981 874 3051 κατωρθωμένων
922 2982 1161 3047 ἀνάξιον,
1207 2984 1443 3045 καὶτοῖς
1500 2983 1642 3037 κατά
1671 2984 1772 3051 γῆν

1877 1907 2074 1966 sponte
2132 1897 2426 1951 adversum
2482 1912 2584 1951 nos
2649 1896 3036 1950 infensissimis
3101 1895 3454 1955 serviamus,

1878 1989 1982 2042 hoc
2005 2003 2135 2043 sane
2180 2003 2304 2041 cum
2362 2004 2390 2040 a
2432 1998 2616 2056 gente,
2671 1995 2784 2040 tum
2824 1986 2893 2039 ab
2946 1986 3290 2059 humanitate
3344 1992 3458 2037 tota

1876 2079 2034 2148 longe
2061 2078 2491 2132 remotissimum
2526 2086 2632 2141 est,
2667 2092 2767 2131 nec
2807 2076 2952 2130 aliud
3006 2076 3251 2130 ostendit
3289 2088 3457 2141 quam

1880 2169 2359 2223 insensibilitatem
2414 2187 2428 2222 :
2485 2168 2632 2234 quod
2691 2168 2852 2221 nobis
2920 2167 2975 2220 in
3036 2166 3458 2236 pmsentiarum

1876 2263 2181 2331 continget,
2208 2262 2313 2316 nisi
2348 2261 2577 2315 consilia
2610 2261 3032 2313 tnutsverimus.

1948 2354 2233 2416 Pneterea,
2282 2360 2342 2405 ut
2380 2350 2599 2421 quidem
2639 2350 2834 2418 dignus
2874 2350 2998 2417 quis
3044 2363 3277 2416 sponsor
3309 2356 3460 2401 esset

1876 2444 2041 2497 animi
2077 2443 2462 2503 Barbarorum,
2495 2442 2562 2510 (is
2593 2440 2751 2508 plane
2788 2439 3122 2499 Dens'csset,
3161 2455 3262 2493 nec
3305 2441 3457 2493 enim

1877 2535 1974 2589 ulli
2005 2535 2292 2588 hominum
2339 2532 2754 2595 concedendum
2802 2531 2874 2586 sit
2905 2532 3009 2586 ista
3056 2530 3245 2592 scire),
3293 2530 3460 2583 nimi-

1877 2643 1997 2680 rum
2047 2627 2162 2682 fore
2199 2636 2259 2681 ut
2306 2625 2532 2682 Barbari
2564 2625 2809 2694 acceptis
2838 2640 2961 2693 quae
3015 2623 3179 2677 modo
3226 2638 3257 2675 a
3295 2622 3457 2676 nobis

1875 2719 2196 2789 etllagitant.
2235 2720 2492 2788 deinceps
2525 2728 2713 2774 essent
2750 2715 3016 2786 quieturi,
3049 2714 3460 2781 terminumque

1876 2812 2092 2882 injuria:
2119 2812 2173 2865 in
2212 2812 2278 2866 iis
2309 2826 2431 2880 qua:
2482 2810 2609 2865 data
2640 2819 2847 2872 essent,
2885 2807 3147 2877 posituri,
3178 2805 3260 2860 sic
3295 2805 3457 2859 etiam

1876 2904 1956 2957 sic
1988 2913 2144 2971 turpe
2198 2902 2361 2968 foret,
2409 2918 2472 2957 ac
2502 2903 2774 2970 majorum
2826 2900 3093 2969 hactenus
3141 2904 3456 2950 nostrorum

1875 2995 2221 3049 facinoribus
2252 2995 2562 3063 indignum,
2595 2994 2872 3062 rebusque
2906 3008 3004 3061 per
3032 3003 3133 3045 eos
3171 3000 3313 3043 terra
3350 3005 3462 3041 ma-

192 3073 292 3125 καὶ
326 3074 464 3125 κατὰ
501 3072 769 3125 θάλατταν
804 3073 987 3137 αὐτοῖς
1028 3073 1414 3143 εἰργασμένοις
1445 3075 1772 3129 ἐναντιώτα-

1880 3085 2037 3153 rique
2091 3083 2350 3153 praeclare
2411 3083 2717 3152 designatis
2782 3094 2998 3133 summe
3068 3076 3458 3140 contrarium,

189 3179 309 3226 τον,
341 3164 432 3215 καὶ
468 3164 649 3216 πᾶσαν
699 3164 870 3232 ἄρδην
904 3164 1214 3235 ἀνατρέπον
1264 3165 1364 3236 τὴν
1414 3166 1517 3236 τῆς
1559 3167 1766 3231 πόλεως

190 3254 394 3321 δόξαν,
450 3255 624 3309 δοκεῖν
680 3256 849 3308 εἴκειν
903 3259 1017 3319 τοῖς
1079 3256 1374 3327 βαρϐάροις
1431 3258 1526 3310 καὶ
1581 3258 1767 3312 ὁπωσ-

188 3348 308 3412 οῦν,
368 3349 461 3402 καὶ
489 3349 645 3402 ταῦτ’
691 3352 748 3401 ἐν
782 3345 868 3411 οἷς
922 3349 1284 3419 λυμαίνονται
1331 3352 1444 3412 τοῖς
1473 3349 1767 3420 ἡμετέροις

190 3440 401 3504 καλοῖς,
457 3442 551 3493 καὶ
583 3440 938 3509 κατορύττειν
965 3458 1028 3509 γε
1059 3442 1306 3511 προσῆκε
1329 3441 1422 3495 τὸν
1454 3440 1607 3494 ταῦθ’
1635 3441 1766 3509 ἡμῖν

191 3532 588 3601 συμϐουλεύειν
615 3533 648 3601 ἢ
680 3533 775 3585 καὶ
801 3532 1006 3585 πείθειν
1047 3533 1353 3603 τολμῶντα.
1399 3534 1473 3586 Οὐ
1508 3532 1613 3603 μὴν
1647 3531 1766 3586 ἀλλ’

191 3624 248 3677 et
288 3640 369 3686 τις
403 3624 547 3693 ἡμᾶς
578 3624 776 3687 πείθοι,
836 3622 912 3685 ὡς
962 3622 1080 3676 ἔστι
1126 3622 1235 3675 τῶν
1268 3621 1367 3676 νῦν
1414 3622 1765 3693 ζητουμένων

189 3717 727 3785 παραχωρήσαντας,
760 3718 871 3779 τοῖς
898 3716 1348 3786 λειφθησομὲνοις
1378 3716 1618 3787 χρῆσθαι
1648 3719 1769 3787 μετ’

190 3806 515 3873 ἀσφαλείας,
550 3806 739 3877 ὥσπερ
768 3809 818 3861 οἱ
856 3809 966 3861 τῶν
1034 3809 1212 3878 μελῶν
1253 3827 1375 3863 τινα
1407 3812 1614 3881 σιδήρῳ
1669 3812 1764 3865 καὶ

192 3900 454 3950 καύσεσιν
487 3900 805 3965 ἐκδιδόντες,
830 3901 969 3971 ὑπὲρ
986 3902 1080 3954 τοῦ
1104 3902 1180 3971 τῷ
1197 3899 1372 3972 λοιπῷ
1404 3903 1614 3973 σώματι
1642 3902 1764 3973 ζῇν·

192 3983 275 4050 οἷς
300 3989 394 4042 τοῦ
420 3989 648 4044 θανάτου
687 3992 1011 4061 πικρότερον
1038 3993 1248 4059 γίνεται
1276 3993 1342 4045 τὰ
1368 3995 1517 4061 παρά
1547 3992 1765 4047 πάντων

191 4078 391 4147 ὀνείδη,
424 4080 667 4148 σιγάσθω
699 4080 799 4149 μὲν
822 4081 888 4132 τὰ
906 4081 1005 4150 τῆς
1023 4082 1275 4151 πατρίδος
1304 4084 1464 4135 καλά·
1496 4084 1766 4153 ἀριστέων

192 4172 252 4224 δὲ
273 4172 583 4239 ἀνδριάντες
608 4174 1078 4241 ἀνατραπήτωσαν
1098 4188 1112 4203 ·
1140 4175 1541 4241 ἐπιγράμματα
1569 4174 1625 4226 δὲ
1649 4174 1771 4241 ἑξα-

193 4264 484 4332 λειφέσθω,
519 4266 628 4326 τῖς
662 4263 941 4331 ἐσομένοις
981 4264 1246 4333 δηλοῦντα
1288 4266 1386 4335 τὴν
1431 4268 1528 4337 τῆς
1561 4267 1769 4330 πόλεως

195 4357 425 4425 ἀρετήν·
464 4356 560 4407 καὶ
617 4356 726 4416 πᾶς
754 4356 797 4408 δ’
854 4356 993 4426 αὐτῇ
1029 4356 1167 4425 ὑπὲρ
1213 4356 1365 4426 δόξης
1414 4358 1771 4428 διηνυσμένος

1880 3182 2161 3244 totamque
2214 3174 2434 3244 penitus
2488 3172 2714 3227 abolens
2775 3171 3018 3227 civitatis
3067 3168 3320 3239 gloriam,
3375 3175 3457 3231 ut,

1880 3266 2129 3335 inquam,
2179 3266 2265 3319 vel
2314 3264 2519 3333 aliquid
2572 3262 2827 3317 Barbaris
2881 3260 3075 3315 cedere
3120 3259 3459 3320 videremur,

1878 3356 2045 3426 idque
2087 3355 2155 3409 iis
2187 3355 2240 3408 in
2272 3355 2457 3416 rebus,
2495 3353 2699 3422 quibus
2734 3353 2995 3405 darrnum
3031 3352 3103 3403 sit
3136 3349 3341 3403 nostris
3366 3348 3464 3401 bo-

1876 3447 2003 3502 nis:
2050 3454 2306 3514 essetque
2346 3443 2734 3505 defodiendus,
2772 3442 2864 3509 qtti
2902 3441 3015 3493 ltu‘c
3064 3439 3226 3492 nobis
3267 3453 3465 3490 consu-

1874 3538 1987 3592 lere
2016 3536 2243 3591 auderet
2297 3543 2391 3587 aut
2439 3534 2692 3587 suadere.
2745 3531 3040 3584 Enimvero
3077 3537 3133 3581 ut
3178 3527 3303 3595 quis
3334 3540 3461 3578 sua-

1876 3629 2023 3692 deat,
2088 3627 2365 3681 concessis
2416 3626 2483 3678 iis
2538 3640 2659 3693 qua:
2716 3620 2881 3675 modo
2915 3628 3196 3690 petuntur,
3231 3616 3348 3670 fore
3402 3621 3463 3668 ut

1880 3729 2000 3774 tuto
2036 3718 2248 3772 relictis
2282 3728 2524 3780 utamur,
2555 3714 2620 3768 ad
2654 3728 2844 3768 eorum
2892 3710 3136 3773 modum,
3168 3710 3260 3777 qui
3294 3722 3463 3760 mem-

1879 3812 2037 3865 hrutn
2075 3807 2300 3878 aliquod
2346 3806 2495 3860 ferro
2529 3822 2594 3859 ac
2625 3805 2735 3874 igni
2783 3811 3086 3872 exponunt,
3120 3814 3230 3868 quo
3275 3797 3463 3851 vivant

1877 3916 2110 3971 corpore
2162 3900 2376 3968 reliquo
2409 3914 2425 3953 :
2465 3898 2670 3968 quibus
2720 3907 2892 3949 morte
2945 3892 3200 3947 acerbius
3241 3893 3311 3943 sit
3343 3904 3461 3942 orn-

1874 3995 2026 4048 nium
2080 3990 2297 4062 probris
2341 3990 2487 4058 peti:
2548 3989 2748 4042 sileant
2776 3985 2999 4056 quidem
3044 3982 3233 4052 patria:
3275 3983 3495 4035 honaz'

1876 4093 2201 4139 evertantur
2243 4080 2378 4135 viris
2426 4079 2745 4132 fortissimis
2796 4078 2983 4146 posita:
3023 4085 3214 4127 stature
3248 4088 3310 4127 ac
3346 4088 3461 4125 mo—

1878 4184 2178 4231 numenta:
2214 4173 2357 4228 tituli
2410 4172 2723 4230 deleantur,
2773 4168 2976 4237 quibus
3020 4164 3251 4234 posteris
3286 4165 3461 4217 virtus

1878 4266 2125 4323 civitatis
2169 4274 2304 4319 nota
2348 4265 2485 4317 liat:
2529 4277 2695 4315 omne
2745 4264 2813 4315 ah
2845 4276 2907 4313 ca
2959 4268 3239 4314 certamen
3276 4256 3463 4325 gloria:

1877 4374 2042 4414 causa
2075 4366 2391 4426 susceptum
2419 4353 2685 4408 oblivioni
2725 4351 2994 4411 tradatur.
3026 4366 3089 4404 ac
3111 4348 3243 4418 quid
3271 4362 3465 4423 super-

196 4444 347 4513 ἀγὼν
392 4446 527 4517 λήθῃ
557 4447 814 4511 δεδδσθω,
847 4448 938 4501 καὶ
983 4448 1277 4518 περιεργία
1301 4448 1530 4502 δοκείτω
1568 4451 1626 4504 τὸ
1654 4469 1767 4503 κιν-

1881 4451 2050 4505 linum
2084 4449 2431 4504 existimetur
2461 4445 2604 4500 velle
2648 4460 2753 4514 pro
2786 4443 2963 4514 gloria
2995 4441 3237 4511 pericula
3285 4440 3459 4494 adire.

196 4538 436 4590 δυνεύειν
470 4540 615 4608 ὑπὲρ
644 4540 799 4609 δόξης
843 4541 1149 4611 αἱρεῖσθαι’
1207 4539 1366 4593 τοῦτο
1420 4541 1506 4613 δὴ,
1538 4536 1583 4611 ᾧ
1621 4544 1775 4607 πόλις

197 4625 301 4695 μὲν
336 4628 558 4689 πόλεως,
595 4627 736 4695 ἀνὴρ
781 4628 837 4683 δὲ
880 4627 1074 4697 ἀνδρὸς
1123 4629 1382 4700 ὑπερέχει
1408 4643 1421 4657 ⁸
1470 4631 1563 4682 καὶ
1612 4630 1775 4684 πάνθ’

192 4718 565 4775 ὑπακουστέον
597 4723 709 4782 τοῖς
760 4718 1080 4790 βαρϐάροις,
1140 4722 1233 4775 καὶ
1274 4716 1355 4784 οἷς
1386 4721 1770 4792 συγχωροῦσιν

191 4810 341 4878 ἔχειν
374 4810 725 4881 ἐμμενετέον.
770 4811 831 4862 Εἰ
861 4810 1149 4864 δ”ἆπαντα
1204 4811 1407 4879 μᾶλλον
1436 4812 1467 4882 ἢ
1503 4813 1659 4865 ταῦτ’
1685 4812 1774 4864 ἐλ-

192 4903 350 4955 πῖσαι
384 4919 465 4962 τις
518 4900 603 4964 ἂν,
631 4904 757 4967 τοὺς
798 4903 1106 4972 βαρϐάρους
1154 4903 1440 4966 λαϐόντας,
1483 4903 1518 4957 ἃ
1553 4905 1647 4956 νῦν
1684 4905 1774 4959 αἱ·

190 4992 349 5041 τούτι
388 4990 515 5059 παρ’
548 4990 724 5061 ἡμῶν,
785 4991 1101 5061 ἡσυχάζειν,
1154 4993 1237 5054 τίς
1294 4994 1321 5045 ό
1378 4992 1583 5045 πείθων
1613 4992 1772 5059 λόγος

190 5081 268 5144 ώς
300 5083 406 5149 ἄρα
425 5083 613 5133 δεῖκαὶ
648 5084 929 5149 συμφέρον
960 5086 1070 5145 τοίς
1092 5084 1388 5152 ἡμετέροις
1425 5083 1608 5145 ὅπλοις
1644 5086 1773 5144 τοὺς

193 5174 488 5240 πολεμίους
522 5173 784 5236 ὁπλίζειν,
811 5175 876 5226 ἶν’
906 5174 980 5235 ώς
1014 5175 1157 5227 ἔοικε
1203 5176 1773 5242 δυσκαταγωνιστοτέ-

196 5279 311 5327 pot;
345 5265 706 5334 χρησώμεοας
752 5266 812 5318 Εἰ
845 5268 953 5335 γὰρ
1012 5266 1089 5318 ὅτ’
1128 5267 1386 5333 ἐθήτευον
1421 5272 1510 5320 καὶ
1546 5268 1773 5330 κλοπαῖς

191 5358 332 5422 πρὸς
366 5374 462 5417 τας
515 5360 767 5423 ἀφορμὰς
788 5359 878 5409 τοῦ
908 5359 1046 5427 βίου,
1077 5362 1168 5410 καὶ
1199 5360 1477 5429 λῃστείαις
1512 5360 1769 5430 ἐχρῶντο,

189 5448 291 5515 τῆς
318 5439 590 5516 mactem;
614 5449 787 5519 ἀρχῆς
825 5448 1200 5517 ἐπεθύμησαν,
1257 5452 1450 5503 οὐδένα
1482 5452 1644 5503 πόνον
1680 5457 1773 5505 καὶ

192 5538 440 5590 κίνδυνον
470 5540 607 5608 ὑπὲρ
645 5540 737 5591 τοῦ
775 5540 979 5608 ταύτην
1032 5541 1339 5610 κτήσασθαι
1398 5543 1771 5613 παραιτούμε-

192 5646 293 5685 νοι.
332 5634 423 5682 καί
451 5631 622 5685 ταῦτα
656 5634 762 5685 τῶν
791 5636 1073 5704 ἡμετέρων
1104 5635 1227 5686 τότε
1278 5635 1370 5686 καὶ
1401 5635 1638 5703 σώμασι,
1678 5637 1772 5688 καὶ

194 5721 464 5792 χρήμασι,
505 5725 596 5775 καὶ
636 5724 709 5793 τῷ
744 5724 904 5793 μηδὲν
937 5723 1247 5795 προθυμίας
1282 5723 1494 5778 ἐλλείπε
1509 5743 1572 5799 ει,
1606 5726 1771 5797 sese?

1876 4544 2046 4598 Porro
2080 4541 2197 4595 haec
2227 4537 2556 4594 excellentia
2582 4545 2686 4599 est,
2714 4550 2823 4604 qua
2870 4535 3004 4589 urbs
3036 4533 3194 4599 urbe,
3222 4532 3310 4585 vir
3340 4531 3461 4584 viro

1880 4633 2232 4704 praestantior
2288 4639 2374 4685 est
2421 4645 2439 4683 :
2505 4629 2587 4684 vel
2632 4627 2714 4684 sic
2774 4626 3035 4683 Barbaris
3088 4626 3141 4681 in
3203 4624 3461 4680 omnibus

1876 4723 2372 4795 obtemperantium
2406 4737 2473 4777 ac
2500 4719 2838 4776 manendum
2887 4720 2956 4774 iis
2995 4726 3307 4780 contentos,
3336 4729 3461 4785 qua

1878 4818 2038 4870 nobis
2086 4816 2289 4869 habere
2344 4814 2691 4883 permittunt.
2722 4810 2815 4866 Sin
2855 4820 3040 4864 autem
3100 4809 3237 4863 nihil
3274 4809 3460 4861 minus

1844 4902 2097 4980 'sperare
2154 4909 2306 4968 licet,
2340 4906 2602 4959 nimirum
2667 4904 2918 4972 acceptis
2986 4901 3277 4961 Barbaros,
3334 4912 3457 4967 qua

1877 5012 2023 5049 mine
2060 5004 2255 5066 petunt
2284 5010 2312 5046 a
2359 4993 2543 5056 nobis,
2586 4993 2898 5061 quieturos,
2930 4989 3057 5058 quis
3115 5002 3299 5042 sermo
3333 5001 3459 5040 sua-

1877 5091 2022 5147 deat,
2058 5086 2111 5139 id
2161 5100 2292 5138 vero
2332 5099 2515 5151 opera:
2569 5083 2807 5150 pretium
2844 5096 2964 5134 esse
3012 5094 3075 5133 ac
3126 5077 3457 5143 conducere,

1879 5188 1937 5230 ut
1985 5176 2187 5229 nostris
2232 5173 2401 5227 armis
2435 5172 2622 5225 hostes
2673 5172 3028 5230 instruamus.
3060 5184 3170 5239 quo
3202 5178 3259 5223 ut
3306 5167 3459 5222 vide-

1878 5279 1987 5330 tur,
2036 5265 2295 5319 fortiores
2345 5264 2718 5331 experiamur.
2776 5261 3063 5331 διιιιιὶιιυιιι
3123 5260 3270 5314 enim
3329 5274 3456 5314 cum

1878 5356 2130 5412 nterecde
2182 5356 2473 5417 servirent,
2530 5352 2798 5419 furiisque
2847 5366 2910 5404 ac
2961 5349 3267 5404 latrociniis
3340 5358 3461 5403 ute-

1879 5462 2073 5505 rentur
2101 5447 2165 5501 ad
2198 5449 2321 5500 vita:
2349 5456 2743 5508 commeatum,
2781 5444 2952 5497 nostri
2988 5442 3204 5512 imperii
3242 5441 3461 5511 cupidi-

1878 5556 1985 5598 tate
2033 5545 2380 5599 ducebantur
2450 5544 2663 5597 nullum
2704 5543 3077 5595 detrectantes
3116 5539 3358 5593 laborem
3391 5552 3458 5593 ac

1877 5635 2207 5704 periculum,
2238 5652 2349 5705 quo
2394 5634 2500 5689 sibi
2553 5633 2686 5687 illud
2736 5633 3102 5691 vindicarent,
3140 5631 3302 5699 idque
3331 5644 3457 5683 eum

1878 5728 2055 5791 nostri
2097 5739 2250 5797 tunc,
2298 5742 2423 5784 cum
2481 5728 2610 5783 viris
2670 5710 2731 5781 ac
2794 5726 2986 5785 milite.
3031 5732 3142 5778 tum
3191 5721 3472 5793 prconiis,-
