3862 6220
181 321 320 384 1025

1027 314 1312 378 ORATIO
1348 315 1444 375 DE
1482 309 1642 374 NON
1686 310 1995 372 REDDEN
2007 310 2098 370 DA
2138 308 2566 371 CALLlPOLi.

3287 311 3325 373 1ο
3352 314 3422 374 ‘26

172 454 270 488 ται
301 436 620 504 καθημέραν
647 451 660 467 ·
693 433 963 502 τοσαύτην
987 432 1076 485 ἐπ’
1099 430 1384 500 ἀμφότερα
1429 426 1601 497 ῥοπὴν
1631 425 1744 495 ἔχει
1772 474 1778 487 ,

1868 441 1909 480 ιο
1974 438 2260 480 numerum
2313 423 2544 478 ιιιιτίυιιι
2610 435 2823 494 οροηυῑ
2885 435 3178 496 spectare,
3234 439 3423 480 verum

172 527 241 578 τὸ
274 527 470 596 μικρὸν
509 525 669 578 τοῦτο
725 524 944 594 χωρίον.
980 522 1132 576 ’Ὢστ’
1163 523 1212 574 εί
1260 521 1361 580 δεῖ,
1421 519 1481 571 τὸ
1518 515 1752 586 μέγεθος

175 618 444 685 ἀφέντας,
481 617 793 684 λογίζεσθαι
841 618 939 686 τὴν
995 613 1283 682 ὠφέλειαν,
1315 612 1376 664 οὐ
1429 610 1582 679 παρὰ
1613 606 1749 661 πολὺ

172 707 464 777 διαφέρειν
519 707 670 776 εὖροι
700 724 784 769 τις
826 708 892 760 ἂν
925 704 1020 758 τοῦ
1047 705 1253 773 ταύτην
1284 699 1534 754 ἐκδοῦναι
1568 699 1629 752 τὸ
1652 698 1751 768 τὴν

174 800 420 868 πατρίδα
452 797 762 866 προδοῦναι.

1858 516 2023 570 etiam
2077 523 2333 582 reputare
2373 515 2836 583 Opportunitatem
2887 516 3018 581 loci,
3062 526 3230 585 utque
3279 515 3431 570 velut

1860 622 1956 661 arx
1988 620 2196 675 magna:
2241 602 2412 676 hujus'
2440 606 2681 661 civitatis
2723 607 3020 663 videatur:
3069 621 3134 671 ac
3186 608 3432 676 quandiu

1858 694 2078 764 quidem
2139 694 2308 748 illam'
2347 696 2644 761 tenuimus,
2696 711 2822 751 cum
2876 697 3274 760 Chersonesus,
3315 706 3428 752 tum

1858 783 2106 839 Thraciae
2167 784 2333 838 urbes
2387 786 2563 852 palam
2622 787 2781 841 nobis
2837 787 3158 842 obcdireut:
3192 801 3258 841 ex
3321 801 3433 853 quo

175 903 366 948 autem
397 907 516 947 eam
558 901 855 947 tenuerunt
919 871 1305 954 Barbarftum
1371 886 1460 942 illa
1503 883 1822 943 defecerint.
1867 893 1978 935 tum
2008 894 2075 934 eo
2108 878 2310 934 redacti
2347 879 2540 942 simus,
2589 890 2647 934 ut
2691 882 2937 950 quotidie
2985 897 3130 936 nunc
3161 881 3229 934 de
3255 881 3432 934 salute

170 1003 468 1043 sermones
512 989 857 1044 conferamus
919 1002 935 1040 :
983 986 1190 1057 grande
1227 985 1364 1039 adeo
1405 983 1471 1037 ad
1521 991 1751 1049 utraque
1824 985 2161 1030 momentum
2221 975 2384 1030 habet
2432 991 2658 1044 parvum
2709 977 2812 1032 hoc
2864 978 3200 1047 prmsidium.
3275 987 3334 1033 ut
3385 979 3429 1034 si

175 1079 347 1135 missa
401 1079 774 1151 magnitudine
833 1079 1085 1134 utilitatis
1117 1077 1381 1132 ‘babeuda
1436 1075 1508 1129 sit
1565 1072 1748 1133 ratio,
1790 1067 1934 1122 haud
2011 1069 2245 1120 multum
2312 1065 2437 1135 quis
2493 1065 2701 1121 referre
2739 1067 3005 1134 inveniat,
3047 1079 3106 1123 nt
3153 1085 3212 1124 ea
3251 1072 3432 1124 traala-

124 1246 130 1252 '
176 1181 294 1229 tur.
329 1182 424 1228 aut
452 1171 713 1243 prodatur
735 1171 938 1240 patria.

258 1268 493 1335 Ἔπειτα
520 1266 570 1316 εἰ
621 1262 829 1333 ταύτην
878 1265 989 1326 τοῖς
1021 1261 1316 1333 βαρϐάροις
1374 1257 1619 1313 αἰτοῦσιν
1663 1255 1763 1307 οῦκ

173 1359 483 1425 ἀντιλέγειν
505 1357 871 1425 τολμήσομέν,
893 1358 991 1426 τὴν
1015 1357 1240 1408 ἐκείνων
1257 1354 1486 1423 δύναμιν
1504 1349 1758 1410 δεδιότες,

175 1451 395 1502 εἰπάτω
419 1465 502 1509 τις
530 1448 694 1515 ἐμοὶ,
738 1448 792 1499 τί
826 1447 886 1499 τὸ
941 1445 1148 1499 κωλῦον
1180 1446 1277 1498 καὶ
1297 1442 1546 1513 δεύτερον
1565 1439 1760 1496 αὐτοῖς

175 1529 394 1582 αἰτοῦσι
420 1529 515 1582 καὶ
543 1528 728 1598 τρίτον
760 1527 1076 1598 πεισθῆναι;
1109 1528 1256 1589 Ἕως
1285 1528 1391 1595 γὰρ
1416 1525 1502 1589 ἂν,
1527 1523 1602 1585 ὡς
1619 1523 1761 1574 έκεῖ-

177 1640 265 1684 νοι
298 1623 585 1692 στήσονται
606 1620 700 1674 τοῦ
733 1622 1092 1679 πλεονεκτεῖν.
1136 1621 1231 1690 οὐχ
1273 1615 1383 1680 οἶός
1407 1614 1515 1689 τ’ᾗ
1547 1614 1756 1668 πείθειν

1937 1248 2204 1304 Praeterea
2237 1285 2260 1310 ι
2308 1248 2579 1318 siquidem
2634 1265 2753 1304 eam
2816 1252 3128 1318 petentibus
3177 1254 3432 1311 Barbaris

1863 1324 2244 1394 contradicere
2280 1354 2387 1393 non
2434 1340 2724 1404 audemus,
2773 1343 2932 1396 veriti
2987 1345 3200 1398 illorum
3237 1361 3433 1416 ρωποι.-

1862 1434 2014 1496 tiam,
2045 1434 2192 1487 dicat
2224 1434 2347 1501 quis
2369 1433 2500 1502 quid
2534 1443 2700 1497 vetet,
2734 1445 2794 1488 ut
2823 1451 2889 1490 ne
2912 1439 3154 1492 secundo
3178 1457 3239 1494 ac
3269 1446 3432 1496 lcrlin

1857 1524 2178 1593 petentibus
2220 1524 2630 1593 obsequantur?
2663 1523 2914 1590 Quandiu
2948 1529 3093 1582 enini
3125 1543 3434 1590 cessatttros

1862 1616 1986 1670 illos
2017 1616 2272 1686 iniuriam
2314 1615 2515 1681 facere,
2547 1632 2709 1672 nemo
2741 1619 2814 1672 sit
2846 1619 2937 1689 qui
2974 1622 3146 1688 possit
3196 1639 3422 1692 persmv

181 1682 293 1774 πιέν
321 1679 415 1764 37:"-
467 1713 615 1780 ἡμᾶς
644 1712 857 1779 ἀνάγκη
900 1713 1012 1774 τοῖς
1053 1711 1144 1763 ὑπ’
1183 1679 1408 1762 ἐκείνων
1441 1679 1756 1776 λεγομένοις

1868 1706 2014 1770 dere,
2050 1722 2151 1760 nos
2181 1723 2402 1776 quoque
2436 1723 2659 1763 necesse
2690 1711 2798 1763 erit
2831 1711 3049 1765 illorum
3087 1714 3288 1768 veritos
3332 1733 3434 1786 po-

181 1803 556 1865 συντίθεσθαι,
591 1803 690 1872 τὴν
741 1801 1216 1871 δύναμιν’τούτων
1241 1800 1649 1873 ὑφορωμένους.
1696 1798 1756 1850 '0

177 1895 298 1962 γὰρ
323 1894 470 1958 ἅπαξ
509 1894 607 1964 τὴν
634 1893 746 1947 τῶν
793 1892 1070 1962 πολεμίων
1106 1893 1259 1961 ίσχὺν
1304 1889 1622 1958 ἐκπλαγεὶς,
1663 1887 1757 1940 καὶ

180 1983 573 2052 μεμελετηκὼς
597 1983 916 2047 ὑπακούειν,
945 1983 1004 2036 οὑ
1034 1985 1103 2036 τὰ
1129 1982 1225 2052 μὲν
1247 1983 1452 2034 ἐλάττω
1475 1979 1758 2050 συγχωρήο

179 2089 293 2134 σει,
343 2071 477 2141 πρὸς
532 2071 688 2124 δὲτὰ
751 2073 919 2141 μείζω
977 2073 1373 2139 φιλονεικήσει·
1429 2069 1564 2122 ἀλλὰ
1598 2069 1755 2122 πάνθ’

179 2162 385 2230 ὁμοίως
416 2163 806 2230 ὑποστήσεται,
837 2162 939 2226 ἓως
977 2163 1043 2215 ἂν
1078 2162 1177 2232 τὴν
1220 2161 1328 2213 τῶν
1360 2161 1758 2224 ἐπιταττόντωεθ

191 2255 347 2321 ῖσχῦν
373 2253 674 2324 ὑποπτεύῃ.
737 2254 892 2306 Ὠστ⁹
919 2255 1040 2323 οὐχὶ
1092 2255 1220 2324 περὶ
1250 2253 1345 2320 τῆς
1375 2253 1757 2315 Καλλιπόλςως

194 2349 375 2414 μόνον,
406 2338 454 2398 εἶ
501 2347 606 2416 χρὴ
639 2347 900 2416 προέσθαι
959 2347 1161 2416 ταύτην
1192 2387 1207 2408 ,
1258 2348 1388 2414 ἡμῖν
1421 2347 1534 2398 ἐστι
1588 2345 1681 2398 νῦν
1724 2347 1757 2414 ἡ

190 2431 492 2501 συμϐουλὴ.
527 2433 663 2484 ἀλλὰ
707 2434 802 2486 καὶ
834 2434 963 2502 περὶ
1009 2432 1102 2484 τοῦ
1131 2433 1228 2500 τῆς
1263 2432 1470 2496 πόλεως
1503 2431 1756 2500 ἐδάφους,

185 2525 282 2576 καὶ
315 2523 529 2576 πάντων
563 2523 746 2586 ἁπλῶς
777 2525 886 2576 τῶν
915 2524 1136 2579 λοιπῶν.
1167 2525 1241 2576 Οὐ
1274 2525 1376 2593 χρὴ
1414 2523 1594 2576 τοίνυν
1617 2521 1758 2576 οὕτω

181 2615 620 2679 ταπεινωθέντας
677 2615 853 2669 πάντα
904 2617 1211 2687 συγχωρεῖν
1265 2619 1373 2676 τοῖς
1418 2615 1753 2685 βαρϐάροις·

184 2706 311 2760 ἀλλ’
345 2707 514 2759 ἐνίοτε
537 2708 630 2759 καὶ
659 2706 1075 2777 συμφερώτερον
1120 2707 1364 2775 νομίζειν
1415 2703 1756 2770 ἐνίστασθαι,

186 2797 290 2850 καὶ
319 2797 559 2866 νομίζειν
613 2800 804 2867 τέχνης
857 2798 1001 2858 τινὸς
1055 2798 1238 2850 εἵνεκα
1294 2800 1386 2849 καὶ
1439 2795 1632 2867 πείρας
1665 2796 1756 2848 ὑπ’

188 2890 422 2942 ἐκείνων
449 2891 606 2942 ταυτὶ
640 2890 1071 2960 προϐεϐλῆσθαι·
1106 2888 1197 2956 ῖν,“
1219 2892 1313 2944 ἐὰν
1346 2891 1443 2958 μὲν
1483 2889 1759 2958 ὲνστῶμεν

190 2981 294 3032 καῖ¹
334 2980 439 3032 τῶν
463 2980 631 3033 ὄντων
661 2980 1087 3048 ἀντιποιώμεθα,
1153 2983 1246 3034 καὶ
1276 2982 1422 3052 δῆλοι
1471 2980 1760 3050 γενώμεθα
1784 3019 1831 3081 c

191 3070 276 3138 μὴ
318 3068 699 3137 ἐπιτρέψοντες
733 3071 888 3137 ἄγειν
935 3071 1028 3122 καὶ
1090 3073 1276 3139 φέρειν
1311 3071 1481 3139 ἡμᾶς,
1531 3070 1660 3124 ἄλλο
1707 3087 1760 3122 τι

188 3157 473 3229 ζητήσωσι
521 3159 872 3228 λυσιτελῆσον
904 3161 1089 3222 αὐτοῖς
1111 3177 1124 3190 ·
1157 3160 1250 3213 ἐὰν
1277 3160 1320 3212 δ’
1353 3161 1762 3229 ῦποπτήξαντες

189 3253 646 3322 συγχωρήσωμεν
672 3292 690 3315 ,
739 3253 928 3311 λοιπὸν
971 3254 1044 3315 ὼς
1081 3254 1180 3323 ἤδη
1219 3254 1624 3312 ταπεινωθεῖσι.
1667 3253 1764 3306 καὶ

186 3342 349 3395 οὐδὲν
381 3345 475 3396 ὅτι
510 3345 570 3396 οὐ
605 3345 1038 3414 συγχωρήσουσι.
1086 3346 1382 3416 χρήσονται
1407 3361 1420 3374 °
1453 3348 1546 3398 καὶ
1581 3346 1764 3398 πάντα.

188 3435 614 3506 περικόψαντες,
643 3436 1002 3498 τελευτῶντες
1032 3435 1253 3504 ἥξουσιν
1286 3437 1380 3489 ἐπὶ
1402 3440 1497 3500 τὰς
1533 3436 1762 3503 θυγατέ-

187 3542 320 3594 ρα;.
361 3526 455 3578 καὶ
484 3527 607 3590 τοὺς
633 3528 850 3591 παῖδας,
882 3529 976 3580 καὶ
999 3529 1096 3590 τὰς
1142 3531 1428 3596 γυναῖκας,
1465 3532 1557 3582 καὶ
1586 3530 1653 3584 τὰ
1678 3545 1763 3588 τι-

194 3617 469 3687 μιώτατα,
495 3620 588 3672 καὶ
618 3619 716 3688 τὴν
743 3621 993 3689 πατρίδα.
1026 3622 1100 3674 Οὐ
1137 3623 1244 3692 γὰρ
1276 3625 1333 3674 ὲν
1355 3625 1466 3685 τοῖς
1485 3621 1763 3679 ἐλάττοσιν

189 3709 718 3777 ἀναισχυντοῦντες,
772 3713 829 3762 ὲν
889 3714 999 3774 τοῖς
1038 3713 1315 3780 μεγίστοις
1377 3714 1764 3784 ἐπιστήσονται

190 3802 514 3869 σωφρονεῖν.
552 3803 660 3854 Καὶ
691 3802 740 3854 εί
773 3800 943 3855 ταῦτα
984 3805 1462 3873 συγχωρήσαιμεν,
1493 3805 1566 3868 ὡς
1590 3807 1765 3874 ἔγωγε

190 3894 296 3961 οὐχ
327 3894 438 3964 ὁρῶ
483 3894 601 3958 πῶς
664 3895 765 3948 οὐκ
811 3895 1139 3965 ἀξιώσομεν,
1176 3897 1273 3961 τῆς
1329 3900 1499 3966 αὐτῆς
1533 3875 1628 3950 κοὶι
1653 3899 1764 3951 τόθ’

191 3988 334 4055 ἡμῖν
365 3986 609 4056 ἀνάγκης
653 3987 1030 4056 ἐπικειμένης,
1084 3987 1260 4040 πάντα
1287 3989 1396 4058 ἄρα
1429 3991 1538 4052 τοῖς
1567 3990 1766 4058 βαρϐά-

200 4090 321 4141 ροις
371 4077 792 4143 προστάττουσιν
834 4075 1201 4127 ὑπακουστέον
1253 4072 1393 4128 εἶναι
1449 4078 1664 4138 πάντως
1699 4081 1766 4132 ὲκ

194 4162 296 4216 τοῦ
326 4162 484 4231 λόγου
529 4163 717 4217 τούτου
751 4164 1088 4232 συμϐαίνειν.
1148 4165 1208 4216 El
1239 4163 1293 4218 δὲ
1321 4165 1500 4230 τοῦτο,
1556 4183 1768 4237 σωφρο-

200 4253 438 4307 νούντων
486 4256 551 4308 ἂν
585 4255 692 4325 είη,
740 4257 871 4324 πρὶν
916 4256 1248 4308 καθέκαστον
1293 4256 1531 4319 διδόντας
1587 4259 1766 4326 πράγ-

1860 1798 2112 1861 tentiam,
2150 1799 2300 1852 hisce
2334 1801 2686 1854 sermonibus
2718 1803 2993 1860 assentiri.
3034 1804 3136 1867 Qui
3169 1810 3317 1864 enim
3353 1826 3435 1864 se-

1860 1889 1964 1942 mel
2001 1889 2236 1942 hostium
2270 1899 2499 1958 stupens
2532 1893 2857 1961 potentiam.
2900 1896 3125 1951 obedire
3170 1903 3433 1967 assuevit,

1866 1976 2288 2048 haudquaquam
2323 1980 2534 2034 minora
2565 1981 2786 2050 quidem
2817 1999 3311 2053 conccssurnsest,
3351 1993 3434 2046 iu-

1858 2085 1966 2136 que
2020 2070 2318 2139 majoribus
2351 2075 2703 2126 contentione
2736 2085 2996 2129 acturus.
3052 2081 3182 2146 quin
3220 2082 3329 2137 imo
3357 2087 3434 2137 si»

1863 2160 1976 2212 mili
2021 2160 2205 2213 omnia
2257 2162 2469 2215 ratione
2505 2163 2665 2224 feret,
2719 2167 2963 2232 quandiu
2999 2171 3432 2240 pra‘cipientium

1861 2260 2184 2319 potestatem
2209 2261 2518 2320 suspectam
2546 2253 2788 2308 habebit.
2815 2257 3203 2323 Quamobrem,
3231 2266 3431 2318 nedum

1861 2335 1928 2390 de
1960 2336 2257 2405 Callipolli,
2291 2337 2434 2392 sitne
2481 2338 2570 2392 illa
2619 2339 2966 2407 dimittenda,
3006 2361 3243 2414 p'msens
3276 2351 3437 2404 nobis

1862 2425 2191 2480 deliberatio
2241 2435 2361 2480 est:
2400 2443 2588 2482 verum
2633 2430 2799 2486 etiam
2847 2432 2914 2486 de
2962 2435 3078 2503 ipsi)
3113 2438 3264 2492 urhi's
3293 2441 3435 2506 solo,

1861 2531 1926 2570 ac
1955 2516 1998 2571 si
2031 2533 2137 2585 qua
2176 2518 2401 2572 omnino
2431 2520 2640 2589 reliqua
2667 2531 2816 2577 sunt.
2853 2521 3004 2578 [laud
3038 2527 3224 2596 itaque
3255 2546 3438 2599 operae

1866 2607 2105 2676 pretium
2139 2609 2219 2662 sic
2277 2609 2510 2680 dejectis
2539 2613 2738 2668 animis
2784 2616 3037 2670 universa
3069 2619 3323 2676 Barbaris
3348 2639 3440 2677 cc-

1865 2699 2087 2766 damus,
2136 2702 2232 2755 sed
2272 2713 2331 2756 ut
2361 2703 2526 2757 etiam
2553 2705 2886 2777 quandoque
2915 2710 3319 2767 conducibilius
3346 2731 3440 2768 rc-

1863 2789 2060 2843 sistcrc
2089 2800 2366 2860 putemus,
2398 2794 2842 2866 arbitremurque
2873 2801 3011 2854 artis
3034 2804 3270 2870 quadam
3306 2807 3441 2858 sub-
3477 2852 3486 2858 .

1865 2879 2057 2934 tilitate
2084 2896 2147 2934 ac
2175 2881 2406 2950 periculi
2436 2883 2672 2939 faciendi
2709 2902 2896 2952 causa,
2927 2889 3044 2944 brae
3075 2892 3144 2944 ab
3176 2894 3283 2946 illis
3315 2911 3442 2962 pro-

1865 2969 2030 3040 poni:
2094 2982 2153 3026 ut
2206 2971 2479 3041 siquidem
2535 2976 2923 3043 restiterimus,
2977 2995 3174 3050 resque
3226 2994 3444 3042 nostras

1864 3061 2292 3125 defenderimus,
2347 3062 2634 3134 palamque
2685 3065 2851 3122 luerit
2890 3069 3035 3124 baud
3069 3073 3439 3138 permissuros

1864 3155 1948 3224 agi
1977 3169 2079 3208 nos
2116 3165 2281 3224 atque
2337 3155 2492 3222 ferri,
2532 3158 2678 3212 aliud
2718 3161 2850 3228 quid
2889 3177 2954 3216 cx
2985 3178 3174 3218 eorum
3213 3168 3442 3224 rationi-

1865 3247 1968 3301 bus
1999 3246 2245 3300 futurum
2295 3258 2585 3316 quaarant:
2627 3250 2709 3304 sin
2755 3260 2935 3306 autem
2979 3254 3048 3308 ob
3089 3255 3438 3314 formidinem

1864 3338 2259 3404 concedamus,
2295 3339 2553 3408 deinceps
2580 3341 2691 3410 jam
2719 3357 2819 3396 ceu
2851 3359 3083 3411 quorum
3109 3346 3304 3417 drjccti
3330 3351 3440 3404 sint

1864 3428 2054 3491 animi,
2088 3428 2336 3498 nihilque
2369 3445 2475 3482 non
2502 3430 2675 3485 simus
2713 3437 3054 3501 concessuri,
3083 3436 3155 3490 ita
3191 3439 3440 3494 habituri

1865 3526 2029 3570 sunt:
2064 3517 2426 3586 omnibusque
2448 3519 2668 3582 ablatis.
2701 3521 2918 3575 tandem
2954 3524 3020 3577 ad
3048 3525 3273 3586 liberos.
3307 3544 3439 3582 uxo-

1866 3623 2090 3678 resque,
2131 3624 2196 3663 ac
2225 3610 2648 3679 pretiosissima,
2702 3612 2987 3685 ipsamque
3021 3615 3158 3671 adeo
3202 3619 3440 3688 patriam

1867 3701 2184 3768 precedent.
2222 3701 2341 3756 Non
2373 3702 2517 3756 enim
2562 3703 2653 3772 qni
2703 3705 2784 3759 sic
2833 3705 2890 3760 in
2925 3707 3230 3764 minoribus
3261 3711 3443 3780 impu-

1870 3787 2059 3843 dentia
2080 3799 2265 3858 agant,
2297 3790 2350 3842 in
2373 3792 2624 3846 maximis
2651 3795 3039 3852 noverintesse
3061 3799 3255 3854 sobrii:
3278 3816 3442 3856 sane-

1867 3897 1976 3952 que
2015 3892 2074 3936 ut
2108 3884 2224 3938 haec
2257 3885 2710 3951 concesserimus,
2751 3887 2895 3944 haud
2942 3890 3102 3945 video
3135 3902 3194 3945 ut
3219 3903 3274 3946 et
3309 3903 3442 3950 tunc

1866 3975 2058 4029 eadem
2091 3974 2248 4027 nobis
2282 3975 2534 4044 imposita
2567 3980 2917 4043 necessitate,
2966 3981 3110 4035 haud
3138 3999 3201 4038 ca
3229 3985 3442 4040 ratione

1867 4067 2062 4121 confici
2087 4067 2341 4131 velimus,
2372 4069 2597 4122 omnino
2620 4069 3109 4141 obtemperandnm
3137 4090 3258 4130 esse
3282 4077 3444 4145 quic-

1868 4158 1997 4228 quid
2023 4159 2241 4212 demum
2270 4159 2590 4229 praecipiant
2621 4161 2866 4218 Barbari.
2897 4164 2992 4219 Sin
3027 4180 3116 4220 res
3147 4167 3220 4222 ita
3247 4168 3442 4234 habet,

1870 4251 2162 4319 prudentis
2201 4251 2414 4304 consilii
2463 4253 2594 4315 erit,
2626 4255 2946 4324 priusquam
2980 4257 3162 4312 dando
3187 4262 3440 4329 quotidie

203 4360 350 4412 ματα
398 4343 560 4413 ἔχειν,
601 4343 732 4411 ὑφὲν
759 4345 918 4397 πάνθ’
975 4344 1202 4406 ἐκείνοις
1238 4346 1485 4414 ἀμαχητὶ
1530 4349 1764 4415 προεμέ-

1873 4342 2149 4410 negotium
2201 4342 2358 4395 nobis
2406 4342 2727 4409 facessatur,
2779 4355 2840 4399 ut
2874 4347 3152 4404 universis
3179 4353 3341 4406 simul
3376 4369 3444 4406 ac

200 4452 350 4498 νους,
409 4437 508 4504 τὴν
568 4434 771 4504 μεταξὺ
830 4436 939 4488 τῶν
996 4436 1182 4488 κακῶν
1218 4439 1416 4504 πεῖραν
1474 4439 1763 4506 κερδᾶναι·

202 4527 395 4597 ὥσπερ
419 4523 569 4596 οἶμαι
601 4530 697 4582 καὶ
727 4529 824 4599 μιᾷ
856 4529 1034 4598 πληγῇ
1069 4530 1254 4580 πεσεῖν
1280 4528 1637 4597 αἱρετώτερον
1672 4530 1766 4582 τοῦ

197 4620 348 4672 κατὰ
381 4621 577 4689 μικρὸν
611 4621 938 4675 ἀναλοῦσθαι
965 4622 1026 4672 τὸ
1066 4621 1244 4689 σῶμα.
1275 4621 1335 4672 Εἰ
1366 4622 1462 4690 μὲν
1496 4619 1588 4673 οῦν
1616 4621 1768 4673 ταῦτ’

197 4711 404 4772 εἰδοὸτες
437 4711 623 4779 σαςῶς
657 4713 1026 4780 ἐκϐησόμενα,
1058 4711 1280 4781 δέχεσθε
1326 4713 1424 4782 μὲν
1453 4714 1514 4764 τὸ
1550 4712 1768 4779 μέλλον,

195 4801 393 4862 ἁπλῶς
447 4802 502 4853 δὲ
559 4802 721 4870 μηδὲν
771 4803 1156 4870 ἀντιπράττειν
1203 4805 1494 4871 ἐκρίνατε,
1533 4804 1660 4857 ἄλλο
1718 4822 1771 4856 τι

196 4891 364 4942 τοῦτο
393 4892 476 4959 εἴη
498 4905 516 4923 ο
551 4893 644 4944 καὶ
671 4891 834 4959 δῆλον
869 4893 942 4953 ὠς
995 4891 1119 4944 οῦτε
1151 4891 1354 4962 θηρίων
1379 4935 1394 4957 ,
1423 4892 1545 4945 οὔτε
1589 4894 1770 4964 πολλῷ

203 4983 411 5050 μᾶλλον
441 4983 618 5052 ψυχῆς
679 4984 1022 5052 ἀνθρωπίνης
1061 4987 1109 5038 οξ
1168 4987 1438 5054 λογισμοί.
1481 4987 1621 5038 [lict
1663 4988 1771 5055 γὰρ

198 5077 448 5144 ἔμφυτον
481 5077 758 5148 τὰ-οίκεῖα
785 5080 968 5148 τηρεῖν
1001 5075 1200 5144 ἀγαθὰ,
1250 5079 1477 5142 καὶτοῖς
1513 5079 1766 5148 βιαζομέ-

203 5183 322 5229 νοις
376 5168 482 5229 ’ἐως
533 5144 706 5232 ἔξεστι
758 5169 1048 5238 μάχεσθαι.
1103 5171 1214 5222 Καὶ
1245 5170 1314 5222 τά
1365 5187 1426 5237 γε
1460 5171 1567 5222 τῶν
1614 5171 1770 5232 ζώων

201 5257 602 5310 ἁσθενέσταται
627 5261 959 5330 ἐρρωμένως
993 5259 1058 5312 ἄν
1096 5277 1181 5323 τις
1222 5260 1321 5314 ἴδοι
1353 5264 1461 5322 τοῖς
1493 5262 1771 5333 ἰσχυροτά-

198 5365 320 5412 τοις
345 5350 690 5414 ἁντεπιόντα,
731 5352 860 5406 ὅταν
888 5353 1027 5404 αὐτὰ
1057 5353 1318 5422 βλάπτειν
1357 5355 1609 5422 ἐπιχειρῇ
1638 5369 1653 5382 ·
1695 5352 1772 5414 ὡς

201 5443 240 5511 ἦ
273 5443 373 5510 τῆς
395 5440 602 5503 ἀδικίας
633 5444 817 5496 ἐκεῖνα
837 5441 1168 5504 κωλύσοντα,
1196 5442 1230 5512 ἢ
1257 5443 1318 5494 τὸ
1332 5443 1463 5510 γοῦν
1479 5443 1772 5495 ἀποθανεῖν

203 5535 551 5602 ἀμυνόμενοι,
613 5535 686 5594 ὡς
736 5534 1045 5600 ἄλληντινὰ
1104 5537 1168 5602 τῇ
1221 5535 1376 5600 φύσει
1429 5534 1771 5602 λειτουργίαν

204 5626 531 5688 εἰσοίσοντα,
559 5621 624 5694 ἧς
655 5621 796 5676 εἶναι
819 5629 981 5692 νόμον
1014 5623 1207 5685 σώζειν
1231 5627 1389 5677 αὑτά.

1873 4435 2038 4486 semel
2085 4433 2234 4486 nulla
2265 4448 2442 4502 pugna
2475 4433 2740 4498 dimissis,
2784 4437 3080 4504 malorum,
3111 4457 3233 4511 quae
3273 4445 3443 4496 inter-

1877 4524 2051 4578 media
2081 4532 2227 4580 sunt.
2258 4523 2586 4592 periculum,
2607 4525 2745 4581 lucri
2774 4526 3067 4584 faciamus:
3098 4534 3172 4586 uti
3199 4533 3442 4589 arbitror

1872 4618 2058 4682 potius
2092 4629 2200 4666 uno
2237 4614 2544 4668 confectum
2576 4616 2804 4670 vulnere
2839 4619 2999 4684 mori,
3029 4636 3192 4690 quam
3227 4634 3285 4677 ut
3308 4641 3441 4692 pau-

1875 4707 2023 4759 latim
2067 4721 2272 4774 corpus
2305 4718 2700 4762 consumatur:
2731 4710 3011 4778 Siquidem
3039 4729 3168 4782 ergo
3191 4716 3282 4782 qui
3314 4731 3442 4770 ven-

1885 4807 2014 4874 tura.
2059 4799 2172 4852 ha-c
2219 4799 2506 4867 perspicue
2543 4801 2751 4865 sciatis,
2784 4803 3028 4856 futurum
3063 4806 3282 4873 quidem
3314 4822 3439 4859 sus-

1874 4890 2093 4958 cipitis;
2173 4891 2505 4958 omninoque
2574 4893 2897 4948 decrevistis
2952 4894 3088 4947 nihil
3139 4895 3435 4964 quidquam

1876 4982 2078 5044 moliri,
2114 4981 2260 5034 aliud
2315 4982 2418 5034 hoc
2453 4981 2639 5046 fuerit,
2694 4997 2758 5037 ac
2810 4985 2980 5053 liquet
3026 5001 3092 5038 nc
3139 4986 3438 5042 bestiarum

1873 5074 2117 5143 quidem,
2163 5074 2334 5126 multo
2383 5075 2565 5127 minus
2593 5074 2841 5129 humana:
2882 5090 2978 5129 eas
3001 5075 3200 5130 mentis
3229 5078 3437 5147 cogita-

1875 5165 2052 5218 tiones
2097 5164 2292 5216 videri.
2323 5163 2534 5232 Quippe
2585 5165 2859 5218 universis
2893 5181 2922 5219 a
2953 5175 3147 5220 natura
3179 5167 3444 5233 inditum,

1879 5266 1938 5309 ut
1965 5271 2063 5310 sua
2093 5264 2337 5328 servent,
2368 5270 2430 5309 ac
2463 5256 2641 5324 quoad
2671 5256 2889 5312 licuerit
2919 5258 3183 5313 adversus
3208 5274 3320 5320 eos.
3345 5262 3440 5328 qui

1876 5351 1984 5404 vim
2020 5348 2280 5405 inferant.
2308 5348 2642 5417 depugnem.
2664 5348 2804 5415 Quin
2830 5358 2884 5403 et
2912 5349 3123 5404 infirma
3146 5351 3443 5404 admodum

1875 5440 2153 5505 animalia,
2177 5440 2400 5493 robuste
2426 5439 2813 5494 inanimalium
2838 5443 3208 5509 potentissima
3230 5443 3443 5496 irruere

1877 5534 2083 5595 videas,
2124 5547 2246 5584 cum
2283 5547 2345 5585 ea
2381 5545 2579 5585 nocere
2637 5534 3002 5598 tentaverint;
3054 5551 3164 5603 quo
3212 5537 3295 5588 viri
3350 5537 3445 5587 in-.

1872 5624 2072 5693 juriam
2122 5622 2470 5690 prohibeant,
2519 5623 2603 5677 vel
2655 5623 2938 5678 moriendo
2975 5640 3032 5680 se
3084 5627 3438 5693 ulciscantur,

211 5731 316 5774 ceu
345 5718 492 5772 aliud
526 5716 798 5785 quoddam
831 5717 1078 5785 obsequii
1103 5731 1274 5788 genus
1299 5726 1506 5775 natum
1544 5716 1762 5770 illatura
1805 5717 1964 5786 cujus
1999 5715 2068 5771 sit
2102 5716 2184 5768 lex
2217 5724 2278 5769 ut
2309 5714 2456 5768 salva
2487 5714 2580 5768 illa
2608 5722 2783 5771 curet.
