3862 6220
248 310 381 382 M99

1090 319 1368 383 ORATIO
1410 324 1505 382 DE
1549 322 1700 383 NON
1746 322 2153 385 REDDENDA
2197 320 2614 384 CALLlPOlJ.

3360 330 3493 393 103’)

240 435 349 502 γάρ
379 430 556 500 ἔγωγε
588 430 716 485 ἀλλο
742 448 793 484 τι
830 430 993 501 μέσον
1024 433 1135 502 ὁρῶ
1165 434 1262 502 τῆς
1291 450 1350 485 τε
1381 434 1490 485 τῶν
1520 433 1810 504 βαρϐάρων

1918 450 2039 487 mus
2079 435 2133 488 in
2182 449 2471 489 servorum
2510 432 2787 502 redigendi
2830 444 3056 489 sortem.
3107 435 3294 506 Neque
3344 443 3493 496 enim

240 520 557 586 πλεονεξίας
585 518 677 573 καὶ
706 519 801 573 τοῦ
843 521 965 591 μηδ’
1001 522 1150 592 ἡμᾶς
1182 522 1470 591 ἀνέχεσθαι
1502 524 1568 576 τὰ
1604 526 1668 577 ἐκ
1700 524 1812 577 ’τῶν

235 614 424 684 ἀγρῶν
448 612 733 668 ἀπολέσαι.
763 612 923 665 Ἀλλὰ
948 614 1054 683 μὴν
1076 616 1168 667 καὶ
1187 617 1354 684 χωρὶς
1374 616 1581 669 τούτων
1600 614 1813 668 δέδοικα

237 707 315 777 μὴ
342 704 453 757 τῶν
478 704 739 758 ἐπετείων
764 704 992 774 καρπῶν
1026 705 1231 775 σφόδρα
1267 707 1685 776 ἐπιθυμοῦντες,
1714 709 1813 774 ἐφ·

236 796 363 865 εξῆς
398 795 549 849 πόλλ’
589 796 686 867 ἕτη
734 797 1024 866 λιμώττειν
1058 797 1518 866 ἀναγκασθῶμεν.
1550 798 1665 850 Νῦν
1715 800 1814 867 μὲν

236 889 333 941 καὶ
367 888 441 957 μή
492 888 836 957 γεωργοῦσιν
860 889 993 959 ήμῖν
1044 889 1077 957 ή
1111 887 1352 942 θάλαττα
1400 889 1470 942 τά
1515 891 1669 960 παρὰ
1707 890 1816 942 τῶν

236 979 412 1032 ἄλλων
430 978 826 1050 γεωργούμενα
845 980 1028 1047 κομιεῖ
1047 978 1170 1032 ’καὶ
1190 978 1446 1043 πολλάκις
1476 981 1635 1049 ἴσμεν
1658 981 1815 1034 τοῦτο

239 1071 477 1140 συμϐὰν,
510 1071 636 1122 ὅταν
666 1070 700 1140 ἦ
732 1070 883 1141 παρά
914 1070 1022 1124 τῶν
1056 1070 1334 1141 πολεμίων
1364 1072 1635 1140 οὐρανίων
1661 1073 1688 1126 ὁ
1711 1071 1815 1140 τῆς

236 1160 345 1227 γῆς
374 1160 529 1219 τόκος
558 1158 858 1229 κωλύηται,
891 1159 1041 1229 ἢκαὶ
1071 1162 1221 1231 παρά
1250 1161 1357 1213 τῶν
1384 1162 1661 1231 πολεμίων
1687 1171 1815 1214 του-

236 1253 370 1305 τωνὶ
407 1251 750 1319 βλάπτηται,
788 1250 1087 1304 ποιούντων
1126 1252 1162 1306 ἃ
1206 1252 1301 1305 νῦν
1340 1253 1646 1307 ἀπειλοῦσι.
1681 1254 1813 1306 Τότε

241 1344 348 1412 γὰρ
379 1343 499 1397 ἀντὶ
546 1342 655 1397 τῶν
698 1343 888 1413 ἀγρῶν
921 1346 1056 1413 ἡμῖν
1091 1345 1124 1413 ἡ
1169 1344 1687 1424 θάλαττασγίνεται·
1719 1346 1814 1399 καί

238 1436 425 1488 πολλοὶ
454 1435 561 1489 τῶν
586 1435 874 1505 ἡμετέρων
912 1436 962 1487 οἰ
1009 1435 1213 1506 ταύτην
1245 1437 1500 1507 ἀροῦντες
1533 1439 1625 1490 καὶ
1664 1437 1816 1489 σπεί-

238 1540 457 1597 ροντες⁶
492 1525 677 1579 πολλοί
706 1525 763 1578 δὲ
802 1526 899 1580 καὶ
928 1526 977 1578 οἰ
1013 1527 1298 1597 πόρρωθεν
1332 1528 1648 1597 κομίζοντες
1687 1530 1815 1599 ἡμῖν

234 1612 313 1671 ὧν
338 1616 601 1686 δεόμεθα*
638 1617 731 1669 καὶ
764 1617 1023 1673 πολλάκις
1052 1620 1085 1687 ἡ
1122 1618 1277 1682 πίλις
1314 1620 1378 1671 τὰ
1414 1620 1510 1688 τῆς
1543 1620 1815 1689 περιοικί-

236 1711 326 1773 δος
373 1710 447 1778 μὴ
486 1710 959 1779 συγκομισαμένη,
1011 1698 1072 1762 ὲν
1111 1709 1511 1779 ἀφθονωτέροις
1559 1712 1809 1781 διήγαγε.

236 1802 349 1854 Καὶ
372 1803 506 1863 ὅλως
529 1802 624 1869 τῆς
640 1800 907 1871 θαλάττης
930 1802 1167 1872 ἢρτηται
1192 1803 1253 1856 τὸ
1279 1803 1438 1856 πλέον
1456 1804 1556 1872 τῆς
1578 1804 1813 1858 ὲνταῦοα

236 1887 539 1964 τροτῆςᾶλς
554 1892 870 1971 ἐκστάντες,
889 1882 1421 1963 ἀναγκασθησόμεθα
1442 1897 1814 1966 συνεχῆδλιμδν

238 1983 553 2053 ὑπομένειν.
581 1982 676 2045 Τίς
703 1983 862 2037 δὀὐκ
888 1980 1048 2049 οἶδεν,
1081 1985 1155 2049 ὡς
1182 1984 1298 2054 ἅμα
1327 2003 1386 2038 τε
1410 1987 1512 2054 τῆς
1545 1988 1813 2040 Καλλιπό-

237 2075 375 2137 λεως
407 2076 456 2127 οἱ
494 2074 759 2145 βάρϐαροι
797 2077 890 2128 καί⁵
920 2076 1021 2146 τῆς
1054 2077 1423 2147 σιτοπομπίας
1458 2077 1671 2131 ἔσονται
1711 2077 1809 2130 κύ-

241 2186 371 2238 ριοι,
399 2170 489 2222 καὶ
509 2167 632 2221 οὐτε
667 2167 995 2237 σιταγωγδς,
1024 2168 1137 2221 οὐτ’
1160 2168 1287 2221 ἄλλο
1315 2187 1368 2222 τι
1393 2169 1500 2221 τῶν
1526 2169 1815 2239 χρησίμων

242 2260 372 2331 ἡμῖν
417 2244 722 2329 κομίζοίισα
753 2258 885 2322 ναῦς
908 2259 1136 2330 οὐδεμία
1181 2261 1274 2312 ἐπὶ
1306 2260 1434 2323 τούς
1478 2260 1579 2325 τῆς
1608 2260 1816 2325 πόλεως

242 2349 359 2418 ἣξει
385 2348 617 2416 λιμένας
646 2364 661 2412 ;
701 2347 798 2411 Τίς
830 2348 941 2416 γὰρ
977 2347 1118 2415 ὑπὲρ
1148 2346 1241 2399 τοῦ
1280 2346 1353 2417 μὴ
1389 2346 1681 2416 λιμώττειν
1706 2348 1820 2400 ἐτέ-

246 2456 369 2509 ρους
400 2438 561 2502 αὐτὸς
586 2440 876 2531 αἱρήσεται
904 2438 1275 2501 κινδυνεύειν;
1319 2438 1559 2508 ’Δνάγκη
1592 2439 1698 2509 γὰρ
1725 2440 1819 2492 τὸν

243 2532 327 2597 ἐφ’
370 2531 516 2599 ἡμᾶς
557 2527 757 2601 ἥξοντα
802 2529 891 2583 διὰ
936 2529 1147 2582 πολλῶν
1194 2529 1454 2582 κινδύνων
1500 2532 1659 2596 ἰέναι,
1709 2532 1819 2585 τῶν

244 2620 536 2692 βαρϐάρων
584 2620 771 2673 αὐτόθι
804 2621 1045 2691 συνεχῶς
1088 2621 1482 2691 ὲγκαθημένων
1530 2620 1667 2689 πρὸς
1706 2623 1819 2684 τοῖς

245 2713 471 2774 στενοῖς,
511 2710 604 2765 καὶ
630 2709 792 2763 ναυσὶ
825 2710 920 2762 καὶ
949 2712 1196 2781 τριήρεσι
1247 2712 1340 2763 καὶ
1374 2710 1583 2773 πλοίοις
1636 2711 1820 2774 ἄλλοις

237 2803 366 2866 τοὺς
399 2801 785 2871 στελλομένους
807 2801 1126 2871 εἰργόντων,
1158 2803 1252 2855 καί
1280 2801 1373 2854 τὸν
1403 2804 1569 2872 πόρον
1599 2796 1819 2856 ποιούν-

238 2912 350 2948 των
377 2896 476 2949 οὐκ
506 2895 659 2950 ἀδεᾶ.
692 2894 844 2947 Ἵλατ’
876 2894 929 2948 εῐ
954 2912 1007 2947 τι
1037 2895 1105 2947 τὰ
1139 2896 1293 2965 παρὰ
1321 2895 1429 2947 τῶν
1457 2895 1617 2965 ὡρῶν
1662 2896 1819 2949 πταί-

240 2999 410 3048 σειεν,
463 2984 523 3035 οὐ
554 2982 662 3052 γάρ
687 2983 913 3036 δυνατὸν
953 2983 1037 3035 ἀεὶ
1070 2983 1194 3045 τοὺς
1220 2985 1499 3051 γεωργοὺς
1547 2986 1817 3055 εὐτυχεῖν,

1915 540 2017 594 ego
2045 524 2192 578 aliud
2240 524 2375 593 quid
2405 522 2648 579 medium
2687 523 2868 588 video,
2895 524 3094 594 iniqua!
3130 526 3495 583 Barbarornm

1918 615 2259 683 cupiditatis,
2297 624 2353 669 et
2384 622 2445 668 ut
2480 616 2579 685 ipsi
2611 615 2848 670 nolimus
2876 615 3059 687 fruges
3092 620 3370 675 amittere.
3399 624 3496 676 At-

1917 707 2064 761 enim
2093 707 2179 761 his
2206 723 2423 776 quoque
2451 708 2697 776 exceptis
2741 709 2931 773 timeo,
2960 726 3028 767 ne
3056 712 3150 781 qui
3185 712 3364 781 fruges
3394 730 3494 768 an-

1917 814 2055 852 nuas
2086 799 2487 855 vehementius
2534 800 2933 865 desideramus,
2992 805 3186 873 longos
3234 805 3498 875 deinceps

1916 904 2091 943 annos
2123 888 2266 944 fame
2296 889 2493 944 confici
2524 906 2817 961 cogamur:
2836 893 2995 950 Nunc
3025 895 3246 965 quidem
3280 899 3492 952 tametsi

1920 996 2028 1034 non
2070 992 2366 1047 metamus,
2401 982 2635 1039 advehet
2663 1000 2836 1049 mare,
2866 1003 3003 1056 quas
3028 989 3119 1043 alii
3147 989 3330 1059 fruges
3356 1007 3498 1045 mes-

1917 1066 2154 1131 suerint,
2192 1068 2358 1137 idque
2396 1084 2503 1123 non
2537 1086 2663 1125 raro
2694 1073 2900 1129 scimus
2929 1078 3248 1147 contigisse,
3286 1080 3371 1133 vel
3399 1078 3495 1134 ade

1916 1158 2092 1212 versis
2114 1159 2382 1213 ctelorum
2407 1159 2711 1218 influentiis
2738 1166 3017 1234 prohibito
3042 1177 3201 1223 terra:
3229 1169 3368 1236 fetu,
3406 1172 3492 1225 vel

1915 1251 2082 1305 etiam
2117 1252 2186 1305 ab
2240 1252 2393 1308 hisce
2429 1254 2761 1311 adversariis
2810 1257 2962 1321 laeso,
3016 1260 3067 1313 id
3108 1264 3493 1330 pra'stantibus

1915 1356 2036 1410 qua:
2069 1341 2236 1395 modo
2266 1343 2511 1397 facturos
2544 1346 2976 1402 comminantur.
3017 1349 3087 1402 lis
3132 1366 3368 1420 namque
3399 1368 3492 1406 ca-

1916 1431 2092 1495 sibus,
2128 1449 2382 1502 agrorum
2412 1435 2562 1499 loco,
2593 1451 2743 1490 mare
2776 1437 2935 1491 nobis
2964 1441 3229 1504 succedit,
3256 1452 3494 1510 suntque

1918 1534 2165 1579 nostrum
2204 1525 2392 1595 plures
2437 1527 2530 1595 qui
2568 1539 2769 1581 terram
2802 1538 2960 1583 arent
2993 1546 3056 1584 ac
3095 1542 3298 1594 serant,
3337 1532 3492 1585 tnnlti

1915 1630 2049 1668 vero
2102 1616 2265 1670 etiam
2316 1616 2408 1685 qui
2460 1616 2529 1672 de
2575 1618 2890 1688 longinquis
2930 1622 3300 1676 necessarium
3339 1624 3495 1679 nobis

1917 1713 2283 1759 commeatum
2328 1705 2623 1774 inveltant;
2660 1710 2967 1778 srepiusqtte
3014 1726 3136 1764 cum
3172 1711 3365 1765 civitas
3405 1712 3492 1765 vi-

1848 1787 1886 1839 Β
1916 1796 2051 1849 cinae
2094 1796 2334 1865 regionis
2362 1796 2545 1864 fruges
2576 1812 2684 1851 non
2733 1799 3032 1865 intulisset,
3064 1799 3256 1868 majori
3309 1809 3492 1853 tamen

1918 1902 2148 1941 annonae
2183 1887 2435 1942 ubertate
2476 1888 2647 1953 vixit;
2700 1904 2765 1944 ac
2794 1889 2955 1959 plane
3010 1892 3348 1960 praecipuum
3384 1906 3496 1960 quo

1920 1979 2008 2032 hic
2061 1979 2281 2042 alimur,
2341 1998 2369 2032 ιι
2404 1979 2539 2033 mari
2587 1994 2651 2033 ac
2700 1989 3007 2034 mercatura
3058 1981 3281 2050 pendet,
3325 1992 3495 2051 utque

1918 2071 2011 2125 illo
2041 2073 2393 2136 exeo-lamus,
2444 2086 2707 2152 c.0gemur
2758 2071 2955 2127 famem
3008 2072 3323 2127 continuam
3357 2075 3492 2143 pati.

1916 2162 2048 2229 Quis
2088 2176 2219 2217 vero
2247 2162 2443 2228 nescit,
2477 2172 2537 2216 ut
2570 2178 2693 2217 mox
2726 2163 2953 2218 Barbari
2984 2164 3266 2233 Callipolis
3289 2165 3498 2233 oppido

1918 2254 2074 2324 potiti
2103 2263 2293 2318 erunt,
2338 2269 2677 2324 annonaque
2709 2270 2775 2310 ac
2804 2267 3146 2312 commeatus
3177 2259 3495 2312 exstiterint

1916 2333 2147 2412 domini,
2197 2346 2313 2401 fore
2359 2356 2522 2401 utne
2572 2348 2680 2401 ulla
2734 2347 3096 2403 frumentaria
3165 2349 3337 2414 navis,
3400 2357 3497 2402 aut

1917 2439 2048 2510 quid
2102 2439 2249 2494 aliud
2286 2439 2720 2494 necessariarum
2770 2441 3034 2495 mercium
3071 2440 3372 2504 advehens,
3423 2439 3496 2493 ad

1918 2532 2075 2586 urbis
2100 2540 2291 2602 portus
2327 2532 2672 2601 appellatur?
2702 2531 2837 2597 Quis
2868 2534 3036 2593 enim.
3073 2542 3132 2586 ttt
3159 2549 3226 2588 ne
3257 2533 3350 2587 alii
3394 2546 3495 2601 pa-

1920 2624 2127 2677 tiantur
2161 2622 2381 2683 famem,
2408 2622 2651 2691 pericula
2680 2624 2837 2678 adire
2869 2624 3039 2678 velit?
3068 2623 3280 2693 Quippe
3310 2640 3499 2679 neces-

1919 2730 2041 2769 sum
2095 2723 2226 2776 est,
2302 2721 2361 2766 ιιι
2418 2714 2512 2783 qui
2573 2727 2765 2783 portus
2789 2725 3005 2768 nostros
3069 2717 3343 2784 petiturus
3404 2718 3497 2780 sit,

1920 2804 2089 2859 multa
2136 2804 2378 2873 pericula
2436 2803 2654 2867 subeat,
2704 2803 2961 2857 ltarbaris
3016 2804 3130 2857 illic
3174 2805 3378 2874 jugiter
3426 2809 3497 2859 ad

1920 2895 2107 2950 fauces
2164 2894 2593 2960 incubantibus;
2648 2890 3015 2964 navibusque,
3042 2912 3103 2949 ac
3156 2897 3497 2963 triremibus,

1924 2987 2156 3056 aliisque
2196 2986 2452 3055 navigiis,
2500 2986 2928 3055 prohibentibus
2966 2987 3088 3050 iter,
3140 3003 3203 3041 ac
3241 2989 3377 3042 male
3414 2998 3499 3040 tu-

239 3075 604 3145 ἀθεραπεύτῳ
665 3077 945 3145 συντυχεῖν
1001 3075 1217 3145 ἀνάγκη
1265 3075 1432 3145 λιμῷ,
1478 3077 1604 3146 μήτ’
1644 3079 1819 3131 ἄλλων

1926 3087 2036 3131 tam
2090 3078 2496 3147 navigationem
2536 3077 2915 3132 reddentibus.
2950 3077 3219 3143 Quocirca
3258 3087 3312 3132 ttt
3340 3094 3500 3133 secus

240 3167 376 3237 παρ’
398 3168 542 3238 ἡμᾶς
568 3167 880 3237 δυναμένων
905 3168 1206 3236 καταίρειν,
1235 3167 1365 3236 μήθ’
1384 3169 1543 3237 ήμῶν
1564 3168 1814 3221 ἐντεῦθεν

239 3258 572 3326 ἀνάγεσθαι·
603 3257 698 3311 καὶ
730 3257 1091 3327 συμϐήσεται,
1119 3259 1219 3329 τὴν
1249 3254 1342 3311 τοῦ
1371 3258 1636 3328 παρόντος
1660 3259 1813 3322 ἔτους

236 3348 554 3419 δυσχέρειαν
584 3350 845 3417 ἐκφυγεῖν
878 3347 1256 3418 βουλομένους,
1287 3350 1478 3411 κακοῖς
1504 3349 1810 3417 ἀμηχάνοις

236 3441 573 3510 περιπεσεῖν,
604 3438 969 3510 λιμώττοντας
995 3440 1081 3493 διὰ
1112 3440 1229 3510 βίου
1246 3456 1258 3469 ·
1284 3439 1313 3491 ὃ
1338 3440 1436 3507 τῆς
1457 3438 1672 3508 φύσεως
1695 3440 1816 3491 στέ-

1921 3170 2125 3238 ιιὶὶιιιιίιι
2159 3169 2285 3220 anni
2326 3177 2682 3237 tempestates
2715 3169 3030 3231 habuerint,
3070 3185 3169 3224 nec
3199 3170 3341 3223 enim
3378 3169 3495 3222 ﬁeri

1923 3270 2099 3330 potest
2129 3269 2186 3312 ut
2214 3274 2309 3328 pro
2346 3268 2474 3312 voto
2520 3274 2609 3312 res
2639 3274 2861 3328 semper
2893 3262 3193 3313 succedant
3220 3260 3496 3329 agricolis,

1914 3350 2302 3405 irretnediabili
2335 3349 2476 3403 fame
2523 3350 2839 3403 necessario
2879 3349 3249 3403 conflittatttri
3281 3366 3495 3415 sumus,

1920 3458 2045 3496 cum
2096 3456 2276 3510 neque
2320 3441 2413 3494 alii
2448 3439 2590 3506 apud
2634 3454 2738 3493 nos
2783 3440 2996 3510 possint
3042 3441 3277 3505 solvere,
3316 3456 3496 3509 neque

234 3549 355 3600 γειν
375 3530 449 3601 μὴ
468 3532 798 3601 δυναμένης,
829 3531 1016 3583 λοιπὸν
1044 3530 1075 3600 ἢ
1100 3532 1283 3583 θανεῖν
1312 3530 1614 3600 δυστυχῶς,
1642 3529 1675 3600 ἢ
1713 3531 1813 3601 ζῇν

1917 3547 2014 3586 nos
2043 3532 2170 3586 inde
2196 3532 2476 3601 possimus
2504 3531 2760 3601 navigare
2784 3549 2797 3585 :
2829 3531 3019 3599 sicque
3051 3530 3137 3605 fiet
3167 3543 3223 3583 ut
3247 3533 3336 3600 qui
3362 3532 3493 3586 anni

233 3621 678 3691 δυστυχέστερον,
715 3621 1031 3691 αὐτοχειρίᾳ
1064 3622 1404 3691 παραδόντας
1431 3622 1498 3674 τὰ
1528 3621 1704 3692 τείχη.

1917 3621 2205 3690 ρταιεοιιιίε
2228 3621 2511 3675 molestias
2531 3620 2772 3690 etIngere
2795 3620 3112 3688 quaerimus.
3148 3622 3201 3674 in
3228 3623 3496 3675 immensa

238 3715 381 3769 mala
431 3715 805 3785 prolabamur,
864 3726 1147 3785 totamque
1184 3719 1351 3771 vitam
1406 3716 1605 3770 famt-m
1642 3715 2125 3787 patiamurzquod
2183 3732 2307 3770 cum
2369 3724 2565 3770 natura
2624 3716 2850 3769 minime
2908 3715 3055 3770 ferre
3086 3716 3277 3785 possit,
3305 3732 3500 3786 super‘

236 3820 344 3872 est,
372 3819 431 3864 ut
463 3811 549 3865 vel
572 3830 598 3864 u
625 3811 765 3865 isere
797 3818 1024 3864 mortem
1068 3818 1409 3879 oppetamus,
1446 3812 1529 3864 vel
1569 3811 1769 3864 misere
1810 3807 1985 3879 magis
2012 3807 2278 3863 ducamus
2313 3808 2503 3870 vitam,
2534 3807 2637 3878 ipsi
2670 3822 2767 3861 nos
2797 3808 2993 3862 muenia
3026 3806 3320 3864 tradentes.

310 3899 518 3969 Τίούνς
545 3902 957 3973 πολεμήσομεν,
982 3903 1076 3956 καὶ
1104 3904 1168 3955 σὺ
1195 3902 1354 3955 τοῦτο
1377 3901 1617 3965 κελεύεις
1638 3918 1653 3967 ς
1678 3901 1820 3971 Ἐγὼ

1987 3899 2131 3966 Quid
2172 3900 2340 3971 ergo?
2383 3900 2587 3955 Bellum
2635 3914 2914 3969 geremus,
2974 3901 3138 3970 idque
3194 3911 3247 3955 ιιι
3301 3901 3505 3971 jubes‘!

238 3992 284 4046 δ’
326 3994 700 4065 ἀντερήσομαι
728 4011 742 4024 ·
789 3994 852 4046 Τί
902 3993 1032 4059 οῦν;
1081 3993 1465 4063 δουλεύσομεν,
1518 3995 1613 4047 καί
1658 3994 1818 4064 ὑμεῖς

1917 3990 2214 4046 Enimvero
2249 3991 2490 4045 vicissim
2528 3991 2890 4060 respondeam
2926 4011 2938 4045 :
2976 3992 3116 4059 Quid
3158 3994 3324 4062 ergo?
3364 3996 3495 4048 Scr-

238 4088 387 4151 δπως
414 4088 557 4140 τοῦτ’
587 4088 739 4139 ἔσται
774 4089 978 4140 ποιεῖτε
1004 4103 1021 4153 ;
1065 4087 1205 4139 Ἀλλ’
1236 4086 1351 4139 οὐθ’
1375 4088 1519 4157 ὑμᾶς
1544 4088 1642 4157 τῆς
1665 4087 1818 4140 ἐλευ-

1917 4083 2148 4147 viemus,
2186 4096 2392 4151 vosque
2436 4080 2597 4151 agitis
2633 4091 2691 4135 ut
2728 4086 2799 4136 ita
2850 4081 3077 4137 habeat?
3112 4083 3310 4137 Verum
3346 4086 3495 4138 enim

243 4177 428 4249 θερίας
455 4180 588 4233 ποτὲ
612 4178 878 4250 προδότας
899 4177 1062 4246 ἔγωγ’
1087 4178 1153 4231 ἂν
1184 4178 1419 4248 εἴποιμι,
1450 4177 1562 4232 οὐτ’
1590 4176 1704 4247 ἐγὼ
1723 4179 1816 4232 δυ-

1917 4190 2091 4244 neque
2121 4189 2224 4244 ego
2271 4189 2365 4227 vos
2399 4189 2640 4243 unquam
2687 4175 2957 4229 libertatis
2992 4176 3299 4244 proditores
3341 4177 3495 4230 dixe-

242 4272 503 4341 ναμένους
539 4272 692 4340 ἄγειν
722 4272 969 4342 εἰρήνην,
1004 4272 1209 4341 ταύτης
1245 4271 1709 4342 συμϐουλεύσαιμ’
1744 4272 1811 4325 ἂν

1917 4267 2049 4327 rint;
2108 4281 2287 4336 neque
2346 4280 2468 4334 ego.
2533 4266 2777 4335 quandiu
2837 4267 2998 4333 liceat
3050 4283 3238 4336 pacem
3309 4284 3496 4337 agere,

242 4363 563 4417 ἀνθελέσθαι
592 4363 684 4416 τὸν
712 4364 969 4433 πόλεμον.
1015 4362 1153 4416 Ἀλλ’
1172 4365 1221 4415 εἰ
1247 4363 1316 4415 τὰ
1355 4364 1638 4434 πράγμαθ’
1664 4366 1811 4434 ἡμᾶς

1917 4368 2103 4413 auctor
2154 4374 2394 4426 unquam
2436 4358 2637 4417 fuerint
2680 4369 2734 4412 ιιι
2773 4369 3136 4427 ριαξοιιιειιιιιε
3170 4360 3390 4414 bellum.
3428 4364 3501 4416 At

238 4453 335 4505 ἐπὶ
358 4452 504 4506 τοῦτ’
528 4453 677 4520 ἄγει,
705 4452 765 4505 οὐ
794 4430 910 4517 τοῖς
934 4469 997 4521 γε
1022 4453 1346 4520 συμϐούλοις
1378 4430 1589 4507 δίκαιον
1609 4430 1809 4506 τὰῘιῶν

1917 4449 1958 4502 si
1993 4462 2092 4503 vos
2144 4462 2210 4501 eo
2260 4463 2345 4502 res
2400 4448 2623 4510 ducant,
2678 4446 2823 4500 haud
2878 4464 3096 4516 mquum
3150 4450 3500 4504 consiliarius

241 4544 584 4613 πραγμάτων
602 4544 917 4613 λογίζεσθαι
942 4562 957 4610 ;
998 4545 1189 4614 Ὅμως
1218 4545 1316 4615 οὐχ
1342 4543 1513 4608 οὕτως
1545 4545 1732 4608 ἅπλῶς
1758 4546 1808 4598 οἰ

237 4635 515 4706 ἄνθρωποι
547 4636 645 4703 τὴν
679 4636 902 4706 εἰρήνην
930 4636 964 4707 ἢ
1009 4637 1133 4699 τοὺς
1173 4636 1444 4699 πολέμους
1485 4636 1763 4706 αἰροῦνται
1791 4653 1806 4669 ο

232 4725 353 4779 ἀλλ’
387 4727 445 4779 ιν
467 4719 511 4794 ᾧ
530 4726 727 4796 μᾶλλον
752 4726 935 4788 αὐτοῖς
966 4726 1001 4796 ή
1033 4726 1276 4796 σωτηρία
1311 4726 1406 4780 καὶ
1435 4726 1495 4780 τὸ
1519 4728 1809 4796 τυγχάνειν

234 4811 313 4870 ὧν
348 4817 627 4887 βούλονται
669 4817 1029 4887 περιγίνεται,
1068 4816 1211 4870 τοῦτ’
1243 4818 1428 4881 αὐτοῖς
1472 4817 1809 4887 προτιμᾶται

234 4907 491 4975 θατέρου.
530 4908 637 4961 Καὶ
668 4909 777 4977 γὰρ
826 4907 1170 4977 πολεμοῦμεν
1209 4908 1295 4976 ἐφ’
1330 4907 1358 4959 δ
1391 4905 1681 4971 σώζεσθαι,
1716 4907 1809 4961 καὶ

231 4999 335 5068 τὴν
367 4999 591 5069 εἰρήνην
618 4998 1000 5069 ἀσπαζόμεθα,
1031 5000 1080 5051 εἰ
1109 5000 1196 5054 διὰ
1226 4999 1428 5070 ταύτην
1457 5000 1525 5052 τὰ
1558 4997 1689 5052 ὅντα
1716 5017 1811 5069 τη-

235 5089 461 5159 ροῦμεν.
495 5089 568 5143 Τὸ
592 5089 639 5143 δ’
663 5092 888 5161 εἰρήνην
912 5091 1064 5157 ἄγειν
1095 5091 1153 5156 ἐξ
1178 5086 1245 5163 ἦς
1278 5092 1455 5145 πάντα
1477 5090 1807 5161 ἀπόλλυμεν,

232 5181 390 5234 οὐδέν
421 5184 570 5234 ἐστιν
599 5181 785 5251 ἕτερον
815 5182 847 5252 ἢ
879 5182 945 5234 δι’
981 5182 1292 5251 εὐπρεποῦς
1321 5182 1587 5252 ὀνόματος
1619 5183 1683 5235 τὸ
1721 5183 1809 5236 διὰ

232 5270 346 5322 τῶν
375 5273 717 5341 πραγμάτων
740 5270 964 5341 αἰσχρὸν
985 5272 1300 5341 ὑπομένειν.
1328 5273 1390 5325 Εἰ
1424 5274 1522 5341 μὲν
1548 5273 1644 5326 οῦν
1676 5273 1809 5342 ήσυ-

234 5362 493 5433 χάζουσιν
532 5364 826 5417 ἀπολαύειν
867 5364 1045 5428 ἔξεστι
1085 5365 1190 5417 τῶν
1248 5366 1489 5429 οἰκείων,
1547 5366 1806 5435 σύμφημι

236 5457 347 5517 τοῖς
376 5454 542 5524 μηδὲν
570 5455 1028 5524 περιεργάζεσθαι
1051 5458 1409 5525 παραινοῦσιν
1432 5476 1446 5490 ο
1484 5457 1608 5511 εἰδὲ
1644 5457 1807 5528 μέχρι

239 5548 342 5615 μὲν
374 5547 616 5615 ῥήματος
651 5548 809 5615 μόνον
842 5548 900 5600 τὸ
936 5548 1131 5615 σεμνόν
1165 5549 1282 5601 ἐστι
1316 5548 1418 5617 τῆς
1459 5549 1704 5619 εἰρήνης,
1739 5549 1807 5602 τὰ

236 5636 289 5689 δὶ
317 5635 447 5689 ὄντα
483 5637 721 5707 πόλεμός
745 5641 857 5691 ἐστι
885 5638 1265 5708 χαλεπώτατος
1288 5678 1305 5703 ,
1338 5641 1453 5703 πῶς
1485 5639 1551 5693 ἂν
1582 5641 1807 5699 εἰκότως

238 5728 639 5801 δυσχεραίνοιτε
692 5732 816 5795 τούς
866 5732 1121 5802 πολεμεῖν
1175 5730 1487 5798 ἀξιοῦντας,
1539 5732 1625 5800 ἐφ’
1672 5733 1807 5802 ὅπερ

1917 4540 2178 4611 cogitare,
2230 4555 2295 4594 ac
2335 4541 2547 4594 ratione
2589 4539 2879 4609 dispicere,
2932 4542 3065 4609 quid
3118 4542 3223 4595 illae
3276 4544 3496 4597 velint?

1916 4631 2268 4703 Nequaquam
2305 4642 2486 4687 tamen
2516 4632 2596 4687 sic
2629 4641 2830 4687 temere
2874 4633 3126 4687 homines
3173 4650 3359 4703 pacem
3396 4635 3499 4688 eli-

1915 4734 2072 4797 gunt,
2112 4735 2205 4779 aut
2257 4726 2427 4791 bella;
2489 4741 2681 4780 verunt
2725 4726 2779 4779 in
2829 4742 2937 4795 quo
2984 4726 3155 4794 magis
3197 4742 3385 4779 eorum
3424 4726 3497 4779 sit

1917 4819 2217 4873 constituta
2247 4819 2413 4880 salus,
2443 4833 2507 4873 ac
2546 4833 2654 4888 quo
2688 4818 2958 4887 prmcipue
2986 4829 3241 4869 votorum
3271 4832 3495 4885 compo-

1918 4920 1999 4964 tes
2046 4910 2199 4975 fiant,
2241 4910 2344 4964 hoc
2390 4909 2609 4964 demum
2662 4909 2819 4963 alteri
2857 4916 3218 4976 anteponunt.
3265 4907 3397 4960 Nam
3437 4918 3494 4962 ct

1919 5000 2119 5054 bellum
2152 4998 2394 5069 gerimus
2425 5007 2483 5052 ttt
2529 4997 2692 5054 saluti
2721 4999 3038 5052 consultum
3076 4999 3185 5063 sit;
3218 4999 3495 5066 amplexa-

1918 5107 2149 5161 nturque
2181 5107 2394 5161 pacem,
2428 5100 2483 5144 ut
2521 5106 2618 5160 per
2643 5105 2764 5145 eam
2803 5104 2893 5145 res
2926 5098 3140 5144 nostras
3184 5089 3347 5143 liccat
3380 5103 3493 5143 ses--

1917 5197 2063 5237 vare.
2092 5183 2163 5239 At
2191 5197 2377 5252 pacem
2416 5196 2597 5252 agere,
2626 5195 2733 5251 qua
2775 5180 2952 5235 simus
2986 5178 3176 5233 omnia
3214 5179 3491 5243 amissuri,

1916 5272 2061 5327 haud
2105 5272 2255 5327 aliud
2302 5274 2373 5327 sit
2418 5288 2581 5342 quam
2632 5271 2884 5341 specioso
2927 5271 3196 5342 ejusmodi
3248 5272 3490 5335 nomine,

1914 5364 2060 5434 quod
2095 5365 2273 5433 rcipsa
2310 5372 2395 5417 est
2431 5362 2815 5432 turpissimum
2847 5364 2983 5433 pati.
3038 5362 3316 5432 Siquidem
3358 5376 3490 5431 ergo

1917 5454 2206 5525 agentibus
2260 5454 2466 5522 quiete,
2515 5453 2681 5507 rebus
2730 5455 2971 5524 propriis
3021 5454 3127 5508 frui
3160 5454 3343 5517 liceat,
3379 5456 3494 5523 ipse

1920 5563 2140 5617 quoque
2181 5547 2234 5600 itt
2282 5560 2475 5600 eorum
2523 5546 2766 5600 concedo
2815 5549 3171 5609 sententiam,
3214 5548 3306 5616 qui
3356 5548 3490 5601 nihil

1918 5641 2078 5694 anxie
2102 5639 2490 5709 inquirendum
2533 5647 2778 5693 monent.
2806 5638 2900 5694 Sin
2929 5649 3111 5693 autem
3140 5649 3309 5695 verro
3335 5652 3494 5695 tenus

1916 5738 2133 5787 constat
2160 5728 2312 5802 pacis
2336 5729 2647 5786 venerabile
2680 5745 2903 5798 nomen,
2927 5746 3124 5802 resque
3154 5734 3269 5804 ipsa
3294 5738 3490 5790 uelum
