3862 6220
289 341 422 407 1οἳ3

1131 337 1410 400 ORATIO
1454 337 1554 398 DE
1618 334 1774 398 NON
1812 333 2230 396 REDDENDA
2269 331 2695 392 CALLIPOLI.

3385 329 3525 394 103i

287 457 534 532 χειροῠσι
607 453 802 507 πολλαὶ
876 452 1208 523 φανήσονται
1293 452 1431 523 πρδς
1484 452 1584 522 τὴν
1641 450 1866 504 ἐκείνων

1991 446 2242 502 uvenerit
2286 459 2302 499 :
2354 445 2632 513 multaque
2684 439 3147 511 aggredientibus,
3205 441 3405 509 quibus
3467 460 3530 497 ea

288 545 613 616 καθαίρεσιν
639 542 906 611 ἀφορμαί.
942 543 1051 594 Καὶ
1088 542 1245 595 τοῦτο
1276 542 1648 612 μαρτυροῦσιν
1691 542 1743 593 oi
1768 540 1863 593 νῦν

288 639 630 697 ἀποστάντες
679 634 788 686 τῶν
837 634 1055 686 οἰκείων
1085 673 1100 698 ,
1153 633 1247 686 καὶ
1297 633 1536 702 πόλεμον
1611 632 1862 702 φανερῶς

288 730 424 799 πρδς
459 726 703 788 ἐκείνους
732 726 1131 792 ἐξενεγκόντες·
1167 720 1248 788 οἷς
1275 725 1329 778 εῐ
1351 745 1436 789 τις
1466 727 1860 789 ὲπικελεύοιτο,

287 819 385 871 καὶ
440 819 721 888 χρήμασιν
771 817 975 885 ὀλίγοις
1031 818 1129 872 καὶ
1199 819 1487 888 συμμαχίᾳ
1543 821 1640 880 τὰς
1687 817 1864 887 ὁρμὰς

288 911 620 982 ἐπιρρώσειε
655 910 749 962 καὶ
782 910 1252 980 συμπροθυμοῖτο,
1288 912 1418 972 ἴσως
1451 911 1538 974 ἂν,
1576 909 1864 977 ἀξιόμαχοι

288 1007 593 1074 γενόμενοι,
627 1003 917 1073 τράποιντο
951 1003 1049 1070 μὲν
1089 1001 1175 1071 ἐφ’
1201 1003 1418 1065 αὐτούς’
1457 1003 1601 1072 ἡμᾶς
1628 1000 1674 1054 δ’
1702 1001 1733 1070 ἢ
1761 1018 1865 1070 μη·

290 1097 378 1148 δὲν
411 1094 445 1165 ἢ
484 1093 692 1147 ἐλάττω
746 1093 1056 1162 βλάπτοιεν,
1095 1094 1488 1164 ἀσχολούμενοι
1540 1094 1676 1163 πρὶς
1707 1093 1868 1161 ἀλλή-

291 1188 436 1261 λους.
497 1187 658 1239 Ἀλλά
693 1186 800 1254 μὴν
850 1186 945 1237 καὶ
998 1185 1150 1256 παρά
1177 1187 1284 1238 τῶν
1331 1185 1618 1253 Τριϐαλῶν
1665 1185 1865 1253 ἥκουσι

295 1273 580 1344 πρέσϐεις,
623 1271 902 1338 ἀξιοῦντες
925 1275 1077 1340 κοινῇ
1130 1273 1256 1333 τοὺς
1306 1275 1519 1333 κοινοὺς
1572 1271 1867 1340 πολεμίους

296 1363 644 1435 ἀμύνασθαι,
699 1363 795 1415 καὶ
844 1362 1058 1430 γάμους
1110 1361 1408 1427 αἰτοῦντες,
1462 1363 1559 1415 καὶ
1608 1363 1868 1433 χρήματα

298 1455 746 1524 ὑπισχνούμενοι,
781 1455 850 1504 δι’
901 1447 976 1505 ῶν
1016 1453 1220 1505 οἴονται
1274 1455 1521 1521 κινήσειν
1569 1455 1736 1521 ἡμᾶς·
1775 1451 1869 1519 οὒς

300 1549 552 1618 βεὸαίους
580 1547 686 1616 χρὴ
716 1545 959 1615 νομίζειν
993 1546 1211 1597 ἔσεσθαι
1253 1547 1575 1615 συμμάχους
1611 1547 1763 1615 ἡμῖν,
1793 1545 1865 1607 ὼς

311 1639 378 1693 ἂν
438 1639 534 1691 καὶ
584 1638 740 1692 αὐτοὶ
827 1638 979 1706 παρά
1033 1637 1143 1689 τῶν
1215 1637 1510 1708 βαρϐάρων
1564 1638 1873 1706 ἠδίκηνται.

312 1730 449 1784 ’Δλλ⁹
488 1730 586 1800 οὐχ
634 1728 789 1800 ἡμῶν
841 1730 1002 1798 χάριν
1055 1730 1488 1798 ἀμυνουμένους,
1542 1729 1684 1781 εἴποι
1725 1729 1769 1780 δ’
1802 1730 1869 1784 ἄν

1969 537 2177 593 destrui
2211 538 2442 607 possint,
2477 543 2794 605 argumenta
2833 541 3143 587 occurrent.
3180 533 3370 588 Testes
3407 543 3535 588 sunt

1970 633 2062 700 qui
2095 645 2124 684 a
2160 629 2276 684 suis
2307 628 2468 682 modo
2499 626 2844 688 defecerunt,
2878 627 3068 695 eisque
3109 627 3287 695 palam
3333 627 3534 681 bellqu

1972 721 2298 784 intulerunt,
2319 719 2520 788 quibus
2548 727 2608 772 ut
2635 718 2760 787 quis
2790 717 2999 786 jubeat,
3025 718 3414 788 nonnullisque
3444 734 3538 789 pe-

1969 811 2148 868 cuniis
2193 827 2255 865 ac
2307 811 2438 865 belli
2482 809 2732 864 subsidio
2779 825 2968 863 eorum
3013 819 3248 863 conatus
3293 813 3536 877 roboret,

1973 919 2036 958 ac
2060 905 2260 958 sociam
2285 902 2620 957 alacritatem
2646 901 2915 965 ostendat,
2939 902 3048 962 apti
3085 901 3222 954 forte
3251 902 3542 958 bellatores

1973 995 2176 1059 eﬂ‘ecti,
2211 995 2266 1048 in
2316 1009 2444 1048 suos
2475 1002 2887 1056 convertantur,
2912 993 3124 1061 sibique
3163 1006 3353 1048 mutuo
3406 995 3543 1049 infe-

1973 1097 2155 1141 rentes
2201 1086 2428 1149 bellum,
2471 1087 2555 1140 vel
2603 1085 2760 1148 nihil,
2810 1094 2905 1138 ant
2935 1085 3065 1154 quid
3118 1085 3393 1140 modicum
3444 1101 3544 1139 nos

1974 1180 2192 1241 lmdant.
2223 1179 2362 1244 Quin
2395 1187 2450 1232 et
2481 1177 2686 1232 Tribali
2716 1178 3064 1230 deStinarunt
3097 1179 3321 1247 legatos,
3353 1195 3546 1248 rogan-

1974 1289 2058 1332 tes
2106 1285 2166 1329 ut
2212 1275 2490 1330 communi
2537 1275 2768 1328 consilio
2828 1290 3148 1328 communes
3184 1277 3367 1330 hostes
3402 1277 3543 1329 ulci-

1975 1384 2220 1431 seamur,
2275 1383 2336 1422 ac
2366 1366 2677 1435 nuptiarum
2729 1367 3044 1420 societatem
3104 1368 3377 1426 ineamus.
3428 1370 3543 1436 pol-

1975 1459 2311 1527 licenti-sque
2367 1457 2658 1526 pecunias,
2718 1457 2919 1524 quibus
2982 1471 3080 1509 nos
3131 1459 3426 1511 excitatum
3479 1460 3543 1511 iri

1976 1559 2252 1614 Sperant:
2307 1563 2448 1614 quos
2501 1547 2707 1598 firmam
2762 1546 2885 1599 belli
2942 1548 3257 1600 societatem
3315 1548 3544 1600 inituros

1976 1637 2278 1704 putandum
2315 1645 2420 1698 est,
2467 1635 2612 1701 quod
2649 1646 2704 1687 et
2741 1635 2841 1704 ipsi
2885 1637 3096 1703 experti
3131 1636 3242 1689 sint
3287 1636 3542 1690 Barbaru-

1981 1746 2095 1782 rnm
2129 1730 2424 1799 injuriam:
2462 1728 2606 1781 haud
2645 1744 2774 1782 vero
2810 1729 2950 1782 :lirat
2982 1729 3178 1798 aliquis
3219 1745 3285 1782 eo
3325 1730 3450 1790 line,
3492 1738 3546 1780 nt

299 1841 406 1888 τις,
443 1825 536 1876 καὶ
564 1824 718 1887 ἄλλα,
749 1825 785 1876 ἃ.
816 1823 909 1875 νῦν
945 1824 1041 1893 μὲν
1071 1823 1306 1892 χαλεπὸν
1328 1823 1638 1876 καθέκαστα
1666 1822 1868 1891 λέγειν·

1985 1831 2189 1874 nostras
2242 1820 2468 1890 injurias
2518 1820 2879 1878 ulciscantur,
2930 1821 3174 1890 aliaque,
3231 1837 3350 1890 quae
3404 1838 3548 1874 nunc

302 1916 460 1977 αὐτὸς
491 1914 536 1967 δ’
563 1916 592 1968 ό
623 1915 854 1982 πόλεμος
888 1914 1206 1983 κινούμενος
1249 1915 1435 1983 σαφῶς
1468 1916 1648 1967 πάντα
1680 1915 1868 1980 δείξει.

303 2010 378 2060 Ού
446 2006 512 2076 δὴ
567 2006 775 2060 δίκαιον
838 2007 1083 2059 τοιοῦτον
1138 1995 1629 2077 παραπεπτωκότα
1680 2009 1872 2077 καιρὸν

303 2100 557 2166 ἀφεῖναιο
611 2097 728 2150 ἀλλ’
782 2097 904 2150 ἐπεὶ
961 2098 1097 2167 μηδὲ
1162 2097 1519 2166 βουλομένους
1578 2099 1874 2167 ἡσυχάζειν

306 2189 681 2261 συγχωροῦσιν
715 2190 762 2242 οἱ
797 2189 1093 2260 βάρϐαροι,
1126 2189 1240 2241 ἀλλ’
1283 2189 1494 2257 ἀνάγκη
1529 2189 1873 2256 καθημένους

301 2284 402 2351 τῆς
420 2283 528 2336 τῶν
557 2281 906 2350 ἀνδραπόδων
938 2280 1108 2350 τύχης
1141 2281 1566 2348 κληρονομῆσαι·
1609 2284 1875 2348 χρηστέον

303 2377 413 2436 τοῖς
447 2375 682 2444 καιροῖς,
725 2373 820 2425 καὶ
877 2371 1261 2442 προθυμητέον
1306 2371 1337 2441 ῆ
1390 2371 1482 2423 καὶ
1511 2370 1608 2440 τὴν
1643 2373 1876 2440 πατρίδα

304 2468 399 2521 καὶ
427 2467 555 2525 τοὺς
580 2465 888 2534 ὁμοφύλους
921 2463 1268 2533 ἐλευθεροῦν,
1303 2463 1335 2529 ἢ
1367 2467 1615 2530 γενναῖον
1667 2467 1795 2530 γοῦν
1826 2483 1875 2518 τι

303 2560 400 2612 καὶ
421 2559 584 2611 καλὸν
621 2556 958 2624 πράξαντας,
1001 2558 1268 2626 μνημεῖον
1308 2557 1507 2625 ἀρετῆς
1537 2558 1646 2616 τοῖς
1687 2557 1882 2625 ἐσομέ-

304 2667 418 2712 νοις
447 2649 786 2704 καταλιπεῐν.
816 2648 878 2700 Ei
906 2648 952 2700 δ’
985 2647 1237 2716 οίὸμεθα,
1272 2647 1569 2717 προδόντας
1606 2649 1703 2716 τὴν
1730 2648 1877 2700 Καλ-

305 2742 540 2805 λίπολιν,
575 2741 816 2810 οἰκήσειν
843 2738 1100 2810 ἀσφαλῶς
1133 2739 1231 2808 τὴν
1266 2739 1523 2808 πατρίδα,
1557 2737 1770 2790 δεδοικα
1803 2738 1878 2808 μὴ

306 2834 406 2887 καὶ
431 2832 635 2901 ταύτης
679 2832 816 2902 μετά
854 2832 1050 2901 μικρὸν
1080 2831 1428 2892 ἐκπεσόντες,
1474 2831 1585 2883 οὐδ’
1613 2831 1679 2902 ἢν
1720 2835 1877 2901 οἰκη-

307 2943 478 2995 σομεν
511 2923 763 2995 εὕρωμεν
802 2923 895 2977 τοῦ
931 2922 1141 2978 λοιποῦ.
1190 2922 1288 2986 Τίς
1325 2924 1432 2993 γὰρ
1481 2922 1546 2976 ἂν
1596 2925 1720 2987 τοὺς
1771 2925 1881 2976 τῶν

306 3021 526 3073 οίκείων
553 3018 817 3089 προδότας
841 3015 1095 3086 ἐπιϐῆναι
1120 3015 1218 3086 τῆς
1244 3015 1438 3069 ἑαυτοῦ
1456 3018 1833 3088 συγχωρήσειε
1863 3031 1880 3082 ;

1973 1914 2194 1984 quidem
2231 1929 2395 1983 grave
2435 1915 2504 1968 sit
2535 1913 2814 1984 sigillatim
2849 1912 3051 1974 dicere,
3085 1929 3314 1982 qumque
3349 1913 3549 1965 nihilo-

1974 2009 2157 2061 minus
2203 2007 2384 2060 omnia
2441 2018 2646 2061 motnm
2707 2007 2909 2060 bellutn
2962 2006 3171 2076 liquido
3223 2007 3546 2060 declarabit.

1977 2097 2129 2153 llaud
2163 2114 2292 2153 sane
2315 2115 2556 2167 aequum,
2586 2099 2914 2153 incidentem
2944 2098 3210 2163 ejusmodi
3247 2100 3321 2152 rei
3358 2113 3550 2167 geren-

1976 2191 2058 2244 dze
2089 2190 2431 2244 occasionem
2481 2191 2793 2252 dimittere;
2823 2207 3012 2244 verum
3045 2191 3171 2259 quia
3204 2205 3272 2243 ne
3302 2191 3550 2243 volentes

1977 2280 2197 2348 quidem
2251 2280 2480 2333 Barbari.
2509 2281 2830 2348 permittunt
2861 2281 3164 2350 quiescere,
3196 2280 3289 2334 sed
3326 2289 3410 2334 est
3459 2297 3553 2333 nc—

1978 2386 2132 2424 ccsse
2187 2382 2246 2424 ut
2299 2372 2552 2424 sedentes
2602 2387 2664 2425 ac
2712 2374 2896 2436 otiosi,
2947 2388 3228 2426 servorum
3277 2374 3548 2427 fortunam

1979 2463 2295 2528 subeamus,
2331 2465 2596 2516 utendum
2629 2463 3032 2527 occasionibus,
3063 2479 3125 2517 ac
3156 2464 3320 2516 alacri
3349 2464 3553 2515 ιιιιιίριτ-

1980 2553 2111 2607 dum
2163 2554 2345 2608 animo
2401 2563 2459 2608 ut
2511 2554 2593 2608 vel
2640 2554 2872 2623 patriam
2933 2569 2994 2607 ac
3047 2556 3278 2623 gentiles
3337 2563 3556 2607 nostros

1979 2645 2237 2698 libertate
2284 2644 2582 2708 donemus,
2635 2647 2716 2698 vel
2769 2655 2915 2699 certe
2973 2658 3256 2699 strenuum
3303 2646 3434 2712 quid
3492 2661 3556 2698 ao

1981 2737 2302 2806 praclarum
2339 2737 2968 2806 designantes,.virtntis
3014 2748 3426 2790 monumentum
3464 2754 3556 2804 po.

1982 2829 2142 2882 steris
2172 2829 2568 2896 relinquamus.
2602 2827 2755 2893 Quod
2791 2829 2834 2881 si
2868 2827 3072 2897 putatis
3107 2827 3222 2882 fore
3256 2838 3315 2882 ut
3349 2829 3556 2882 traden-

1983 2929 2066 2974 tes
2107 2918 2417 2988 Callipolim
2467 2927 2586 2972 tuto
2630 2920 2860 2987 patriam
2893 2920 3229 2988 babitemns,
3273 2923 3439 2976 timeo
3486 2940 3553 2977 ne

1983 3010 2133 3064 brevi
2162 3025 2280 3064 eam
2318 3012 2489 3080 ipsam
2526 3014 2860 3076 amittentes,
2896 3030 2962 3067 ne
3015 3014 3189 3068 solum
3232 3016 3452 3085 quidem
3501 3018 3554 3071 in

305 3112 406 3174 Τίς
435 3111 494 3164 δὲ
523 3110 649 3172 τοὺς
680 3108 775 3162 τοῦ
809 3107 1054 3161 τοιούτου
1090 3107 1295 3178 μύσους
1328 3109 1708 3178 σκυτόχειρας,
1743 3108 1880 3177 πρός

1985 3117 2093 3169 quo
2117 3101 2430 3155 ltabitemus
2458 3102 2715 3172 deinceps
2743 3103 3109 3160 inveniamus.
3131 3105 3264 3173 Quis
3296 3109 3440 3161 enim
3465 3125 3560 3164 eos

308 3219 437 3256 τινα
465 3202 573 3255 τῶν
625 3199 842 3271 σεμνῶν
893 3199 1149 3272 πράξεων
1197 3199 1537 3268 ἐπιτηδείους
1570 3199 1882 3268 ἡγήσεται;

321 3285 470 3340 Ἀλλ’
496 3286 755 3356 ὅσοισπερ
790 3283 857 3338 ἂν
885 3285 1043 3354 ἡμῶν
1073 3285 1298 3352 γένηται
1323 3285 1422 3344 τὰς
1449 3282 1557 3334 τῶν
1591 3281 1886 3350 βαρϐάρων

310 3379 500 3448 χεῖρας
549 3377 872 3444 διαφυγεῖν,
925 3374 1317 3445 πλανησόμεθα
1377 3375 1475 3445 μὲν
1528 3375 1886 3431 λανθάνοντες

311 3471 446 3538 περὶ
472 3469 570 3532 τὰς
599 3469 924 3532 ἀλλοδαπὰς·
966 3468 1068 3522 κᾶν
1107 3485 1209 3520 που
1248 3469 1534 3537 φανῶμεν,
1562 3467 1695 3537 ἂ,ραὶ
1735 3465 1887 3534 παρά

311 3565 529 3615 πάντων
563 3563 695 3632 ἡμῖν
735 3561 956 3630 ἕψονται
1001 3561 1099 3613 καὶ
1149 3559 1479 3630 κατηγορίαι
1546 3559 1639 3611 καὶ
1689 3557 1886 3624 γέλως.

310 3654 548 3717 Τούτους
575 3654 630 3706 δὲ
681 3653 818 3723 χρῆν
859 3653 1134 3723 δρᾶσθαις
1193 3653 1442 3722 μετέχειν
1491 3651 1546 3704 δὲ
1588 3649 1885 3716 συλλόγους

311 3749 573 3800 ἀναπνεῖν
601 3745 656 3798 δὲ
703 3746 882 3808 ὃλως;
933 3746 982 3796 oi.
1013 3743 1274 3811 τοιαύτην
1318 3743 1419 3809 μὲν
1461 3742 1679 3811 ἔχοντες
1709 3743 1884 3803 πόλιν,

313 3837 551 3891 τοσαῦτα
577 3837 634 3890 δὲ
663 3837 946 3907 χρήματα,
995 3836 1270 3906 τοσαύτην
1303 3835 1360 3888 δὲ
1403 3835 1656 3904 δύναμιν·
1695 3834 1890 3888 θαλάτ-

314 3945 414 4000 της
442 3929 498 3981 δὲ
526 3929 619 3981 καὶ
643 3929 749 3998 γῆς
775 3929 925 3990 ὄντες
949 3929 1149 3996 κύριοι·
1185 3929 1361 3980 πάντα
1384 3927 1442 3979 δὲ
1481 3926 1538 3991 ἐξ
1574 3927 1888 3996 ἐπιτάγμα-

317 4038 410 4084 τος
459 4021 645 4073 ἀνύειν
672 4020 988 4090 δυνάμενοι.
1021 4020 1121 4088 τὴν
1180 4019 1280 4087 μὲν
1313 4019 1636 4089 περιουσίαν
1673 4019 1889 4088 ἐκείνην

322 4112 717 4180 βλακευόμενοι
755 4112 852 4165 καὶ
892 4109 1250 4172 καθεύδοντες
1294 4112 1390 4162 καὶ
1431 4109 1745 4180 ὑϐρίζοντες
1787 4111 1892 4162 πᾶ-

322 4221 424 4255 σαν
472 4203 774 4273 ἀνήλωσαν·
829 4202 1194 4263 τελευτῶντες
1244 4202 1322 4262 δὲ,
1379 4204 1474 4254 καὶ
1504 4202 1602 4272 τὴν
1656 4203 1890 4271 πατρίδα

322 4292 633 4359 προδόντες,
661 4289 756 4343 νῦν
784 4288 972 4360 ὥσπερ
1002 4290 1180 4342 κοινόν
1210 4306 1262 4341 τι
1289 4290 1567 4358 περιίασιν
1599 4290 1753 4357 ἄγος·
1785 4289 1893 4341 λοι-

325 4383 418 4451 μοί
444 4399 608 4445 τινες,
641 4382 734 4435 καὶ
778 4384 890 4443 τοῖς
920 4380 1100 4442 ἄλλοις
1131 4385 1228 4447 τῆς
1263 4379 1420 4431 νόσου
1471 4380 1842 4448 μεταδιδόντες
1874 4381 1888 4432 !

1987 3193 2081 3262 qui
2114 3208 2210 3246 sua
2244 3193 2344 3260 ipsi
2379 3193 2741 3262 prodiderint,
2768 3195 2822 3247 in
2855 3210 3007 3249 suam
3044 3197 3158 3265 ipse
3185 3199 3413 3267 patriam
3441 3217 3562 3270 per-

1987 3285 2169 3337 mittat
2214 3285 2549 3338 asecndere?
2597 3286 2732 3350 Quis
2788 3289 2922 3341 tanti
2972 3290 3196 3343 sceleris
3237 3303 3558 3345 consulens

1987 3386 2362 3442 auctoresque
2417 3376 2658 3430 honestae
2693 3377 2787 3429 ulli
2830 3380 3030 3432 actioni
3068 3390 3413 3448 comparatos
3445 3385 3559 3435 exi-

1987 3465 2269 3518 stimabit?
2323 3465 2616 3518 Enimvero
2666 3477 2935 3535 quotquot
2985 3479 3234 3522 nostrum
3285 3471 3560 3540 (‘Ottlitlgrl

1989 3556 2352 3610 Barbarorum
2386 3573 2579 3610 manus
2624 3560 2883 3626 eilugere,
2919 3560 3140 3613 ob~.curi
3189 3562 3462 3631 ignotique
3503 3564 3558 3615 in

1987 3650 2264 3705 extraneis
2310 3649 2611 3718 provinciis
2662 3663 2852 3702 sumus
2898 3652 3142 3719 vagaturi
3186 3670 3199 3704 :
3253 3651 3336 3706 sin
3377 3663 3558 3706 autem

1989 3756 2369 3812 agnoscamur,
2416 3739 2660 3793 omnium
2684 3755 2782 3794 nos
2801 3741 2928 3794 dira:
2946 3751 3002 3794 et
3022 3743 3287 3810 vituperia
3313 3745 3562 3814 risusque

1991 3843 2414 3904 prosequentur.
2439 3834 2616 3886 Eosne
2647 3833 2814 3886 videri
2840 3849 2938 3902 par
2967 3837 3114 3888 erat?
3146 3838 3198 3889 in
3231 3849 3559 3891 conventum

1992 3925 2246 3980 admitti?
2273 3940 2502 3994 prorsus
2542 3936 2723 3979 autem
2761 3926 2960 3980 ducere
2991 3928 3282 3990 spiritum?
3307 3931 3398 3999 qui
3431 3932 3564 3985 urbe

1998 4027 2146 4072 tanta
2175 4018 2470 4086 potienles,
2495 4025 2602 4070 tam
2643 4017 2829 4071 multis
2858 4019 3088 4084 divitiis,
3113 4029 3257 4075 tanta
3293 4025 3562 4090 potentia;

1995 4111 2088 4178 qui
2121 4112 2288 4162 maris
2317 4123 2381 4162 ac
2413 4119 2570 4162 terra:
2605 4108 2835 4173 domini,
2867 4111 3090 4180 soloque
3122 4113 3353 4182 imperio
3382 4117 3564 4168 omnia

1996 4204 2240 4256 vadentes
2271 4200 2562 4263 coniicere,
2592 4202 2984 4256 illam-omnem
3025 4205 3382 4256 substantiam
3418 4206 3562 4258 molli

1996 4293 2168 4356 virtu,
2209 4296 2281 4345 'ac
2325 4291 2681 4353 dormientes,
2721 4294 3166 4363 luxuriantesque
3215 4310 3568 4364 conSumpsv-

1998 4393 2154 4449 runt;
2198 4385 2524 4452 tandemque
2573 4385 2744 4452 ipsam
2790 4385 3018 4454 patriam
3068 4387 3381 4455 prodentes,
3421 4405 3570 4444 nunc

333 4474 496 4541 Ἡμῖν
524 4471 568 4524 δ’
597 4470 706 4524 οὔτ’
739 4470 1046 4535 ἀντιλέγειν
1079 4469 1318 4530 ἐξέσται.
1357 4469 1428 4520 Τὸ
1462 4469 1708 4537 γαμτῶν
1741 4471 1893 4536 ἐλεγ-

1999 4490 2098 4528 ceu
2159 4483 2450 4529 commune
2508 4475 2780 4544 quoddam
2848 4477 3119 4546 piaculum
3190 4480 3568 4535 circumeunt?

326 4579 438 4632 χων
465 4562 798 4626 δίκαιονττὴν
836 4561 1153 4631 παρρησίαν
1188 4561 1467 4623 παντελῶς
1500 4564 1890 4629 ἀφαιρήσεταιο

326 4655 530 4720 καὶητδ
576 4657 766 4724 φέρειν
814 4655 1206 4722 ὑϐριζομένους
1259 4655 1420 4717 ποίας
1471 4655 1533 4707 ού
1590 4655 1893 4724 βαρύτερον

325 4747 649 4813 συμφορᾶςί
693 4745 844 4798 Ἵλατ’
878 4747 1090 4816 ἀνάγκη
1121 4746 1344 4814 φεύγειν
1379 4752 1477 4815 μὲν
1522 4747 1726 4811 πόλεις,
1765 4750 1894 4813 φεύ-

322 4853 446 4905 γειν
471 4838 527 4889 δὲ
563 4837 876 4903 συλλόγουςο
909 4840 987 4900 είς
1028 4841 1310 4908 χηραμους
1342 4839 1398 4890 δέ
1445 4857 1597 4900 τινας
1622 4842 1894 4894 καταδύνο

320 4943 443 4988 τας,
472 4926 594 4993 ζῇν,
623 4925 964 4994 κρύπτοντας
993 4925 1116 4978 ὅθεν
1149 4927 1338 4993 ἐσμεν,
1379 4927 1472 4976 καὶ
1502 4927 1602 4994 τὴν
1631 4927 1892 4994 τελευτὴν

322 5016 677 5084 εὐχομένους.
733 5014 870 5080 Οὓκ,
920 5017 1016 5068 ἐὰν
1066 5017 1192 5084 ἐμοὶ
1219 5015 1500 5082 πείθησθε·
1539 5016 1654 5067 ἀλλ’
1708 5017 1754 5066 εἰ
1814 5018 1891 5084 μὴ

325 5111 614 5179 πρότερον,
665 5110 758 5160 νῦν
810 5107 942 5174 γοῦν
1003 5108 1278 5170 παντελῶς
1318 5109 1725 5177 ἀπιστήσαντε;
1778 5112 1891 5171 τοῖς

327 5201 649 5272 βαρϐάροις,
682 5199 774 5250 καὶ
803 5202 1192 5260 πιστεύσαντες
1234 5199 1372 5267 πρὸς
1403 5199 1460 5250 ἓν
1493 5199 1677 5258 αὐτοῖς
1713 5201 1893 5252 πάντα

323 5294 542 5356 τείνειν,
597 5292 743 5352 ὃπως
789 5292 940 5359 ἡμᾶς
987 5291 1556 5358 καταδουλωσάμενοι,
1588 5291 1744 5344 αὐτοὶ
1794 5294 1893 5360 μὲν

329 5385 620 5450 ἀφέλοιντο
667 5383 735 5432 τὰ
780 5381 1049 5449 ἡμέτερα,
1098 5382 1209 5442 τοῖς
1249 5380 1292 5430 δ’
1341 5381 1630 5449 ἡμετέροις
1681 5380 1896 5450 σώμασι

327 5475 424 5532 τὰς
465 5470 574 5522 τῶν
622 5471 974 5547 ἀνδραπόδων
1023 5472 1259 5521 ἐπιθεὶεν
1307 5471 1576 5536 ἀνάγκας,
1614 5473 1673 5522 οὐ
1733 5473 1897 5541 μόνον

328 5560 637 5629 ἀπόσχεσθε
666 5559 774 5612 τῶν
803 5561 918 5612 νυνὶ
949 5557 1347 5627 βουλευμάτων
1385 5559 1518 5610 ἀλλά
1551 5561 1645 5612 καὶ
1671 5560 1895 5622 δύσνους

330 5658 397 5722 τῇ
433 5652 586 5705 πόλει
638 5651 958 5718 νομίσαντες
1013 5653 1136 5709 τοὺς
1187 5651 1254 5702 τὰ
1300 5651 1523 5702 τοιαῦτα
1579 5652 1896 5719 τολμῶντας

331 5743 466 5811 ⁴ἡμῖν
509 5739 924 5809 συμϐουλεύειν,
963 5738 1205 5792 πέμπειν
1257 5741 1354 5807 μὲν
1405 5743 1531 5802 τοὺς
1565 5743 1662 5806 τὴν
1700 5742 1900 5794 Καλλί-

547 5842 820 5897 ΡΑτιιοι..
854 5838 971 5900 Gn.
1021 5832 1222 5894 CLIV.

1997 4578 2180 4637 pestes
2215 4566 2484 4635 quaedam,
2513 4567 2823 4638 morbique,
2870 4573 3118 4640 contagia
3149 4573 3288 4626 alios
3322 4574 3568 4628 inlicien-

1997 4659 2116 4712 tes?
2147 4659 2256 4712 Nos
2287 4668 2490 4718 alitem,
2519 4675 2588 4712 ne
2615 4676 2724 4728 quo
2757 4662 3198 4716 contradicamus
3222 4664 3441 4732 quidem
3476 4666 3569 4716 lia-

1999 4736 2266 4799 liebimu's.
2293 4747 2462 4801 Justa:
2489 4750 2635 4802 enim
2669 4750 3097 4818 vituperationes
3132 4768 3194 4804 ac
3227 4755 3568 4806 criminatio-

1996 4852 2112 4895 nes.
2162 4838 2465 4892 libertatem
2508 4855 2723 4892 onmem
2778 4842 3074 4894 excusandi
3114 4842 3388 4906 auferent;
3425 4843 3568 4896 ferre

1995 4931 2287 4983 autem‘sic
2308 4940 2590 4998 exceptos,
2627 4946 2732 4998 qua
2763 4945 2869 4982 nou
2912 4932 3219 4985 calamitate
3253 4934 3571 5005 molestius?

1995 5018 2335 5087 Quapropter
2353 5034 2634 5073 necessum
2655 5031 2713 5073 ut
2731 5021 2888 5072 urbes
2904 5019 3176 5088 fugiamus
3192 5022 3571 5092 fugiamusque
3634 5064 3648 5077 .

1994 5119 2316 5173 conventus,
2339 5118 2503 5178 atque
2529 5125 2627 5163 nos
2659 5111 2710 5163 in
2729 5113 2906 5165 antris
2923 5113 3251 5180 quibusdam
3291 5117 3557 5170 abdcntes

1996 5201 2160 5253 vitam
2189 5214 2433 5266 agamus,
2453 5200 2692 5254 celantes
2719 5202 2974 5268 patriam,
3000 5219 3064 5257 ac
3094 5217 3322 5257 morum
3353 5208 3402 5258 in
3431 5207 3568 5260 totis

1997 5290 2282 5343 habentes.
2347 5290 2776 5360 Haudquaquam
2841 5307 2973 5346 vero
3031 5295 3072 5347 si
3130 5296 3264 5349 mihi
3319 5298 3567 5352 creditis.

2000 5381 2312 5441 Enimvero,
2364 5383 2448 5436 sin
2503 5384 2656 5451 prius
2717 5384 3114 5454 hactenusque,
3165 5388 3327 5442 modo
3375 5389 3566 5442 saltem

2006 5471 2154 5524 omni
2184 5471 2400 5538 penitus
2433 5473 2688 5526 Bai-baris
2737 5485 2932 5543 negata
2971 5476 3100 5540 tide,
3133 5487 3392 5547 certoque
3439 5495 3572 5548 per-

1999 5562 2168 5622 suasi,
2200 5576 2266 5614 eo
2297 5577 2392 5616 sua
2429 5564 2610 5616 omnia
2639 5565 2866 5618 consilia
2899 5567 3154 5636 dirigere,
3194 5578 3253 5623 ut
3283 5585 3382 5624 nos
3425 5572 3573 5626 redi-

1999 5661 2189 5722 gentes
2235 5654 2289 5706 in
2345 5653 2686 5717 servitutem,
2741 5655 2842 5724 ipsi
2898 5672 2984 5712 res
3034 5658 3285 5715 auferant
3332 5673 3566 5728 nostras,

2001 5743 2506 5814 mancipiorumque
2539 5745 2819 5814 obsequiis
2862 5764 2930 5802 ae—
2975 5751 3398 5808 necessitatibus
3444 5754 3571 5810 sui»

3142 5849 3218 5908 33
