3862 6220
353 352 486 414 1037

1505 368 1806 428 CONTRA
1839 370 2343 434 ΜΑΗΟΜΕΤΕΜ.

3444 385 3574 446 1038

342 466 558 522 diversis
586 472 867 538 provinciis
896 478 1075 545 empti,
1112 489 1162 532 et
1193 479 1482 549 liiiquidem
1515 485 1585 535 ad
1613 501 1877 538 summam
1913 487 2101 557 viginti
2135 489 2357 544 millium
2399 508 2498 545 non
2533 497 2840 547 ascendunt.
2887 495 2986 559 Qui
3041 514 3154 550 cum
3212 504 3373 554 coacti
3406 516 3574 558 essent

342 577 378 616 α
413 561 728 620 Christiana
762 567 1010 638 religione
1039 572 1321 639 discedere,
1377 576 1808 632 Μαίιοηιοιιιηοιιι
1870 598 2007 634 nunc
2055 592 2250 637 sectam
2302 599 2612 654 sequuntur.
2668 587 2873 656 Reliqui
2905 606 3023 643 vero
3063 589 3318 645 Saraceni
3378 597 3466 664 qui
3500 600 3574 651 eis

338 655 714 723 subjiciuntur,
749 675 904 723 quam
937 663 1119 716 molles
1146 667 1250 718 sint
1284 676 1332 718 et
1367 669 1670 736 effeminati,
1721 688 1784 723 ex
1821 674 1915 725 hoc
1961 676 2254 742 conjectare
2285 693 2580 742 possumus,
2628 684 2766 750 quod
2814 683 2893 735 liis
2947 701 3216 754 nunquam
3267 687 3386 743 licet
3421 710 3573 747 arma

343 758 596 815 tractare,
632 768 726 804 nec
753 769 939 822 equum
974 760 1272 822 ascendere,
1308 776 1400 813 nec
1457 764 1605 816 virile
1647 768 1932 836 quidquam
1989 769 2184 838 facere,
2238 773 2328 825 sed
2370 774 2451 827 vel
2492 779 2896 843 agriculturam,
2947 781 3030 834 vel
3085 795 3456 854 mercaturam,
3491 789 3572 844 vel

342 840 455 896 alia
497 845 797 914 huiusmodi
827 847 950 900 vilia
984 861 1239 904 exercent.
1273 852 1422 916 Quod
1445 871 1561 908 cum
1585 858 1659 908 ita
1687 860 1777 920 sit,
1803 861 2227 916 neminidubium
2251 872 2325 917 est
2340 867 2464 935 quin
2493 867 2741 936 facillime
2767 889 2829 925 ea:
2859 891 2920 928 ea
2947 879 3272 944 expeditione
3302 885 3570 940 victoriam

339 951 457 988 cum
510 941 738 991 maximo
795 942 1055 1011 triumpho
1105 947 1176 997 sis
1232 959 1618 1015 reportaturus,
1679 962 1728 1004 et
1778 955 2045 1008 civitatem
2103 967 2347 1012 sanctam
2407 961 2871 1035 Hierosolymam.’
2895 971 2949 1023 in
2983 989 3085 1040 qua
3111 973 3360 1032 Salvator
3392 994 3570 1036 noster

1290 1009 1300 1015 _
1606 1009 1615 1013 _
2407 1009 2855 1035 --η---ν-συηκηυο
2896 1009 2949 1023 υι
2983 1009 3085 1040 ιιι-ιι
3111 1009 3350 1032 υιισινιιιυι
3392 1009 3570 1036 "vatur

337 1009 594 1087 Dominus
630 1032 778 1086 Iesus
813 1034 1050 1090 Christus
1083 1037 1427 1109 Evangelium
1485 1047 1788 1111 prtedicavit
1841 1059 1889 1101 et
1923 1050 2123 1105 Novum
2163 1051 2549 1111 Testamentum
2584 1062 2728 1114 nol'is
2765 1068 3050 1130 constituit,
3098 1070 3162 1124 ab
3190 1074 3570 1135 immanissima

2468 1109 2471 1110 ,
2503 1109 2522 1111 ν
2585 1109 2665 1112 "-V
2687 1109 2725 1114 --
2766 1109 3050 1130 -νην--σ-η-,
3098 1109 3158 1124 κν
3190 1109 3565 1135 ιηυηιισυοουηα

344 1109 841 1179 Maltometanorum
872 1132 1241 1198 superstitione
1278 1134 1541 1211 liberabis.
1579 1137 1708 1202 Qua
1739 1157 1894 1216 quam
1921 1158 2054 1196 vana
2085 1147 2353 1215 sit,quam
2387 1150 2597 1218 frivola,
2617 1171 2775 1223 quam
2817 1159 3009 1214 nullius
3047 1171 3312 1232 momenti,
3341 1171 3393 1222 in
3430 1187 3565 1238 prte-

344 1214 626 1238 .......'_..-._--
667 1218 796 1238 --ειη
862 1237 868 1238 ,
890 1221 944 1238 ..ο
1026 1231 1038 1238 .
1104 1225 1134 1238 ι·
1451 1231 1460 1238 ·
1964 1235 1973 1238 ⁸

332 1214 627 1268 sentiarum
665 1218 796 1270 nihil
848 1221 1038 1273 attinet
1081 1225 1273 1284 dicere,
1304 1231 1550 1292 quoniam
1580 1247 1696 1284 eam
1729 1242 1850 1285 tunc
1890 1235 2116 1302 primum
2146 1238 2424 1310 intelliges,
2475 1259 2594 1298 cum
2625 1248 2760 1300 hanc
2811 1248 3061 1306 Richardi

335 1308 527 1360 tionem
565 1308 843 1378 diligenter
871 1311 1208 1370 lectitaveris.
1258 1317 1408 1372 Vale.

3103 1256 3286 1324 fratris
3318 1263 3565 1331 confuta-

344 1543 658 1613 Ῥικὰρδου
698 1549 803 1602 τοῦ
849 1549 928 1614 τῷ
971 1549 1216 1620 τάγματι
1261 1539 1376 1610 τῶν
1419 1560 1579 1628 παρὰ
1621 1566 1876 1619 Λιιτίνοιε

2002 1567 2251 1625 Hic/tardi
2282 1590 2345 1628 ex
2366 1578 2546 1632 ordine
2581 1579 2852 1648 Fratrum,
2884 1589 2973 1653 qui
3009 1592 3150 1658 apud
3187 1592 3397 1652 Latinos
3422 1599 3566 1654 Prw-

403 1639 790 1706 καλουμένων
822 1641 1112 1712 Ἀδελεοῶν
1150 1648 1594 1719 Πρεδικατόρων
1629 1660 1891 1709 κατειλε-
1937 1661 1945 1675 ’

403 1727 620 1792 ruerat)
666 1727 974 1797 ἀνασκευὴ
1026 1732 1136 1799 τῆς
1186 1737 1344 1803 παρὰ
1397 1741 1501 1792 τοῦ
1555 1743 1892 1811 καταράτου

400 1817 719 1885 Μαχουμέθ
752 1820 871 1886 τοῖς
907 1824 1311 1893 Σαρῤίικηνοῒς
1345 1831 1620 1898 τεθείσης
1652 1837 1893 1900 νομοθε-

397 1911 568 1974 σίας,
598 1914 1022 1980 μετενεχθεῖσα
1056 1917 1122 1969 ἐκ
1159 1917 1266 1985 τῆς
1301 1921 1539 1989 Ἰταλῆς
1570 1923 1891 1979 διαλέκτου

396 1999 483 2063 εις
506 1999 620 2068 τὴν
649 1999 911 2056 Ἑλλάδα
936 2002 1033 2056 διά
1059 2022 1222 2072 τινος
1245 2011 1606 2078 Δημητρίου.

405 2131 424 2164 ι
472 2111 638 2166 Πόσαι
679 2114 820 2168 εἰσὶν
857 2118 912 2170 αἱ
955 2119 1154 2189 ἡμέραι
1193 2122 1284 2175 τοῦ
1357 2124 1544 2179 δούλου
1593 2145 1715 2196 σου;
1756 2131 1890 2185 Πότε

325 2205 573 2272 πιιὴσεις
605 2221 695 2274 μοι
727 2207 791 2259 ὲκ
822 2207 928 2260 τῶν
961 2211 1404 2267 καταδιωκόντων
1422 2233 1488 2285 με
1523 2219 1736 2289 κρίσιυ;
1769 2224 1892 2290 Διη-

323 2296 560 2361 γήσαντό
602 2314 690 2365 μοι
731 2300 1035 2369 παράνομοι
1075 2303 1425 2375 ἀδολεσχίαςο
1462 2308 1578 2364 ἀλλ’
1603 2312 1704 2382 οὐχ
1745 2313 1821 2373 ὡς
1863 2317 1889 2367 ό

321 2385 484 2450 νόμος
529 2401 644 2448 σου,
688 2387 878 2455 Κύριε.
923 2391 1100 2444 Πᾶσαι
1147 2395 1200 2446 αἱ
1245 2397 1457 2451 ἔντολαί
1499 2418 1592 2452 σου
1640 2403 1886 2474 ἀλήθεια.

334 2476 560 2540 ’Λδίκως
592 2480 922 2562 κατεδίωξαν
958 2501 1045 2552 με.
1089 2503 1106 2534 ι
1141 2479 1298 2540 Οὗτοι
1329 2492 1376 2541 oi
1411 2487 1558 2558 λόγοι
1590 2492 1689 2561 τῆς
1722 2513 1886 2565 στρα-

317 2567 619 2636 τευομένης
649 2569 786 2621 εἰσὶν
805 2557 1142 2640 Ἕκκλησίας
1165 2616 1180 2639 ,
1213 2557 1514 2648 πενθούσης
1544 2598 1600 2634 τε
1634 2557 1727 2636 καῖ
1759 2557 1882 2662 oss:

319 2655 538 2726 νούσης,
572 2657 650 2727 τῷ
680 2658 956 2730 διαφόροις
993 2663 1326 2734 βαρυνθῆναι
1360 2669 1780 2742 ταλαιπωρίαις,
1813 2655 1887 2727 ὧν

319 2749 580 2818 ρυσθῆναι
622 2753 686 2820 τῇ
734 2751 857 2824 θεῖα
899 2754 1126 2810 πέποιθε
1174 2762 1483 2832 συμμαχίᾳ.
1528 2765 1668 2818 Ἀλλ’
1699 2769 1746 2820 εί
1793 2771 1884 2822 καὶ

317 2839 675 2912 ἀναρίθμητα
707 2843 973 2896 πέπονθεν
999 2849 1032 2916 ἡ
1067 2849 1360 2919 Ἐκκλησία
1386 2854 1533 2923 πάθη
1564 2858 1656 2908 καὶ
1686 2858 1879 2922 λύπας,

315 2930 498 2994 πάσας
527 2933 711 3001 μέντοι
739 2935 968 2988 καθόλου
994 2939 1088 3000 τὰς
1117 2941 1196 3002 είς
1221 2944 1368 3011 τρεῖς
1398 2943 1542 2996 ἔστιν
1566 2950 1880 3017 ἀναγαγεῖν,
1914 2930 1958 2989 Β

316 3021 540 3089 Πρῶτον
581 3023 677 3091 μὲν
720 3025 826 3092 γὰρ
869 3028 1116 3094 φανερῶς
1159 3030 1366 3101 ὑπέστη
1411 3034 1509 3105 τὴν
1548 3037 1749 3093 λύσσαν
1789 3043 1882 3094 τοῦ

313 3110 588 3180 διωγμοῦ,
619 3115 716 3182 τὴν
747 3115 849 3166 ὑπὸ
882 3116 989 3169 τῶν
1019 3117 1231 3173 ἀσεϐῶν
1265 3123 1540 3185 τυράννων
1571 3130 1880 3201 ἐπενεχθεῖ-

317 3219 418 3252 σαν
445 3205 602 3271 αὐτῇ.
637 3204 806 3256 Τοῦτο
835 3206 890 3258 δὲ
924 3207 1156 3276 μάλιστα
1183 3213 1354 3283 ταύτῃ
1389 3215 1757 3287 συμϐέϐηκεν,
1788 3223 1881 3289 ἀφ’

313 3288 376 3346 οὗ
407 3294 667 3346 πέπονθεν
692 3295 720 3346 ό
747 3296 978 3366 Χριστὸς
1015 3298 1174 3369 μέχρι
1204 3301 1310 3353 τῶν
1343 3302 1438 3355 τοῦ
1470 3307 1879 3362 Κωνσταντίνου

313 3385 556 3454 καιρῶν,
585 3387 644 3438 ιν
675 3387 816 3440 ἔτεσι
845 3389 1087 3458 δηλονότι
1116 3395 1448 3462 τριακοσίοις
1478 3400 1571 3450 καὶ
1600 3399 1764 3464 δέκα,
1791 3403 1876 3455 ὅτε

311 3477 362 3529 οῑ
397 3478 716 3547 κατέχοντες
748 3480 845 3550 τὴν
879 3480 972 3533 τοῦ
1006 3482 1214 3550 κόσμου
1251 3488 1549 3556 μοναρχίαν
1585 3487 1840 3560 Ῥωμαῖοι
1861 3532 1873 3551 .

311 3565 410 3618 καὶ
443 3565 553 3618 τῶν
588 3567 762 3621 ἄλλων
802 3570 1013 3622 ἀσεϐῶν
1052 3571 1080 3622 ό
1126 3572 1422 3641 κατάλογος
1471 3579 1741 3647 πανταχοῦ
1781 3581 1876 3650 τῆς

308 3654 636 3723 οἰκουμένης
667 3657 1068 3727 ἀναριθμήτους
1098 3660 1205 3714 τῶν
1235 3661 1406 3729 ἁγίων
1438 3663 1530 3716 τοῦ
1566 3664 1700 3717 Θεοῦ
1733 3685 1874 3736 μαρ-

308 3745 490 3812 τύρων
529 3746 874 3800 ἀπέκτειναν.
911 3749 1084 3818 ’Υπὲρ
1127 3742 1188 3802 οὗ
1229 3752 1420 3821 χρόνου
1468 3757 1804 3826 συμπάσχων
1846 3761 1873 3809 ό

310 3834 476 3886 Δασὶδ
508 3838 574 3906 τῇ
613 3835 907 3907 Ἐκκλησία
942 3840 1072 3907 φησί
1098 3857 1110 3871 ’
1152 3860 1170 3891 ι
1213 3844 1382 3896 Πόσαι
1414 3846 1551 3897 εἰσὶν
1583 3847 1636 3898 αί
1671 3849 1872 3918 ἡμέραι

309 3922 405 3975 τοῦ
431 3923 618 3976 δούλου
651 3941 779 3991 σου;
816 3928 951 3981 Πότε
982 3929 1229 3998 ποιήσεις
1266 3949 1359 4000 μοι
1389 3933 1450 3986 ὲκ
1475 3935 1582 3986 τῶν
1610 3937 1870 3989 καταδιω-

310 4012 513 4065 κόντων
554 4030 620 4080 με
662 4016 878 4085 κρίσιν;
921 4037 938 4067 ι
991 4018 1149 4072 Ἀλλά
1173 4022 1309 4091 πρὸς
1331 4023 1422 4075 τὸν
1459 4023 1591 4076 Θεὸν
1630 4025 1724 4078 τοῦ
1764 4027 1870 4079 τῶν

309 4101 480 4167 ἁγίων
522 4102 750 4170 αἵματος
790 4105 1114 4172 κράζοντας,
1150 4111 1243 4160 καὶ
1284 4110 1392 4162 τῶν
1431 4113 1720 4182 θαυμάτων
1757 4117 1872 4170 δια-

308 4193 660 4261 λαμπόντων,
693 4194 846 4263 ᾇφνω
877 4197 1099 4265 γέγονεν
1129 4200 1411 4264 ἀλλοίωσις
1445 4205 1539 4271 τῆς
1568 4205 1745 4270 δεξιᾶς
1773 4209 1867 4260 τοῦ

319 4282 610 4353 Ὑψίστου*
647 4287 742 4338 καὶ
782 4288 830 4338 οἱ
876 4292 1004 4357 πρὶν
1037 4290 1145 4342 τῶν
1180 4290 1521 4361 Χριστιανῶν
1557 4297 1706 4359 ὄντες
1743 4300 1868 4350 διῶ-
1898 4264 1938 4318 C

306 4390 434 4428 κται
463 4379 561 4440 τὰς
591 4378 883 4448 ἐκκλησίας
917 4379 1189 4450 ἱδρύοντο,
1220 4385 1484 4452 ἡγεμόνες
1514 4403 1572 4438 τε
1605 4389 1692 4438 τοῦ
1727 4392 1866 4442 κατὰ

307 4468 420 4520 τῶν
437 4468 649 4522 ἀσεϐῶν
671 4471 907 4538 πολέμου
937 4474 1072 4539 μετά
1097 4473 1381 4544 θριάμϐων
1403 4478 1708 4543 γεγόνασιν.
1727 4480 1864 4532 ‘AD.’

311 4559 505 4611 αὐτίκα
531 4563 558 4613 ό
583 4560 832 4630 δεύτερος
859 4561 1096 4630 διωγμδς
1122 4565 1228 4614 τῶν
1256 4567 1547 4634 αἱρετικῶν
1573 4569 1887 4640 ὲπανέστη.·

301 4637 512 4700 Ἀὐτίκα
541 4650 650 4720 γὰρ
677 4653 916 4718 ἀνεφάνη
948 4655 974 4702 ὁ
1002 4653 1292 4721 αἱμοὸόρος
1320 4656 1532 4724 δράκων
1554 4697 1568 4718 ,
1603 4637 1865 4727 φρυαττό-

302 4756 469 4805 μενος
498 4743 561 4795 ὲκ
584 4742 678 4795 τοῦ
709 4742 914 4809 φωλεοῦ
935 4783 948 4806 ,
978 4746 1070 4795 καὶ
1101 4747 1367 4813 συρίττων
1397 4749 1684 4818 διαφόρους
1713 4754 1862 4816 αἱρέ-

282 4849 455 4900 (ste,
493 4836 702 4904 Ἀρείου
729 4836 1006 4906 δηλονότι,
1042 4837 1135 4887 καὶ
1167 4837 1452 4889 Σαϐελλίου
1477 4878 1489 4899 ,
1525 4841 1861 4895 Musam-leo

301 4940 363 4976 τε
419 4925 516 4976 καὶ
540 4925 650 4976 τῶν
677 4926 847 4978 ἄλλων
876 4925 1184 4994 αἱρετικῶν,
1218 4926 1297 4977 Δι’
1317 4927 1376 4979 ὃν
1409 4930 1640 4998 μάλιστα
1672 4935 1861 5002 χρόνον

301 5014 490 5080 ἔλεγεν
519 5018 544 5066 ό
571 5015 730 5066 Δαὸίδ
753 5033 766 5046 ·
806 5036 823 5066 ι
857 5016 1192 5084 Διηγήσαντό
1222 5034 1313 5086 μοι
1348 5021 1650 5087 παράνομοι
1685 5024 1864 5075 ἀδολε-

301 5102 483 5168 σχίας,
511 5096 631 5154 ἀλλ’
649 5105 744 5169 οὺχ
773 5102 843 5161 «3),-
875 5106 900 5152 ὁ
927 5103 1091 5172 νόμος
1118 5123 1231 5170 σου,
1262 5108 1452 5177 Κύριε.
1492 5128 1510 5160 ι
1545 5111 1684 5163 Ἀλλ’
1705 5114 1861 5183 ἐδόθη

299 5192 400 5242 καὶ
435 5191 738 5262 προσετέθη
773 5193 892 5244 τότε
925 5193 982 5244 τὸ
1017 5195 1131 5260 φῶς
1162 5199 1256 5264 τῆς
1289 5197 1632 5264 διδασκαλίας
1665 5206 1730 5274 τῇ
1769 5207 1858 5255 ἐκ.

298 5284 535 5351 κλησίᾳ,
575 5287 783 5337 πολλῶν
815 5287 1144 5342 διδασκάλων
1178 5292 1560 5358 ἀναφανέντων
1585 5335 1598 5359 ,
1637 5301 1729 5350 καὶ
1765 5300 1861 5370 τὴν

298 5373 454 5426 θείαν
485 5373 860 5443 διανοιγόντων
895 5379 1137 5446 Γραφήν.
1174 5381 1401 5463 Ἱλάριος
1433 5377 1586 5448 οὗτος
1616 5383 1684 5456 ἦν
1706 5429 1720 5452 ,
1755 5391 1863 5443 Αὐ-

297 5467 584 5532 γουστϊνος
605 5506 618 5531 ,
660 5467 980 5536 Ἰερώιυμος
1003 5506 1016 5530 ,
1050 5471 1144 5521 καὶ
1177 5470 1476 5541 Γρηγόριος
1504 5489 1518 5504 ο
1552 5475 1749 5547 ἀνέστη
1801 5497 1857 5532 τε

297 5555 396 5606 καὶ
425 5556 624 5623 πλῆθος
651 5557 818 5626 ἁγίων
853 5558 1106 5623 Πατέρων
1135 5563 1190 5613 ὲν
1216 5564 1331 5624 ταῖς
1363 5564 1612 5633 ἐρήμοις,
1644 5570 1853 5634 τελεῖας

375 5709 396 5742 ⁸
424 5711 564 5768 Psal.
590 5728 775 5778 cxvm,
803 5715 891 5781 84,
918 5715 1008 5773 85.
1083 5725 1100 5754 ¹
1130 5723 1274 5781 Psal.
1301 5742 1480 5793 Lxxw,
1516 5729 1601 5783 ll.

2069 1661 2330 1716 dicatores
2369 1667 2726 1736 appellantur,
2760 1674 3048 1740 confutatio
3074 1677 3199 1747 legis
3227 1681 3349 1734 latae
3396 1685 3564 1740 Sara-

2066 1755 2203 1806 cenis
2226 1772 2258 1807 a
2289 1757 2564 1811 maledicto
2595 1758 2916 1829 Maliometo,
2943 1769 3204 1823 translata
3231 1789 3295 1826 ex
3322 1771 3559 1832 Romana

2068 1845 2250 1916 lingua
2294 1849 2348 1902 in
2383 1848 2643 1919 Gro’cam,
2677 1872 2769 1924 per
2795 1861 3073 1926 quemdam
3107 1862 3452 1924 Demetrium.

2070 2155 2091 2190 ι
2123 2141 2264 2206 Quot
2293 2156 2421 2200 sunt
2455 2147 2572 2203 dies
2617 2152 2762 2207 servi
2807 2156 2883 2210 tui
2909 2158 2932 2210 ἲ
2962 2159 3191 2226 Quando
3221 2167 3390 2224 facies
3421 2173 3554 2228 mibi

1992 2228 2060 2283 de
2095 2238 2547 2302 persequentibus
2578 2258 2662 2296 me
2686 2245 2953 2313 judicium
2978 2255 3000 2306 ἶ)
3030 2253 3398 2314 Narraveruut
3420 2264 3554 2317 milii

1993 2319 2163 2389 iniqui
2199 2323 2584 2394 fabulationes,
2615 2337 2708 2389 sed
2747 2354 2853 2393 non
2897 2343 2976 2397 sic
3011 2345 3095 2398 lex
3134 2357 3251 2413 tua,
3305 2353 3552 2413 Demiue.

1990 2407 2182 2466 Omnia
2246 2417 2498 2472 mandatu
2551 2431 2641 2477 tua
2695 2429 2896 2483 veritas
2947 2449 2961 2486 :
3009 2407 3549 2510 injuste'persecuti

1989 2511 2118 2554 sunt
2169 2520 2253 2558 me
2280 2507 2320 2560 '.
2361 2527 2378 2559 ι
2417 2509 2540 2566 llaec
2571 2515 2738 2570 verba
2775 2521 3069 2580 militanlis
3105 2543 3234 2584 sunt
3258 2507 3548 2604 Ecclesie,

1994 2591 2174 2649 ﬂentis
2199 2607 2253 2650 et
2302 2606 2589 2669 gementis,
2622 2608 2855 2665 diversis
2893 2629 2951 2670 se
2992 2629 3271 2686 gravatam
3295 2640 3418 2680 esse
3451 2631 3552 2684 mi-

1987 2684 2146 2739 seriis
2201 2727 2216 2740 .
2244 2690 2445 2756 quibus
2487 2693 2707 2765 liberari
2763 2701 2948 2758 divino
2974 2709 3176 2764 conlisa
3202 2722 3287 2767 est
3320 2718 3547 2776 auxilio.

1989 2776 2092 2832 Sed
2124 2781 2228 2835 etsi
2259 2786 2693 2846 innumerabiles
2714 2810 2867 2862 passa
2885 2809 2966 2853 est
2997 2801 3236 2860 Ecclesia
3271 2812 3554 2875 passiones

1986 2880 2041 2924 et
2070 2873 2339 2938 tristitias,
2362 2893 2553 2935 omnes
2595 2891 2771 2940 tamen
2806 2890 3186 2950 universaliter
3218 2899 3316 2955 has
3339 2903 3391 2957 in
3435 2917 3548 2962 tres

1991 2965 2333 3021 referendum
2368 2979 2471 3025 est.
2526 2974 2768 3031 Primum
2805 2983 3024 3050 quidem
3065 2990 3350 3048 manifeste
3383 3003 3549 3054 susti-

1984 3055 2106 3110 nuit
2173 3059 2381 3115 rabiem
2442 3069 2859 3133 persecutionis.
2906 3074 3106 3132 illatam
3154 3082 3204 3135 ei
3239 3084 3308 3139 ab
3363 3087 3551 3158 impiis

1980 3148 2245 3216 tyrannis.
2301 3150 2413 3207 Hoc
2471 3167 2652 3211 autem
2712 3161 2942 3218 maxime
2978 3166 3058 3220 sic
3107 3173 3340 3239 accidit,
3374 3195 3541 3250 aquo

1981 3249 2177 3303 passus
2208 3250 2293 3294 est
2326 3242 2575 3298 Christus
2600 3285 2616 3309 ,
2673 3263 2848 3318 usque
2882 3252 2946 3306 ad
2984 3264 3231 3327 tempora
3276 3242 3544 3324 Constan-

1982 3323 2099 3388 tini,
2139 3327 2190 3379 in
2225 3330 2382 3384 annis
2408 3333 2666 3389 videlicet
2697 3344 2955 3396 trecentis
2990 3353 3046 3398 et
3074 3323 3285 3419 decem,
3321 3360 3542 3423 quando

1980 3411 2230 3478 Romani,
2260 3418 2351 3485 qui
2385 3423 2754 3477 mouarcbiam
2787 3429 3065 3495 tenebant,
3099 3444 3155 3488 et
3185 3411 3415 3494 aliorum
3452 3445 3538 3498 in-

1978 3499 2164 3556 finitus
2215 3508 2490 3577 catalogus
2517 3550 2532 3574 ,
2571 3513 2777 3582 ubique
2814 3516 2867 3569 in
2926 3520 3180 3578 universo
3209 3527 3340 3584 orbe
3369 3540 3540 3588 terra-

1976 3605 2096 3645 rum
2134 3593 2562 3654 innumerabiles
2607 3613 2825 3658 sanctos
2869 3607 2964 3660 Dei
3008 3621 3274 3684 martyres
3329 3619 3535 3677 intere-

1975 3691 2210 3738 merunt.
2243 3685 2346 3738 Pro
2365 3703 2472 3756 quo
2504 3698 2749 3760 tempore
2775 3700 3113 3764 compatiens
3145 3703 3309 3760 David
3341 3709 3534 3765 Eccle-

1974 3773 2103 3834 site,
2139 3773 2272 3829 dicit
2327 3793 2340 3829 :
2401 3797 2417 3826 ι
2459 3779 2604 3844 Quot
2636 3793 2764 3836 sunt
2794 3785 2914 3840 dies
2963 3795 3104 3844 servi
3138 3796 3258 3848 tui?
3297 3798 3530 3863 Quando

1973 3860 2137 3915 facies
2161 3865 2290 3917 mihi
2315 3865 2382 3920 de
2416 3872 2871 3938 persequentibus
2903 3892 2987 3932 me
3009 3879 3275 3947 judicium
3301 3860 3399 3939 "1's
3420 3889 3526 3944 Sed

1972 3950 2037 4003 ad
2071 3953 2238 4006 Deum
2289 3967 2604 4012 sanctorum
2641 3963 2862 4032 sanguis
2885 3980 3007 4021 cum
3035 3970 3316 4040 clamaret,
3347 3989 3401 4032 et
3425 3982 3530 4033 mi-

1971 4044 2167 4096 raculis
2197 4044 2296 4114 ipsi
2328 4049 2692 4118 splenderent,
2747 4067 2971 4124 repente
3006 4060 3145 4116 facta
3192 4077 3284 4121 est
3349 4081 3520 4125 muta

1972 4133 2050 4185 tio
2081 4134 2316 4188 dextera:
2339 4139 2606 4195 Altissimi
2639 4160 2652 4196 :
2686 4155 2740 4199 et
2763 4149 2853 4215 qui
2903 4150 3051 4218 prius
3094 4154 3526 4218 Christianorum

1970 4233 2354 4287 persecutores
2383 4239 2561 4292 erant.
2592 4233 2854 4291 ecclesias
2880 4239 3309 4312 tediticaveruut,
3337 4251 3534 4311 duces-

1972 4328 2079 4380 que
2120 4314 2246 4368 belli
2276 4327 2464 4371 contra
2494 4321 2689 4389 impios
2723 4326 2849 4382 facti
2883 4320 3032 4387 sunt.
3069 4334 3174 4390 Sed
3207 4343 3391 4396 statim
3437 4362 3528 4401 se-

1967 4403 2146 4458 cunda
2178 4409 2488 4474 persecutio
2520 4410 2903 4471 haereticorum
2935 4421 3248 4484 iusurrexit.
3285 4431 3527 4502 Repente

1965 4489 2111 4541 enim
2144 4493 2398 4559 apparuit
2419 4509 2679 4554 cruentus
2709 4502 2896 4572 draco,
2920 4508 3160 4570 fremens
3187 4532 3252 4572 ex
3276 4489 3526 4592 sqdama,

1965 4588 2021 4633 et
2070 4582 2152 4635 sib
2182 4583 2297 4636 lans
2350 4584 2594 4644 diversas
2644 4583 2927 4664 haereses,
2979 4603 3096 4658 Arii
3150 4609 3423 4678 videlicet,
3472 4630 3528 4672 et

1967 4667 2208 4736 Sabellii,
2230 4672 2636 4749 Macedoniique
2655 4693 2708 4737 et
2724 4685 2954 4740 aliorum
2975 4690 3380 4754 litereticorum.
3399 4704 3528 4758 Pro-

1964 4771 2086 4830 pter
2122 4766 2264 4832 quod
2286 4768 2514 4824 maxime
2546 4782 2761 4842 tempus
2785 4776 2922 4830 dixit
2953 4781 3116 4835 David
3144 4802 3159 4837 :
3199 4805 3216 4836 ι
3260 4788 3524 4846 Narrave-

1967 4864 2095 4907 runt
2138 4857 2270 4908 mihi
2298 4859 2466 4927 iniqui
2497 4861 2878 4928 fabulationes,
2920 4872 3014 4923 sed
3040 4889 3148 4926 non
3174 4877 3253 4929 sic
3297 4878 3379 4933 lex
3411 4891 3523 4946 tua,

1967 4943 2213 4996 Domine.
2255 4964 2272 4994 ι
2311 4945 2414 4998 Sed
2465 4947 2589 5002 data
2623 4964 2706 5004 est
2732 4962 2787 5004 et
2816 4957 3060 5024 apposita
3097 4969 3227 5016 tunc
3277 4965 3369 5019 lux
3421 4943 3525 5022 do;

1967 5034 2157 5086 ctrina:
2191 5033 2466 5096 Eorlesim.
2497 5053 2618 5090 cum
2654 5043 2809 5096 multi
2852 5048 3097 5116 magistri
3135 5059 3263 5107 tunc
3293 5072 3522 5125 appare-

1964 5131 2121 5185 rent,
2156 5135 2210 5176 ct
2254 5125 2492 5178 divinam
2534 5129 2871 5200 Seripturam
2924 5141 3243 5206 aperirent:
3283 5146 3521 5204 Hilarius

1963 5209 2052 5261 hic
2085 5210 2206 5276 fuit,
2239 5214 2572 5282 Augusﬁnus
2595 5257 2608 5280 ,
2667 5220 3031 5295 Hieronymus
3094 5241 3148 5285 et
3178 5232 3473 5305 Gregorius
3501 5257 3517 5306 ;

1962 5302 2428 5375 insurrexeritque
2478 5321 2532 5365 et
2583 5314 2880 5372 multitudo
2933 5332 3244 5380 sanctorum
3272 5329 3520 5397 Patrum,

1963 5392 2056 5460 qui
2090 5393 2142 5444 in
2179 5396 2379 5449 ercmis
2408 5399 2664 5465 perfecta:
2696 5414 2752 5457 et
2773 5406 3155 5466 sincerissima!
3182 5417 3305 5472 vita:
3323 5435 3517 5484 erant:

1962 5481 2096 5533 adeo
2131 5490 2188 5534 ut
2235 5494 2288 5537 et
2331 5502 2427 5554 per
2455 5506 2551 5544 eos
2595 5493 2848 5552 draconis
2893 5515 2956 5554 os
2989 5501 3157 5559 debili
3206 5516 3261 5561 et
3308 5512 3516 5580 vulgari

1971 5573 2084 5628 lino
2105 5575 2324 5645 ligatum
2355 5579 2456 5634 sit:
2479 5593 2532 5638 ct
2559 5585 2638 5643 sic
2669 5588 2974 5648 divinamm
3008 5573 3515 5668 Scripturaium'eﬂ

2278 5858 2282 5859 ν
2354 5832 2396 5860 \
