3862 6220
331 280 460 343 1041
1444 348 1448 351 .
1544 297 1846 361 CONTRA

2018 307 2387 374 .IOMETEM.
3408 328 3543 396 1042

326 397 578 464 μᾶσαντα
607 399 813 469 γράψαι
838 407 988 468 τινας
1020 406 1306 470 ἐπιστολὰς
1337 410 1462 480 περὶ
1490 411 1596 462 τῶν
1623 413 1851 467 τοσούτω

326 487 645 510 “unum,
809 493 824 510 .
947 496 958 510 .
1054 499 1077 510 -
1230 498 1258 510 -
1307 499 1319 510 .
1525 502 1582 510 -..
1662 503 1675 510 -
1776 505 1786 510 -

2036 420 2198 488 ipalia
2231 425 2511 482 mendacia
2549 428 2746 499 iniqrm
2785 432 2922 502 legis
2955 434 3119 506 hujus
3145 439 3470 510 ostendere,
3503 447 3558 500 et

322 487 686 560 βλασφημιῶν
730 493 866 564 πρὸς
909 496 1007 562 τὴν
1051 498 1495 581 θριαμϐεύουσαν
1525 502 1847 574 Ἐκκλησίαν

2035 512 2120 567 liis
2178 514 2442 571 fratribus
2473 535 2690 575 causam
2719 522 3002 591 exhibere,
3028 487 3258 597 propter
3288 487 3560 599 quamda-

319 579 398 642 ὣς
437 598 542 651 περ
583 584 764 653 ἐκείνη
815 579 1264 657 μεμφόμενονὲν
1304 593 1501 664 πικρίᾳ.
1541 594 1739 666 ψυχῆς.
1779 597 1844 649 Ni

2989 579 3002 591 ι
3034 579 3051 596 Ι
3112 579 3247 597 'l’"'
3293 579 3450 599 Ί“““’“”
3485 579 3532 588 ’“”

2033 603 2161 658 ilius
2195 607 2259 660 ad
2293 607 2463 662 Deum
2513 627 2772 668 revocare
2806 626 3032 684 possent
3078 619 3237 689 hujus
3263 621 3558 691 impietatis

317 671 364 724 δ’
386 670 500 724 εστι
536 690 627 740 μοι
658 678 876 745 σκοπὸς,
904 682 969 749 τῇ
1001 681 1146 752 ἄκρᾳ
1173 683 1402 756 ἀληθείᾳ
1428 685 1794 756 θαρῤήσαντι,
1823 706 1842 741 ’1

2035 694 2304 750 aereticos.
2333 698 2403 754 Ut
2430 710 2610 756 autem
2635 708 2738 758 hoc
2770 720 2892 759 cum
2928 707 3120 763 ordine
3148 670 3267 776 iiat,
3299 670 3557 768 inrdeter-

318 765 829 839 κεφαλαιωδέστερά
859 789 914 824 τε
951 777 1044 854 καὶ
1077 775 1428 846 ἀρχικώτερα
1460 778 1631 848 ψεύδη
1660 779 1756 833 τοῦ
1792 799 1843 833 πι

2028 784 2201 839 minata
2251 789 2429 858 capita
2470 802 2724 860 oportere
2773 798 3005 866 cnguovi
3044 809 3215 854 totum
3267 810 3553 862 tractatum

319 853 557 921 ρανόμου
585 857 752 925 νόμου
781 861 970 914 τούτου
997 853 1288 932 διελέγξαι,
1315 868 1412 920 καὶ
1435 869 1548 932 τοῖς
1575 868 1758 932 ἄλλοις
1783 871 1895 922 τῶν
1996 871 2263 930 dividere.

314 944 564 1014 ἀδελφῶν
589 955 892 1021 παρασχεῖν
922 955 1175 1028 ἀφορμὴν
1199 997 1215 1022 ,
1244 957 1312 1010 δι’
1331 954 1397 1030 ἦς
1428 959 1494 1012 ἂν
1525 962 1654 1030 ῥᾷον
1686 961 2128 1019 ἀνακαλέσασθαι
2191 969 2326 1038 πρὸς
2379 971 2471 1024 τὸν
2533 972 2665 1026 Θεὸν
2715 975 2992 1045 δυνηθεῖεν
3017 981 3144 1042 τοὺς
3170 982 3267 1052 τῆς
3299 982 3554 1048 ἀσεϐείας

313 1038 516 1108 ταύτης
560 1041 907 1112 αίρεσιώτας.
947 1046 1037 1111 Ὠς
1081 1049 1147 1102 ἂν
1188 1049 1244 1104 δὲ
1285 1053 1442 1105 τοῦτο
1491 1053 1631 1122 μετὰ
1671 1055 1878 1121 τάξεως
1916 1058 2149 1126 γένοιτο,
2176 1060 2256 1125 είς
2315 1062 2594 1136 ὡρισμένα
2659 1038 2948 1138 κεφάλαια,
2977 1073 3084 1126 δεῖν
3304 1078 3399 1148 τὴν
3422 1038 3550 1149 ὅλην

313 1129 510 1183 διελεῖν
540 1137 942 1202 πραγματείαν.

1407 1230 1630 1310 Operis
1659 1232 1926 1312 digestio
1962 1236 2028 1297 in
2055 1239 2272 1315 capita
2305 1260 2461 1304 xvu.

384 1348 456 1401 Τδ
481 1351 694 1420 πρῶτον
728 1353 1022 1421 κεφάλαιον
1062 1357 1304 1428 περιέχει
1348 1358 1446 1422 τὰς
1501 1361 1884 1431 ἀρχικωτέρας

2056 1365 2299 1422 Primum
2352 1383 2517 1440 caput
2543 1374 2788 1431 continet
2822 1377 3157 1449 principales
3199 1382 3362 1454 hujus
3410 1387 3546 1458 legis

309 1437 406 1490 τοῦ
437 1439 601 1506 νομοῦ
632 1441 822 1495 τούτου
862 1445 1122 1514 αἱρέσεις.

700 1441 822 1495 ύτου
862 1445 1122 1514 αἱρέσεις.
1983 1469 2221 1513 errores.

383 1532 667 1600 Δεύτερον,
697 1533 801 1586 τίνι
838 1538 1024 1608 τρόπῳ
1051 1539 1132 1592 δεῖ
1167 1540 1378 1604 τούτοις
1404 1542 1774 1612 συγγίνεσθαι.

2053 1546 2394 1613 Secundum.
2422 1553 2547 1622 quis
2580 1556 2776 1611 modus
2802 1574 2927 1612 cum
2955 1560 3038 1614 cis
3073 1563 3374 1619 servandus
3406 1577 3509 1621 est.

385 1621 600 1689 Τρίτον,
651 1625 961 1696 ὃτιόνόμος
1003 1623 1155 1696 οὗτος
1195 1633 1295 1684 οὐκ
1328 1633 1443 1686 ἔστι
1513 1634 1674 1703 νόμος
1721 1633 1876 1687 Θεοῦ·

2051 1636 2319 1704 Tertium,
2347 1643 2491 1710 quod
2521 1644 2605 1698 lex
2629 1645 2744 1700 haec
2773 1663 2880 1702 non
2898 1660 2980 1704 est
3007 1653 3089 1705 lex
3119 1653 3236 1718 Dei,
3261 1664 3547 1723 propterea

306 1710 391 1763 διὸ
419 1712 479 1763 τὸ
509 1715 644 1782 μήτε
674 1716 770 1781 τὴν
810 1719 1051 1772 Παλαιὰν
1084 1723 1222 1792 μήτε
1281 1724 1381 1794 τὴν
1432 1724 1572 1777 Νέαν
1603 1725 1831 1795 Διαθήκσι

2026 1727 2129 1781 uod
2173 1744 2348 1798 neque
2383 1733 2569 1800 Vetus,
2628 1753 2804 1807 neque
2862 1741 3070 1796 Novum
3137 1743 3551 1801 Testamentum

307 1799 486 1870 τούτῳ
551 1809 984 1874 συμμαρτυρεῖν,
1048 1811 1144 1863 καὶ
1196 1810 1276 1863 ὅτι
1319 1815 1432 1874 τοῖς
1509 1813 1832 1884 Σαρῤακηνο

2025 1835 2126 1874 anc
2156 1828 2457 1890 testantur;
2496 1837 2550 1880 et
2579 1830 2724 1896 quod
2755 1846 2975 1887 necesse
3007 1845 3090 1888 est
3117 1834 3424 1900 Saracenis,
3455 1855 3550 1908 pa-

307 1893 460 1944 πᾶ-τα
489 1894 702 1964 ἀνάγκη
727 1896 1011 1951 πείθεσθαι
1044 1903 1155 1957 τοῖς
1186 1902 1283 1969 τῆς
1304 1903 1544 1967 Παλαιᾶς
1578 1906 1832 1976 Διαθήκψ

1776 1924 1876 1976 εης,
1984 1924 2105 1962 rere
2123 1910 2286 1966 dictis
2321 1913 2529 1970 Veteris
2555 1893 2891 1976 Testamenti
2912 1934 2966 1976 et
3001 1924 3301 1995 Evangelii.

305 1986 406 2037 καὶ
436 1989 546 2049 τοῖς
575 1987 668 2040 τοῦ
691 1989 1018 2057 Εύαγγελίου
1048 1993 1253 2064 ῥητοῖς.

379 2076 669 2148 Τέταρτον,
707 2080 787 2133 ὅτι
827 2081 903 2153 μὴ
929 2084 1038 2153 ἔχει
1075 2086 1272 2155 φράσιν
1302 2087 1396 2138 καὶ
1454 2083 1585 2157 ἦθος
1612 2092 1725 2151 τοῖς
1780 2089 1876 2145 ἀλ-

2051 2092 2340 2158 Quartum,
2372 2098 2516 2165 quod
2549 2116 2727 2169 neque
2779 2101 2831 2154 in
2871 2104 3029 2173 stylo,
3059 2121 3236 2174 neque
3279 2107 3332 2162 in
3382 2111 3543 2164 modo

301 2163 417 2227 λοις
447 2184 510 2219 συ
519 2168 831 2236 μὸαίνοντα.

1982 2199 2105 2236 cum
2136 2187 2259 2240 aliis
2288 2189 2565 2243 convenit.

377 2259 649 2328 Πέμπτον,
678 2262 759 2315 δτι
790 2262 866 2332 μὴ
906 2267 1188 2335 συμφωνεῖ
1216 2266 1358 2320 κατὰ
1399 2268 1640 2322 διάνοιαν
1698 2269 1870 2340 ἑτέρῳ

2051 2274 2335 2338 Quintum.
2370 2279 2514 2345 quod
2540 2296 2647 2334 non
2681 2284 2939 2339 convenit
2989 2285 3291 2340 secundum
3322 2297 3540 2346 senten-

301 2353 432 2404 τινί.

1989 2365 2094 2419 tias
2126 2380 2248 2421 cum
2277 2369 2463 2438 aliquo
2489 2372 2685 2429 altero.

373 2443 588 2509 Ἕκτον,
625 2446 707 2498 ὅτι
745 2448 800 2499 ἐν
823 2449 1031 2511 πολλοῖς
1061 2451 1240 2519 ἑαυτῷ
1269 2451 1563 2518 ἀντιλέγει.
1621 2487 1639 2498 ~
1721 2523 1723 2526 η

2054 2455 2298 2521 Sextum,
2331 2461 2475 2529 quod
2512 2463 2565 2517 in
2603 2465 2788 2520 multis
2817 2467 2921 2522 sibi
2958 2467 3059 2536 ipsi
3086 2471 3434 2528 contradicit.

375 2535 663 2605 Ἐὁδομον,
691 2539 772 2592 ὅτι
813 2541 1002 2611 μηδενὶ⁵
1034 2541 1271 2611 θαύματι
1299 2543 1633 2612 βεϐαιοῦται.

2048 2545 2377 2615 Septimum,
2405 2553 2548 2621 quod
2587 2558 2738 2611 nullo
2761 2535 3024 2614 miraculo
3058 2561 3435 2616 conﬁrmatur.

374 2628 620 2695 Ὄγδοον,
679 2632 764 2684 ὅτι
791 2633 867 2702 μὴ
899 2634 1013 2686 ἐστι
1049 2636 1189 2688 κατὰ
1209 2636 1388 2703 λόγον.
1759 2700 1764 2705 _

2047 2636 2334 2708 Octavum,
2357 2644 2518 2711 quod
2559 2661 2666 2700 non
2697 2659 2780 2702 est
2811 2650 3110 2704 secundum
3145 2651 3431 2706 rationem.

372 2719 653 2785 Ἐννατον,
689 2722 772 2776 δτι
801 2725 1210 2793 ὁμολογούμενα
1249 2729 1496 2798 περιέχει
1525 2729 1718 2799 ψεύδη.

2042 2727 2258 2783 Nonqu
2281 2770 2298 2794 ,
2334 2734 2477 2801 quod
2512 2737 2798 2792 manifesta
2821 2741 3066 2794 continet
3094 2741 3397 2796 mendacia.

366 2812 627 2874 Δέκατον,
657 2813 740 2865 ὅτι
765 2813 940 2883 βίαιος
979 2820 1073 2868 καὶ
1117 2817 1245 2887 περὶ
1277 2817 1384 2870 τῶν
1449 2821 1530 2882 εἰς
1579 2821 1741 2875 αὑτὸν
1774 2823 1866 2893 ἐρ-

2047 2816 2351 2884 Decimum,
2397 2824 2541 2891 quod
2595 2826 2852 2882 violenta.
2898 2829 3063 2884 etiam
3110 2830 3164 2884 in
3191 2845 3306 2898 eos,
3335 2831 3429 2902 qui
3467 2832 3537 2887 ad

292 2918 357 2970 χο
363 2901 560 2970 μένων.

1891 2943 1936 3001 c
1971 2923 2090 2962 eam
2117 2909 2361 2967 veniunt.

384 2993 725 3072 Ἐνδέιιατον,
762 2997 843 3052 ὅτι
872 2999 1126 3065 ἄτακτος.
1245 3014 1253 3026 ·
1899 2993 1909 3000 ’

1899 2993 1936 3001 ⁷
2040 3000 2418 3072 Uudecimum,
2450 3010 2592 3078 quod
2626 3010 2955 3069 inordinata.

359 3069 692 3144 Δωδέκατον,
727 3084 810 3136 ὅτι
837 3087 1087 3155 πονηρός.

2035 3069 2480 3160 Duodecimum.‘
2497 3104 2640 3169 quod
2674 3105 2879 3173 iniqua.

364 3169 842 3238 Τρισκαιδέκατον,
870 3177 996 3244 περὶ
1047 3178 1148 3248 τῆς
1201 3180 1292 3232 τοῦ
1357 3184 1679 3256 ’Λλκοράνου
1731 3206 1861 3257 συγ.

2041 3184 2292 3241 Tertium
2319 3189 2643 3257 ,decinium,
2681 3195 2750 3248 de
2774 3169 3039 3252 ‘Alcoraui
3083 3200 3445 3270 institutione,
3476 3214 3532 3262 et

295 3263 539 3328 γραφῆς,
561 3265 668 3326 ,καὶ
697 3264 779 3326 τίς
805 3265 921 3318 ἐστι
947 3266 1040 3319 τοῦ
1097 3270 1262 3339 νόμου
1293 3272 1484 3326 τούτου
1531 3277 1820 3349 δηαιουργὶ

1654 3281 1862 3349 ιουργὸς
1963 3274 2086 3341 quis
2110 3275 2213 3328 I'uit
2240 3277 2405 3346 hujus
2437 3280 2571 3349 legis
2607 3284 2786 3350 opifex
2817 3295 2872 3341 et
2903 3288 3179 3346 inventor.

288 3351 386 3402 καὶ
443 3353 694 3421 εὑρετής.

357 3443 976 3516 Τεσσαρεσκαιδέκατον,
1039 3454 1169 3523 περὶ
1229 3454 1323 3509 τοῦ
1401 3442 1711 3513 πεπλάσθαι
1761 3462 1856 3532 τὴ.

2031 3450 2296 3517 Quartum
2332 3450 2608 3510 deeimuiti
2627 3495 2643 3524 ,
2687 3457 2754 3513 de
2803 3459 3021 3517 ﬁctione
3052 3465 3528 3536 improbatissiina

284 3533 611 3605 ἀδοξοτάτην
653 3538 908 3608 θεωρίαν.

687 3541 908 3608 εωρίαν.
1957 3542 2207 3597 visionis.

358 3627 874 3698 Πεντεκαιδέκατον,
918 3636 1237 3706 περίτινων
1298 3639 1705 3711 ὲκζητημάτων
1760 3645 1855 3698 ἐπὶ

2009 3631 2291 3698 Quintum
2323 3635 2594 3690 decimum
2623 3675 2640 3701 ,
2670 3638 2736 3693 de
2792 3655 3120 3709 quibusnam
3153 3663 3245 3702 sex
3279 3654 3524 3719 quaesitis

284 3717 364 3785 τῷ
406 3717 712 3792 ’Δλκοράνῳ
742 3725 958 3790 κοινῶν,
1004 3730 1098 3780 καὶ
1147 3735 1275 3801 περὶ
1303 3733 1402 3803 τῆς
1454 3735 1551 3786 τοῦ
1614 3738 1809 3808 Χριστε

2000 3741 2010 3777 ι
2041 3725 2309 3780 Alcorano
2355 3731 2740 3786 communibus
2761 3772 2776 3796 ,
2809 3745 2865 3787 et
2896 3734 2966 3790 de
2995 3736 3198 3794 Christi
3237 3717 3308 3796 ad
3338 3744 3525 3800 Maha-

290 3811 426 3881 πρδς
453 3813 542 3865 τὸν
571 3816 870 3885 Μαχούμετ
902 3819 1199 3890 ὑπεροχῆς.

1011 3821 1199 3890 pax-71;.
1954 3825 2158 3869 metum
2187 3817 2531 3873 excellentia.

363 3900 807 3967 Ἐκκαιδέκατον,
840 3905 1090 3977 περὶςτῆς
1111 3907 1204 3960 τοῦ
1234 3910 1568 3980 Εύαγγελίου
1598 3917 1732 3988 πρὸς
1790 3921 1854 3973 τὸ

2025 3906 2248 3960 Sextum
2298 3908 2572 3965 decimum
2607 3954 2622 3980 ,
2663 3915 2730 3969 de
2766 3916 3042 3988 Evangelii
3081 3920 3148 3975 ad
3190 3922 3518 3981 Alcm-anum

295 3992 614 4064 ’Δλκορὰνον
645 3997 942 4068 ὑπεροχῆς.

773 3999 942 4068 δοχῆς.
1953 4005 2298 4058 excellentia.

365 4086 879 4156 Ἐπτακαιδέκατον,
951 4095 1078 4162 περὶ
1143 4099 1244 4166 τῆς
1304 4099 1414 4152 τῶν
1480 4099 1850 4175 Σαρῥακηνῶν

2022 4094 2302 4149 Decimum
2340 4097 2632 4166 septimum
2663 4137 2678 4162 ,
2715 4098 2786 4152 de
2841 4098 3240 4157 Saracenorum
3291 4119 3516 4175 respon-

278 4177 573 4247 ἀπολογίας
604 4182 738 4250 πρὸς
761 4184 828 4236 τὰ
871 4187 1267 4255 προειρημένα.

980 4187 1267 4255 ειρημένα.
1947 4185 2100 4241 sione
2130 4187 2196 4240 ad
2225 4189 2503 4256 praedicta.

349 4294 429 4345 A'.
465 4293 868 4362 ’Δρχικὼτεραι
897 4295 1004 4350 τοῦ
1035 4299 1223 4363 νόμου
1243 4299 1459 4355 τούτου
1492 4303 1773 4372 αἱρέσεις.
1872 4282 1874 4289 Ι

1872 4281 1928 4340 Ῐ)
2128 4298 2171 4352 l.
2205 4298 2282 4352 De
2307 4301 2692 4372 principalibus
2721 4303 2877 4373 Imjus
2894 4303 3020 4373 legis
3052 4307 3331 4364 erroribus.

350 4404 570 4473 Πρῶτον
586 4406 761 4458 τοίνυν
787 4407 1051 4476 προσήκει
1083 4409 1274 4476 μαθεῖν
1293 4411 1644 4483 τὰςάρχοειδε
1655 4416 1850 4486 στέρας

2017 4409 2254 4464 Primum
2312 4412 2479 4481 igitur
2535 4414 2690 4468 decet
2724 4417 2864 4468 scire
2898 4419 3225 4486 principales
3249 4435 3470 4477 errores
3494 4463 3511 4485 ,

280 4498 619 4566 αἱρέσει.,ἂ;
661 4499 687 4547 ὁ
709 4499 814 4550 τῶν
834 4500 1199 4568 Σαρρακηνῶν
1244 4503 1421 4571 τίθησι
1457 4506 1636 4574 νόμος,
1670 4509 1805 4562 καθὰ

1986 4516 2084 4556 uos
2112 4503 2507 4558 Saracenorum
2543 4512 2626 4560 lex
2662 4511 2844 4574 ponit.
2889 4510 3191 4563 secundum
3214 4529 3348 4581 quos
3395 4531 3508 4570 nia.-

281 4584 512 4652 μάλιστα
533 4585 608 4654 τῷ
630 4585 756 4655 θείῳ
785 4587 932 4656 νόμῳ
957 4589 1308 4644 ἐναντιοῦται.
1327 4593 1520 4647 Ἰστέον
1545 4598 1742 4660 τοίνυν,
1769 4599 1806 4651 δ’

1976 4593 2088 4647 ime
2135 4593 2330 4650 divina:
2403 4597 2508 4667 legi
2574 4598 2912 4655 adversatur.
2960 4602 3268 4657 Notandum
3316 4607 3501 4674 igitur,

277 4677 455 4728 πάντα
485 4676 574 4729 τὸν
603 4678 708 4730 τῶν
739 4679 980 4748 ἀρχαίων
1002 4681 1293 4747 αίρετικῶν
1319 4682 1598 4754 βόρϐορον,
1623 4688 1680 4740 ὃν
1705 4695 1731 4741 ό
1757 4690 1802 4742 δι

1977 4684 2090 4751 ‘uod
2123 4702 2282 4740 omne
2310 4689 2656 4758 antiquorum
2708 4707 2946 4756 omnum,
2989 4695 3129 4760 quod
3165 4694 3412 4750 diabolus
3451 4700 3502 4749 in

273 4769 430 4828 ϐολος
458 4771 514 4819 ὲν
537 4772 645 4831 τοῖς
676 4770 853 4831 ἄλλοις
882 4771 1220 4841 διῃρημένως
1241 4775 1619 4846 κατέσπειρεν,
1648 4782 1727 4842 είς
1749 4782 1798 4834 τὶ

1981 4776 2064 4830 liis
2117 4779 2348 4845 sparsim
2388 4780 2802 4846 disseminavit,
2844 4784 2898 4835 iu
2953 4783 3316 4837 Mahometum
3349 4801 3503 4838 com-

271 4859 570 4930 Μαχούμετ
586 4862 777 4931 ἁθρόον
799 4865 1120 4932 κατέμεσεν.
1147 4859 1311 4926 Οὗτος
1341 4869 1446 4935 γὰρ
1471 4870 1606 4934 μετᾶ
1634 4870 1732 4940 μὲν
1752 4889 1796 4922 τι

1986 4868 2257 4922 rehensim
2290 4871 2553 4924 evomuit.
2617 4871 2715 4924 llic
2768 4872 2910 4925 enim
2948 4886 3071 4924 cum
3117 4871 3352 4926 Sabellio
3403 4889 3504 4928 ne-

269 4952 558 5005 Σαϐελλίου
592 4955 832 5022 ἀρνεῖται
859 4955 1134 5018 παντελῶς
1148 4957 1475 5026 τὴνΤριάδα·
1493 4960 1659 5013 δυάδα
1680 4962 1734 5013 δέ
1767 4981 1794 5014 τ

1983 4967 2032 5009 at
2056 4957 2131 5027 (l)
2155 4960 2378 5013 omnino
2397 4960 2750 5025 Trinitatem;
2780 4960 3093 5015 dualitatem
3116 4971 3294 5016 autem
3319 4979 3508 5032 quam-

199 5045 238 5072 °
266 5060 336 5095 να
364 5044 577 5112 τίθησιν
606 5047 661 5097 ὲν
685 5048 800 5106 τοῖς
837 5045 999 5108 θείοις
1036 5046 1203 5115 μηδὲν
1257 5047 1354 5116 μὲν
1399 5051 1592 5117 σεμνὸν
1613 5051 1707 5103 καὶ

1985 5063 2068 5099 am
2095 5050 2247 5115 ponit
2282 5049 2334 5101 in
2361 5050 2586 5116 divinis,
2626 5067 2746 5120 quae
2777 5051 2910 5104 nihil
2959 5051 3246 5106 honestum
3282 5061 3338 5106 et
3370 5052 3510 5106 divi-

269 5133 435 5196 θείοις
467 5137 727 5203 ἀνάλογον
762 5139 1035 5205 ἐκφαίνειν
1056 5141 1111 5190 ἐν
1130 5141 1292 5208 ἑαυτῇ
1322 5141 1644 5211 δυναμένην,
1669 5142 1794 5195 πάσι

1980 5138 2036 5191 iis
2065 5138 2241 5192 simile
2273 5144 2326 5192 in
2373 5156 2430 5194 se
2465 5141 2575 5209 ipsa
2611 5150 2785 5209 potest
2839 5141 3236 5206 demonstrare,
3267 5158 3392 5196 cum
3427 5157 3505 5195 to-

265 5222 323 5276 ει
337 5225 656 5294 ἑτερότητος
676 5223 842 5281 οὖσαν
875 5229 1070 5298 ἀρχήν.
1113 5229 1433 5298 ’Υποτίθησι
1458 5231 1566 5299 γὰρ
1590 5232 1756 5300 αὑτήν
1786 5251 1790 5264 ι

1982 5230 2056 5282 ωε
2101 5229 2391 5283 alteritatis
2444 5231 2772 5299 principium
2823 5232 2911 5285 sit.
2946 5233 3216 5301 Supponit
3248 5233 3389 5286 enim
3420 5233 3507 5286 di-

266 5314 369 5383 τὴν
431 5315 582 5369 θείαν
613 5319 828 5384 οὐσίαν,
887 5321 982 5372 καὶ
1017 5321 1116 5390 τὴν
1163 5320 1364 5390 ταύτης
1418 5320 1615 5390 ψυχήν.
1672 5321 1791 5372 Ὀθε

2116 5337 2130 5372 l
2163 5326 2480 5387 essent-iam,
2515 5330 2570 5376 et
2603 5323 2766 5392 hujus
2803 5324 3061 5376 animam.
3087 5323 3314 5378 Undein
3351 5323 3510 5377 Alco-
3589 5331 3641 5397 ρ

268 5405 347 5467 είς
383 5408 444 5459 τὸ
489 5407 814 5480 Ἀλκοράνον
856 5410 1231 5480 πληθυντικῶς
1274 5409 1487 5476 εἰσάγει
1521 5409 1793 5476 διαλεγόμι

1988 5425 2076 5464 ιιιο
2119 5411 2330 5466 inducit
2384 5412 2552 5466 Deum
2588 5413 2866 5481 pluraliter
2899 5415 3206 5482 loquentem
3239 5421 3296 5465 ut
3323 5413 3513 5467 vidca‘

181 5511 202 5606 ζ
268 5514 356 5550 νον
384 5499 474 5553 τὸν
509 5501 663 5567 Θεὸν,
694 5502 769 5565 ὠς
799 5502 974 5555 δοκεῖν
1005 5503 1173 5574 σιρτὴν
1207 5503 1307 5570 τὴν
1337 5499 1430 5553 τοῦ
1469 5500 1602 5553 Θεοῦ
1634 5501 1706 5570 diu

1980 5517 2029 5553 ll‘
2065 5502 2179 5570 ipsa
2207 5502 2388 5557 anima
2421 5502 2536 5570 Dei,
2573 5511 2625 5557 ct
2661 5503 2773 5572 ipse
2806 5503 3056 5559 Christus
3087 5502 3313 5557 alterius
3357 5518 3505 5574 prae--

340 5657 415 5727 (1)
449 5656 558 5713 Hac
607 5656 815 5714 ratione
862 5656 1034 5712 utitur
1064 5665 1118 5712 et
1148 5655 1525 5714 Cluuiacensis
1556 5656 1720 5712 abbas
1753 5657 1962 5712 Petrus.
