3862 6220
201 5574 216 5630 ί

284 356 421 423 1οΞ5

1513 356 1808 418 CONTRA
1847 355 2115 415 MAHOM
2131 357 2328 416 ETEM
2341 403 2355 419 .

3378 346 3518 411 1046

281 488 428 522 νεται
453 470 508 524 δὲ
543 471 668 541 μηδ’
693 472 798 525 ὑπὸ
827 472 937 526 τῶν
971 475 1242 531 Ἰουδαίων
1258 477 1489 547 Χριστὸν
1517 475 1846 546 ἀνῃρῆσθαι,

1956 473 2080 530 lem.
2117 477 2173 530 In
2205 478 2406 546 quibus
2445 495 2567 532 cum
2631 473 2941 531 Manichaﬁs
3005 471 3280 527 convenit.
3324 470 3516 525 Addit-

282 559 424 628 μήτε
455 561 856 630 σταυρωθῆναι,
885 565 1022 618 ἀλλά
1051 584 1173 620 τινα
1197 568 1356 622 ἄλλον
1410 569 1604 637 ἐκείνῳ
1637 568 1842 637 ὅμοιον·

279 647 338 695 ἐν
370 639 449 705 οἷς
479 643 815 719 συμφέρεται
855 651 1196 722 Μανιχαίοις.
1246 655 1576 724 Προστίθησί
1633 673 1692 708 τε
1755 661 1848 710 καὶ

276 735 341 786 τὸ
357 737 447 790 τὸν
479 737 610 791 Θεὸν
642 743 721 803 είς
756 743 947 797 ὲαυτὺν
976 747 1445 814 μετακαλέσασθαι
1469 748 1560 800 τὸν
1590 749 1845 818 Χριστὸν,

281 828 378 880 καὶ
405 831 562 884 πάλιν
587 833 746 887 αὑτὸν
793 835 926 903 πρὸς
953 836 1034 905 τῷ
1060 837 1201 888 τέλει
1228 837 1318 890 τοῦ
1346 839 1551 905 κόσμου
1611 841 1850 910 φανήσε-

281 914 428 978 σθαι,
469 919 562 969 καὶ
621 919 951 975 θανατώσειν
1010 923 1100 976 τὸν
1169 924 1554 994 ⁹Δντίχριστον·
1599 927 1738 993 μετὰ
1795 926 1849 978 δὲ

280 1004 456 1059 ταῦτα
515 1011 762 1078 ποιήσειν
793 1014 885 1064 τὸν
915 1012 1047 1065 Θεὸν
1096 1014 1388 1068 ἀποθανεῖν
1441 1018 1533 1068 τὸν
1589 1017 1845 1086 Χριστόν.

293 1095 357 1149 ὐ
391 1097 537 1150 δὲτὸ
562 1099 728 1163 πάθος
778 1102 1108 1172 ἀρνούμενος
1147 1105 1243 1159 τοῦ
1303 1105 1538 1177 Χριστοῦ
1600 1111 1846 1178 ἀρνεῖται

275 1187 460 1239 πάντα
494 1189 560 1241 τὰ
578 1190 678 1257 τῆς
722 1192 1043 1260 Ἐκκλησίας
1073 1199 1369 1264 μυστήρια,
1435 1198 1498 1248 ὲκ
1551 1197 1644 1248 τοῦ
1703 1197 1848 1248 θείου

278 1277 490 1341 πάθους
520 1280 580 1331 τὸ
607 1281 932 1353 δραστήριον
954 1285 1164 1355 ἔχοντα.
1205 1289 1293 1339 Ἐν
1318 1283 1399 1349 οἷς
1459 1289 1572 1350 τοῖς
1632 1288 1846 1356 αίρειιτι⁸

274 1370 394 1429 κοῖς
426 1371 1104 1444 Δονατισταῖςσυμφρονεῖ.
1147 1378 1285 1445 Φησὶ
1313 1379 1371 1429 δὲ
1418 1377 1512 1429 καὶ
1564 1377 1687 1440 τοὺς
1737 1377 1851 1430 δαί-

278 1473 450 1522 μονας
477 1457 733 1515 δύνασθαι
767 1464 1004 1532 σωθῆναι
1029 1465 1114 1518 διὰ
1176 1465 1270 1519 τοῦ
1303 1466 1646 1537 Ἀλκορεὶνουο
1709 1467 1848 1520 ὥστε

277 1549 378 1599 καὶ
447 1549 670 1616 πολλοὺς
721 1553 898 1607 αὐτῶν
941 1556 1097 1610 τοῦτο
1169 1557 1526 1622 ἀκούσαντας,
1593 1559 1846 1625 γενέσθαι

276 1636 688 1708 Σ²ῥρακηνοῦςι
743 1644 1005 1712 ἑπόμενος
1057 1648 1114 1698 ἐν
1170 1649 1378 1711 τούτοις
1430 1649 1699 1718 ἀμηγέπη
1770 1649 1848 1717 τῷ

276 1729 566 1798 Ὠριγένει,
596 1734 768 1801 λέγων
799 1735 1137 1806 σωθήσεσθαι
1160 1740 1284 1801 τοὺς
1298 1738 1578 1807 δαίμονας.
1618 1740 1846 1792 Πλάττει

1957 583 2083 636 que,
2116 578 2172 622 et
2224 570 2390 622 Deum
2429 570 2494 623 ad
2531 585 2588 622 se
2631 571 2808 637 ipsum
2851 564 3178 626 accersisse,
3231 571 3285 615 et
3329 577 3521 616 rursus

1953 671 2078 710 eum
2111 657 2168 710 in
2206 657 2312 712 ﬁne
2368 660 2556 712 mundi
2610 657 2982 727 appariturum
3009 694 3024 717 ,
3071 647 3125 708 et
3163 652 3527 713 interemptus

1955 759 2077 797 rum
2114 746 2534 802 Anticliristum.
2574 747 2703 801 Post
2739 746 2853 798 bmc
2938 753 3118 797 autem
3159 741 3321 795 faciet
3376 742 3520 795 Deus

1952 834 2232 889 Christum
2270 837 2426 890 mori.
2461 835 2563 902 Qui
2611 844 2793 890 autem
2832 835 3137 903 passionem
3173 831 3376 885 Chris'i
3427 846 3521 882 ne-

1953 933 2066 990 gat,
2102 933 2260 992 negat
2294 925 2476 978 omnia
2510 924 2769 978 Ecclesia
2805 921 3059 992 mysteria
3083 962 3096 982 ,
3129 937 3250 989 qua?
3275 935 3303 973 a
3339 919 3518 972 divina

1954 1015 2212 1082 passione
2253 1014 2552 1070 efﬁcaciam
2588 1015 2810 1068 habent.
2839 1013 2896 1066 lu
2948 1011 3148 1080 quibus
3191 1027 3312 1065 cum
3346 1011 3523 1064 Dona-

1957 1105 2100 1160 tistis
2135 1106 2407 1161 haereticis
2438 1106 2718 1160 convenit.
2771 1104 2911 1158 Dicit
2943 1114 3124 1156 autem
3164 1111 3218 1156 et
3249 1103 3522 1156 dastnoucs

1955 1211 2114 1266 posse
2148 1197 2343 1250 salvari
2377 1213 2472 1265 per
2504 1196 2833 1250 Alcoranum
2870 1206 2921 1248 et
2952 1193 3096 1262 quod
3145 1192 3296 1245 multi
3330 1208 3519 1245 eorum

1952 1301 2075 1339 cum
2111 1286 2214 1340 hoc
2245 1287 2583 1340 audivissent
2605 1326 2620 1350 ,
2645 1286 2772 1340 facti
2805 1293 2934 1340 sunt
2966 1285 3246 1347 Saraceni,
3279 1299 3514 1352 sequens

1955 1378 2008 1431 in
2034 1377 2120 1432 his
2155 1378 2340 1447 aliquo
2370 1378 2535 1430 modo
2565 1377 2858 1447 Origenetn
2891 1376 2992 1446 (1),
3026 1377 3116 1444 qui
3149 1375 3283 1428 dicit
3313 1376 3519 1429 salvan-

1952 1468 2052 1522 dos
2075 1470 2189 1524 fore
2223 1469 2518 1522 daemones.
2557 1467 2806 1536 Dicitque
2827 1474 2880 1519 et
2903 1468 2968 1518 ad
2999 1465 3165 1517 Deum
3189 1462 3522 1525 ascendisse,

1953 1562 2174 1630 quando
2204 1575 2305 1630 pro
2345 1576 2411 1614 eo
2456 1559 2766 1614 Gabrielem
2809 1557 2954 1611 misit
2997 1557 3160 1616 Dens,
3193 1563 3249 1608 et
3303 1569 3521 1607 manum

1955 1654 2084 1706 huic
2145 1652 2314 1706 Deum
2356 1651 2682 1720 imposuisse
2709 1689 2724 1715 ,
2757 1658 2811 1703 et
2868 1655 3074 1700 tantum
3110 1647 3221 1698 Deo
3271 1655 3522 1713 tangente

1957 1740 2254 1810 rigiditatis
2300 1754 2522 1793 sensum
2559 1738 2769 1807 cepisse
2812 1737 2865 1789 iu
2895 1750 3152 1804 corpore,
3189 1743 3246 1787 ut
3275 1744 3330 1788 et
3359 1734 3404 1787 is
3435 1749 3521 1786 us-

273 1817 338 1868 δὲ
371 1821 622 1885 καὶπρδς
649 1821 736 1874 τον
792 1822 921 1873 Θεὸν
987 1823 1245 1887 ἀνελθεῖν,
1306 1825 1392 1877 ὅτε
1457 1826 1597 1892 ὑπὲρ
1660 1826 1847 1878 τούτου

1959 1799 2066 1898 que
2098 1830 2164 1883 ad
2197 1829 2495 1884 medullam
2521 1799 2692 1898 spina:
2725 1828 2872 1882 dorsi
2901 1799 3277 1897 per-transiret.
3316 1825 3374 1880 in
3401 1825 3524 1893 qui-

277 1908 374 1956 t‘r;
431 1908 666 1978 Γαϐριὴλ
726 1910 1042 1963 ἀπέστειλεν
1105 1911 1318 1974 ὁΘεδς,
1383 1912 1477 1965 καὶ
1527 1913 1626 1972 τὴν
1693 1916 1849 1984 χεῖρα

272 1994 462 2060 τούτῳ
491 1997 582 2050 τὸν
609 1998 740 2049 Θεὸν
784 1999 1068 2063 ἐπιθεῖναι,
1107 2003 1195 2053 καὶ
1245 2001 1508 2072 τοσαύτης
1570 2004 1848 2073 ἁψαμένου

272 2084 374 2135 τοῦ
406 2085 540 2138 Θεοῦ
568 2087 779 2153 ψύξεως
804 2089 1055 2159 αἴσθησιν
1077 2091 1259 2144 λαϐεῖν
1277 2095 1334 2146 ὲν
1364 2093 1438 2163 τῷ
1462 2094 1694 2163 σώματι,
1726 2085 1860 2147 ὥστ’

281 2175 457 2245 αὐτὴν
487 2175 713 2230 διελθεῖν
745 2179 906 2251 μέχρι
955 2182 1048 2234 τοῦ
1109 2184 1205 2249 τῆς
1251 2184 1460 2254 ῥάχεως
1513 2185 1735 2254 μυελοῦ.
1765 2188 1856 2239 Ἐν

277 2263 366 2329 οἷς
390 2269 546 2336 δῆλός
601 2273 718 2324 ἐστι
775 2273 1044 2327 κοινωνῶν
1084 2277 1196 2339 τοῖς
1255 2275 1856 2346 Ἀνθρωπομορφίταιςο

282 2360 594 2425 σωματικὸν
625 2362 889 2429 φάσκουσι
937 2364 1028 2416 τὸν
1051 2363 1203 2420 Θεόν.
1234 2366 1397 2434 Λέγει
1422 2367 1476 2419 δὲ
1498 2368 1589 2420 καὶ
1615 2370 1674 2421 τὸ
1699 2369 1851 2436 ᾰγιον

283 2448 508 2518 Πνεῦμα
525 2453 750 2521 κτίσμα,
788 2454 1105 2524 Μακεδονίῳ
1142 2457 1400 2527 συνᾴδων.
1437 2459 1526 2511 Ἐν
1560 2454 1638 2518 οἷς
1662 2461 1716 2513 δὲ
1748 2463 1854 2529 φά-

279 2541 550 2602 σκειτοὺς
571 2541 832 2609 ἀγγέλους
867 2542 1126 2612 δαίμονας
1186 2547 1486 2613 γεγονέναι,
1526 2549 1599 2617 μὴ
1664 2551 1855 2622 βουλη-

275 2628 495 2694 θέντας,
529 2634 955 2700 προστάττοντος
986 2634 1078 2687 τοῦ
1101 2634 1255 2701 Θεοῦ,
1292 2637 1382 2689 τὸν
1432 2639 1602 2707 Ἀδὰμ
1627 2658 1858 2711 προσκυ-

278 2723 463 2791 νῆσαι,
504 2723 688 2775 οὐδένα
742 2725 1073 2794 μιμούμενος
1133 2727 1402 2795 φαίνεται.
1458 2731 1699 2800 Αηρεῖδὲ
1760 2735 1856 2787 καὶ

277 2815 385 2882 τὴν
417 2815 650 2883 ἐσχάτην
667 2816 758 2868 τοῦ
791 2817 1080 2887 ἀνθρώπου
1113 2820 1514 2891 μακαριότητα.
1553 2826 1610 2876 ἐν
1654 2824 1856 2878 ἀκολα-

280 2906 378 2975 σίᾳ
417 2907 510 2959 καὶ
535 2910 710 2978 τρυφῇ
741 2907 912 2976 λέγων
940 2904 1100 2972 εῖναι,
1133 2911 1223 2964 καὶ
1257 2912 1491 2980 ἱματίοις
1513 2914 1850 2976 πολυτελέσι.

279 3001 376 3050 και
407 2999 776 3068 παραδείσοις·
809 3001 1088 3068 ὁμολογῶν
1140 3002 1196 3053 ἐν
1236 3001 1444 3065 τούτοις
1502 3005 1744 3075 Κερίνθῳ
1775 3008 1853 3073 τῷ

1961 1919 2062 1974 bus
2099 1920 2444 1973 manifestum
2470 1929 2576 1983 est,
2608 1919 2751 1988 quod
2781 1934 2903 1972 cutn
2949 1915 3522 1987 Anthropomorphilis

1966 2009 2378 2072 communicat,
2437 2009 2532 2079 qui
2581 2009 2919 2078 corporalem
2980 2009 3144 2061 Deum
3188 2015 3518 2060 asseverant.

1962 2099 2215 2169 Dicitque
2245 2111 2300 2154 et
2329 2100 2594 2170 Spiritum
2617 2109 2865 2154 sanctum
2895 2109 3197 2152 creaturam
3225 2113 3366 2161 esse,
3397 2113 3518 2150 cum

1958 2192 2278 2247 Macedonio
2324 2191 2680 2247 conveniens.
2717 2191 2774 2244 lu
2811 2190 3008 2259 quibus
3048 2200 3230 2243 autem
3265 2188 3400 2242 dicit
3429 2203 3523 2240 an-

1959 2285 2110 2350 gelos
2141 2283 2416 2337 daemones
2465 2283 2640 2337 {actos
2675 2297 2792 2337 esse
2814 2321 2830 2347 ,
2873 2297 2995 2338 cum
3026 2281 3329 2335 noluissent
3372 2294 3523 2332 mau-

1959 2375 2122 2426 dante
2153 2373 2264 2426 Deo
2289 2372 2457 2426 Adam
2505 2371 2756 2433 adorare,
2788 2370 3062 2423 neminetn
3095 2369 3148 2422 in
3193 2369 3297 2422 hoc
3323 2367 3518 2420 imitari

1959 2463 2202 2516 videtur.
2233 2463 2481 2532 Nugatur
2520 2475 2726 2528 autem,
2751 2470 2807 2514 et
2831 2459 3075 2514 ultimam
3111 2457 3349 2512 heminis
3395 2457 3523 2510 bea-

1964 2554 2280 2619 titudinem,
2308 2555 2362 2607 in
2392 2551 2811 2623 intemperantia
2837 2560 2892 2604 et
2919 2549 3130 2604 deiieiis
3160 2547 3348 2602 dicens
3377 2561 3522 2609 esse,

1959 2652 2015 2696 et
2042 2643 2291 2696 vestibus
2317 2640 2679 2713 sumptuosis,
2707 2649 2762 2694 et
2792 2639 2967 2694 hortis
3022 2637 3242 2707 irriguis
3264 2677 3280 2702 ,
3325 2651 3524 2689 conve-

1961 2731 2118 2786 niens
2140 2730 2193 2784 iu
2226 2731 2310 2784 his
2353 2745 2478 2784 cum
2506 2728 2772 2784 Cerintho
2803 2727 3082 2790 ha:retico,
3107 2733 3164 2780 et
3197 2725 3522 2794 quibusdam

1957 2822 2200 2890 antiquis
2243 2821 2580 2878 inﬁdelibus.
2631 2820 2695 2873 Et
2741 2817 3214 2874 circumcisionem
3271 2824 3524 2884 oportere

1961 2923 2149 2967 tenere
2181 2913 2356 2978 dicit,
2405 2909 2814 2974 commendans,
2857 2923 2977 2979 quae
3031 2907 3266 2964 haeretici
3301 2905 3526 2960 Ebionls

1959 3012 2108 3056 sunt.
2140 3001 2408 3057 Concedit
2436 3009 2491 3055 et
2526 2997 2932 3054 multitudinem
2965 3011 3191 3050 uxorum
3226 2996 3282 3050 in
3324 2995 3526 3065 nuptiis

278 3089 546 3160 αἱρετικῷ
570 3091 658 3144 καί
684 3107 822 3144 τισιν
849 3091 1096 3160 ἀρχαίοις
1119 3092 1386 3153 ἀπίστοις.
1412 3095 1522 3148 Καὶ
1570 3097 1667 3166 τῆς
1692 3115 1848 3168 περι-

1961 3094 2328 3164 pcllicumque
2382 3102 2433 3147 et
2496 3091 2852 3155 ancillarum,
2897 3098 2953 3144 et
2996 3097 3265 3158 quotquot
3310 3087 3433 3156 quis
3468 3089 3521 3139 in

276 3180 457 3248 τομῆς
514 3180 568 3234 δι
631 3181 741 3233 δεῖν
805 3181 1020 3251 ἔχεσθαι
1077 3183 1266 3250 λέγει,
1307 3183 1374 3236 τὰ
1427 3183 1522 3236 τοῦ
1573 3187 1848 3257 αἱρετικοῦ

283 3265 552 3329 anm;
604 3267 858 3321 δπαινῶν.
895 3267 1173 3337 Συγχωρεῖ
1211 3269 1267 3322 δὲ
1309 3272 1402 3322 καὶ
1439 3271 1640 3342 πλῆθος
1665 3291 1854 3341 γυναι·

281 3359 400 3412 κῶν
420 3360 474 3412 ιν
502 3359 580 3429 τῷ
600 3359 782 3430 γάμῳ,
817 3359 1075 3412 παλακῶν
1103 3377 1161 3412 τε
1216 3361 1306 3412 καὶ
1337 3361 1680 3431 θεραπαινῶν
1722 3366 1850 3417 ὀπό-

281 3468 389 3514 σας
413 3451 478 3504 ἄν
505 3469 587 3515 τις
617 3453 675 3504 ὲν
695 3452 914 3520 πολέμῳ
971 3451 1153 3505 λαϐὼν
1210 3451 1426 3505 δύναιτο
1481 3440 1721 3523 τρέφειν’
1755 3457 1853 3508 καὶ

277 3543 386 3602 τὰς
405 3541 514 3592 τῶν
540 3540 714 3594 ἄλλων
752 3541 809 3594 δὲ
857 3543 1122 3608 γυναῖκας
1183 3541 1493 3611 ἀδιαφόρως
1533 3543 1850 3612 λαμϐάνειν,

276 3635 400 3692 τοῖς
439 3633 732 3701 αίρετικοῖς
786 3632 1136 3693 Νικολαῖταις
1192 3633 1250 3684 ὲν
1290 3632 1499 3694 τούτοις
1568 3634 1850 3703 ἑπόμενος.

283 3722 505 3784 Πάντας
539 3723 595 3774 δὲ
651 3722 764 3775 δεῖν
828 3738 994 3791 φησιν
1050 3721 1388 3791 ἀναιρεῖσθαι
1437 3724 1564 3786 τοὺς
1649 3724 1724 3792 μὴ
1775 3723 1854 3792 τῷ

277 3811 476 3881 τούτου
503 3810 854 3879 πειθομένους
892 3811 1061 3879 νόμῳ,
1111 3810 1250 3878 πλὴν
1293 3811 1340 3862 εί
1385 3813 1458 3878 μὴ
1509 3812 1704 3881 φόρους
1761 3829 1847 3864 τε-

278 3902 448 3954 λοῖεν.
474 3902 629 3953 Δοκεῖ
652 3901 707 3953 δὲ
740 3903 1042 3969 συγχωρεῖν
1102 3901 1196 3954 καὶ
1243 3900 1310 3953 τὰ
1345 3901 1656 3970 σοδομιτικὰ
1691 3902 1748 3954 έν
1793 3919 1853 3956 τε

283 3990 513 4059 ἀνδράσι
536 3990 627 4042 καὶ
671 3988 936 4056 γυναιξὶν,
965 3989 1021 4040 ὲν
1053 3987 1130 4057 τῷ
1169 3989 1296 4056 περὶ
1353 3989 1454 4056 τῆς
1503 3988 1623 4057 βοὸς
1679 4006 1851 4058 κεφα-

283 4079 444 4149 λαίῳ·
498 4079 644 4131 simi.
675 4080 722 4131 οί
754 4077 940 4130 τοῦτον
967 4076 1334 4146 διαδεξάμενοι
1374 4078 1547 4132 ταῦτα
1599 4080 1854 4148 σεμνοτέ-

287 4185 416 4240 ραις
473 4171 615 4220 τισὶν
664 4168 956 4238 ἑξηγήσεσι
1016 4167 1511 4235 συγκαλύπτουσιν.
1563 4169 1626 4222 '0
1647 4171 1703 4222 δὲ
1747 4172 1855 4234 πᾶς

284 4260 480 4312 τούτου
512 4263 710 4321 σκοπός
734 4260 902 4323 ἔστιν,
957 4258 1230 4327 ἀποκόψαι
1273 4259 1372 4326 μὲν
1437 4260 1544 4312 πᾶν
1591 4261 1726 4329 ὅπερ
1786 4261 1853 4315 ἂν

289 4352 554 4421 μέγακαὶ
600 4350 796 4419 σεμνὸν
849 4351 908 4402 ὲν
961 4352 1026 4419 τῇ
1091 4351 1294 4412 πίστει,
1380 4351 1475 4402 καὶ
1515 4351 1838 4420 δυσχέρειαν

1964 3186 2108 3240 bello
2130 3185 2354 3254 capiens
2384 3191 2568 3252 posset
2595 3181 2852 3242 educare,
2887 3189 2942 3234 et
2971 3180 3202 3232 aliorum
3228 3192 3423 3232 uxores
3445 3177 3526 3230 in-

1957 3277 2277 3330 differenter
2315 3289 2531 3342 capere,
2569 3272 2854 3326 haereticos
2885 3270 3181 3325 Nicolaitas
3221 3270 3275 3322 in
3309 3269 3394 3322 his
3435 3284 3526 3322 se-

1957 3381 2153 3435 quens.
2187 3363 2388 3418 Omnes
2418 3372 2600 3415 autem
2663 3361 2795 3415 dicit
2844 3371 3098 3429 oportere
3131 3361 3388 3425 interimi,
3428 3362 3523 3429 qui

1957 3456 2086 3509 huic
2121 3455 2224 3520 legi
2277 3469 2386 3507 non
2431 3453 2836 3522 obtemperant,
2871 3452 2976 3505 nisi
3035 3449 3237 3504 tributa
3285 3452 3518 3504 solvant.

1955 3543 2299 3612 Videturque
2327 3542 2628 3597 concedere
2653 3541 2984 3596 Sodomitica
3015 3541 3066 3593 in
3093 3539 3224 3594 viris
3243 3551 3300 3594 et
3327 3542 3522 3595 mulie-

1957 3635 2104 3688 ribus
2135 3673 2150 3697 ,
2210 3633 2264 3686 in
2296 3633 2534 3702 capitulo
2577 3631 2645 3686 de
2696 3645 2857 3684 vacca
2909 3630 3011 3700 ('2),
3057 3629 3158 3683 etsi
3190 3630 3350 3698 hujus
3397 3645 3523 3686 suc-

1935 3720 2198 3780 cessores
2230 3724 2348 3778 haec
2403 3721 2813 3776 honestioribus
2847 3719 3278 3788 expositionibus
3323 3735 3523 3791 coope-

1959 3811 2126 3864 riant.
2186 3810 2358 3880 Hujus
2411 3819 2593 3863 autem
2647 3808 2825 3862 omnis
2877 3808 3106 3862 intentio
3149 3818 3232 3863 est
3275 3824 3521 3863 resecare

1956 3900 2222 3970 quidquid
2251 3909 2372 3954 erat
2404 3897 2637 3952 arduum
2686 3899 2740 3950 in
2776 3897 3071 3962 credendo,
3117 3907 3172 3951 et
3202 3897 3418 3952 dillicile
3464 3900 3522 3951 in

1957 3990 2274 4060 operando;
2329 3989 2630 4042 concedere
2683 3998 2867 4042 autern
2902 4003 3062 4041 omne
3114 3987 3182 4040 ad
3216 3988 3359 4056 quod
3399 4003 3522 4056 pro-

1959 4083 2084 4135 clivi
2120 4091 2300 4143 erant,
2330 4096 2451 4150 qua:
2480 4079 2838 4148 prmsentibus
2863 4079 3173 4148 capiuntur,
3208 4086 3263 4132 et
3288 4080 3524 4132 maxime

1958 4173 2191 4226 aliorum
2227 4171 2432 4224 Arabes
2457 4212 2469 4230 ,
2499 4170 2680 4240 gulam
2707 4169 2998 4231 videlicet,
3041 4170 3314 4236 rapinam,
3347 4178 3403 4220 et
3435 4169 3520 4220 in-

1963 4261 2404 4330 temperantiam.
2445 4257 2516 4312 De
2558 4257 2852 4310 virtutibus
2885 4268 3109 4316 autem,
3154 4259 3297 4310 sicut
3339 4255 3519 4308 humi-

1960 4352 2137 4414 litate,
2170 4349 2454 4419 patientia,
2508 4363 2665 4416 pacc,
2709 4347 3068 4408 continentia,
3107 4356 3202 4398 aut
3253 4347 3306 4399 in
3339 4349 3522 4415 proxi-

285 4446 411 4513 ἔχον
433 4445 491 4495 ὲν
512 4443 590 4512 τῷ
616 4441 1048 4512 κατορθωθῆναιο
1097 4440 1451 4510 συγχωρῆσαι
1479 4441 1535 4492 δὲ
1579 4445 1705 4505 πᾶν,
1758 4443 1848 4510 ἐφ’

1961 4459 2105 4495 mum
2136 4441 2424 4501 charitale,
2463 4439 2542 4492 vel
2600 4437 2666 4492 de
2708 4447 2952 4492 extremo
3008 4438 3112 4490 ﬁne
3151 4438 3311 4499 nihil,
3350 4447 3407 4490 ut
3449 4437 3519 4491 ita

285 4535 424 4602 ὅπερ
457 4533 524 4585 ἂν
549 4533 864 4602 ἐπιρρεπεῖς
895 4523 1027 4582 ὦσιν
1067 4530 1114 4580 ot
1145 4531 1255 4589 τοῖς
1290 4529 1528 4599 παροῦσι
1569 4532 1852 4600 προσηλω-

291 4624 470 4693 μένοι,
514 4625 608 4678 καὶ
637 4621 871 4692 μάλιστα
902 4621 1010 4672 τῶν
1041 4618 1215 4671 ἄλλων
1236 4621 1284 4670 οί
1337 4619 1594 4686 Ἄραϐες,
1626 4638 1850 4691 γαστρι-

290 4713 532 4784 μαργίαν
559 4712 822 4780 δηλονότι,
872 4710 1146 4778 ἁρπαγὴν,
1211 4709 1305 4759 καὶ
1357 4708 1669 4761 ἀκολασίαν.
1722 4712 1853 4780 Περὶ

284 4806 345 4855 δὲ
374 4803 482 4854 τῶν
505 4801 733 4868 ἀρετῶν,
758 4793 867 4851 οἷον
897 4797 1412 4863 ταπεινοφροσύνης,
1450 4797 1850 4866 μακροθυμίας,

285 4895 535 4964 εἰρήνης,
583 4892 928 4959 ἐγκρατείας,
959 4887 1116 4958 ἣτῆς
1167 4887 1246 4947 είς
1295 4887 1384 4937 τὸν
1423 4888 1649 4956 πλησίον
1685 4891 1850 4955 ,ἀγέμ

284 5003 421 5056 πης,
453 4983 484 5053 ἢ
507 4983 600 5036 τοῦ
628 4981 855 5050 ἐσχάτου
877 4980 1087 5039 τέλους,
1109 4977 1262 5030 οὐδὲν
1296 4976 1609 5045 ίὼς,εἰπεῖν)
1643 4980 1852 5044 ἀξιόλο-

285 5071 586 5144 γονεῖπεν.
628 5074 716 5136 Ὦς
765 5073 830 5125 ἂν
883 5074 936 5126 δὲ
991 5071 1049 5124 τὸ
1106 5069 1233 5138 περὶ
1285 5073 1488 5124 τούτων
1546 5070 1656 5122 τῶν
1691 5071 1853 5122 αὐτοῦ

282 5166 480 5235 ψεῦδος
535 5166 608 5235 μὴ
642 5165 835 5235 ῥᾳδίως
867 5165 1158 5234 ἐλέγχοιτο,
1193 5165 1276 5218 διά
1316 5181 1373 5215 τε
1403 5163 1502 5229 τῆς
1556 5161 1854 5230 Παλαιᾶςῆ

287 5259 494 5325 Καινῆς
515 5257 842 5325 Διαθήκη;,ῆ
875 5259 968 5308 καὶ
1006 5256 1071 5306 δι’
1098 5250 1169 5307 ὧν
1193 5254 1435 5322 ἔγραψαν
1461 5256 1510 5303 oi
1563 5253 1853 5320 φιλοσοφῇ-

288 5365 511 5412 σαντες,
541 5350 600 5398 ἐν
628 5343 711 5409 οἷς
740 5355 831 5398 καὶ
864 5347 1017 5398 αὐτοὶ
1045 5345 1169 5414 περί
1201 5363 1258 5395 τε
1286 5344 1482 5412 ἀρετῆς
1514 5342 1608 5394 καὶ
1653 5344 1782 5393 κακί
1822 5358 1850 5404 ς

287 5443 380 5494 καὶ
413 5440 507 5491 τοῦ
559 5440 787 5507 ἐσχάτου
817 5437 1001 5497 τέλους
1031 5434 1299 5497 διέλαϐον,
1361 5433 1528 5502 μηδὲν
1582 5433 1848 5501 μηδαμῶς

360 5582 436 5647 (1)
489 5579 602 5633 Non
633 5580 943 5647 ()rigenetu.
975 5577 1067 5631 sed
1109 5573 1342 5647 perﬁdos
1373 5572 1689 5637 haereticos,
1716 5574 1849 5627 abu-

215 5657 222 5668 ‘
291 5646 467 5705 tentes
500 5651 717 5703 nomine
737 5646 1068 5701 sanctissuni
1094 5646 1216 5698 viri.

362 5725 433 5787 (2!;
481 5721 740 5772 \';deutur
771 5718 1059 5770 violentius
1087 5716 1251 5768 verba
1296 5710 1648 5768 Machumetis
1683 5725 1847 5778 expo—

1951 4534 2127 4585 dicam
2158 4573 2172 4593 ,
2211 4529 2388 4598 pretio
2421 4528 2643 4597 dignum
2684 4526 2840 4582 dixit.
2878 4525 2946 4581 Ut
2979 4535 3158 4580 autem
3204 4527 3423 4594 aliquod
3453 4528 3520 4579 de

1952 4625 2038 4676 his
2066 4622 2402 4676 mendacium
2437 4636 2543 4673 non
2573 4621 2726 4674 facile
2758 4629 3079 4690 argueretur
3110 4634 3206 4687 per
3238 4616 3407 4672 Vetus
3438 4617 3522 4670 vel

1953 4717 2165 4770 Novum
2199 4713 2629 4776 Testauzenttun,
2671 4711 2752 4764 vel
2785 4720 2840 4765 et
2877 4725 2971 4778 per
3009 4725 3073 4763 ea
3126 4703 3246 4776 qua:
3278 4707 3516 4775 philoso-

1958 4809 2191 4875 phantes
2227 4806 2590 4873 scripserunt,
2637 4804 2688 4854 in
2738 4802 2939 4870 quibus
2987 4809 3040 4852 et
3074 4799 3174 4867 ipsi
3217 4799 3282 4850 de
3313 4799 3514 4850 virtute

1955 4909 2008 4952 et
2061 4898 2196 4952 vitio
2227 4907 2280 4950 et
2325 4907 2569 4949 extremo
2605 4895 2709 4946 ﬁne
2753 4900 3144 4952 tractaverunt,
3174 4890 3308 4942 nihil
3352 4889 3514 4957 quid-

1954 5005 2117 5059 quam
2153 4987 2256 5040 ﬁde
2287 4987 2510 5055 dignum
2533 5000 2650 5037 esse
2679 4984 2860 5048 jussit,
2892 4981 3033 5049 quod
3065 4982 3168 5049 legi
3203 4980 3269 5032 ab
3300 4996 3362 5032 cu
3394 4981 3513 5032 latae

1956 5080 2291 5132 contrarium
2323 5084 2490 5128 esset.
2533 5074 2863 5142 lutcritnque
2912 5071 3225 5133 mandavit,
3258 5071 3350 5139 qui
3385 5085 3517 5120 con-

1959 5167 2185 5220 lra:iuiu
2235 5164 2454 5231 aliquod
2512 5162 2636 5214 huic
2691 5161 2873 5213 dicere
2931 5161 3233 5222 auderent,
3281 5157 3520 5226 graviori

1959 5271 2115 5327 poena
2182 5254 2362 5324 plecti.
2394 5251 2511 5322 Ipse
2559 5260 2737 5304 autem
2774 5249 3096 5303 Psalterium
3123 5259 3177 5303 et
3223 5250 3356 5302 alius
3391 5263 3516 5314 pru-

1959 5349 2148 5418 phctas
2171 5346 2324 5399 valde
2354 5342 2614 5408 laudavit,
2645 5353 2698 5395 et
2718 5342 2880 5394 multa
2904 5341 2967 5395 de
2995 5358 3058 5394 eo
3084 5342 3215 5394 dicit
3238 5340 3520 5392 Christum

1957 5437 2308 5488 vaticinatum
2343 5449 2461 5487 esse
2541 5433 2594 5486 iu
2651 5432 2943 5501 Evangelii)
3000 5431 3124 5483 ﬁliis
3167 5428 3352 5488 Israel,
3385 5445 3516 5480 cum

1955 5579 2080 5636 sita.
2120 5577 2235 5630 zelo
2273 5577 2494 5645 quidem
2531 5591 2630 5645 pro
2668 5574 2772 5628 ﬁde
2802 5570 3129 5634 Christiana,
3169 5568 3261 5622 sed
3283 5583 3394 5620 non
3429 5582 3520 5621 se-

1957 5648 2194 5700 cundum
2229 5648 2534 5701 scientiam.
