3862 6220
317 329 456 394 Ῑῦἱθ
529 385 538 392 .

1580 348 1881 408 CONTRA
1945 323 2454 408 iuAHOME'rEM.

3404 345 3542 411 1050

311 450 638 520 ἀνθρωπινῳ
691 451 767 522 νῷ
823 435 1034 519 ἐξισοῦν
1093 459 1191 530 τὴν
1248 461 1392 514 θείαν
1445 463 1866 530 μεγαλειότητα,

1974 471 2102 526 teni,
2129 471 2183 516 et
2205 463 2513 516 existimare
2549 462 2695 514 illam
2745 475 2852 514 non
2893 475 3039 527 esse,
3065 468 3357 531 propterea
3393 462 3543 534 quod

312 542 407 597 καὶ
435 544 676 613 νομίζειν
701 546 916 617 ἐκείνην
960 551 1034 621 μὴ
1069 548 1229 609 εἶναι,
1263 553 1348 605 διὰ
1381 553 1438 605 τὸ
1491 554 1564 622 μὴ
1612 552 1870 604 δύνασθαι

310 635 529 697 τούτους
561 639 700 690 νοεῖν
748 639 848 710 τὴν
888 641 995 694 τῶν
1039 643 1347 710 προσώπων
1376 645 1671 713 διάκρισιν,
1698 646 1869 713 χωρὶς

308 727 404 778 τοῦ
456 726 751 798 διακρίνειν
807 733 900 782 καὶ
940 733 1040 800 τὴν
1091 735 1298 788 οὐσίαν.
1335 735 1476 789 Ἀλλ’
1534 736 1642 788 οὐδ’
1695 735 1869 799 οὕτως

314 818 569 887 ἰσχυροὺς
607 819 793 889 ἔχουσι
847 822 1040 888 λόγους
1088 826 1228 895 πρὸς
1271 825 1452 891 τοῦτο,
1504 827 1598 890 οὓς
1649 827 1750 880 οῦκ
1803 827 1871 880 ἂν

307 909 606 978 δυναίμεθα
643 912 790 968 λύειν
844 918 1058 986 ῥᾳδίως.
1093 918 1262 973 Τοῦτο
1305 921 1486 973 τοίνυν
1541 921 1702 988 ἀρκεῖ
1736 919 1872 986 πρὸς

308 1000 608 1068 ἀπολογίαν
654 1003 752 1072 τῆς
791 1005 1046 1071 πίστεως.
1079 1009 1286 1062 Ἐκεῖνο
1319 1010 1374 1063 δὲ
1416 1010 1497 1064 δεῖ
1540 1012 1742 1080 μᾶλλον
1774 1010 1872 1062 αῦ-

307 1092 436 1153 sab;
467 1093 740 1146 ἀπαιτεῖν⁴
765 1096 829 1146 Τί
852 1095 1103 1165 βούλεται
1124 1100 1183 1152 τὸ
1209 1100 1340 1170 παρ’
1375 1100 1559 1161 αὐτοῖς
1597 1100 1866 1166 ’Δλκορά-

309 1198 436 1243 νον,
489 1182 617 1235 ὅταν
668 1187 1002 1266 τοσαυτάκις
1055 1190 1252 1259 εἰσάγῃ
1307 1188 1680 1260 πληθυντικῶς
1743 1192 1870 1257 περὶ

311 1270 508 1324 ἑαυτοῦ
546 1273 926 1340 διαλεγόμενον
980 1277 1069 1327 τὸν
1110 1277 1278 1339 Θεὸν,
1327 1279 1504 1330 καίτοι
1549 1294 1609 1344 γε
1665 1277 1870 1330 ἁπλοῦν

308 1366 439 1417 ὄντα
486 1365 578 1418 καὶ
623 1354 757 1430 Eva;
789 1366 962 1419 Τοῦτο
1010 1369 1055 1420 δ’
1101 1370 1431 1439 ἀπαιτητέον
1491 1371 1723 1432 αὐτοὺς,
1781 1370 1868 1421 ἴνα

307 1455 730 1522 ἀναγκασθῶσιν
774 1459 1007 1526 ἀριθμὸν
1045 1460 1101 1509 ἐν
1143 1462 1253 1520 τοῖς
1312 1461 1620 1528 προσώποις
1673 1462 1868 1528 ὁμολο-

308 1548 457 1614 γεῖνί
486 1547 614 1613 Περὶ
647 1547 701 1599 δὲ
734 1547 827 1600 τοῦ
866 1549 966 1616 τῆς
997 1548 1320 1616 σαρκώσεως
1377 1552 1700 1618 μυστηρίου,
1733 1552 1867 1621 ὅπερ

307 1640 463 1692 αὐτοὶ
492 1640 588 1708 μὲν
614 1641 900 1708 ἀρνοῦνται
938 1643 1300 1706 παντάπασιν,
1343 1645 1501 1712 ἡμεῖς
1524 1644 1578 1695 δὲ
1609 1647 1874 1696 πιστεύω-

311 1744 416 1794 μεν
457 1730 572 1790 ταῖς
611 1730 992 1796 εὐαγγελικαῖς
1031 1732 1289 1800 ἑπόμενοι
1320 1735 1536 1802 ῥήσεσι,
1577 1734 1660 1786 δεῖ
1688 1734 1869 1802 ζητεῖν

309 1819 370 1882 ἑξ
403 1819 604 1882 αὐτῶν,
635 1820 798 1872 πόθεν
830 1823 1008 1873 ἴσασιν
1037 1821 1110 1883 ὡς
1146 1822 1407 1876 ἀδύνατον
1444 1824 1533 1877 τδν
1567 1824 1698 1875 Θεὸν
1733 1841 1867 1893 σαρ-

309 1908 572 1976 κωθῆναι.
609 1913 679 1963 ’Ἠ
712 1912 819 1978 γὰρ
862 1914 941 1964 ὅτι
989 1913 1062 1983 μὴ
1091 1914 1394 1984 δεδύνηται,
1429 1917 1522 1968 καὶ
1570 1915 1717 1968 τοῦτ’
1756 1917 1872 1966 ἐστὶ

307 1997 536 2066 ψεῦδος·
586 2001 985 2069 παντοδύναμος
1035 2006 1140 2072 γὰρ
1182 2004 1276 2065 ὢν,
1314 2007 1490 2059 πάντα
1540 2007 1785 2069 δύναται,
1815 2008 1874 2058 ἐν

307 2087 459 2146 ὅσοις
483 2087 581 2138 οὐκ
608 2087 753 2139 ἐστιν
775 2089 1061 2157 ἀντίφασις
1081 2106 1096 2121 ο
1137 2091 1166 2159 ἦ
1203 2091 1282 2144 ὅτι
1315 2092 1389 2162 μὴ
1422 2091 1687 2160 ἠπίστατο
1716 2093 1874 2144 τοῦτο

310 2175 560 2242 ποιῆσαι,
594 2179 685 2229 καὶ
727 2178 896 2240 οὕτως
952 2181 1086 2248 ἕπερ
1120 2183 1212 2233 καὶ
1267 2183 1569 2250 πρότερον*
1605 2181 1636 2250 ἦ
1675 2181 1756 2234 ὃτῐ
1799 2183 1870 2250 μὴ

312 2267 671 2339 βεϐούληται·
716 2273 805 2323 καὶ
850 2274 928 2335 τίς
979 2274 1144 2326 αὐτοῦ
1196 2274 1500 2343 σύμϐουλος
1548 2276 1870 2346 γέγονενςῆ

309 2358 596 2429 δεδύνηται
654 2363 775 2431 μὲν,
809 2361 994 2430 ἅσπερ
1034 2364 1129 2418 καὶ
1172 2365 1324 2436 ἥλιον
1357 2367 1615 2419 ἐλάττονα
1647 2367 1739 2419 τοῦ
1780 2365 1874 2419 νῦν

309 2449 467 2512 ὃντος
508 2453 756 2519 ποιῆσαι,
794 2455 886 2505 καὶ
935 2455 1183 2522 μείζονα,
1220 2456 1281 2507 ού
1323 2457 1591 2526 πεποίηκε
1642 2458 1731 2521 δὲ,
1778 2458 1874 2511 καὶ

307 2543 423 2595 τότ’
452 2545 784 2611 ἀπαιτητέον
824 2547 1006 2605 αὐτοῖς
1065 2546 1336 2612 ἀπόδειξιν
1372 2547 1584 2601 τούτου.
1623 2547 1793 2602 Τοῦτο
1829 2549 1872 2601 δ’

308 2633 497 2695 αὐτοῖς
534 2634 914 2687 ἀποδεικνύναι
958 2635 1236 2699 ἀδύνατον,
1281 2637 1362 2688 ὅτι
1400 2637 1473 2706 μὴ
1525 2638 1872 2708 σεσάρκωται

308 2724 572 2791 δηλονότι.
617 2725 752 2795 Περὶ
789 2725 843 2777 δὲ
863 2727 960 2794 τῆς
986 2725 1238 2796 θεότητος
1273 2727 1367 2779 τοῦ
1396 2728 1633 2798 Χριστοῦ
1676 2733 1872 2799 χρῆται

312 2815 421 2885 μὲν
455 2816 722 2880 ἀποδείξει
745 2819 773 2869 ὀ
799 2817 1064 2884 λίωόιξιεθ,
1088 2819 1168 2871 ὅτι
1206 2819 1340 2887 μηδὲ
1363 2822 1388 2872 ὁ
1412 2820 1648 2890 Χριστὸς
1680 2820 1874 2875 ἑαυτὸν

309 2905 468 2961 εἶπεν
496 2905 631 2961 εἶναι
661 2909 825 2963 Θεόν⁶
859 2910 973 2962 ἀλλ’
1017 2911 1163 2963 είκαὶ
1203 2913 1307 2980 πρδ
1357 2910 1456 2981 τῆς
1527 2912 1875 2976 ἀναστάσεως

307 3002 414 3052 οὐκ
464 3000 630 3069 ἔφησε
664 3001 819 3053 τοῦτο
867 3003 999 3071 περὶ
1057 3003 1254 3055 ἑαυτοῦ
1302 3003 1620 3076 διαρρήδην,
1669 3005 1872 3068 ἱκανῶς

1974 553 2026 606 hi
2045 568 2149 606 non
2169 563 2395 622 possunt
2424 553 2722 621 intelligere
2754 566 3110 621 personarum
3129 552 3544 618 discretionem,

1970 645 2175 713 absque
2195 660 2304 713 quo
2334 654 2388 698 et
2409 645 2699 698 essentiam
2734 645 3063 697 discernant.
3101 645 3205 700 Sed
3242 660 3419 715 neque
3457 646 3537 700 sic

1971 731 2138 786 fortes
2172 732 2410 785 rationes
2445 731 2652 785 habent
2692 732 2757 782 ad
2791 731 2914 789 hoc,
2948 744 3084 796 quas
3127 745 3232 781 non
3268 729 3540 798 possimus

1971 823 2202 877 solvere.
2233 823 2344 877 Hoc
2371 822 2535 893 igitur
2564 821 2760 876 suflieit
2787 820 2850 874 ad
2885 819 3254 874 defensionem
3287 819 3432 874 fidei.
3471 820 3540 873 ll-

1972 911 2062 964 lud
2083 921 2265 966 autem
2288 920 2507 978 oportet
2537 911 2717 979 potius
2742 909 2809 964 ab
2860 910 2940 964 eis
2963 917 3146 978 petere
3176 928 3189 962 :
3221 909 3364 974 Quid
3422 909 3541 964 vult

1971 1001 2296 1055 Alcoranum
2325 1001 2469 1070 apud
2500 1015 2618 1065 eos,
2640 1000 2857 1069 quando
2881 1001 3042 1054 toties
3066 999 3454 1055 inducitDeum
3472 1002 3539 1054 de

1969 1090 2150 1158 seipso
2173 1091 2454 1158 pluraliter
2482 1093 2812 1160 loquentem,
2829 1104 2952 1144 cum
2970 1089 3198 1158 simplex
3217 1090 3287 1145 sit
3302 1101 3356 1144 et
3374 1091 3542 1144 unus?

1974 1180 2084 1234 Hoc
2110 1192 2289 1235 autem
2313 1196 2406 1234 eos
2439 1181 2751 1250 petendum.
2791 1190 2848 1234 ut
2873 1189 3137 1254 cogantur
3172 1197 3458 1236 numerum
3481 1183 3536 1236 in

1971 1272 2220 1339 personis
2245 1271 2513 1325 confiteri.
2542 1273 2614 1324 De
2642 1272 2898 1342 mysterio
2918 1283 3098 1325 autem
3126 1273 3537 1336 incarnationis,

1970 1363 2113 1430 quod
2154 1362 2253 1430 ipsi
2279 1364 2496 1430 quilem
2527 1374 2726 1432 negant
2761 1364 3008 1426 omnino,
3027 1382 3128 1418 nos
3149 1376 3329 1419 autem
3358 1367 3538 1420 credi-

1972 1469 2112 1514 mus,
2133 1461 2421 1523 sequentes
2439 1457 2745 1522 evangelica
2779 1455 2938 1517 dicta,
2961 1465 3176 1522 oportet
3201 1472 3444 1525 qua-rere
3472 1457 3540 1510 ah

1970 1545 2050 1599 eis
2079 1543 2222 1598 unde
2248 1544 2420 1597 sciant
2439 1543 2582 1611 quod
2609 1543 2948 1613 impossibile
2981 1555 3060 1598 est
3089 1544 3257 1598 Deum
3286 1545 3539 1599 incarna.

1973 1645 2084 1689 tum
2120 1635 2308 1689 fuisse.
2337 1635 2433 1690 Vel
2488 1635 2633 1688 enim
2673 1634 2818 1704 quod
2856 1651 2963 1689 non
3020 1637 3218 1704 potuit,
3239 1646 3295 1690 et
3327 1637 3430 1691 hoc
3458 1648 3546 1692 est

1975 1724 2186 1780 falsum.
2220 1724 2580 1794 Omnipotens
2603 1726 2748 1778 enim
2773 1741 2896 1779 cum
2924 1727 3016 1787 sit,
3046 1729 3229 1782 omnia
3260 1738 3456 1797 potest,
3487 1732 3540 1784 in

1975 1819 2174 1887 quibus
2198 1834 2303 1871 non
2335 1829 2416 1872 est
2465 1818 2951 1873 contradictioNel
2977 1821 3120 1888 quod
3157 1821 3385 1875 nescivit
3437 1822 3540 1875 hoc

1975 1903 2171 1966 facere,
2195 1915 2250 1958 et
2297 1907 2377 1960 sic
2405 1906 2547 1975 quod
2589 1915 2639 1960 et
2671 1907 2843 1974 prius.
2881 1905 2971 1962 Vel
3021 1908 3166 1977 quod
3216 1911 3409 1964 noluit.
3473 1911 3542 1964 Et

1972 1995 2095 2062 quis
2117 1997 2235 2064 ejus
2261 1999 2546 2052 consultor
2572 1997 2713 2052 fuit?
2738 1995 2837 2053 Vel
2872 2010 3051 2053 autem
3088 2001 3264 2070 potuit
3293 2002 3538 2070 quidem,

1972 2088 2114 2140 sicut
2169 2089 2336 2142 solem
2385 2090 2650 2143 minorem
2698 2106 2857 2158 quam
2919 2107 3065 2144 nunc
3106 2092 3434 2156 est‘faccre,
3486 2105 3542 2148 et

1973 2179 2256 2247 majorem,
2295 2191 2470 2235 tamen
2509 2197 2616 2236 non
2675 2183 2824 2237 fecit.
2857 2183 2924 2238 Et
2956 2191 3084 2236 tunc
3125 2185 3416 2252 petendum
3445 2201 3542 2240 eos

1973 2267 2493 2327 demonstrationem
2553 2274 2718 2344 hujus
2783 2273 2935 2339 dare,
2970 2273 3114 2342 quod
3167 2290 3273 2327 non
3327 2273 3540 2329 fecerit.

1977 2367 2088 2425 llne
2125 2377 2307 2424 autem
2364 2368 2444 2422 eis
2479 2367 2858 2420 demonstrare
2886 2377 2968 2421 est
3012 2367 3367 2435 impossibile,
3394 2366 3540 2436 quod

1974 2477 2150 2529 neque
2174 2460 2491 2512 incarnatus
2518 2467 2600 2511 est
2634 2457 2904 2534 videlicet.
2937 2457 3010 2510 De
3045 2456 3332 2512 divinitate
3357 2468 3539 2510 autem

1972 2550 2177 2606 Christi
2211 2552 2384 2603 utitur
2416 2547 2636 2616 quidem
2675 2547 3144 2602 demonstratione
3179 2547 3540 2610 Mahometus,

1975 2643 2117 2711 (μιοά
2178 2656 2356 2711 neque
2405 2638 2652 2695 Christus
2706 2639 2946 2707 seipsum
3010 2638 3144 2692 dixit
3185 2653 3304 2692 esse
3347 2639 3540 2693 Deum.

1981 2733 2082 2787 Sed
2111 2733 2212 2788 etsi
2279 2742 2402 2786 ante
2451 2731 2908 2787 resurrectionem
2956 2746 3064 2784 non
3097 2730 3236 2783 dixit
3270 2730 3338 2783 de
3361 2730 3543 2800 seipso

1976 2825 2077 2878 hoc
2116 2825 2289 2894 palam
2335 2825 2434 2886 (l),
2468 2822 2798 2877 sufﬁcienter
2855 2832 3035 2874 tamen
3074 2822 3176 2874 hoc
3213 2821 3432 2890 aperuit
3456 2821 3536 2874 di-

1975 2933 2102 2970 cens
2133 2934 2144 2967 :
2174 2934 2190 2965 ι
2231 2915 2347 2984 Ego
2383 2914 2736 2983 principium,
2767 2912 2858 2980 qui
2913 2919 2968 2966 et
3025 2913 3213 2980 loquor
3254 2911 3408 2966 vobis
3437 2913 3481 2968 '.
3517 2931 3537 2964 ι

1978 3008 2043 3061 lit
2080 3006 2300 3060 Petrum
2347 3002 2771 3066 conmendavit,
2827 3002 2972 3071 quod
3018 3004 3194 3073 palam
3231 3003 3352 3059 hoc
3384 3005 3542 3068 dixit,

315 3094 500 3159 μέντοι
537 3093 698 3146 τοῦτο
731 3095 971 3164 ῄνέξατο,
1007 3095 1202 3162 λέγων,
1243 3114 1260 3146 ι
1314 3096 1514 3165 Ἐγὼή
1555 3096 1717 3166 ἀρχὴ.
1751 3097 1872 3168 ἥτις

1976 3095 2162 3149 dicens
2195 3111 2210 3150 :
2244 3113 2261 3144 ι
2304 3092 2498 3147 Beatus
2522 3108 2580 3146 es
2612 3093 2801 3146 Simon
2851 3093 3137 3158 Bar-Jona,
3174 3095 3300 3164 quia
3331 3109 3458 3148 caro
3486 3105 3542 3149 et

310 3180 407 3232 καὶ
434 3180 575 3231 λαλῶ
616 3182 764 3247 ύμῖν.
798 3201 814 3232 ι
855 3182 960 3233 Καὶ
1012 3183 1103 3235 τὸν
1154 3183 1358 3251 Πέτρον
1398 3183 1696 3247 ἀπεδέξατο
1725 3185 1875 3254 διαρο

313 3272 486 3343 ρήδην
526 3272 684 3325 τοῦτο
723 3275 965 3336 εἰπόντα,
995 3275 1190 3342 λέγων,
1223 3293 1241 3326 ι
1274 3277 1560 3340 Μακάριος
1589 3271 1656 3335 εἴ,
1696 3277 1874 3342 Σίμων

310 3366 430 3434 ωρ
473 3367 648 3424 Ἰωνᾶ.
676 3369 758 3420 ὅτι
787 3368 919 3437 σὰρξ
957 3369 1049 3420 καὶ
1088 3363 1227 3435 αἷμα
1274 3369 1372 3421 οὐκ
1404 3367 1719 3435 ἀπεκάλυψὲ
1768 3385 1872 3430 σοι,

307 3455 477 3508 ἀ).λ’ὀ
518 3459 705 3525 Πατήρ
751 3474 873 3523 μου.
915 3475 932 3507 ι
979 3458 1074 3510 καὶ
1103 3458 1168 3510 τὰ
1200 3457 1357 3508 λοιπά
1413 3458 1589 3517 Aiaci);
1612 3458 1668 3509 δὲ
1707 3472 1874 3523 φανε-

311 3547 424 3618 ρῶς
453 3548 552 3598 οὐκ
575 3549 808 3617 ἠθέλησε
838 3549 995 3601 τοῦτο
1027 3553 1222 3611 εἰπεῖν,
1257 3550 1340 3601 διὶ
1380 3552 1436 3602 τὸ
1471 3551 1874 3618 κεκρυμμένως

305 3640 508 3702 ἐλθεῖν,
539 3639 627 3692 ἵνα
658 3644 917 3708 φρονήσει
956 3642 1046 3693 καὶ
1073 3640 1421 3702 ταπεινώσει,
1453 3641 1565 3692 ἀλλ’
1593 3642 1690 3692 οὐκ
1724 3641 1874 3707 ἰσχύϊ

307 3730 513 3800 νικήσῃ
559 3729 650 3780 τὸν
704 3728 988 3797 ἄνθρωπον
1042 3731 1341 3798 νικήσαντα
1403 3733 1724 3802 πανουργίᾳ.
1775 3731 1874 3783 Δια

305 3819 504 3871 τοῦτον
551 3819 730 3872 τοίνυν
767 3821 1046 3886 τὸνλόγον
1093 3822 1199 3890 πρὸ
1242 3822 1340 3890 τῆς
1397 3822 1744 3884 ἀναστάσεως
1772 3822 1872 3874 οὐκ

306 3912 533 3978 εἴρηκεν
580 3913 606 3961 ὁ
662 3911 895 3979 Χριστὸς
949 3913 1076 3979 περὶ
1127 3911 1321 3963 ἑαυτοῦ
1373 3911 1689 3981 διαρρήδην,
1741 3911 1873 3974 Θεός

306 4003 432 4068 ειμι
456 4017 470 4030 ·
507 4003 629 4053 καθ’
658 4002 715 4053 ὃν
745 4002 852 4053 οὐδ’
884 4003 950 4054 ἂν
983 4002 1168 4062 ἁλιεὺς
1205 4005 1459 4068 προείποι
1502 4005 1613 4066 τοῖς
1653 4002 1873 4071 ὲχθύσιν

297 4093 850 4162 ’ἀνακεκαλυμμένως
890 4095 993 4146 ὑπὸ
1025 4096 1126 4163 τὴν
1159 4096 1364 4164 τροφὴν
1398 4090 1541 4146 εἶναι
1571 4095 1630 4145 τὸ
1655 4094 1868 4161 δέλεαρ,

309 4185 516 4238 ύπδεδὲ
565 4188 624 4238 τε»
680 4187 870 4252 δέλεαρ
927 4183 1064 4237 εἶναι
1119 4187 1435 4255 ἄγκιστρον.
1472 4187 1626 4238 Μετὰ
1671 4185 1726 4237 δὲ
1775 4185 1872 4254 τὴν

307 4278 609 4330 ἀνάστασιν
648 4278 892 4347 φανερῶς
941 4278 1109 4341 ἔδειξε
1163 4275 1342 4340 τοῦτο,
1372 4276 1495 4338 δοὺς
1544 4276 1604 4327 τὸ
1647 4275 1872 4346 Πνεῦμα

308 4371 372 4423 τὸ
401 4371 573 4437 ἅγιον,
608 4371 700 4422 καὶ
749 4371 997 4434 ἐξουσίαν
1029 4369 1130 4439 τὴν
1161 4368 1256 4420 τοῦ
1308 4369 1524 4437 ἀφιέναι
1570 4370 1870 4437 ἁμαρτίας*

1977 3186 2198 3254 sanguis
2246 3202 2354 3238 non
2402 3187 2664 3239 revelavEt
2715 3185 2832 3246 tibi,
2865 3185 2959 3239 sed
2985 3184 3143 3239 Pater
3177 3200 3331 3240 meus
3349 3185 3392 3251 ⁸,
3427 3203 3445 3236 ι
3487 3194 3542 3240 et

1977 3277 2207 3344 reliqua.
2258 3275 2375 3343 lpse
2425 3282 2606 3328 autem
2641 3274 2928 3328 manifeste
2967 3274 3071 3329 hoc
3111 3275 3284 3329 noluit
3333 3275 3538 3342 dicere,

1979 3377 2263 3435 propterea
2314 3365 2460 3434 quod
2507 3365 2725 3420 occulte
2763 3365 2937 3426 venit,
2969 3373 3029 3418 ut
3061 3373 3116 3420 et
3163 3365 3453 3434 prudentia
3485 3375 3542 3419 et

1977 3456 2305 3520 humilitate,
2339 3463 2395 3509 et
2445 3471 2554 3508 nou
2605 3455 2657 3508 vi
2690 3456 2936 3510 vinceret
2966 3470 3116 3518 eum,
3139 3457 3232 3523 qui
3262 3454 3540 3508 hominem

1975 3548 2106 3602 vicit
2163 3547 2383 3602 astutia.
2428 3546 2657 3615 PrOpter
2708 3547 2849 3599 hanc
2894 3546 3059 3613 igitur
3090 3547 3378 3608 rationem,
3418 3554 3544 3599 ante

1974 3639 2433 3692 resurrectionem
2490 3653 2600 3690 non
2646 3636 2784 3690 dixit
2837 3635 3091 3690 Christus
3129 3635 3307 3705 palam
3335 3636 3401 3690 de
3437 3635 3546 3689 sei-

1975 3744 2090 3799 pso,
2127 3729 2267 3783 Deus
2315 3745 2456 3791 sum,
2487 3727 2788 3782 secundum
2844 3743 3005 3796 quam
3065 3730 3330 3782 rationem
3365 3742 3543 3794 neque

1974 3823 2210 3891 piscator
2242 3821 2486 3890 przedicit
2519 3821 2762 3891 piscThus
2803 3820 3124 3882 revelanter,
3151 3818 3253 3872 sub
3279 3819 3401 3872 cibo
3425 3834 3544 3872 esse

1973 3928 2176 3978 escam,
2207 3913 2307 3966 sub
2338 3927 2460 3968 esca
2489 3929 2608 3966 esse
2644 3913 2884 3966 hamum.
2913 3912 3040 3966 Post
3089 3912 3542 3966 resurrectionem

1973 4013 2154 4059 autem
2199 4004 2482 4059 manifeste
2537 4004 2642 4058 hoc
2677 4005 2933 4062 os:endit.
2960 4004 3168 4068 dicens,
3200 4003 3336 4057 dans
3369 4002 3543 4072 Spiri-

1974 4113 2087 4154 tum
2137 4106 2382 4151 sanetum
2436 4106 2487 4150 et
2529 4107 2854 4166 potestatem
2922 4096 3232 4151 dimittendi
3265 4107 3486 4166 peccata
3528 4113 3542 4149 :

1980 4203 1998 4236 ι
2045 4187 2288 4256 Accipite
2339 4185 2601 4256 Spiritum
2659 4196 3036 4251 sanetum,.et
3093 4201 3550 4256 quorumcumque

1975 4275 2292 4329 dimiseritis
2342 4286 2580 4344 peccata.
2612 4275 2964 4328 dimittuntur
3014 4275 3128 4341 eis;
3170 4291 3550 4344 quorumeun-

1975 4383 2082 4434 que
2127 4367 2483 4432 retinueritis,
2536 4378 2748 4421 retenta
2800 4377 2930 4421 sunt
2957 4369 3002 4428 ν,
3042 4385 3060 4417 ι
3099 4375 3154 4420 et
3193 4357 3442 4436 reliqua.
3480 4365 3549 4420 Et

309 4463 433 4514 ὅθεν
491 4457 648 4514 εἷπε·
695 4480 713 4513 ι
775 4462 984 4514 Λαύετε
1042 4459 1264 4529 Πνεῦμα
1315 4461 1486 4527 ἀγιον.
1566 4461 1667 4512 Ἀν
1706 4477 1872 4514 τινων

1981 4459 2217 4512 Thomas
2246 4473 2490 4528 quoque,
2517 4460 2691 4528 palam
2726 4459 3011 4512 confessus
3045 4469 3131 4514 est
3166 4459 3290 4524 hoc,
3316 4459 3548 4513 dicens:

315 4557 489 4622 ἀφῆτε
536 4556 635 4617 τὰς
691 4555 970 4623 ἀμαρτῖας
1024 4554 1274 4620 ἀφίενται
1327 4553 1552 4614 αὐτοῖς·
1603 4552 1667 4604 ἄν
1718 4569 1878 4607 τινων

312 4647 576 4713 κρατῆτε,
613 4645 1003 4713 κεκράτηνται,
1040 4662 1059 4694 ι
1101 4644 1196 4696 καὶ
1224 4644 1294 4696 τὰ
1322 4644 1507 4696 λοιπά.
1545 4645 1652 4696 Καὶ
1690 4647 1717 4698 ό
1763 4644 1880 4696 Θω-

311 4741 423 4805 μᾶς
475 4739 531 4790 δὲ
580 4736 878 4807 διαρρήδην
924 4734 1244 4806 ὡμολόγησε
1299 4737 1475 4800 τοῦτο,
1513 4733 1701 4799 εἰπὼν,
1753 4753 1772 4786 ι
1816 4735 1878 4788 '0

310 4829 518 4898 Κύρέος
550 4846 650 4896 μου
677 4829 769 4880 καὶ
797 4829 823 4878 ὁ
848 4828 978 4887 Θεὸς
1007 4844 1131 4896 μου.
1165 4845 1182 4877 ι
1216 4827 1513 4893 Δεδομὲνου
1536 4826 1590 4879 δὲ
1612 4827 1878 4896 μηδαμῶς

308 4922 463 4988 παρά
498 4919 592 4970 τοῦ
623 4918 860 4986 Χριστοῦ
892 4918 1050 4970 τοῦτο
1079 4917 1353 4987 εἰρῆσθαι,
1384 4917 1472 4968 διὰ
1495 4916 1554 4968 τὸ
1583 4918 1879 4980 ταπεινοὺς

312 5013 413 5079 μὲν
452 5012 642 5077 λόγους
698 5011 1020 5079 προφέρειν,
1086 5009 1480 5078 μεγαλοπρεπῆ
1537 5009 1593 5060 δὲ
1635 5009 1700 5060 τὰ
1744 5008 1880 5076 ἔργα

309 5101 613 5165 δεικνύναι,
645 5103 808 5170 ἀρκεῖ
832 5103 891 5153 τὸ
919 5102 1048 5162 τοὺς
1099 5100 1348 5170 μαθητὰς
1382 5100 1544 5152 αὑτοῦ
1577 5101 1879 5170 διαρρήδην

308 5190 472 5242 τοῦτο
501 5193 674 5242 εἰπεῖν
698 5207 713 5220 ·
747 5190 796 5242 οἳ
826 5191 982 5242 τοῦτο
1020 5189 1267 5257 λέγοντες
1291 5189 1358 5241 τὰ
1388 5189 1525 5241 αὐτὰ
1553 5190 1626 5257 τῷ
1660 5189 1879 5259 Χριστῷ

314 5280 519 5347 σημεῖα
548 5278 834 5346 ἐποίησαν.
863 5277 1006 5329 Ἀλλ’
1041 5279 1163 5331 ἐπεὶ
1203 5278 1250 5327 οι
1279 5277 1622 5348 Σαρῤακηνοὶ
1654 5278 1878 5346 ἀρνοῦν-

311 5385 400 5422 ται
432 5368 502 5421 τά
527 5385 587 5421 τε
615 5369 869 5439 θαύματα
895 5368 991 5421 καὶ
1015 5369 1142 5430 τοὺς
1173 5369 1366 5435 λόγους
1392 5367 1499 5420 τῶν
1527 5369 1866 5432 ἀποστόλων,

384 5509 404 5538 ³
433 5506 596 5562 Joan.
623 5524 737 5573 vtn,
765 5508 858 5564 25.
934 5507 955 5540 ‘
987 5507 1180 5563 Matth.
1222 5523 1332 5572 xvi,
1370 5506 1459 5561 i7.

1534 5507 1554 5538 ν
1580 5505 1738 5561 Joan.
1771 5525 1860 5575 xx,
1884 5508 1977 5572 29.,
2004 5509 2094 5563 25.

1984 4569 2001 4599 ι
2038 4549 2300 4602 Dominus
2339 4563 2512 4612 meus,
2540 4559 2594 4601 et
2651 4547 2791 4602 Deus
2843 4564 2997 4602 uicus
3019 4548 3064 4602 ⁸.
3103 4567 3122 4598 ι
3181 4548 3314 4602 Dato
3345 4558 3550 4610 autem,

1978 4639 2082 4692 hoc
2115 4654 2456 4707 nequaquam
2508 4653 2536 4690 a
2573 4637 2796 4692 Christo
2844 4639 3051 4692 dictum
3086 4653 3230 4698 esse,
3263 4646 3549 4706 prOpterea

1977 4729 2122 4799 quod
2159 4729 2383 4783 humilia
2414 4729 2635 4798 quidem
2672 4731 2836 4784 verba
2892 4729 3119 4798 profert,
3155 4729 3411 4798 przeclara
3447 4741 3547 4779 au-

1980 4831 2083 4874 tem
2140 4837 2305 4892 Opera
2346 4822 2588 4875 ostendit
2631 4837 2646 4874 :
2690 4822 2888 4877 suflicit
2934 4821 3235 4889 discipulos
3278 4819 3396 4889 ejus
3444 4817 3550 4870 hoc

1979 4913 2155 4980 palam
2213 4913 2420 4974 dicere,
2453 4913 2544 4980 qui
2598 4913 2707 4966 hoc
2743 4913 3006 4974 dicentes,
3067 4909 3267 4963 similia
3328 4908 3550 4961 Christo

1978 5003 2130 5072 signa
2161 5003 2425 5056 fecerunt.
2459 5002 2564 5056 Sed
2607 5003 2868 5070 quoniam
2913 5001 3171 5054 Saraceni
3203 5006 3406 5069 negant
3441 4996 3549 5050 mi-

1978 5093 2162 5146 racula
2233 5101 2288 5146 et
2343 5093 2510 5146 verba
2559 5092 2974 5160 apostolorum,
3047 5099 3339 5160 propterea
3401 5086 3590 5158 quod:

1979 5185 2248 5238 contraria
2294 5194 2421 5238 sunt
2455 5185 2744 5247 Alcorano,
2787 5183 3153 5237 insistendum
3186 5177 3552 5238 confutationi
3581 5187 3590 5244 μ

1986 5285 2094 5330 tam
2131 5276 2349 5345 perfidae
2395 5276 2552 5345 legis,
2605 5275 2750 5344 quod
2787 5291 2896 5329 non
2944 5285 3024 5328 est
3062 5275 3147 5329 lex
3176 5275 3293 5336 Dei,
3320 5284 3375 5327 et
3404 5257 3617 5340 (ιιιοᾶ

1982 5368 2236 5424 Saraceni
2278 5367 2478 5422 debent
2526 5367 3144 5456 susciperegevangelica
3196 5360 3541 5427 testimonia,

2171 5511 2192 5542 ⁸
2221 5510 2354 5565 ibid.
2391 5510 2480 5563 28.

2922 5579 2950 5595 κ

384 5645 461 5712 (I)
503 5645 679 5701 Etiam
737 5657 861 5703 ante
912 5646 1174 5716 Caipham
1233 5660 1341 5700 non
1406 5643 1638 5716 negavit.
1671 5644 1836 5714 quue
1897 5645 2020 5700 fecit
2081 5663 2143 5702 ev
2207 5649 2462 5701 mandato
2530 5646 2723 5705 Patris,
2758 5645 2840 5700 Ps.
2890 5661 2946 5712 ιι,
2999 5641 3306 5698 Prmdicans
3363 5655 3559 5714 νινε-εει-

313 5722 477 5778 ptum,
500 5725 604 5768 etc.
