3862 6220
269 301 402 361 1653

1479 318 1774 376 CONTRA
1819 320 2322 382 ΜΑΙΙΟΜΕΤΕΜ.

3360 307 3501 387 1054

253 418 311 468 τὺ
352 417 555 486 βιελίον
602 423 1012 494 ἀνεγνωκότων.
1041 433 1107 485 Ol
1140 434 1194 486 δὲ
1248 433 1354 501 πρὸ
1398 434 1507 486 τῶν
1535 436 1818 505 Σαρῤακη·

1933 439 2032 494 hos
2061 441 2397 494 Maltometus
2440 440 2503 493 ad
2553 439 2684 493 falsa
2718 439 3048 503 testimonia,
3107 437 3376 508 siquidem
3406 455 3500 495 ve-

253 511 361 564 νῶν
420 515 796 582 ἀνεγνωκότες
847 523 944 590 τὴν
996 522 1179 590 βίϐλον
1231 527 1279 578 οἱ
1315 527 1631 595 Χριστιανοί
1685 531 1814 590 εἱσι,

255 606 349 658 καὶ
382 607 431 657 οἱ
473 607 736 675 Ἰουδαῖοι,
764 611 812 662 οἱ
855 612 952 680 τὴν
999 615 1366 684 Πεντατευλον
1409 616 1691 684 δεξάμενοι
1726 618 1819 670 καὶ

253 697 313 748 τὸ
368 695 813 766 Εὑαγγέλιον,ὠς
864 705 1023 766 αὐτὸς
1075 705 1346 774 ἐξηγεῖται
1397 708 1424 757 6
1475 707 1816 775 Μιχοῦμετ.

253 788 426 851 Αἶτδς
456 790 564 858 ἄρα
604 792 740 858 φησὶ
772 795 883 854 τοῖς
916 795 1283 865 Σαρρακηνοῖς
1315 796 1496 864 ζητεῖν
1538 799 1685 866 παρὰ
1714 800 1821 852 τῶν

254 878 598 948 Χριστιανῶν
649 881 740 933 καὶ
779 884 886 934 τῶν
935 886 1200 944 Ἰουδαίων
1259 888 1528 954 περὶτῶν
1580 889 1820 956 ἀμφιϐό-

252 969 377 1020 λων.
421 967 542 1031 [Ιῶς
586 969 632 1022 δ’
681 971 746 1022 ἂν
777 971 1056 1042 ἀνέπεμψε
1087 975 1308 1037 τούτους
1340 978 1367 1026 6
1399 978 1697 1046 Μαχούμετ
1728 980 1821 1031 ἐπὶ

250 1060 467 1128 ψευδεῖς
505 1063 830 1131 μαρτυρίας,
867 1064 1022 1126 ειπερ
1057 1065 1261 1134 ἀληθὴς
1309 1061 1376 1136 ἦν
1415 1068 1722 1136 προφήτης,
1746 1069 1822 1129 ὼς

252 1155 542 1219 ὶ.ἐγουσιν;
577 1155 692 1206 Οὐκ
740 1155 849 1224 ἄρα
899 1157 1040 1210 κατὰ
1084 1158 1172 1210 τὸν
1220 1159 1406 1227 καιρδν
1435 1159 1529 1212 τοῦ
1577 1160 1820 1228 Μωάμεθ

250 1246 321 1298 τὰ
346 1245 452 1298 τῶν
494 1245 836 1315 Χριστιανῶν
879 1249 970 1300 καὶ
1018 1249 1285 1302 Ἰουδαίων
1337 1251 1517 1318 βιϐλία
1569 1251 1824 1318 διεφθαρ-

255 1339 394 1407 μένα
421 1337 690 1407 ὑπῆρχον.
735 1338 873 1390 Ἀλλ’
906 1339 1028 1392 οὐδὲ
1073 1340 1230 1394 τοῦτο
1254 1341 1478 1395 δυνατὴν
1507 1343 1712 1411 λέγειν,
1746 1343 1823 1406 ὡς

254 1430 394 1499 μετὰ
421 1429 593 1482 ταῦτα
625 1430 926 1484 πεπόνθασι
954 1432 1050 1502 τὴν
1083 1433 1310 1502 φθοράν.
1343 1436 1574 1500 Λέγεται
1617 1435 1726 1504 γὰρ
1762 1438 1821 1488 ἐν

249 1522 330 1588 τῷ
368 1521 604 1591 Ἐλαγὰρ
633 1523 932 1592 κεφαλαίῳ,
959 1523 986 1575 ὃ
1009 1524 1155 1593 δηλοί
1184 1528 1374 1590 λ”θοςκ
1421 1528 1606 1596 Ἡμεῖς
1638 1531 1823 1598 (φησὶν

252 1612 318 1663 ἐκ
360 1610 652 1679 προσώπου
711 1617 805 1666 τοῦ
854 1613 1012 1673 Θεοῦ)
1051 1619 1150 1677 τὰς
1199 1616 1534 1685 ὑπομνήσεις
1565 1619 1655 1671 τοῦ
1685 1620 1820 1674 Θεοῦ

169 1725 182 1730 --
253 1699 638 1767 πεποιήκαμεν
668 1699 994 1769 καταϐῆναι,
1029 1702 1121 1755 καὶ
1145 1704 1307 1770 ἡμεῖς
1333 1705 1400 1756 τὰ
1424 1705 1562 1758 αὐτὰ
1593 1707 1822 1774 φυλάξο-

255 1806 378 1858 μεν.
427 1791 793 1861 ’Υπομνήσεις
823 1792 879 1844 δὲ
911 1791 1161 1860 λέγονται
1189 1793 1316 1860 παρ’
1350 1795 1532 1856 αὐτοῖς
1559 1797 1618 1847 τὸ
1645 1797 1819 1864 Εὐαγ-

251 1885 459 1950 γέλιον,
487 1885 579 1936 καὶ
621 1888 650 1938 6
688 1886 778 1939 τοῦ
820 1888 1063 1950 Μωσέως
1087 1891 1270 1959 νόμος.
1312 1890 1374 1946 Ὀ
1400 1892 1529 1954 Θεὸς
1568 1893 1674 1960 ἄρα
1724 1895 1822 1964 τὴν

255 1976 563 2045 μαρτυρίαν
609 1977 706 2045 τῆς
749 1977 943 2030 ἑαυτοῦ
976 1980 1200 2049 Γραφῆς
1250 1984 1554 2051 τετήρηκεν
1611 1986 1668 2044 ἐν
1712 1986 1822 2047 τοῖς

251 2065 468 2124 πξσὊίς
521 2066 616 2116 καὶ
677 2065 783 2134 πρὸ
841 2067 934 2120 τοῦ
987 2070 1260 2136 Μωάμεθ,
1310 2072 1405 2124 καὶ
1457 2073 1596 2141 μετὰ
1649 2074 1822 2128 ταῦτα

249 2155 501 2221 τηρήσει.
541 2157 662 2208 Ἔτι
705 2159 762 2208 ὲν
807 2157 886 2225 τῷ
919 2162 1204 2229 κεφαλαίῳ
1227 2162 1304 2230 τῷ
1350 2163 1637 2230 Ἑλμαῖδᾱ,
1661 2166 1688 2218 ὃ
1727 2182 1824 2234 στι·

257 2245 436 2311 μαίνει
503 2246 773 2312 τράπεζα,
832 2251 1052 2317 λέγεται
1082 2252 1164 2304 ὅτι
1195 2255 1221 2304 6
1253 2254 1444 2322 κριτὴς
1483 2255 1821 2321 Ἐμπαζοενὲ

256 2331 373 2387 εἷπε
401 2336 479 2404 τῷ
506 2337 831 2407 Μαχούμετ,
863 2341 952 2393 ὅτε
981 2343 1030 2394 οί
1072 2343 1316 2397 Ἰουδαῖοι
1339 2345 1687 2416 δικαιοσύνην
1728 2351 1824 2402 καὶ

255 2426 436 2494 κρίσιν
467 2427 694 2495 ἐζήτουν
729 2429 858 2498 παρ’
900 2431 1102 2484 αὐτοῦ’
1148 2434 1273 2486 Ἐὰν
1325 2435 1520 2488 ἔλθωσι
1564 2437 1697 2507 πρὸς
1737 2439 1820 2500 σὲ,

254 2521 440 2586 κρῖνον
473 2519 678 2587 μεταξὺ
731 2520 909 2574 αὐτῶν
939 2522 1194 2586 δικαίως·
1224 2527 1251 2578 6
1299 2527 1408 2596 γὰρ
1465 2528 1597 2592 Θεὸς
1634 2530 1825 2603 ἀγαπᾷ

251 2612 382 2671 τοῦς
431 2609 717 2670 ποιοῦντας
756 2611 1128 2683 δικαιοσύνην.
1161 2615 1268 2670 Καὶ
1294 2616 1413 2680 πῶς
1441 2611 1586 2670 οὗτοι
1621 2619 1824 2673 δικαιοο

257 2697 426 2767 σύνην
471 2698 696 2768 ζητοῦσι
743 2701 896 2772 παρὰ
937 2702 1056 2764 σοῦ,
1090 2703 1223 2773 παρ’
1280 2706 1465 2769 αὐτοῖς
1513 2706 1678 2777 οὔσης
1725 2709 1824 2777 τῆς

256 2790 491 2876 παλαιᾶς
546 2793 846 2862 amcam,
905 2795 965 2848 ὲν
1103 2799 1225 2850 ἐστι
1274 2797 1587 2868 δικαιοσύνη
1645 2800 1820 2876 Θεοῖη

261 2883 385 2934 Ἔτι
414 2872 510 2952 τὴν
538 2883 793 2953 τοιαύτην
825 2884 1034 2954 φθορὰν
1077 2887 1168 2940 καὶ
1211 2890 1515 2958 μεταϐολὴν
1543 2892 1649 2944 τῶν
1680 2872 1822 2962 ι’ρά-

257 2972 376 3038 φῶν
406 2973 665 3028 ἀδύνατον
694 2975 988 3046 καθολικὴν
1019 2973 1161 3030 εἶναι
1211 2982 1305 3034 καὶ
1336 2980 1604 3049 δημοσίαν
1627 3001 1641 3014 ·
1678 2983 1822 3038 οὕτω

256 3063 368 3160 γὰρ
397 3065 684 3160 ᾇν-ᾗδεσκν
711 3069 802 3160 ana".
825 3068 894 3120 τὰ
919 3069 1224 3160 ᾇλλαῗὲθνη.
1272 3071 1415 3123 Ἀλλ’
1444 3073 1563 3126 οὐδὲ
1613 3077 1818 3144 μερικὴ
1845 3099 1890 3160 c

257 3158 356 3210 καὶ
399 3156 666 3227 λαθραία’
700 3157 844 3211 οὕτω
896 3158 1003 3226 γὰρ
1052 3159 1118 3214 ἂν
1168 3160 1521 3215 κατελίποντο
1566 3164 1688 3216 τινὰ
1716 3165 1823 3217 τῶν

259 3247 481 3316 βιϐλίων
535 3249 769 3321 ἀκέραια
824 3251 919 3304 καὶ
955 3250 1080 3320 δίχα
1135 3251 1363 3320 φθορᾶς.
1411 3254 1554 3306 Ἀλλ’
1604 3257 1662 3308 ὲν
1720 3257 1826 3308 πά-

260 3356 332 3412 σῃ
384 3340 602 3412 γλώσσῃ
659 3343 754 3394 καὶ
813 3343 1073 3412 ἐπαρχία,
1105 3345 1132 3396 6
1176 3344 1338 3413 νόμος
1391 3346 1486 3398 καὶ
1534 3346 1595 3397 τὸ
1646 3345 1826 3413 Εὐαγ-

259 3431 440 3497 γέλιον
519 3431 722 3500 ὁμοίως
807 3432 1154 3502 εὑρίσκονται
1233 3436 1618 3503 γεγραμμένα.
1706 3438 1826 3490 Ἔτι

254 3522 324 3575 τὰ
352 3522 589 3592 τέσσαρα
620 3522 926 3590 Εὑαγγέλια
965 3522 1088 3576 οὔτε
1120 3524 1261 3576 xm
1292 3526 1382 3577 τὸν
1412 3527 1575 3578 αὐτὸν
1599 3529 1816 3596 καιρδν,

257 3609 370 3663 οὔτ’
417 3611 474 3662 ἐν
501 3611 580 3680 τῷ
633 3611 780 3679 αὐτῷ
818 3613 987 3682 τόπῳ,
1021 3613 1136 3666 οὔτ’
1170 3616 1227 3666 ἐν
1272 3614 1348 3684 τῷ
1397 3616 1545 3684 αὑτῷ
1579 3616 1826 3685 ἰδιώματι

258 3702 584 3772 ὲξετὲθησαν
606 3720 622 3735 ο
659 3703 774 3756 ἀλλ’
804 3704 925 3758 οὐδὲ
962 3704 1064 3758 ὑπὸ
1107 3705 1201 3757 τοῦ
1229 3706 1396 3760 αὑτοῦ
1439 3710 1823 3776 συγγραφέωςι

258 3791 376 3848 ἀλλ’
413 3795 442 3846 ὁ
478 3796 576 3863 μὲν
601 3796 877 3859 Ματθαῖος
916 3798 1190 3868 ἑὸραῖκῶς
1223 3801 1281 3852 ἐν
1328 3802 1393 3869 τῇ
1441 3799 1701 3872 Ἰουδαίᾳ,
1736 3803 1826 3854 ὲλο

259 3887 493 3956 ληνικῶς
531 3887 584 3939 δὲ
619 3888 647 3939 6
689 3889 942 3958 Ἰωάννης
991 3891 1048 3942 ἐν
1077 3893 1141 3955 τῇ
1189 3890 1362 3962 Ἀσίᾳ,
1394 3894 1592 3960 ὁμοίως
1631 3893 1688 3946 δὲ
1732 3895 1828 3946 καὶ

259 3982 289 4031 ὀ
316 3980 534 4041 Λουκᾶς
567 3980 624 4030 ὲν
667 3983 733 4048 τῇ
763 3981 977 4050 Ἀχαΐα,
1012 3983 1040 4032 6
1083 3981 1140 4033 δὲ
1179 3983 1403 4052 Μάρκος
1436 3984 1724 4046 λατινικῶς
1769 3989 1828 4039 ὲν

257 4074 328 4140 τῇ
370 4071 582 4141 Ἰταλίᾳ..
623 4071 686 4124 Ἡ
704 4072 760 4124 δὲ
791 4072 996 4124 τούτων
1037 4077 1118 4135 είς
1147 4074 1207 4125 τὸ
1235 4077 1523 4128 Λατινικδν
1557 4078 1827 4146 ἑρμηνεία

261 4165 451 4228 γέγονε
481 4163 566 4214 διὰ
611 4163 702 4214 τοῦ
740 4162 1065 4232 Ἱερωνύμου
1103 4166 1195 4216 καὶ
1227 4165 1334 4216 τῶν
1367 4167 1542 4219 ἄλλων
1579 4169 1682 4236 πρὸ
1718 4171 1827 4221 τῶν

259 4251 469 4319 χρόνων
494 4250 587 4302 τοῦ
621 4252 880 4320 Μωάμεθ,
913 4254 1005 4305 καὶ
1039 4256 1386 4322 μεμενήκασι
1419 4259 1483 4310 τὰ
1515 4259 1828 4329 ἀντίγραφα

257 4345 318 4394 ἐν
348 4344 553 4404 πάσαις
582 4346 699 4405 ταῖς
727 4343 1030 4406 διαλέκτοις
1083 4347 1195 4396 Οὐκ
1230 4347 1339 4414 ἄρα
1382 4345 1606 4400 δυνατὸν
1634 4344 1702 4418 ἦν
1740 4349 1828 4400 διά

1925 546 2019 584 rus
2065 532 2166 584 I'uit
2215 532 2502 599 prupht'la.
2542 541 2600 583 ut
2651 530 2882 584 dicunt?
2912 529 3031 583 Non
3061 529 3228 599 igitur
3252 538 3498 597 tempore

1924 620 2218 676 Maltometi
2247 621 2687 675 Christianorum
2734 632 2790 674 et
2812 621 3124 674 Judreorum
3155 620 3279 674 libri
3309 635 3502 674 corru-

1925 714 2204 782 ptierant.
2255 713 2360 768 Sed
2426 729 2602 782 neque
2670 714 2928 780 possibile
2989 723 3074 767 est
3128 714 3233 768 hoc
3289 715 3494 780 dicere,

1920 805 2068 873 quod
2126 813 2248 872 post
2284 805 2398 858 bch
2447 807 2587 873 passi
2643 817 2772 858 sunt
2817 804 3252 872 corruptionem.
3286 806 3498 859 Dicitur

1923 895 2069 948 enim
2130 896 2181 947 in
2235 895 2474 962 capitulo
2525 895 2739 963 Elagar,
2789 895 2936 963 quod
2987 895 3258 964 signiﬁcat
3307 896 3447 962 lapis
3479 911 3499 948 :

1924 985 2035 1038 Nos
2068 986 2228 1054 (dicit
2263 1003 2328 1040 ex
2355 995 2588 1054 persona
2629 987 2745 1052 Dei)
2772 987 3103 1039 monitiones
3145 985 3240 1039 Dei
3270 987 3500 1041 fecimus

1923 1074 2291 1138 descendere,
2328 1087 2382 1130 et
2436 1091 2534 1130 nos
2585 1075 2806 1129 easdem
2861 1075 3495 1130 serrabimus.Monitio~

1924 1178 2022 1215 nes
2049 1172 2230 1216 autem
2279 1162 2540 1216 dicuntur
2595 1161 2737 1229 apud
2783 1178 2901 1226 eos,
2953 1162 3303 1229 Evangelium
3329 1175 3386 1216 et
3412 1162 3496 1215 lex

1923 1251 2307 1322 llonsi:I)cus
2379 1252 2542 1320 igitur
2619 1253 2990 1305 testimonium
3053 1251 3348 1319 Scriptura!
3411 1251 3508 1305 sui

1924 1343 2098 1412 ipsius
2149 1343 2392 1397 servavit
2443 1343 2588 1397 inter
2625 1343 2832 1405 ﬁdeles,
2857 1354 2912 1395 et
2957 1354 3081 1397 ante
3109 1344 3496 1405 Maltometum,

1923 1445 1976 1487 et
2004 1435 2244 1502 postltmc
2307 1435 2570 1490 servabit.
2598 1434 2730 1487 Item
2778 1435 2833 1485 in
2859 1435 3102 1502 capitqu
3134 1434 3374 1487 Eltnaida
3399 1433 3496 1501 (I),

1924 1523 2069 1590 quod
2102 1525 2374 1593 signiﬁcat
2424 1515 2682 1584 mensam.
2729 1524 2956 1588 dicitur,
3001 1524 3147 1592 quod
3187 1524 3354 1594 index
3381 1524 3504 1576 Em—

1925 1629 2161 1680 pazoene
2213 1614 2349 1670 dixit
2401 1614 2726 1678 Maltometo,
2757 1613 2978 1684 quando
3027 1614 3198 1668 Judaei
3230 1613 3499 1682 justitiam

1925 1703 2277 1772 etjndicium
2311 1704 2378 1758 ab
2405 1720 2471 1758 eo
2522 1706 2841 1773 quaerebant
2876 1722 2890 1758 :
2929 1704 2986 1758 Si
3037 1703 3261 1757 venient
3306 1703 3374 1757 ad
3427 1717 3502 1766 te,

1919 1794 2102 1863 judica
2150 1795 2290 1848 inter
2315 1811 2412 1848 eos
2472 1797 2634 1863 iuste,
2689 1797 2837 1850 Deus
2865 1795 3011 1848 enim
3067 1805 3214 1849 amat
3261 1809 3359 1848 eos
3408 1795 3500 1862 qui

1925 1886 2132 1940 faciunt
2181 1887 2471 1955 justitiam.
2518 1888 2584 1940 Et
2631 1886 2906 1955 quomodo
2955 1886 3012 1939 bi
3067 1885 3505 1954 quaeruntjnsti-

1927 1978 2053 2032 tiam
2091 1993 2122 2031 a
2179 1988 2252 2042 te,
2286 1994 2408 2032 cum
2446 1979 2592 2048 apud
2626 1994 2722 2033 eos
2755 1979 2828 2033 sit
2865 1979 3032 2032 Vetus
3063 1974 3500 2037 Teslamentum.

1925 2069 1981 2122 in
2046 2084 2158 2137 quo
2189 2079 2271 2122 est
2293 2070 2503 2139 justitia
2533 2069 2666 2123 Dei?
2697 2070 2828 2123 Item
2889 2070 3049 2123 talem
3095 2069 3502 2136 corruptionem

1924 2171 1977 2214 et
2007 2160 2366 2214 mutatiouet‘n
2420 2149 2824 2229 Scriptttrarum
2880 2159 3222 2227 impossibile
3264 2168 3346 2211 est
3377 2158 3504 2212 uni-

1922 2249 2190 2302 versalem
2212 2266 2333 2304 esse
2352 2260 2402 2304 et
2423 2251 2716 2318 publicam.
2741 2250 2831 2304 Sic
2847 2250 2991 2303 enim
3023 2265 3064 2303 si
3085 2249 3164 2303 ire
3195 2243 3530 2317 potuissent

1924 2340 2113 2394 etalia:
2138 2351 2344 2408 gentes.
2374 2341 2479 2395 Sed
2543 2357 2722 2410 neque
2778 2340 3124 2410 particularis
3158 2349 3214 2393 ct
3268 2340 3502 2394 occulta.

1928 2429 2023 2483 Sic
2049 2431 2194 2484 enim
2224 2432 2397 2486 relicti
2429 2448 2549 2486 esse
2584 2432 2892 2501 potuissent
2942 2431 3163 2499 quidam
3199 2431 3327 2483 libri
3367 2429 3506 2482 inte-

1925 2523 2006 2592 gri
2053 2534 2107 2576 et
2155 2525 2360 2591 absque
2413 2524 2793 2593 corruptione,
2829 2523 3015 2595 sedin
3044 2522 3192 2576 omni
3233 2522 3416 2590 lingua
3448 2534 3508 2574 et

1927 2613 2213 2682 provincia
2267 2613 2353 2668 lex
2401 2624 2457 2668 et
2493 2614 2844 2683 Evangelium
2897 2615 3154 2668 similiter
3184 2613 3386 2680 scripta
3418 2613 3506 2664 ia-

1924 2703 2246 2759 veniuntur.
2291 2705 2425 2758 Item
2475 2715 2717 2774 quatuor
2755 2706 3067 2774 Evangelia,
3097 2717 3279 2770 neque
3307 2702 3505 2756 eodem

1926 2801 2198 2861 tempore,
2232 2809 2412 2863 neque
2466 2795 2520 2848 in
2575 2794 2768 2849 eodem
2811 2794 2953 2855 loco,
2988 2808 3165 2861 neque
3210 2792 3264 2844 in
3308 2794 3506 2845 eodem

1925 2886 2186 2941 idiomate
2243 2887 2387 2941 edita
2444 2897 2592 2947 sunt,
2642 2896 2696 2941 et
2771 2886 2840 2940 ab
2901 2885 3093 2939 eodem
3127 2882 3504 2948 auctore,sed

1925 2978 2209 3033 Matuta-us
2263 2971 2484 3047 quidem
2544 2978 2810 3033 llebraice
2882 2977 2936 3032 in
2988 2978 3216 3041 ludam,
3267 2976 3508 3032 Joannes

1924 3079 2116 3125 autem
2166 3069 2348 3125 Graece
2403 3072 2456 3126 in
2505 3072 2649 3135 Asia,
2695 3071 2948 3125 similiter
2987 3079 3171 3124 autem
3230 3069 3404 3123 Lucas
3440 3067 3500 3120 in

1926 3166 2151 3228 Achaia,
2175 3167 2385 3222 Marcus
2414 3181 2546 3220 vero
2573 3163 2763 3218 Latine
2799 3165 2856 3217 in
2889 3162 3041 3216 Italia
3069 3160 3359 3230 scripsere.
3393 3158 3507 3213 Ho-

1926 3273 2049 3310 rum
2081 3266 2264 3311 autem
2305 3257 2358 3309 in
2385 3256 2640 3310 Latinum
2693 3254 3069 3323 interpretatio
3121 3252 3260 3307 facta
3292 3261 3377 3305 est
3410 3266 3509 3320 per

1933 3346 2329 3417 Hieronymum
2367 3356 2422 3400 et
2483 3347 2622 3400 alios
2669 3357 2795 3398 ante
2825 3352 3069 3412 tempora
3103 3343 3418 3406 Maltometi,
3453 3350 3510 3395 et

1930 3447 2313 3492 remanserunt
2369 3438 2700 3508 exemplaria
2748 3438 2804 3492 in
2855 3435 3112 3490 omnibus
3139 3435 3360 3504 linguis.
3384 3435 3506 3490 Non

1928 3531 2098 3599 igitur
2135 3531 2394 3600 possibile
2435 3540 2536 3593 est,
2574 3544 2671 3600 per
2701 3529 2962 3598 quasdam
3013 3527 3397 3595 corruptiones
3425 3528 3506 3582 sic

1929 3622 2152 3676 inutiles
2201 3621 2368 3676 libros
2427 3621 2620 3684 fuisse,
2670 3629 2729 3672 ut
2760 3619 3167 3688 ignorarentur.
3205 3617 3337 3670 Item
3368 3616 3505 3670 nihil

1926 3721 2010 3766 est
2044 3713 2098 3766 in
2159 3712 2262 3765 Iide
2312 3712 2392 3766 sic
2439 3710 2805 3765 necessarium
2852 3718 2908 3762 et
2961 3709 3199 3760 maxime
3250 3707 3504 3767 arduum.

1927 3806 2070 3858 sicut
2127 3803 2427 3857 inca'rnatio
2443 3801 2606 3874 Verbi
2629 3843 2644 3866 ,
2669 3801 2720 3854 id
2750 3807 2854 3874 est,
2892 3798 3166 3852 hominem
3199 3797 3349 3850 illum
3376 3811 3508 3851 esse

1927 3893 2120 3948 Deum.
2152 3893 2224 3946 De
2265 3891 2367 3945 hoc
2425 3869 2804 3944 didicillimu’m
2857 3888 2959 3942 fuit
2987 3886 3251 3941 mundum
3282 3900 3507 3954 persua-

1928 3985 2086 4040 sisse.
2140 3983 2319 4049 Quare
2364 3992 2420 4037 et
2479 3981 2706 4036 Romani
2768 3990 2823 4038 et
2861 3979 2951 4034 alii
2988 3978 3139 4048 impii
3166 3978 3219 4031 in
3247 3978 3508 4032 trecentis

1927 4073 2192 4126 continue
2251 4071 2410 4125 annis
2443 4113 2457 4135 ,
2513 4081 2569 4125 et
2621 4069 3009 4124 universaliter
3059 4067 3330 4137 persecuti
3379 4062 3509 4121 sun‘

1925 4164 2288 4229 Christianos,
2323 4173 2374 4216 et
2407 4173 2802 4217 recusaverunt
2837 4161 3117 4229 suscipere
3151 4159 3508 4229 Evangel'um

1928 4262 1983 4307 et
2014 4253 2194 4317 Iidem,
2243 4263 2530 4322 propterea
2563 4253 2709 4322 quod
2756 4251 3010 4306 dicebant
3043 4251 3322 4304 hominem
3349 4251 3503 4304 illum

1930 4361 2051 4402 esse
2085 4346 2278 4399 Deum.
2319 4344 2438 4398 Non
2471 4343 2617 4412 quod
2655 4343 2837 4397 nullos
2863 4343 2976 4412 jam
3012 4342 3163 4411 prius
3189 4351 3245 4396 et
3277 4341 3425 4395 viros
3453 4350 3509 4396 et

255 4451 421 4488 τινων
444 4434 686 4502 φθορέων
709 4434 880 4498 οὕτως
900 4435 1270 4504 ἀχρειωθῆναι
1299 4437 1396 4498 τὰς
1424 4436 1662 4505 βίϐλους,
1685 4439 1823 4493 ὥστε

1931 4438 2188 4491 mulieres
2233 4437 2369 4490 deos
2403 4445 2459 4489 et
2493 4435 2624 4488 deas
2673 4448 2792 4488 esse
2843 4432 3205 4502 susceperint,
3233 4432 3327 4486 sed
3360 4431 3506 4501 quod

260 4526 356 4576 καὶ
391 4525 745 4593 ἀγνοηθῆναι.
780 4525 901 4578 Ἔτι
956 4525 1108 4578 οὐδέν
1145 4528 1293 4578 ἐστιν
1338 4528 1395 4578 ἐν
1430 4529 1492 4596 τῇ
1528 4528 1702 4579 πίστει
1731 4527 1827 4581 οὖν

258 4631 367 4676 τως
417 4617 714 4682 ἀναγκαῖον
747 4617 840 4668 καὶ
893 4617 1058 4684 μέγα,
1107 4616 1293 4684 ὥσπερ
1337 4618 1370 4685 ἡ
1425 4618 1700 4688 σάρκωσις
1731 4619 1822 4672 τοῦ

253 4703 392 4756 Θεοῦ
421 4707 616 4772 Λόγου,
649 4708 893 4758 τουτέστι
921 4707 980 4758 τὸ
1015 4707 1103 4759 τὸν
1133 4707 1420 4774 ἄνθρωπον
1449 4711 1657 4761 ἐκεῖνον
1682 4706 1822 4763 εἶναι

251 4796 408 4848 Θεόν.
444 4798 575 4864 Περὶ
602 4798 789 4850 τούτου
820 4798 877 4850 δὲ
907 4797 1002 4850 καὶ
1031 4797 1460 4866 δυσχερέστατον
1507 4796 1572 4869 ἦν
1612 4801 1702 4852 τὸν
1729 4801 1821 4853 κό-

252 4902 391 4953 σμον
421 4887 728 4956 πεισθῆναι.
747 4889 837 4940 Διὸ
867 4891 958 4940 καὶ
987 4889 1036 4940 ol
1057 4887 1312 4956 Ῥωμαῖοι
1333 4891 1428 4941 καὶ
1458 4891 1506 4940 οἱ
1534 4890 1682 4942 ἄλλοι
1704 4891 1829 4942 ἁτε-

255 4981 374 5039 Gai;
395 4995 453 5029 εν
487 4981 818 5046 τριακοσίοις
847 4978 1082 5048 συνεχῶς
1117 4980 1258 5030 ἔτεσι
1297 4981 1390 5030 καὶ
1425 4979 1651 5032 καθόλου
1678 4981 1828 5032 ἐδίω-

255 5067 354 5132 ξαν
377 5071 500 5131 τοὺς
532 5071 913 5138 Χριστιανοὺς,
943 5073 1036 5122 καὶ
1067 5074 1452 5140 παρῃτήσαντο
1481 5071 1738 5137 δέξασθαι
1767 5075 1826 5125 τὸ

253 5162 592 5228 Εὐαγγέλιον
630 5163 724 5214 καὶ
749 5163 848 5232 τὴν
876 5163 1077 5225 πίστιν,
1113 5162 1199 5213 διὰ
1238 5167 1293 5212 τὸ
1321 5161 1574 5228 λέγεσθαι
1604 5163 1694 5214 τὸν
1730 5164 1828 5216 ἄν·

255 5252 478 5322 θρωπον
505 5253 712 5304 ἐκεῖνον
742 5249 883 5304 εἶναι
910 5254 1064 5305 Θεόν.
1102 5254 1211 5320 υύχ
1239 5253 1322 5304 ὅτι
1356 5253 1430 5322 μὴ
1465 5253 1689 5314 πολλοὺς
1722 5253 1821 5322 ἤδη

253 5345 523 5413 πρότερον
569 5345 660 5398 καὶ
695 5344 895 5412 ἄνδρας
933 5344 1026 5396 καὶ
1069 5347 1335 5410 γυναῖκας
1383 5345 1536 5403 θεοὺς
1570 5344 1665 5396 καὶ
1701 5346 1827 5405 θεὰς

251 5429 398 5488 εἶναι
418 5435 688 5502 ἐδέξαντο,
725 5435 840 5489 ἀλλ’
867 5435 1054 5504 ὅτιπερ
1087 5438 1114 5489 6
1144 5437 1400 5504 Χριστὸς,
1437 5435 1510 5505 μὴ
1538 5437 1825 5490 ἐνδεδωκὸ-

247 5543 362 5578 των
389 5528 496 5580 τῶν
537 5527 846 5597 Ῥωμαίων,
871 5529 1001 5589 Θεὸς
1034 5522 1172 5580 εἶναι
1199 5527 1432 5594 ἐλέγετο,
1468 5529 1604 5599 ὅπερ
1621 5529 1821 5580 ἐκεῖνοι

326 5704 402 5772 (I)
434 5703 574 5766 l.at.,
605 5718 724 5772 cap,
762 5703 847 5757 I2.

1923 4525 2180 4580 Chrisms
2232 4540 2342 4578 non
2403 4523 2837 4578 concedentibus
2886 4523 3146 4576 Romanis
3193 4522 3337 4576 Deus
3387 4538 3508 4577 esse

1924 4616 2232 4672 dicebatur.
2289 4615 2445 4682 Quod
2515 4623 2571 4667 et
2625 4615 2699 4668 illi
2757 4614 3142 4683 prohibebant,
3207 4623 3264 4666 ut
3321 4614 3509 4667 nullus

1931 4706 2076 4760 Deus
2116 4705 2419 4767 diceretur,
2474 4705 2674 4773 absque
2727 4704 3015 4758 sententiis
3061 4713 3288 4757 senatus
3315 4703 3413 4771 (‘2);
3452 4717 3509 4763 et

1917 4807 2227 4866 propterea,
2260 4798 2400 4866 quod
2435 4796 2577 4850 Dens
2623 4797 2712 4849 btc
2740 4805 3048 4848 consortem
3099 4809 3207 4845 non
3240 4791 3508 4857 suscip'e-

1928 4889 2040 4943 bat.
2063 4890 2120 4944 Si
2151 4891 2294 4944 enim
2332 4890 2477 4942 hunc
2512 4887 2908 4957 suscepissent,
2933 4883 3108 4937 coacti
3153 4889 3337 4936 essent
3367 4880 3506 4932 alios

1926 4983 2058 5037 deos
2087 4983 2396 5050 relinquere
2431 4999 2443 5034 :
2496 4979 2640 5047 quod
2678 4988 2732 5032 et
2771 4978 2946 5046 ipsum
2997 4971 3329 5028 contrarium
3387 4978 3507 5023 erat

1927 5074 2176 5128 moribus
2253 5072 2659 5140 provinciarum
2739 5079 2793 5122 et
2871 5069 3048 5135 legum
3113 5065 3504 5118 Romanorum.

1924 5165 2209 5232 Quomodo
2232 5165 2394 5233 igitur
2426 5163 2721 5217 Christiani
2759 5161 2811 5214 in
2843 5173 3033 5212 eorum
3084 5157 3327 5225 ipsorum
3356 5153 3510 5205 datn-

1929 5272 2022 5320 no,
2073 5265 2128 5310 et
2189 5255 2436 5324 pernicie
2490 5254 2634 5318 ﬁdei,
2663 5261 2718 5305 et
2768 5250 3078 5304 irritatione
3133 5248 3505 5300 Romanorum

1933 5342 2268 5411 principum,
2300 5352 2489 5395 contra
2518 5357 2615 5394 eos
2639 5340 2937 5409 coapissent
2967 5335 3275 5405 Evangeliis
3305 5333 3507 5387 addere

1933 5448 2046 5486 rem
2089 5432 2631 5502 impersuasibilem?
2665 5431 2870 5486 Omnes
2901 5431 3048 5484 enim
3089 5426 3338 5482 sciebant
3363 5423 3506 5476 banc

1929 5525 2100 5594 legem
2175 5523 2575 5580 sanctissimam
2646 5532 2701 5578 et
2762 5519 3296 5580 rationabilissituam
3332 5529 3506 5579 .esse,

2017 5703 2092 5772 (‘2)
2118 5701 2248 5756 Vide
2286 5701 2512 5756 Tertull.
2542 5700 2594 5753 in
2628 5699 2840 5769 ripa/ag.
2874 5699 2936 5752 de
2971 5699 3138 5753 Tiber.
