3862 6220
533 281 674 346 1655

1808 272 1812 279 ’
1876 303 2251 366 DEMETRII
2294 304 2607 366 CYDONII
3559 315 3647 379 toris

530 400 737 469 quippe
785 417 909 470 quae
956 420 1172 459 omnem
1205 408 1471 462 rationem
1507 424 1617 463 non
1648 412 1908 477 excedat;
1945 413 2094 483 hujus

2209 414 2465 476 ἐκώλυον,
2490 414 2631 467 ὥστε
2657 414 2859 486 μηδένα
2895 414 3145 484 λέγεσθαι
3177 416 3322 486 Θεδν,
3354 420 3445 472 τῶν
3468 424 3545 493 τῆς
3569 446 3647 497 συγ.

527 490 651 543 dico
679 492 789 561 jam
824 494 978 558 dicti,
1010 496 1221 551 scilicet
1258 499 1535 556 hominem
1572 502 1721 558 illum
1754 520 1875 560 esse
1904 508 2098 562 Deum.

528 579 584 633 Si
636 582 801 651 igitur
848 586 1052 652 aliquid
1118 605 1308 645 eorum
1362 610 1484 663 quae
1531 604 1658 650 sunt
1714 598 1768 651 in
1808 596 2100 669 Evangelia

529 674 815 739 oportebat
863 674 1201 735 Christianos
1237 696 1471 748 mutare,
1516 690 1875 745 mutavissent
1918 692 2028 761 jam
2069 708 2098 747 a

529 763 821 832 principio,
851 778 908 820 et
957 769 1312 829 abstulissent
1346 776 1390 831 si
1424 764 1554 846 quid
1582 780 1776 835 fuisset
1802 783 2102 852 impersua—

528 853 719 917 sibile,
780 866 837 912 et
914 861 1254 919 addidissent
1311 868 1422 935 jam
1489 873 1867 939 persuasibilia
1929 876 2099 945 magis

526 958 691 1009 quam
769 962 799 1000 e
871 964 1161 1007 converso.
1238 957 1394 1023 ltem,
1461 963 1736 1029 quomodo
1794 964 2094 1019 Christiani

528 1048 649 1087 cum
680 1034 884 1093 Judazis
915 1045 1206 1099 convenire
1245 1050 1567 1115 potuissent,
1592 1055 1683 1121 qui
1725 1057 1949 1123 antiquo
1969 1057 2096 1110 odio

526 1125 949 1195 separabantur,
974 1146 1386 1203 corrumpentes
1414 1139 1745 1208 Scripturas,
1782 1155 1836 1198 et
1862 1148 2097 1199 maxime

510 1213 791 1271 addentes
823 1219 955 1274 illud
986 1222 1037 1275 in
1070 1240 1179 1293 quo
1208 1243 1551 1299 nequaquam
1588 1234 1968 1288 conveniunt?
1992 1237 2097 1290 Ne-

528 1320 634 1371 que
668 1308 813 1360 enim
845 1311 1016 1367 Judaei
1052 1315 1247 1371 dicunt
1288 1319 1593 1387 Christum,
1627 1326 1709 1378 vel
1758 1328 1926 1381 Deum
1955 1344 2094 1392 esse,

533 1396 613 1448 vel
666 1397 939 1453 hominem
1010 1404 1235 1461 bonum.
1293 1409 1464 1474 Unde,
1544 1425 1806 1482 quantum
1842 1418 1908 1470 ad
1970 1419 2093 1483 hoc,

532 1485 825 1544 Christiani
881 1495 1050 1562 magis
1102 1501 1434 1556 conveniunt
1478 1519 1601 1557 cum
1652 1506 1958 1572 Saracenis,
2002 1510 2093 1577 qui

530 1576 722 1632 dicunt
752 1581 1026 1637 Christum
1060 1588 1124 1640 ad
1156 1590 1338 1645 minus
1381 1595 1787 1650 sanctissimum
1820 1599 2093 1653 hominem

530 1683 668 1724 esse.
694 1671 823 1725 ltem
851 1685 975 1729 ante
1010 1678 1300 1735 adventum
1332 1683 1621 1741 Mahometi
1648 1728 1660 1751 ,
1686 1688 2006 1756 Christiani,
2042 1701 2096 1745 et

530 1763 760 1817 maxime
793 1764 845 1818 in
893 1766 1135 1829 Oriente.
1162 1772 1318 1826 divisi
1352 1779 1588 1830 erantin
1621 1779 1865 1836 diversas
1891 1792 2092 1850 sectas,
2128 1751 2169 1808 Β

529 1853 972 1911 Nestorianorum
1025 1859 1276 1918 videlicet
1326 1876 1381 1919 et
1428 1868 1817 1925 Jacobitarum.
1903 1874 2096 1929 Nesto-

532 1943 672 1996 riani
721 1955 902 2000 autem
956 1964 1082 2003 eum
1134 1952 1421 2010 Saracenis
1461 1960 1693 2015 maxime
1742 1966 2094 2029 conveniunt,

529 2050 700 2101 quare
743 2046 797 2090 et
844 2039 1188 2097 Mahometus
1237 2048 1456 2116 proprie
1493 2064 1589 2106 eos
1637 2058 1882 2108 venerari
1921 2056 2095 2125 jubet.

532 2126 817 2188 Quomodo
871 2132 1036 2199 igitur
1081 2133 1340 2191 .laeobitze
1372 2155 1493 2192 cum
1525 2140 1860 2199 Nestorianis
1897 2162 2097 2202 conve-

531 2216 650 2271 nire
697 2221 1003 2286 potuissent
1049 2225 1117 2278 ad
1174 2227 1449 2298 Evangelii
1515 2236 1950 2304 corruptionem,
2003 2240 2097 2308 qui

532 2317 681 2360 tanto
710 2311 838 2363 odio
894 2313 1037 2366 inter
1088 2331 1147 2370 se
1203 2318 1361 2372 divisi
1419 2333 1598 2387 erant,
1633 2334 1689 2377 ut
1717 2338 1771 2380 et
1816 2343 1874 2381 se
1908 2340 2097 2383 mnino

532 2397 946 2456 interimerent?
972 2404 1076 2458 Sed
1121 2416 1300 2463 tamen
1340 2410 1454 2481 ipse
1482 2413 1663 2469 inveni
1705 2427 1756 2471 et
1796 2419 1896 2489 legi
1923 2420 2100 2475 Evan-

527 2488 730 2553 gelium
770 2496 911 2559 apud
960 2506 1267 2568 utrumque,
1307 2500 1449 2556 idem
1497 2506 1641 2573 quod
1669 2518 1753 2561 est
1799 2488 1940 2577 apud
1974 2528 2095 2566 nos.

531 2578 665 2631 ltem
715 2584 870 2650 cujus
919 2586 1092 2652 gratia
1161 2590 1503 2657 excepissent
1544 2593 1838 2649 Christiani
1901 2613 2095 2652 nomen

533 2668 824 2733 Mahometi
882 2674 951 2728 ab
1003 2677 1331 2747 Evangeliis,
1382 2672 1507 2736 cum
1556 2685 1602 2739 is
1649 2690 1855 2741 tantum
1913 2689 2099 2743 laudet

527 2761 831 2828 Christum,
861 2775 916 2818 et
952 2766 1096 2822 illius
1148 2781 1377 2825 matrem
1415 2782 1471 2827 et
1502 2775 2099 2846 EvangeliumiQuare

528 2852 665 2906 dicit
710 2854 763 2906 in
820 2855 1110 2920 Alcorano,
1138 2863 1281 2927 quod
1326 2862 1379 2915 in
1431 2863 1727 2934 Evangelio
1780 2868 1986 2923 Christi
2014 2880 2099 2925 est

531 2945 802 3000 rectitudo
833 2957 885 3001 ct
920 2949 1199 3017 perfectio.
1248 2952 1352 3007 Sed
1386 2969 1492 3008 non
1526 2956 1674 3011 illinc
1710 2938 1879 3029 inagis
1912 2960 2098 3016 abstu-

528 3034 713 3113 lerunt
758 3038 961 3091 nomen
1020 3039 1247 3105 diaboli,
1273 3050 1328 3096 et
1370 3043 1553 3107 Pilati,
1575 3048 1666 3115 qui
1694 3048 1972 3106 Christum
2004 3052 2098 3107 ﬂa-
2127 3087 2169 3147 Ο

525 3126 785 3196 gellavit,
841 3129 1177 3197 minimeque
1233 3143 1289 3188 et
1335 3150 1534 3190 nomen
1583 3137 1756 3203 Judaa,
1803 3143 1896 3210 qui
1950 3144 2097 3201 hunc

530 3219 776 3273 tradidit.
826 3221 956 3275 Item
1018 3225 1294 3293 quomodo
1352 3228 1699 3295 rationabile,
1752 3232 2098 3293 Christianos

527 3309 807 3366 addidisse
857 3313 909 3366 in
960 3313 1294 3384 Evangelio,
1333 3317 1611 3374 Christum
1671 3333 1724 3377 et
1778 3326 2094 3381 cruciﬁxum

522 3415 646 3456 esse
688 3415 743 3456 et
781 3415 1057 3459 mortuum
1103 3424 1273 3462 :cum
1340 3411 1716 3468 honorabilius
1782 3416 2097 3475 hominibus

530 3490 802 3554 videatur,
833 3509 1176 3565 nequaquam
1225 3502 1548 3556 crucifixum
1586 3519 1707 3559 esse
1740 3522 1754 3559 :
1785 3518 1841 3561 et
1871 3509 2096 3563 omnino

527 3583 924 3642 inconveniens
949 3588 1074 3652 hoc,
1099 3600 1154 3644 et
1182 3591 1349 3645 Deum
1378 3608 1521 3656 esse,
1547 3596 1692 3651 sicut
1721 3596 1774 3651 in
1804 3598 2097 3668 Evangelia

529 3675 752 3730 dicitur.
789 3676 959 3743 Quam
997 3692 1179 3734 autem
1231 3689 1682 3754 consequentiam
1737 3689 1936 3744 habere
1971 3706 2096 3759 pos-

528 3777 659 3820 sunt
692 3767 801 3821 duo
830 3769 946 3824 haec
977 3780 1186 3826 tantum
1227 3774 1369 3829 inter
1406 3792 1465 3830 se
1515 3766 1752 3844 diversa,
1780 3781 1832 3834 in
1865 3784 2097 3851 propriis

527 3857 875 3926 dogmatibus
917 3857 1308 3932 supposuisse:
1353 3868 1495 3923 sicut
1529 3869 1805 3934 videlicet,
1841 3874 2095 3928 eumdem

524 3956 583 4000 et
631 3963 819 4002 verum
870 3966 991 4005 esse
1044 3953 1247 4016 Deum,
1290 3964 1345 4008 et
1405 3972 1527 4011 vere
1574 3961 1893 4013 mortuum?
1961 3962 2093 4018 Item

528 4038 834 4104 supposito,
864 4040 917 4092 in
971 4042 1226 4095 omnibus
1270 4044 1426 4098 libris
1462 4046 1805 4103 Christianos
1855 4051 1958 4105 hoc
2004 4055 2098 4108 ad-

526 4123 771 4181 didisse;
808 4126 930 4193 quis
950 4128 1099 4181 enim
1137 4131 1392 4184 omnibus
1436 4132 1759 4189 hominibus
1794 4140 2095 4205 persuade-

528 4225 629 4280 ret,
658 4224 709 4269 et
763 4216 817 4269 in
851 4217 1065 4271 illorum
1103 4221 1359 4276 cordibus
1390 4224 1441 4277 id
1494 4224 1776 4295 infigeret?
1820 4228 1885 4282 Et
1914 4239 2093 4300 tamen

528 4306 821 4362 universus
860 4310 1097 4365 mundus
1148 4328 1442 4381 persuasus
1474 4324 1582 4379 est,
1614 4317 1668 4370 in
1711 4327 1917 4373 tantum
1949 4322 2092 4390 quod

2202 503 2400 571 κλήτου
2452 502 2647 574 ψήφων
2705 507 2907 573 χωρίς·
2942 507 3033 559 καὶ
3072 508 3157 560 διὰ
3194 509 3252 561 τὸ
3272 510 3355 561 τὴν
3391 511 3500 563 Θεὸν
3528 516 3647 569 τοῦτον

2204 591 2279 662 μὴ
2312 592 2554 661 δέχεσθαι
2586 595 2863 649 κοινωνόν.
2919 598 2981 649 Ei
3014 598 3122 668 γὰρ
3168 599 3346 653 τοῦτον
3377 603 3590 668 ἐδέξαντο,
3616 608 3649 675 ὴ-

2200 684 2373 748 ναγκά
2383 684 2584 753 σθησαν
2627 686 2694 737 ἂν
2716 690 3033 741 καταλιπεῖν
3054 690 3175 751 τοὺς
3194 691 3373 754 ἄλλους
3400 694 3526 757 Beati;
3540 714 3553 730 υ
3570 698 3650 767 ὅπερ

2201 776 2297 826 καὶ
2324 776 2457 828 αὐτὸ
2484 777 2724 831 ἐναντίον
2748 773 2817 847 ἦν
2848 782 2960 841 τοῖς
2981 779 3126 833 ἔθεσι
3156 782 3261 835 τῶν
3286 798 3339 834 τε
3362 786 3650 853 ὲπαρχιῶνκιὶ

2200 865 2313 918 τῶν
2352 866 2679 935 Ῥωμαϊκῶν
2711 870 2911 937 νόμων.
2948 872 3068 934 Ιῐῶς
3101 873 3168 926 ἂν
3196 875 3366 926 τοίνυν
3401 878 3444 927 οἱ
3474 878 3652 946 Χριστια-

2200 958 2281 1007 νοὶ
2318 958 2411 1008 ἐπὶ
2441 961 2506 1025 τῇ
2539 959 2749 1011 ἑαυτῶν
2770 959 2946 1032 βλάϐῃ
2972 965 3067 1015 καὶ
3092 963 3235 1036 λύμῃ
3267 967 3362 1033 τῆς
3395 967 3583 1032 πίστεως
3597 974 3652 1023 nl

2202 1045 2495 1115 ἐρεθισμοῦ
2519 1051 2641 1101 κατ’
2675 1050 2855 1103 αὐτῶν
2881 1053 2989 1105 τῶν
3032 1054 3314 1119 Ῥωμαίων
3354 1058 3582 1126 ἀρχόντων
3610 1064 3653 1114 εἷς

2201 1136 2351 1189 λοντο
2396 1140 2507 1202 τοῖς
2575 1140 2929 1208 Εὖαγγελίοις
2984 1146 3292 1213 προσθεῖναι
3328 1150 3530 1218 πρᾶγμα
3569 1152 3655 1205 cite

2204 1227 2346 1294 μέγα
2378 1246 2439 1280 τε
2487 1233 2581 1282 καὶ
2628 1231 2920 1299 ἀπίθανον;
2966 1236 3171 1297 Πάντες
3208 1239 3313 1307 γὰρ
3336 1239 3511 1309 ⁴ῇδεεςιιν
3536 1242 3655 1293 τοῦτθν

2199 1321 2290 1373 τὸν
2328 1322 2492 1389 νόμον
2515 1321 2816 1389 ἁγιώτατόν
2844 1342 2903 1377 τε
2933 1327 3028 1380 καὶ
3073 1328 3445 1396 εὐλογώτατον,
3470 1332 3571 1384 ἄνευ
3600 1334 3655 1384 τοῦ

2200 1413 2377 1464 πάντα
2416 1414 2571 1481 λόγον
2603 1415 3021 1483 ὑπερϐαίνοντος
3044 1418 3231 1472 τούτου
3258 1436 3271 1450 ·
3296 1421 3427 1485 λέγω
3453 1422 3525 1491 δὴ.
3548 1422 3657 1475 roth

2200 1500 2486 1570 ἄνθρωπον
2523 1506 2729 1556 ἐγεῖνον
2788 1500 2926 1558 εἶναι
2958 1508 3111 1562 Θεόν.
3156 1507 3224 1560 Ei
3268 1527 3319 1562 τι
3362 1512 3458 1579 ἀρα
3501 1510 3582 1562 τῶν
3616 1512 3656 1577 τῷ

2200 1590 2517 1660 Εὐαγγελὶῳ
2589 1593 2693 1646 ἔδει
2774 1595 3091 1662 μεταϐαλεῖν
3175 1596 3295 1660 τοὺς
3356 1587 3656 1665 Χριστιανοὺς,

2206 1681 2498 1747 μετέϐαλον
2524 1682 2587 1734 ἂν
2608 1682 2839 1753 ἐξαρχῆς
2863 1685 2957 1737 καὶ
2988 1686 3226 1752 ἀφεῖλον,
3252 1688 3362 1755 εῖξτι
3383 1683 3443 1757 ἦν
3464 1688 3655 1745 ἀπίθανον,

2198 1778 2288 1825 καὶ
2346 1776 2690 1844 προτέθηκαν
2716 1778 2780 1828 ἂν
2813 1777 2879 1827 τὰ
2912 1777 3111 1829 πιθανὰ
3146 1778 3361 1845 μᾶλλον,
3400 1778 3502 1846 se
3524 1778 3659 1831 ἀνάτα-

2196 1865 2298 1918 λιν.
2328 1867 2448 1917 Ἔτι
2500 1868 2614 1929 πῶς
2667 1868 2732 1920 ἂν
2762 1870 2811 1921 οἱ
2846 1869 3161 1939 Χριστιανοὶ
3209 1875 3315 1931 τοῖς
3350 1870 3577 1930 Ἰουδαίοις
3600 1886 3659 1919 σν-

2197 1957 2401 2010 νελθεῑν
2432 1958 2796 2029 ἠδυνήθησαν,
2829 1955 2902 2013 ὧν
2958 1960 3169 2030 ἀρχαίῳ
3219 1962 3358 2029 μίσει
3399 1959 3659 2029 διαχωρέζον-

2196 2061 2305 2107 ται,
2339 2045 2742 2115 διαφθείροντες
2781 2050 2880 2111 τὰς
2913 2050 3130 2118 Γραψάς
3160 2090 3176 2113 ,
3212 2052 3302 2103 καὶ
3328 2051 3530 2120 μάλιστα
3552 2064 3661 2114 προσ-

2196 2136 2431 2197 τιθέντες
2465 2138 2659 2200 ὲκείνο,
2698 2140 2753 2191 ἐν
2867 2141 3129 2209 μηδαμῶς
3188 2142 3539 2211 συμφωνοῦσις
3574 2141 3657 2194 Οὐδὲ

2197 2228 2311 2296 γὰρ
2332 2228 2439 2280 οὐδ’
2481 2230 2719 2283 Ἰουδαῖοί
2751 2249 2882 2298 φασι
2927 2233 3017 2284 τὸν
3052 2234 3286 2302 Χριστὸν
3318 2235 3349 2304 ἢ
3379 2235 3492 2286 Θεὸν
3513 2231 3659 2298 εἶναιῆ

2197 2319 2484 2388 ἄνθρωπον
2512 2322 2735 2386 ἀγαθόν.
2765 2323 2928 2375 Ὀθεν
2957 2322 3082 2375 ὅσον
3113 2324 3255 2376 κατά
3281 2326 3443 2388 τοῦτο,
3470 2326 3560 2385 τοῖς
3573 2323 3659 2389 21.6-

2200 2411 2456 2479 ρακηνοῖς
2493 2412 2692 2480 μᾶλλον
2748 2413 3140 2482 συμϐαίνουσιν
3192 2417 3240 2467 οἱ
3285 2416 3574 2484 Χριστιανοὶ,
3608 2414 3659 2462 lf-

2198 2516 2355 2569 γουσι
2393 2503 2483 2555 τὸν
2516 2503 2747 2573 Χριστὸν
2768 2505 3119 2574 τούλάχιστον
3151 2506 3437 2573 ἁγιώτατον
3462 2505 3660 2575 ἄνθρωπον

2199 2590 2355 2646 εἶναι.
2390 2594 2509 2646 Ἔτι
2567 2594 2672 2662 πρὸ
2709 2595 2807 2662 τῆς
2856 2594 2947 2647 τοῦ
3008 2597 3309 2666 Μαχούμετ
3354 2596 3600 2668 παρουσίας
3631 2591 3659 2642 οι

2198 2685 2536 2754 Χριστιανοὶ,
2570 2688 2666 2738 καὶ
2702 2686 2933 2756 μάλιστα
2964 2689 3012 2741 oi
3040 2690 3098 2741 ὲν
3118 2692 3188 2759 τῇ
3221 2689 3459 2759 ἀνατολῇ,
3479 2683 3657 2757 διῃρημέ-

2198 2794 2278 2831 νοι
2305 2773 2443 2847 ἦσαν
2478 2781 2559 2841 εἰς
2594 2780 2884 2847 διαφόρους
2942 2781 3209 2849 αἱρέσεις,
3257 2784 3353 2839 τὰς
3400 2781 3493 2833 τῶν
3530 2779 3658 2830 Nem-

2204 2870 2399 2935 ριανῶν
2424 2870 2687 2937 δηλονότι,
2727 2874 2818 2924 καὶ
2862 2873 3218 2929 ’ῐακωϐιτῶν.
3255 2876 3316 2927 Oi
3357 2872 3408 2927 δὲ
3456 2872 3657 2935 Nemota.

2200 2960 2282 3012 vol.
2307 2959 2540 3026 μάλιστα
2564 2963 2677 3022 τοῖς
2709 2961 3079 3033 Σαρῤακηνοῖς
3112 2963 3493 3033 συμφωνοῦσιν.
3520 2961 3585 3011 ,ὶιὸ
3602 2957 3657 3009 καὶ

2200 3048 2228 3099 ὁ
2271 3049 2541 3117 Μωάμεθ,
2582 3049 2726 3113 ἰδίως
2761 3051 2956 3114 αὐτοὺς
2988 3054 3257 3121 τιμᾶσθαι
3305 3047 3655 3120 παρακελεύεται

2202 3139 2323 3202 Πῶς
2353 3139 2419 3192 ἂν
2456 3141 2635 3193 τοίνυν
2667 3144 2778 3204 τοῖς
2812 3142 3200 3213 Νεστοριανοῖ;
3242 3146 3290 3197 οἱ
3334 3142 3581 3197 ἰακωϐῖται
3606 3153 3645 3188 σν

2198 3231 2387 3298 νῆλθον
2423 3231 2561 3299 πρὸς
2601 3231 2701 3302 τὴν
2737 3232 2831 3285 τοῦ
2868 3234 3209 3302 Εὑαγγελίου
3255 3237 3466 3305 φθορὰν,
3499 3231 3659 3297 τοσούτῳ

2200 3323 2347 3391 μίσει
2388 3322 2632 3392 ἀλλήλων
2668 3324 3008 3395 διῃρημένοι,
3039 3325 3185 3379 ὥστε
3225 3330 3314 3381 καὶ
3340 3327 3543 3394 ἀλλήλων
3574 3324 3657 3374 ἀτο-

2197 3413 2438 3466 κτινύναι
2460 3428 2475 3477 ;
2522 3413 2663 3484 Ἀλλ’
2689 3417 2835 3485 ὅμως
2856 3417 3017 3477 αὐτὸς
3052 3419 3146 3469 καὶ
3176 3434 3348 3484 ευρον,
3372 3419 3453 3469 καὶ
3478 3416 3657 3477 dudm”.

2196 3504 2326 3574 παρ’
2359 3504 2695 3577 ἀμφοτέροις
2726 3507 2786 3558 τὸ
2825 3509 3160 3575 Εὐαγγέλιον
3190 3511 3376 3564 ταύτὸν
3403 3508 3469 3575 τῷ
3510 3501 3656 3570 παρ“ή’

2199 3600 2289 3666 μῖν
2335 3599 2392 3650 ὲν
2425 3597 2630 3652 ἅπασιν
2680 3598 2761 3653 ὃν.
2790 3600 2911 3653 Ἔτι
2954 3601 3046 3654 τοῦ
3105 3604 3267 3671 χάριν
3307 3600 3485 3667 ἐξεῖλον
3522 3598 3570 3649 ἂν
3590 3591 3654 3665 τίὲν

2196 3689 2541 3758 ΕὐαγγεΛίων
2586 3692 2636 3744 οἱ
2683 3692 2998 3762 Χριστιανοὶ
3045 3694 3106 3746 τὸ
3147 3695 3319 3764 ὄνομα
3366 3692 3448 3745 τοῦ
3473 3681 3654 3758 Mentisne.

2195 3778 2360 3831 αὑτοῦ
2388 3780 2641 3833 τοσοῦτον
2668 3782 2781 3833 ’τὸν
2826 3783 3061 3851 Χριστὸν
3113 3783 3465 3844 ἐπαινοῦντος,
3494 3780 3562 3832 καὶ
3590 3770 3651 3839 τὴν

2197 3872 2406 3925 ἐκείνου
2450 3872 2662 3942 μητέρα
2698 3876 2792 3926 καὶ
2818 3875 2877 3925 τὺ
2906 3875 3284 3943 Εὐαγγέλιονς
3323 3878 3448 3930 ὥστε
3472 3873 3542 3924 καὶ
3556 3866 3652 3961 lii":

2197 3964 2254 4015 ὲν
2281 3964 2360 4032 τῷ
2400 3964 2730 4034 Ἀλκοράνῳ,
2763 3965 2837 4026 ὡς
2869 3967 2925 4017 ἐν
2946 3966 3024 4036 τῷ
3056 3968 3371 4037 Εὑαγγελίῳ
3398 3965 3478 4018 τοῦ
3497 3964 3653 4028 Χριστηθ

2196 4054 2344 4109 ἔστιν
2370 4054 2601 4121 εὐθύτης
2635 4055 2727 4107 καὶ
2760 4056 3059 4125 τελειότης.
3105 4057 3254 4111 Ἀλλ’
3303 4058 3397 4111 οὐκ
3425 4056 3481 4108 ἂν
3518 4046 3653 4102 ἐκεῖθεν

2200 4146 2399 4216 μᾶλλον
2422 4146 2640 4215 ἀφεῖλον
2672 4145 2730 4198 τὸ
2764 4146 2936 4217 ὄνομα
2967 4149 3062 4201 τοῦ
3114 4149 3360 4202 διαϐόλου
3403 4147 3483 4200 καὶ
3514 4140 3580 4194 τοῦ
3598 4136 3652 4189 Πεο

2195 4238 2381 4299 λάτου,
2416 4238 2508 4289 τὸν
2530 4239 2765 4307 Χριστὸν
2804 4240 3253 4308 μαστιγώσαντος
3278 4257 3292 4271 ⁸
3323 4242 3412 4306 οὐχ
3450 4238 3594 4303 ἣκιστα
3616 4222 3649 4272 δέ

2196 4327 2407 4380 καὶτοῦ
2442 4326 2889 4396 παραδεδωκότος
2916 4328 3104 4381 τοῦτον
3148 4331 3335 4383 Ἰούδα.
3372 4328 3475 4380 Ἔτι
3498 4309 3647 4377 misti-

529 4394 630 4447 hoc
662 4408 1021 4460 susceperunt
1072 4404 1367 4472 principes,
1422 4408 1656 4474 tyranni,
1691 4419 1748 4463 et
1782 4410 2091 4479 philosophi

2198 4416 2357 4483 λογον
2392 4394 2706 4485 προσθεῖναι
2733 4421 2857 4481 τοὺς
2895 4421 3256 4490 Χριστιανοὺς
3301 4424 3356 4473 ἐν
3388 4417 3455 4486 τῷ
3488 4413 3643 4474 Εὖατῖε⁹

525 4489 594 4537 ab
638 4485 880 4541 indoctis
932 4500 987 4543 et
1040 4496 1371 4560 pauperibus
1422 4498 1756 4553 hominibus.
1812 4500 1991 4566 Quare
2038 4511 2091 4555 et

525 4579 737 4648 calipha
802 4582 943 4649 apud
997 4582 1264 4653 Babylona
1314 4586 1653 4643 Christianus
1708 4604 1956 4645 mortuus
1988 4600 2089 4657 est,

524 4680 581 4724 et
634 4673 854 4726 inventa
904 4683 987 4729 est
1042 4691 1172 4729 crux
1233 4678 1283 4731 iu
1315 4680 1456 4733 collo
1491 4682 1633 4749 ejus,
1681 4690 1741 4735 ut
1777 4692 2089 4747 testaretur,

524 4765 670 4833 quod
698 4765 815 4832 ipse
850 4766 1251 4822 Saracenorum
1283 4772 1537 4842 princeps
1573 4773 1917 4831 Christianus
1944 4793 2091 4854 mor-

526 4865 651 4909 tuus
682 4867 785 4911 est.
838 4857 991 4913 Unde
1034 4870 1088 4913 et
1133 4863 1461 4929 ostenditur,
1520 4867 1665 4934 quod
1717 4867 1807 4921 hic
1879 4869 2088 4939 calipha

524 4948 738 5015 praprie
789 4950 1035 5019 sepultus
1090 4962 1193 5012 est.
1230 4969 1478 5009 seorsum
1525 4973 1553 5011 a
1598 4958 1720 5013 loco
1752 4960 1807 5013 in
1830 4976 1946 5028 'quo
1976 4976 2092 5017 mus

520 5052 639 5093 erat
696 5041 831 5095 alios
889 5044 1139 5111 sepelire.
1196 5047 1264 5100 Et
1316 5048 1419 5102 hoc
1474 5051 1780 5118 sepulcrum
1830 5052 1944 5123 ipse
1978 5054 2090 5107 vidi

522 5129 666 5197 apud
702 5130 994 5201 Babylona.
1024 5134 1290 5204 Congruit
1318 5138 1486 5207 igitur
1516 5143 1771 5196 omnibus
1803 5144 2001 5211 modis,
2035 5155 2091 5199 et

524 5223 835 5276 testimonio
864 5224 1143 5291 Alcorani,
1175 5239 1230 5282 et
1274 5228 1505 5286 fortibus
1536 5233 2090 5291 demonstrationibus

520 5326 575 5370 et
609 5318 913 5372 manifestis
962 5320 1153 5389 signis,
1205 5323 1559 5392 Evangelium
1609 5326 1982 5397 incorruptum
2035 5340 2090 5385 et

522 5406 972 5463 iucommutatum
1028 5427 1171 5466 esse.
1229 5413 1497 5479 Quoniam
1555 5417 1717 5487 igitur
1750 5419 2089 5475 Mahometus

520 5500 870 5571 Evangelium
929 5518 1031 5574 sup
1066 5521 1093 5557 a
1126 5507 1262 5561 aiias
1293 5506 1604 5577 Scripturas
1654 5512 1855 5576 laudat,
1885 5523 1939 5567 et
1970 5522 2090 5582 post

519 5589 649 5644 illud
689 5591 853 5646 Vetus
886 5592 1317 5659 Testamentum,
1360 5597 1477 5668 cogi
1508 5610 1727 5669 possent
1762 5603 2091 5656 convenien—
2128 5620 2139 5629 ο

528 5688 608 5732 ter
642 5683 829 5749 utique
861 5683 1119 5738 Sarareni
1172 5689 1447 5757 susvipcre
1498 5691 1641 5746 dicta
1688 5694 1739 5745 in
1788 5693 2091 5761 Evangeliis
2134 5745 2141 5751 .

2194 4508 2289 4575 λίῳ
2318 4511 2405 4561 τὸν
2431 4511 2666 4579 Χριστὸν
2683 4512 2777 4563 καὶ
2804 4513 3180 4582 σταυρωθῆναι
3207 4515 3297 4565 καὶ
3317 4506 3557 4564 ἀποθανεῖν
3569 4496 3647 4559 ἀλτΓ

2194 4602 2301 4663 θῶς
2336 4604 2683 4671 ὲντιμοτέρου
2713 4605 2824 4665 τοῖς
2862 4603 3169 4671 ἀνθρώποις
3217 4601 3474 4659 δοκοῦντος
3498 4611 3565 4645 του
3585 4602 3649 4679 μη.

2191 4694 2378 4762 δαμῶς
2424 4695 2843 4763 ἐσταυρῶσθαις
2900 4695 2994 4747 καὶ
3046 4696 3385 4747 παντάπασιν
3424 4688 3647 4779 ad”???

2190 4785 2283 4838 τοῦ
2308 4789 2402 4840 καὶ
2440 4785 2572 4838 Θεὸν
2624 4785 2715 4837 τὸν
2746 4786 2906 4837 αὑτὸν
2933 4782 3096 4848 εἶναι,
3129 4786 3203 4847 ὡς
3234 4787 3289 4837 ὲν
3335 4782 3404 4850 τῷ
3431 4763 3648 4863 Εὐαγγιλίξν

2191 4876 2432 4944 λέγεται.
2469 4876 2633 4928 Ποίαν
2668 4876 2713 4928 δ’
2736 4875 2802 4928 ἂν
2837 4876 2951 4945 ἕλει
2982 4877 3081 4945 τὴν
3111 4874 3419 4930 ἀκολουθίαν
3443 4867 3517 4920 δύο
3530 4872 3635 4913 sam

2191 4987 2282 5024 τον
2311 4969 2557 5038 ἀλλήλων
2587 4968 2819 5037 διάφορα
2850 4944 2908 5019 ές,
2937 4944 3047 5031 τοῖρ
3078 4969 3227 5030 ἰδίοις
3255 4967 3491 5033 δόγμασιν
3516 4944 3644 5038 ὑπιδέ-

2194 5059 2335 5124 σθαι,
2388 5034 2531 5109 ὥστε
2580 5034 2781 5126 δηλαδὴ
2830 5057 2922 5109 τὸν
2954 5057 3117 5110 αὐτὸν
3154 5058 3247 5109 καὶ
3294 5049 3448 5121 ἀληθῆ
3474 5060 3523 5112 τε
3560 5034 3645 5126 Et“?

2191 5123 2344 5209 Θεὸν,
2376 5148 2470 5201 και
2501 5123 2715 5215 ἀληθῶς
2761 5123 3114 5214 τεθνηκέναι,
3150 5148 3270 5200 Ἔτι
3309 5136 3593 5197 ὑποτιθέντος
3612 5123 3645 5171 ἑν

2195 5239 2397 5302 πάσαις
2446 5239 2567 5300 ταῖς
2622 5236 2821 5306 βίϐλοις
2850 5239 2977 5302 τοὺς
3010 5236 3354 5307 Χριστιανοὺς
3382 5227 3512 5281 τοῦτο
3538 5226 3642 5307 τρί’

2192 5329 2397 5392 θεῖναιν
2439 5326 2522 5388 τίς
2575 5304 2641 5379 ai
2670 5320 2784 5389 οἷός
2813 5344 2869 5379 τε
2918 5304 3135 5394 ἐγένετο
3175 5328 3351 5379 πεξσαι
3392 5318 3561 5413 παπαί

2194 5418 2466 5487 θρώπους,
2493 5417 2588 5470 καὶ
2610 5420 2729 5480 ταῖς
2750 5417 2973 5471 ἐκείνων
2998 5417 3264 5487 ἐγγράψαι
3284 5400 3641 5501 τοῦτολκαρθξαιῗ

2192 5511 2301 5563 καὶ
2323 5511 2473 5577 ὅμως
2508 5512 2536 5561 ὁ
2566 5509 2769 5576 κόσμος
2801 5510 2908 5571 πᾶς
2939 5509 3347 5565 ἁναπέπεισται,
3370 5498 3449 5551 καὶ
3473 5487 3643 5577 ἰδέξαπξ

2190 5599 2349 5652 τοῦτο
2401 5599 2668 5668 ἄρχοντες
2703 5599 2795 5651 καὶ
2825 5598 3101 5669 τύραννοι,
3156 5598 3249 5649 καὶ
3281 5591 3539 5660 φιλόσοφοι.
3561 5584 3632 5669 καί)

2194 5690 2490 5745 ὀδιδάκτων
2551 5691 2644 5744 καὶ
2686 5690 2931 5760 πενήτων
2962 5688 3268 5759 ἀνθρώπων.
3299 5684 3443 5735 Ὠετε
3488 5669 3560 5724 καὶ
3585 5660 3642 5713 τὸν
