3862 6220
229 320 360 387 10M

1503 314 1802 375 CONTRA
1852 315 2365 376 MAHOMETEM.

3318 315 3454 378 1062

225 437 443 504 σελήνη.
484 433 547 485 ⁸’0
575 430 932 500 ἐξηγούμενοι
961 430 1010 482 οί
1056 428 1260 483 τούτων
1309 429 1620 482 διδάσκαλοι
1657 430 1791 496 φασὶ

1904 445 2016 483 eum
2040 449 2053 484 :
2077 428 2316 484 Ostende
2332 427 2492 484 nobis
2508 428 2810 498 prodigium
2833 428 3128 498 quoddam.
3145 429 3211 484 Et
3227 440 3354 487 tunc
3367 433 3460 490 ilie
3513 409 3522 416 1

225 529 317 580 τὸν
347 524 642 594 Μαχούμετ
689 522 944 575 ἵστασθαι
1001 524 1139 590 μετά
1171 521 1280 574 τῶν
1322 520 1554 590 ἑταίρω)
1603 519 1794 574 αὐτοῦ.

238 619 461 678 Ἰδόντες
483 616 540 668 δὲ
591 615 688 685 τὴν
725 614 956 682 σελήνην
985 612 1312 679 ἐγγίζουσαν
1339 615 1406 680 τῇ
1458 611 1678 679 συνόδῳ,
1722 607 1796 663 εἴ·

229 726 330 762 πον
358 707 493 774 πρὸς
521 706 710 766 αὑτὸν,
738 704 916 768 Δεῖξον
945 704 1074 772 ἡμῖν
1100 703 1260 770 τέρας
1283 720 1355 757 τι.
1382 703 1494 754 Καὶ
1523 703 1630 754 τότ’
1656 703 1799 754 ὲκεῖ-

227 815 316 860 νος
345 799 456 859 τοῖς
492 797 644 849 δυσὶν
695 794 859 846 αὑτοῦ
889 792 1197 855 δακτύλοις,
1231 793 1416 844 ἔνευσε
1451 797 1517 863 τῇ
1574 794 1795 863 σελήνῃ,

227 890 478 941 τουτέστι
507 886 584 956 τῷ
616 886 882 954 ἀντίχειρι
923 886 1018 937 καὶ
1048 884 1127 953 τῷ
1164 885 1334 953 μέσῳ.
1370 879 1444 936 (ib
1482 884 1794 952 γενομένου,

227 984 307 1043 είς
327 979 417 1031 δύο
448 980 586 1046 μέρη
613 978 644 1044 ἡ
680 977 874 1045 σελήνη
906 977 1150 1046 διῄρητο.
1181 977 1288 1027 Καὶ
1314 975 1539 1044 Οάτερον
1575 979 1671 1044 μὲν
1692 979 1798 1026 τιὶν

227 1069 536 1138 τμημάτων
573 1066 765 1118 ἔπεσεν
795 1067 882 1116 ἐπὶ
911 1067 970 1116 τὸ
997 1066 1117 1135 ὅρος
1142 1066 1201 1118 τὸ
1243 1065 1475 1130 Ἐλικὲς,
1507 1067 1564 1117 τὸ
1591 1067 1797 1118 ἐπικεί-

233 1179 394 1231 μενον
425 1159 516 1225 ἀρ’
556 1160 671 1220 ἑνὸς
709 1160 910 1227 μέρους
933 1160 998 1226 τῇ
1032 1157 1183 1208 πόλει
1218 1158 1442 1219 Μεσκᾶς
1468 1174 1482 1188 ·
1520 1157 1580 1209 τὸ
1603 1158 1658 1208 δὲ
1687 1159 1798 1210 λοι-

231 1253 332 1304 πον
365 1251 449 1317 ἐφ’
471 1250 659 1318 ἕτερον
687 1249 833 1320 ³ἄρος,
861 1247 1198 1316 καλούμενον
1241 1247 1523 1317 Ἔρυθρον,
1556 1250 1692 1317 πρὸς
1724 1249 1802 1318 τῷ

232 1343 378 1412 ἄλλῳ
413 1341 567 1410 μέρει
591 1340 689 1407 τῆς
723 1339 932 1402 πόλεως
961 1341 1235 1407 κείμενον.
1268 1339 1422 1392 υῦτω
1446 1341 1502 1392 δὲ
1530 1342 1562 1411 ἡ
1604 1340 1800 1411 σελήνη

230 1433 610 1503 διατμηθεϊσα,
671 1432 767 1484 καὶ
817 1432 1065 1500 εἰσῆλθεν
1115 1434 1193 1493 είς
1222 1433 1312 1484 τὸν
1359 1432 1678 1501 χιτωνίσκον
1708 1431 1799 1483 τοῦ

231 1523 553 1594 Μαχούμετ,
581 1524 676 1576 καὶ
703 1523 865 1583 αὑτδς
897 1523 1060 1574 πάλιν
1087 1522 1296 1593 ταύτην
1333 1522 1801 1594 ἀποκατέστησεν.

239 1616 362 1669 Ἔτι
409 1618 466 1668 ὲν
495 1615 572 1685 τῷ
611 1615 887 1684 κεφαλαίῳ
928 1615 1020 1667 τοῦ
1061 1615 1201 1684 Σεδῆ
1250 1616 1383 1681 φησὶ
1425 1615 1520 1667 τὸν
1544 1615 1803 1685 σκώληκα

232 1712 474 1781 σημῆναι
501 1713 590 1764 τὸν
619 1712 846 1762 θάνατον
875 1709 966 1762 τοῦ
1002 1709 1349 1779 Σολομῶντος
1383 1711 1495 1772 τοῖς
1525 1709 1800 1778 δαίμοσιν.

237 1799 410 1854 Ἐνθα
439 1798 603 1869 φησὶν
644 1801 676 1868 ἡ
704 1799 984 1866 ἐξήγησις,
1016 1797 1099 1850 ὅτι
1126 1799 1152 1849 ὁ
1176 1797 1428 1865 Σολομῶν
1458 1797 1802 1865 ἐπερειδόμε-

232 1908 324 1954 νος
347 1893 413 1961 τῇ
448 1888 643 1943 ἑαυτοῦ
677 1889 972 1960 βακτηρίᾳ,
999 1890 1102 1942 ὑπὸ
1133 1894 1404 1951 τοσαύτης
1431 1889 1584 1956 ἄφνω
1609 1889 1803 1958 ὀδύνης

234 1983 555 2052 συνεσχέθη,
588 1980 728 2033 ὥστε
785 1999 1132 2050 παραχρημα
1181 1980 1517 2033 ἐκπνεῦσαι·
1567 1979 1696 2050 θείῳ
1744 1979 1803 2032 δὲ

231 2070 475 2137 θαύματι
525 2071 584 2121 ού
641 2069 964 2122 κατέπεσεν.
1001 2070 1061 2120 υἱ
1119 2068 1175 2120 δὲ
1227 2070 1402 2138 τούτῳ
1454 2067 1802 2130 δουλεύοντες

230 2160 490 2228 δαίμονες
546 2159 779 2228 δρῶντες
844 2157 1005 2209 αὐτὸν
1065 2158 1300 2221 ἑστῶτα,
1337 2158 1624 2210 ἐπίστευον
1679 2159 1799 2228 ζῇν.

247 2251 495 2320 ’Δνεδόθη
521 2251 580 2304 δέ
608 2267 691 2312 τις
723 2251 787 2302 ὲκ
818 2249 916 2318 τῆς
959 2250 1062 2318 γῆς
1095 2248 1332 2317 σκώληξ,
1372 2249 1664 2319 ’διαφαγὼν
1702 2251 1803 2320 τὴν

236 2342 564 2413 βακτηρίαν,
599 2344 665 2410 ἣν
693 2341 1024 2411 ἑπερείδετο.
1058 2336 1165 2404 *Ης
1203 2342 1606 2411 συντριϐείσης,
1637 2344 1801 2396 κατέ-

234 2447 401 2485 πεσεν
429 2435 455 2485 ὁ
485 2433 762 2500 Σολομῶν.
795 2434 905 2485 Καὶ
944 2433 1064 2484 τότε
1105 2433 1410 2502 δραμόντες
1435 2433 1486 2484 οί
1518 2433 1798 2500 δαίμονες,

230 2525 478 2589 ἔγνωσαν
508 2523 670 2575 αὑτὸν
696 2523 1020 2591 τεθνηκότα.
1064 2523 1154 2588 Ἐξ
1183 2524 1389 2576 ἐκείνου
1411 2523 1645 2594 ἤρξαντο
1677 2527 1802 2588 τοὺς

233 2615 552 2686 ἀνθρώπους
610 2615 751 2667 κατᾶ
807 2614 990 2666 πᾶσαν
1049 2613 1230 2666 αὐτῶν
1271 2614 1368 2682 τὴν
1410 2615 1636 2684 δύναμιν
1677 2615 1804 2684 βλά-

236 2725 413 2760 πτειν.
441 2707 562 2759 Ἕτι
585 2706 640 2759 δὲ
677 2708 732 2757 ἔν
768 2705 846 2775 τῷ
879 2706 1068 2776 βιϐλίῳ
1110 2705 1216 2759 τῶν
1245 2706 1554 2777 διηγήσεων
1582 2709 1744 2772 αὐτὸς
1775 2709 1804 2760 ὁ

229 2800 537 2867 Μαχούμετ
569 2797 862 2850 ἀποδίδωσι
883 2799 979 2868 τὴν
1008 2797 1209 2861 αἰτίαν,
1235 2799 1303 2852 δι’
1347 2801 1413 2868 ἣν
1457 2802 1484 2852 ὁ
1523 2796 1667 2864 οἳνος
1712 2817 1804 2852 κε-

232 2892 496 2944 κώλυται.
527 2892 661 2959 Φησὶ
687 2891 793 2959 γὰρ
825 2891 914 2942 τὸν
941 2890 1072 2942 Θεὸν
1103 2893 1194 2944 ἐπὶ
1226 2891 1323 2960 τὴν
1364 2892 1469 2957 γῆν
1505 2892 1599 2944 δύο
1633 2891 1804 2958 ἀγγέ-

232 2984 360 3045 λους
391 2982 813 3047 ἀπεσταλκέναι,
847 2981 990 3034 ὥστε
1021 2983 1201 3045 καλῶς
1228 2984 1437 3052 ἄρχειν,
1462 2985 1556 3036 καὶ
1578 2984 1802 3045 δικαίως

1897 523 2110 576 duobus
2130 523 2310 592 digitis
2330 521 2451 590 ejus
2476 521 2667 574 annuit
2698 522 2856 586 lunae,
2876 519 2927 574 id
2950 531 3033 574 est
3057 521 3254 590 pollice
3273 531 3326 575 et
3345 540 3464 577 me-

1898 614 2008 669 dio.
2028 613 2144 679 Quo
2168 615 2332 675 facto,
2357 613 2558 666 induas
2580 613 2898 680 partesluna
2922 613 3011 664 div
3039 629 3094 665 sa
3107 623 3204 675 est,
3221 614 3464 669 etaltera

1899 705 2116 774 quidem
2137 720 2262 774 pars
2278 704 2550 757 ceciditin
2573 714 2810 756 montem
2853 705 3047 767 Elices,
3084 705 3178 773 qui
3211 707 3462 760 imminet

1899 797 1968 850 ab
1990 813 2095 850 una
2126 805 2275 865 parte
2297 794 2496 849 Mecha:
2523 794 2764 861 :reliqua
2795 796 2972 846 autem
2988 809 3111 864 pars
3141 793 3207 848 ad
3237 796 3467 848 alterum

1902 897 2158 952 montem,
2181 887 2273 956 qui
2295 885 2603 955 appellatur
2635 885 2840 945 Buber,
2862 885 2926 938 ad
2955 886 3112 938 aliam
3147 895 3350 954 partem
3374 905 3469 942 ur-

1900 981 1984 1035 bis
2008 979 2263 1049 positum.
2291 978 2384 1031 Sic
2408 989 2588 1031 autem
2621 978 2746 1054 luna
2780 976 2950 1030 divisa
2976 978 3204 1030 intravit
3235 981 3288 1042 in
3319 982 3468 1034 tuni-

1901 1085 2019 1124 cam
2055 1071 2367 1132 Mahometi,
2413 1078 2468 1122 et
2513 1069 2628 1137 ipse
2678 1084 2867 1122 rursus
2923 1069 3062 1123 hanc
3123 1071 3467 1126 instauravit.

1902 1159 2037 1214 Item
2080 1160 2134 1212 in
2185 1158 2423 1227 capitulo
2475 1157 2618 1214 Sevi.
2669 1157 2803 1210 dicit
2838 1172 3076 1210 vermem
3137 1158 3471 1226 significasse

1911 1257 2140 1303 mortem
2178 1249 2487 1301 Salomonis
2514 1247 2878 1301 dzemonibus.
2921 1247 3020 1302 Ubi
3063 1247 3198 1301 dicit
3245 1250 3467 1317 exposi-

1907 1341 2004 1403 tio,
2028 1337 2172 1408 quod
2208 1337 2463 1391 Salomon
2497 1337 2715 1389 innixus
2749 1337 2833 1389 sui
2861 1336 3033 1405 ipsius
3064 1336 3284 1402 baculo,
3311 1348 3468 1393 tanto

1907 1429 2100 1484 dolore
2131 1438 2357 1498 repente
2416 1438 2705 1496 correptus
2735 1438 2838 1488 est,
2903 1436 2960 1480 ut
2990 1429 3172 1481 statim
3221 1430 3468 1498 exspira-

1907 1520 2067 1584 verit,
2101 1519 2290 1573 divino
2341 1528 2520 1572 autem
2558 1517 2824 1570 miraculo
2869 1533 2976 1571 non
3007 1518 3222 1573 cecidit.
3257 1519 3472 1573 Daemo-

1905 1625 2006 1665 nes
2039 1617 2219 1663 autem
2248 1609 2338 1678 qui
2376 1611 2424 1662 ei
2467 1609 2799 1672 serviebant,
2843 1609 3090 1662 videntes
3143 1623 3264 1661 eum
3303 1618 3471 1673 stare,

1907 1701 2208 1757 credebant
2264 1701 2443 1769 ipsum
2503 1701 2764 1754 dormire.
2827 1701 2892 1754 Et
2925 1709 3084 1754 natus
3121 1712 3204 1756 est
3237 1704 3470 1772 quidam

1905 1791 2108 1845 vermis
2140 1805 2171 1843 e
2224 1799 2391 1854 terra,
2433 1798 2488 1844 et
2551 1790 2789 1844 corrosit
2845 1791 3098 1844 baculum
3125 1793 3212 1846 cui
3245 1795 3465 1846 innixus

1902 1893 2045 1938 erat.
2081 1883 2201 1950 Quo
2233 1885 2490 1948 contrito,
2528 1882 2724 1936 cecidit
2758 1882 3039 1937 Salomon.
3075 1883 3143 1938 Et
3169 1893 3300 1938 tunc
3344 1900 3471 1938 cur-

1904 1983 2091 2027 rentes
2123 1973 2420 2035 daamones,
2454 1983 2974 2042 eognoverunteum
3009 1989 3132 2027 esse
3153 1985 3466 2027 mortuum:

1911 2073 1968 2117 et
2002 2079 2068 2116 ex
2100 2079 2168 2117 eo
2199 2074 2488 2131 cmperunt
2518 2064 2832 2117 hominibus
2861 2065 3012 2133 juxta
3053 2079 3215 2134 posse
3242 2081 3462 2118 nocere.

1905 2154 2126 2209 ltemiu
2189 2155 2431 2224 capitulo
2489 2155 2902 2220 Narrationum,
2951 2169 3065 2222 ipse
3127 2155 3468 2210 Mahometus

1904 2246 2085 2301 reddit
2117 2261 2362 2309 causam,
2419 2256 2644 2315 propter
2688 2261 2850 2314 quam
2884 2248 3071 2299 vinum
3130 2247 3466 2314 prohibitum

1902 2347 2006 2394 est;
2039 2339 2181 2392 Dicit
2203 2339 2374 2401 enim,
2402 2338 2568 2390 Deum
2601 2338 2666 2389 ad
2716 2345 2915 2390 terram
2944 2337 3086 2391 duos
3111 2339 3334 2406 angelos
3363 2339 3466 2392 mi-

1903 2431 2060 2495 sisse,
2104 2439 2164 2483 ut
2196 2430 2335 2483 bene
2398 2430 2757 2498 imperarent,
2811 2439 2866 2483 et
2929 2429 3077 2497 juste
3134 2429 3464 2500 iudicarent.

1904 2521 2076 2576 Erant
2109 2532 2290 2576 autem
2328 2521 2382 2573 hi
2415 2520 2614 2590 angeli,
2646 2523 2816 2574 Aroth
2852 2532 2906 2575 et
2942 2521 3174 2575 Maroth.
3234 2520 3468 2576 Veniens

1903 2624 2090 2668 autem
2126 2613 2378 2683 quaedam
2408 2613 2604 2666 mulier
2633 2613 2902 2683 justitiam
2931 2614 3160 2676 haheus,
3205 2614 3273 2666 ad
3309 2628 3471 2682 pran-

1904 2707 2054 2760 dium
2085 2707 2186 2758 hos
2239 2708 2473 2764 vocavit.
2507 2713 2563 2758 et
2613 2705 2868 2773 apposuit
2923 2707 3005 2760 eis
3043 2705 3280 2758 vinum:
3321 2703 3468 2774 quod

1905 2815 1973 2851 ne
2001 2799 2273 2856 biberent.
2305 2797 2386 2851 eis
2420 2798 2562 2852 Deus
2619 2797 2913 2851 mamlavit.
2951 2797 3210 2851 lnebriati
3257 2805 3466 2857 autem,

1903 2893 1970 2946 de
2023 2892 2167 2944 coitu
2227 2906 2348 2944 eam
2398 2890 2827 2958 requi~iverunt.
2886 2891 3019 2955 Quae
3065 2891 3370 2954 consensit,
3413 2899 3470 2943 et

1907 2992 2062 3052 pacta
2097 2990 2184 3036 est
2234 2997 2400 3050 super
2453 2983 2540 3035 his
2609 2991 2812 3044 tamen,
2851 2981 2995 3050 quod
3051 2982 3190 3035 alter
3244 2981 3464 3050 quidem

231 3075 465 3141 κρίνειν.
496 3067 674 3122 Ἦσαν
705 3070 760 3122 δὲ
791 3087 936 3124 ουτοι
965 3071 1190 3138 οίᾶγιοι
1219 3071 1462 3138 ἄγγελοι,
1499 3071 1677 3140 Ἀρὼτ
1707 3071 1797 3124 καὶ

1906 3077 2099 3129 horum
2133 3089 2253 3129 eam
2292 3074 2346 3127 in
2382 3074 2581 3128 coelum
2611 3073 2909 3127 ascendere
2965 3071 3148 3134 faciat,
3176 3072 3312 3124 alter
3345 3084 3476 3126 vero

232 3163 462 3233 Παρώτ.
506 3163 769 3217 Ἐλθοῦσα
815 3162 872 3215 δέ
922 3179 1008 3226 τις
1060 3161 1199 3234 γυνὴ
1250 3161 1403 3234 δίκην
1456 3162 1801 3235 ἔτεουσαμὲτέ

228 3255 453 3324 ἄριστον
501 3255 721 3318 τούτους
770 3254 1038 3307 ἒκάλεσε·
1097 3257 1190 3306 καὶ
1250 3257 1532 3326 παρέθηκε
1595 3259 1803 3320 τούτοις

226 3343 398 3408 ο⁷νον,
436 3346 495 3398 ὃν
518 3348 544 3398 ὁ
575 3347 707 3408 Θεὸς
741 3349 814 3416 μὴ
854 3349 1000 3399 πιεῖν
1029 3347 1212 3408 αὐτοῖς
1257 3348 1582 3402 ἐνετείλατο.
1620 3349 1802 3401 Mallu-

228 3436 450 3499 σθέντες
480 3437 536 3489 δὲ
570 3437 837 3509 ὲξῄτησαν
864 3437 1066 3507 ταύτην
1098 3438 1183 3506 ὲφῗ
1219 3437 1409 3506 ὕϐριν⁴
1440 3437 1518 3502 οἷς
1553 3445 1643 3492 καὶ
1676 3458 1799 3492 συνο

225 3528 387 3580 ἐοετο
446 3531 540 3581 ἐπὶ
572 3534 781 3590 τούτοις
813 3534 1015 3599 μέντοι,
1046 3529 1185 3581 ὥστε
1221 3532 1311 3584 τὸν
1339 3532 1523 3599 ἕτερον
1552 3532 1649 3598 μὲν
1675 3531 1795 3584 τού-

225 3636 347 3669 των
386 3619 556 3688 αύτὴν
608 3621 684 3680 είς
713 3620 800 3671 τὸν
826 3619 1055 3689 οὐρανὸν
1106 3622 1421 3673 ἀναϐαίνειν
1447 3621 1674 3684 διδάξαι.
1707 3622 1796 3673 τὸν

221 3711 286 3763 δὲ
323 3711 512 3762 λοιπὸν
565 3712 938 3767 καταϐαίνειν.
975 3714 1045 3766 Ἦ
1076 3715 1166 3765 καὶ
1198 3713 1429 3782 ἀνῆλθεν
1482 3715 1561 3775 εἰς
1596 3715 1684 3765 τὸν
1718 3715 1799 3766 ούο

227 3801 420 3869 ρανόν.
467 3801 524 3853 '0
552 3802 608 3852 δὲ
643 3802 774 3865 Θεὸς
837 3802 1044 3870 ταύτην
1102 3803 1244 3866 ἰδὼν,
1278 3803 1372 3856 καὶ
1401 3805 1497 3872 τῆς
1525 3804 1679 3873 δίκης
1732 3807 1797 3872 ἦν

224 3889 377 3959 εἶχεν
431 3892 687 3956 ἀκούσας,
720 3893 1022 3961 πεποίηκεν
1069 3893 1240 3962 αὐτὴν
1282 3892 1587 3963 Ἑωσφόρον
1613 3909 1627 3924 ⁸
1670 3893 1798 3946 ὥστ’

225 3979 376 4034 εἶναι
414 3985 618 4052 ταύτην
674 3986 731 4036 ὲν
765 3984 840 4052 τῷ
885 3984 1102 4054 οὐρανῷ
1149 3984 1349 4050 μεταξὺ
1385 3986 1490 4038 τῶν
1532 3987 1798 4053 ἀστέρων,

224 4071 376 4124 οῦτω
410 4073 600 4143 καλὴν,
633 4073 820 4144 ῶσπερ
854 4076 956 4126 κάν
1007 4077 1073 4144 τῇ
1131 4077 1199 4144 γῇ
1240 4076 1445 4142 μεταξὺ
1474 4076 1583 4127 τῶν
1613 4093 1798 4144 γυναι-

224 4163 344 4216 κῶν
376 4160 464 4236 ἦν.
503 4167 764 4232 Δοθείσης
809 4166 864 4218 δὲ
902 4170 1010 4228 τοῖς
1056 4167 1392 4233 ἁμαρτοῦσιν
1417 4167 1672 4233 ἀγγέλοις
1711 4171 1794 4220 αἱ·

228 4256 454 4326 ρέσεως,
479 4258 612 4310 ὅπου
655 4257 934 4327 βούλοιντο
975 4257 1332 4325 κολασθῆναι,
1367 4256 1602 4309 ἐνταῦθα
1637 4257 1794 4327 δηλο-

1903 3165 2258 3220 descendere.
2315 3165 2449 3229 Qua:
2478 3173 2531 3217 et
2559 3163 2610 3216 in
2647 3164 2848 3218 cmlum
2885 3164 3154 3218 ascendit.
3202 3162 3342 3217 Deus
3375 3178 3471 3216 au.

1905 3251 2012 3316 ιὲιιι
2043 3256 2237 3316 videns
2274 3254 2434 3315 hanc,
2470 3261 2526 3305 et
2573 3254 2843 3322 justitiam
2877 3267 3039 3321 quam
3092 3253 3333 3307 habebat
3367 3269 3468 3306 au~

1903 3355 2082 3416 diens,
2113 3354 2242 3407 fecit
2281 3368 2400 3406 eam
2455 3345 2872 3414 Lucifetvmrm
2909 3354 3054 3406 esset
3077 3345 3202 3408 luet:
3232 3346 3468 3406 aron

1909 3445 2051 3498 inter
2083 3454 2225 3497 astra
2269 3444 2339 3495 ita
2367 3443 2616 3512 pulchra,
2666 3443 2804 3496 sicut
2835 3450 2891 3495 et
2928 3444 2982 3494 in
3017 3452 3164 3510 terra
3187 3443 3291 3497 luit
3325 3443 3469 3496 inter

1900 3535 2178 3588 mulieres.
2207 3534 2334 3586 Data
2366 3541 2549 3586 autem
2580 3531 2935 3594 peccantibus
2965 3532 3172 3600 angelis
3201 3528 3467 3586 electione

1896 3627 1983 3680 ubi
2016 3627 2184 3678 velint
2229 3624 2428 3691 puniri,
2452 3635 2580 3676 tunc
2607 3621 2888 3685 videlicet,
2945 3623 3031 3676 vel
3055 3622 3106 3675 in
3125 3621 3331 3685 futuro,
3362 3623 3467 3676 eli-

1895 3716 2149 3785 gentibus
2175 3717 2258 3768 eis
2294 3731 2346 3767 In
2371 3715 2622 3783 praesenti
2649 3713 3053 3783 potiusipuniri,
3079 3713 3316 3781 pendere
3341 3713 3467 3766 fecit

1897 3807 1996 3860 hos
2015 3822 2110 3874 per
2139 3805 2302 3874 pedes
2351 3816 2543 3858 catena
2593 3805 2766 3858 ferrea
2821 3805 2876 3858 in
2927 3804 3218 3874 Babylonis
3276 3813 3462 3873 puteo,

1900 3913 2070 3966 usque
2120 3898 2173 3950 in
2219 3897 2363 3949 diem
2403 3896 2615 3966 iudicii.
2645 3896 2771 3949 llaec
2803 3907 2854 3948 et
2883 3896 2969 3949 his
3002 3896 3196 3948 similia
3233 3899 3284 3947 in
3320 3912 3460 3963 pra:-

1898 3989 2044 4042 dicta
2094 3988 2210 4057 lege
2261 3988 2631 4049 continentur,
2682 3995 2902 4056 propter
2947 4001 3066 4055 qua:
3113 3986 3342 4054 quilibet
3372 4003 3460 4037 sa-

1896 4082 2049 4148 pii-ns
2080 4090 2256 4148 petest
2289 4080 2473 4147 utique
2505 4093 2618 4132 rem
2651 4093 2999 4146 cognoscere,
3032 4087 3086 4131 et
3114 4079 3257 4146 quod
3313 4078 3462 4132 nullo

1895 4169 2057 4222 modo
2090 4171 2174 4222 lex
2210 4176 2292 4222 est
2325 4169 2526 4222 divina.
2555 4168 2742 4237 Neque
2789 4169 2934 4222 enim
2969 4167 3159 4221 solitus
3187 4177 3271 4221 est
3320 4165 3463 4222 Deus

1893 4276 1989 4330 per
2019 4260 2157 4312 tales
2188 4259 2396 4313 fabulas
2425 4275 2549 4312 eum
2586 4259 2901 4312 hominibus
2935 4259 3108 4326 loqui.

225 4347 346 4397 νότι
384 4347 415 4413 ἣ
449 4348 506 4401 ἐν
539 4348 619 4416 τῷ
655 4349 923 4418 μέλλοντι,
973 4350 1242 4417 ἑλομένων
1273 4349 1452 4401 αὐτῶν
1481 4351 1537 4400 ὲν
1592 4349 1668 4418 τῷ
1696 4352 1923 4421 παρόντι
1991 4351 2190 4420 μᾶλλον
2249 4352 2648 4420 τιμωρηέίῆναι,
2705 4349 3008 4419 ἐξήρτησεν
3036 4349 3255 4411 τούτους
3301 4350 3355 4401 ὲν
3387 4349 3464 4416 τῷ

225 4440 328 4506 τῆς
399 4439 716 4502 Βαδυλανος
761 4443 957 4512 φρέατι
1026 4443 1136 4494 τῶν
1178 4442 1353 4494 ποδῶν
1406 4443 1476 4495 δι’
1539 4443 1781 4508 ἁλύσεως
1825 4445 2050 4514 σιδηρᾶς
2099 4445 2262 4513 μέχρι
2311 4446 2406 4512 τῆς
2445 4445 2506 4493 ἐν
2533 4446 2597 4512 τῇ
2634 4442 2813 4513 κρίσει
2860 4441 3092 4511 ἡμέρας.
3135 4439 3317 4492 Ταῦτα
3371 4446 3465 4492 καὶ

223 4533 438 4597 τούτοις
461 4537 621 4604 ὅμοια
653 4538 711 4588 ἐν
738 4537 816 4606 τῷ
836 4540 1220 4607 προειρημένῳ
1242 4539 1586 4608 περιέχονται
1613 4541 1780 4611 νόμῳ,
1823 4541 1892 4594 δι’
1923 4537 1997 4593 ὧν
2019 4544 2123 4601 πᾶς
2159 4539 2316 4607 σοφὸς
2349 4540 2550 4590 δύναιτ’
2573 4539 2638 4592 ἂν
2703 4538 3084 4605 διαγινώσκειν
3111 4538 3170 4590 τὸ
3219 4537 3465 4605 πλάσμα,

224 4633 326 4681 καὶ
357 4630 436 4682 ὃτι
466 4631 587 4684 κατ’
619 4633 808 4683 οὐδένα
871 4635 1074 4701 τρόπον
1114 4619 1276 4703 νόμος
1328 4637 1464 4705 ἐστὶι
1491 4635 1654 4698 θεῖος.
1724 4637 1861 4689 Οὐδὲ
1902 4637 2008 4706 γάρ
2041 4643 2190 4689 ἐστιν
2222 4637 2410 4698 εἰωθὸς
2441 4637 2516 4700 τῷ
2546 4635 2663 4705 Θεῷ
2715 4635 2806 4687 διὰ
2845 4634 3104 4688 τοιούτων
3137 4635 3319 4704 μύθων
3349 4634 3465 4683 62a-

219 4721 487 4788 λέγεσθαι
517 4725 628 4785 τοῖς
657 4722 752 4774 ἀνθ
762 4723 982 4792 ρώποις.

220 4836 304 4893 Ε¹.
331 4839 460 4892 ὀτι
486 4839 548 4892 τὸ
573 4844 920 4908 Αλκρράνον
948 4845 1057 4895 οὐκ
1094 4842 1223 4895 ἔστι
1254 4846 1435 4912 νόμος
1464 4845 1630 4910 Θεοῦ,
1667 4845 1794 4899 ἐπεὶ

1904 4841 1964 4897 ν.
2014 4841 2163 4907 Quod
2227 4843 2551 4894 Alcm-anum
2603 4857 2708 4894 non
2764 4850 2839 4893 est
2905 4843 2989 4891 lea:
3041 4839 3155 4902 D.i,
3207 4855 3461 4909 quoniam

375 4933 462 5001 μὴ
499 4937 811 5004 συμφωνεῖ
836 4937 984 4990 κατὰ
1019 4937 1292 4992 διάνοιαν
1319 4939 1496 5006 ἑτέρῳ
1521 4941 1656 4994 τινί.

309 5138 481 5207 Δῆλον
508 5138 564 5190 δὲ
595 5140 888 5194 κάντεῦθεν
917 5142 991 5212 μὴ
1025 5137 1166 5194 εἶναι
1191 5141 1353 5212 νόμον
1382 5142 1524 5195 θεῖον
1574 5141 1634 5196 τὸ
1676 5141 1796 5194 ’Λλ-

211 5230 478 5301 κορεὶνον,
507 5231 592 5284 διὰ
619 5233 678 5284 τὸ
708 5237 844 5301 μήτε
869 5233 946 5302 τῷ
974 5234 1067 5286 τοῦ
1100 5234 1235 5286 Θεοῦ
1266 5235 1415 5303 νόμῳ
1446 5233 1793 5302 συμϐαίνειν,

212 5321 365 5389 μήτε
401 5323 510 5382 τοῖς
538 5319 849 5388 φιλοσόφοις
898 5325 1011 5385 τοῖς
1045 5324 1174 5393 περὶ
1220 5323 1431 5392 ἀρετῶν
1481 5325 1576 5375 καὶ
1606 5322 1697 5374 τοῦ
1729 5324 1787 5374 ὲν

208 5411 531 5481 ἀνθρώποις
585 5414 813 5483 ἐσχάτου
847 5415 1030 5476 τέλους
1074 5415 1444 5466 διαλαϐοῦσιν.
1492 5415 1787 5467 ’Υπέθεντο

205 5504 333 5574 γὰρ
361 5505 410 5555 oi
445 5504 721 5573 φιλόσοφοι
743 5505 915 5574 αὐτὴν
938 5505 1035 5576 τὴν
1061 5505 1411 5575 ἀνθρωπίνην
1438 5507 1784 5575 εὐδαιμονίαν

209 5598 281 5647 ιν
306 5595 386 5664 τῷ
417 5597 588 5667 νοερῷ
643 5598 798 5666 μέρει
827 5598 924 5666 τῆς
978 5597 1154 5665 ψυχῆς
1185 5593 1347 5660 εἶναι,
1382 5597 1476 5649 καὶ
1521 5598 1614 5648 τὸν
1663 5594 1786 5648 νοῦν

213 5687 404 5755 ἄκραν
431 5688 488 5738 ἐν
519 5688 597 5756 τῷ
632 5685 902 5751 ἀνθρώπῳ
931 5687 1157 5750 δύναμιν
1188 5687 1338 5750 ὄντα,
1375 5687 1468 5740 τοῦ
1508 5688 1682 5751 ἄκρου
1713 5682 1789 5738 εἷ-

1972 4955 2073 4991 ιιοη
2105 4937 2340 4990 convenit
2402 4936 2687 4988 secundant
2739 4933 3053 4986 sententiam
3117 4947 3234 4982 cum
3281 4931 3460 4998 aliqua

1967 5031 2156 5083 altera.

1967 5143 2312 5198 Manifestum
2341 5148 2396 5193 et
2438 5141 2566 5194 hinc
2607 5147 2709 5203 est,
2749 5153 2854 5192 non
2881 5119 3000 5192 esse
3030 5139 3200 5208 legem
3243 5139 3335 5193 Dei
3367 5141 3457 5192 Al-

1895 5250 2177 5295 c0ranum,
2203 5244 2490 5301 propterea
2513 5214 2662 5297 quod
2689 5245 2864 5297 neque
2894 5244 3019 5282 cutn
3048 5229 3164 5299 lege
3193 5230 3287 5284 Dei
3323 5246 3456 5285 eon-

1896 5327 2065 5390 venit,
2097 5340 2274 5393 neque
2325 5339 2448 5378 cum
2490 5321 2851 5390 phil030phis.
2889 5325 2984 5390 qui
3043 5322 3112 5376 de
3164 5322 3462 5376 virtutibus

1895 5417 2042 5470 etde
2071 5425 2313 5469 extremo
2344 5414 2450 5467 lino
2488 5412 2580 5481 qui
2621 5421 2706 5466 est
2751 5413 2803 5464 in
2851 5410 3166 5465 hominibus
3195 5420 3455 5465 tractant.

1896 5506 2315 5574 Supposuerunt
2363 5504 2507 5558 enim
2569 5503 2876 5572 philosophi
2927 5502 3096 5571 ipsam
3159 5501 3454 5555 humanam

1896 5595 2213 5648 leheitatcm
2249 5594 2302 5646 in
2335 5591 2716 5649 .intellectuali
2748 5601 2897 5659 parte
2952 5591 3148 5644 anima:
3173 5588 3176 5590 ’
3200 5604 3346 5656 esse,
3402 5600 3457 5644 et

1895 5686 2235 5740 intellectum
2301 5700 2570 5740 summam
2609 5684 2663 5738 in
2705 5683 2927 5737 homine
2979 5681 3280 5752 pouentiam
3341 5683 3466 5736 exi--
