3862 6220
471 290 610 352 1063

1686 285 2067 348 DEMETRII
2130 291 2212 349 (ΣΥ
2226 289 2444 352 υΟΝΙί

3511 307 3609 381 ἱῡιὶί

466 419 728 463 stentem.
763 401 994 458 extremi
1047 417 1169 456 esse
1202 399 1588 470 intelligibilis,
1619 411 1675 454 et
1721 402 2037 464 felicitatem

2147 427 2229 462 ναι
2257 412 2472 479 νοητοῦ’
2506 414 2599 465 καὶ
2623 413 2723 482 τὴν
2755 415 3103 485 εὐδαιμονίαν
3131 419 3317 489 ἀρετῆς
3341 417 3477 479 ἆθλον
3493 425 3608 486 εἶναι·

465 498 688 552 virtutis
719 496 1002 566 prtemium
1037 508 1178 556 esse,
1227 506 1284 546 et
1323 493 1582 547 virtutem
1634 494 1778 548 circa
1837 510 2028 564 magna

404 639 413 648 .
467 600 663 646 esseet
688 588 958 649 dillicilia,
984 597 1039 639 et
1065 586 1168 638 alia
1215 585 1551 655 nujusmodi,
1583 587 1687 639 etsi
1751 603 1858 639 non
1907 602 2030 655 per-

402 659 424 678 I
469 680 610 734 fecte
649 678 778 732 talia
837 677 1137 744 intelligere
1197 686 1466 744 poterant.
1523 675 1782 731 Christus
1847 687 2030 731 autem

470 771 584 824 hate
620 771 734 836 ipsa
769 769 822 822 in
871 767 1166 836 Evangelio
1197 767 1462 826 ostendit,
1496 767 1687 821 dicens
1745 777 2029 836 angustam

467 876 588 914 esse
620 859 759 911 viam
807 874 927 926 quae
955 857 1108 911 ducit
1139 857 1191 909 in
1225 857 1387 910 vitam
1422 869 1706 918 mternam,
1737 868 1791 910 et
1833 874 2033 926 paucos

467 963 587 1002 esse
614 947 705 1016 qui
744 963 838 1015 per
868 962 987 1000 eam
1022 947 1289 1000 veniunt:
1329 947 1494 999 latam
1524 959 1707 1001 autem
1741 964 1862 1001 esse
1893 963 2032 1000 viam

471 1055 589 1106 qua:
616 1040 767 1094 ducit
803 1039 854 1092 in
883 1038 1264 1106 perditionem.
1298 1053 1353 1091 et
1383 1039 1588 1106 reliqua
1630 1039 1697 1090 ‘°.
1725 1039 1781 1092 In
1817 1041 1918 1093 hoc
1937 1056 2036 1092 an—

473 1142 726 1184 temcum
759 1130 1070 1184 Arismtelis
1110 1130 1382 1183 sententia
1430 1131 1707 1195 convenit,
1757 1131 1851 1198 qui
1904 1131 2037 1184 dicit

471 1221 689 1275 difﬁcile
744 1236 864 1275 esse
922 1219 1222 1274 secundum
1281 1222 1542 1273 virtutem
1603 1222 1840 1290 operari.
1895 1224 2037 1277 sicut

473 1313 743 1380 attingere
775 1323 1024 1366 centrum
1062 1312 1114 1364 in
1171 1312 1400 1370 cit-culo,
1441 1315 1584 1379 quod
1613 1314 1770 1379 pauci
1806 1314 2034 1368 faciunt.

470 1402 726 1456 Christus
759 1413 939 1455 autem
971 1413 1026 1456 et
1057 1403 1296 1457 hominis
1320 1403 1635 1456 felicitatem
1689 1407 1740 1456 in
1776 1406 1868 1458 Dei
1910 1421 2036 1474 spe-

472 1490 750 1548 culatione
781 1495 955 1561 ponit,
981 1494 1172 1546 dicens
1198 1509 1212 1544 :
1252 1512 1269 1543 ι
1313 1494 1437 1547 Hzec
1464 1503 1548 1547 cst
1576 1495 1682 1548 vita
1729 1505 1954 1559 :etcrna,
1981 1506 2041 1549 ut

472 1596 803 1654 cognoscant
829 1599 878 1637 te
908 1587 1082 1638 solum
1115 1601 1302 1638 verum
1327 1586 1496 1638 Deum
1521 1587 1584 1640 η.
1619 1604 1636 1635 ι
1677 1586 1799 1640 llaec
1854 1595 2036 1640 antem

474 1677 588 1744 ipsa
623 1677 1058 1740 notissimasnnt
1083 1692 1150 1729 ex
1186 1676 1362 1729 Veteri
1390 1675 1765 1731 Testamento.
1806 1679 2040 1732 Abrahae

471 1767 619 1821 enim
675 1766 828 1821 facta:
858 1776 985 1820 sunt
1042 1766 1452 1834 promiSsiones,
1490 1767 1576 1822 cui
1643 1768 1784 1821 Deus
1818 1771 2038 1836 pr0prie
2073 1759 2113 1815 Β

475 1859 730 1927 [immisit
757 1874 878 1911 eum
907 1857 1080 1926 ipsum
1108 1858 1238 1910 dare
1271 1859 1322 1910 in
1355 1868 1497 1911 terra
1551 1860 1950 1927 promissionis,
1985 1870 2039 1914 ιιι

472 1949 701 2001 seminis
735 1947 1198 2002 benedictionem.
1230 1948 1294 2000 Et
1346 1947 1558 2017 Moyses
1590 1961 1794 2006 autem.
1837 1951 1926 2003 cui
1962 1962 2038 2004 tot

473 2040 755 2093 mirabiles
805 2040 1010 2108 gratias
1058 2039 1198 2092 Dens
1235 2040 1488 2107 praebuit,
1543 2043 1633 2109 qui
1671 2049 1726 2094 et
1769 2043 1940 2095 Deum
1981 2043 2038 2096 in

473 2131 757 2196 SUppuSllO
781 2127 1011 2180 :t-dificio
1042 2128 1278 2196 speculis
1303 2128 1465 2193 digne
1496 2129 1737 2196 seipsnm
1789 2130 2042 2184 conside-

473 2233 600 2273 rans
628 2234 736 2270 non
767 2218 872 2270 hoc
901 2217 1150 2271 sullicere
1182 2221 1258 2280 ei,
1305 2227 1620 2272 Constanter
1649 2222 1806 2288 petiit
1855 2222 2039 2275 \idere

472 2311 680 2364 vultum
716 2310 808 2364 Dei
841 2322 896 2363 et
941 2309 1170 2379 gloriam
1205 2312 1344 2380 ejus.
1378 2310 1719 2364 Mahontetns
1760 2323 1941 2366 autem
1971 2314 2039 2366 de

473 2401 770 2480 virtutihps
803 2401 961 2470 quasi
1019 2400 1156 2453 nihil
1193 2402 1472 2464 tractavit,
1522 2402 1615 2454 sed
1667 2402 1736 2456 de
1791 2403 1948 2457 bellis
1983 2413 2040 2458 et

473 2494 663 2562 rapina
696 2492 861 2546 latam
909 2492 1054 2546 viam
1120 2492 1225 2547 sibi
1263 2492 1366 2561 ipsi
1412 2494 1804 2548 convenienter
1855 2496 2036 2567 elegit,

472 2596 530 2638 et
592 2585 677 2638 sui
743 2583 913 2652 ipsius
979 2584 1326 2652 sequacibus,
1391 2583 1519 2639 filiis
1585 2585 1911 2654 perditionis
1979 2599 2040 2641 et

475 2675 687 2730 mortis.
729 2675 882 2732 Unde
917 2676 1048 2729 nihil
1089 2675 1156 2730 ad
1197 2676 1433 2730 salutem
1455 2678 1535 2731 eis
1566 2678 1788 2745 prodest
1809 2679 2034 2734 dicere:

474 2763 594 2818 Non
649 2775 732 2818 est
779 2765 924 2818 Deus
957 2773 1153 2832 printer
1214 2765 1410 2828 Deum,
1468 2776 1526 2819 et
1560 2766 1898 2822 Mahometus
1956 2778 2040 2822 est

474 2855 754 2923 apostolus
798 2856 913 2910 Dei.
962 2856 1038 2910 De
1068 2857 1262 2910 ultimo
1315 2866 1497 2909 autem
1549 2858 1657 2912 fine
1705 2875 1828 2912 cum
1887 2861 2038 2913 nullo

473 2947 756 3010 convenit,
808 2956 1168 3016 praeterquam
1222 2963 1345 3002 cum
1398 2951 1640 3018 antiquis
1683 2952 2035 3018 quibusdam,

476 3038 570 3106 qui
628 3039 793 3090 vitam
873 3037 1275 3091 irrationaliutn
1335 3039 1541 3102 vixere,
1575 3049 1630 3092 et
1687 3057 1794 3094 non
1829 3043 2024 3098 discre-

2133 508 2230 560 καὶ
2259 506 2356 575 τὴν
2393 507 2595 576 ἀρετὴν
2631 510 2722 560 ἐπὶ
2753 508 2822 560 τὰ
2853 510 3062 576 μεγάλα
3095 505 3251 576 εἶναι,
3281 518 3364 568 καὶ
3403 518 3611 592 δυσχερῆο

2134 602 2228 651 καὶ
2282 600 2416 652 ἄλλα
2497 600 2725 653 τοιαῦτα
2767 641 2783 660 ,
2840 603 2986 656 είκαὶ
3041 606 3114 675 μὴ
3171 609 3376 672 τελείως
3423 617 3535 666 νοεῖν
3572 620 3613 670 tl

2133 692 2360 744 τοιαῦτα
2394 693 2676 761 ἠδύναντο.
2718 693 2790 749 Ὀ
2817 695 2873 748 δὲ
2909 695 3140 766 Χριστὸς
3154 701 3295 778 αὐτὰ
3326 702 3475 754 ταῦτα
3505 709 3549 756 ἐν
3567 709 3615 776 τῷ

2138 785 2460 853 Εὐαγγελίῳ
2505 785 2769 850 δείκνυσι,
2825 788 3004 852 λέγων
3035 791 3221 858 στενὴν
3267 790 3394 845 εἶναι
3421 796 3503 865 τὴν
3537 801 3610 850 ἀπ.

2148 877 2391 944 ἀγουσαν
2428 881 2613 946 είςτὴν
2651 880 2797 950 ζωὴν
2840 881 2979 945 ὀδδν,
3020 883 3110 934 καὶ
3134 883 3338 950 ὀλίγους
3379 883 3498 939 εἶναι
3534 894 3616 951 τοὺς

2135 972 2204 1024 δι’
2235 973 2401 1037 αὐτῆς
2451 973 2801 1042 ἐρχομένους·
2859 973 3123 1028 πλατεῖαν
3153 975 3208 1027 δὲ
3248 972 3378 1028 εἶναι
3424 979 3505 1046 τὴν
3538 981 3616 1032 ὀδίν

2137 1066 2235 1135 τὴν
2266 1067 2588 1133 ἀπάγουσαν
2619 1068 2699 1128 εἰς
2722 1066 2819 1134 τὴν
2851 1069 3147 1131 ἀπώλειαν,
3180 1071 3272 1122 καὶ
3297 1071 3360 1122 τὰ
3379 1071 3530 1125 lateri.
3563 1076 3619 1126 ἐν

2137 1159 2311 1227 τούτῳ
2341 1159 2397 1211 δὲ
2426 1161 2489 1227 τῇ
2523 1157 2614 1210 τοῦ
2650 1159 3058 1227 Ἀριστοτέλους
3090 1163 3355 1230 ἀποφάσει
3388 1164 3620 1232 cunmm,

2138 1251 2196 1312 ὃς
2233 1267 2363 1318 φησι
2404 1251 2664 1321 δυσχερὲς
2689 1247 2824 1302 εἶναι
2861 1251 2979 1302 κατ’
3008 1253 3207 1321 ἀρετὴν
3231 1256 3472 1320 ἐνεργεῖν,
3492 1255 3622 1324 ὥσπερ

2141 1345 2198 1394 ἐν
2231 1343 2414 1411 κύκλῳ
2446 1343 2540 1395 τοῦ
2572 1347 2799 1411 κέντρου
2828 1346 3140 1412 τυγχάνειν,
3162 1347 3293 1414 ὅπερ
3323 1347 3475 1412 ὀλίγοι
3496 1349 3621 1399 uoto-3-

2143 1453 2246 1489 σιν.
2287 1437 2406 1488 Ἔτι
2437 1437 2491 1488 δὲ
2521 1438 2547 1488 6
2582 1436 2815 1505 Χριστὸς
2845 1437 2940 1488 καλ.
2970 1440 3065 1501 τὴν
3096 1438 3187 1489 τοῦ
3211 1439 3477 1506 ἀνθρώπου
3506 1440 3625 1491 £662:-

2145 1527 2337 1594 μονίαν
2391 1527 2450 1578 ἐν
2502 1529 2568 1594 τῇ
2621 1527 2715 1577 τοῦ
2787 1527 2922 1578 Θεοῦ
2977 1527 3183 1598 θεωρίᾳ
3214 1529 3421 1596 τίθησι,
3473 1529 3621 1595 λέγων,

2149 1639 2165 1671 ι
2202 1617 2350 1687 Αὕτη
2385 1619 2530 1670 ἐστὶν
2565 1619 2836 1689 ήαίώνιος
2869 1619 3004 1687 ζωὴ,
3056 1619 3142 1671 ἵνα
3174 1624 3467 1687 γινώσκωσί
3506 1639 3551 1673 σε
3568 1625 3623 1673 τίν

2147 1718 2305 1784 μόνον
2336 1712 2588 1782 ἀληθινὸν
2614 1713 2768 1765 Θεόν.
2809 1731 2826 1763 ι
2872 1713 3021 1765 Αὐτά
3063 1713 3120 1766 δὲ
3155 1715 3325 1767 ταῦτα
3354 1715 3626 1783 γνωριμώτε-

2145 1809 2211 1861 τά
2245 1800 2351 1858 sic:
2376 1807 2470 1858 καὶ
2489 1808 2544 1856 ἑν
2562 1808 2628 1874 τῇ
2657 1805 2868 1875 Παλαιᾷ
2899 1805 3169 1876 Διαθὴκῃ.
3204 1807 3291 1874 Τῷ
3318 1809 3416 1876 γὰρ
3448 1808 3627 1877 Ἀῆραὲμ

2146 1897 2410 1966 ἐδνὶθησαν
2472 1898 2528 1949 αί
2586 1898 2934 1964 ἐπαγγελίαι,
2971 1891 3120 1962 ᾧτινι
3167 1899 3195 1948 6
3235 1898 3360 1960 Θεὸς
3393 1898 3512 1959 ἰδίως
3537 1899 3624 1949 ὐπίο

2146 2009 2303 2060 σχετο
2333 1991 2525 2042 ἑαυτὸν
2553 1989 2735 2064 δοῦναι
2765 1991 2899 2061 πρδς
2931 1995 2994 2060 τῇ
3029 1992 3098 2060 γῇ
3135 1993 3234 2058 τῆς
3262 1992 3550 2058 ἐπαγγελίας
3570 1993 3631 2045 καὶ

2145 2090 2208 2155 τῇ
2229 2085 2322 2137 τοῦ
2345 2085 2656 2156 σπέρματος
2675 2084 2922 2152 εὐλογίᾳ.
2946 2085 3104 2137 Καὶὸ
3129 2085 3384 2153 Μωῦσῆε,
3403 2079 3441 2153 ᾧ
3459 2085 3630 2136 τοσαῦτα

2145 2181 2432 2250 θαυμαστὰ
2470 2179 2790 2248 χαρίσματα
2820 2179 3159 2248 ἐχορήγησεν
3191 2182 3218 2231 6
3246 2178 3390 2242 Θεὸς,
3435 2182 3458 2228 ὁ
3480 2179 3630 2230 nit-iv

2145 2272 2276 2322 Θεὸν
2307 2276 2362 2323 ὲν
2393 2271 2740 2340 ὑποκειμένῳ
2763 2271 3024 2339 κτίσματι
3054 2271 3299 2340 θεωρῶν,
3329 2272 3472 2336 ἀξίως
3496 2267 3630 2320 νίας)τοῦ

2147 2365 2443 2429 κατανοῶν,
2479 2367 2552 2434 μῆ
2595 2363 2738 2417 τοῦτ’
2771 2366 2960 2433 ἀρκεῖν
2990 2363 3163 2434 αὐτῷ,
3214 2366 3468 2433 ὲπιμόνως
3491 2365 3632 2433 ᾔτησεν

2150 2459 2275 2511 ἰδεῖν
2321 2459 2381 2510 τὸ
2418 2460 2712 2528 πρόσωπον
2759 2456 2853 2510 τοῦ
2903 2457 3039 2508 Θεοῦ
3073 2457 3174 2509 καὶ
3213 2457 3308 2525 την
3339 2456 3476 2520 δόξαν
3502 2451 3630 2506 αὑτοῦ.

2157 2550 2216 2603 '0
2260 2550 2316 2602 δὲ
2363 2549 2660 2618 Μαχούμετ
2734 2548 2864 2618 περὶ
2915 2548 3016 2618 μὲν
3066 2547 3282 2617 ἀρετῶν
3330 2547 3496 2617 ὥσπερ
3530 2545 3634 2598 οὐδὲν

2147 2643 2665 2713 ἐπραγματεύσατο,
2695 2641 2834 2694 ἀλλὰ
2868 2642 2998 2711 περὶ
3045 2643 3301 2712 πολέμων
3335 2643 3419 2693 καὶ
3446 2639 3632 2709 ἁρπαγῆς

2144 2735 2244 2796 τὴν
2317 2735 2576 2787 πλατεῖαν
2626 2735 2742 2787 ὁδὸν
2784 2734 2964 2802 ἑαυτῷ
3011 2735 3319 2802 συμφώνως
3351 2735 3632 2804 αἱρούμενος.

2147 2826 2242 2878 καὶ
2269 2828 2380 2888 τοῖς
2433 2824 2622 2878 ἑαυτοῦ
2658 2825 2912 2890 ὀπαδοῖς,
2970 2829 3081 2887 τοῖς
3114 2827 3259 2890 υἱοῖς
3296 2827 3384 2893 τῆς
3431 2823 3632 2882 ἀπωλείας

2147 2919 2369 2972 καὶτοῦ
2429 2920 2682 2973 θανάτου.
2721 2918 2884 2971 Ὅθεν
2930 2920 3083 2972 οὐδὲν
3130 2922 3266 2989 πρὸς
3312 2927 3544 2988 σωτηρίαν
3573 2917 3635 2968 αὖ·

2146 3017 2260 3076 τοῖς
2314 3013 2560 3065 συντελεῖ
2589 3013 2646 3065 τὸ
2698 3013 2899 3080 λέγειν,
2956 3013 3070 3066 Οὐκ
3128 3015 3246 3067 ἐστι
3299 3014 3418 3075 Θεὸς
3442 3013 3553 3082 πλὴν
3573 3007 3632 3061 :05

479 3125 684 3178 tionem
716 3125 924 3180 faciunt
960 3125 1101 3180 inter
1143 3127 1482 3180 intellectum
1518 3139 1572 3183 et
1606 3146 1850 3186 srnsum.
1884 3133 2039 3189 Unde

2149 3109 2306 3168 Θεοῦ,
2345 3109 2439 3161 καὶ
2484 3109 2512 3158 6
2558 3108 2862 3176 Μαχούμετ
2895 3108 3201 3171 ἁπόστολός
3248 3109 3362 3161 ἐστι
3409 3108 3489 3158 τοῦ
3527 3103 3634 3154 (ta-3.

475 3226 534 3267 et
593 3214 905 3270 felicitatem
960 3216 1016 3270 in
1073 3216 1420 3272 sensualibns
1455 3220 1786 3287 quibusdam
1839 3238 2042 3293 suppo-

479 3317 640 3371 nunt,
677 3312 728 3360 in
758 3308 898 3362 cibis
948 3308 1223 3373 videlicet,
1252 3319 1306 3363 et
1338 3311 1391 3364 in
1427 3310 1870 3382 intemperantia,
1900 3331 1955 3380 et
1989 3319 2041 3370 in

478 3397 655 3453 hortis
687 3408 742 3452 et
771 3399 1016 3454 vestibus
1049 3404 1406 3470 sumptuosis.
1467 3405 1540 3456 De
1597 3405 1801 3473 quibus
1839 3419 1962 3474 post
1991 3408 2044 3460 in

479 3497 635 3544 sexto
663 3491 902 3560 capitulo
939 3491 1370 3560 speculabimur.
1400 3495 1467 3548 Et
1506 3511 1610 3548 non
1673 3498 1932 3565 possibile
1965 3508 2048 3553 est

481 3581 598 3636 haec
629 3581 939 3636 secundum
998 3582 1417 3636 similitudinem
1481 3587 1768 3654 quamdam
1806 3588 1913 3641 dici
1978 3589 2047 3642 ab

479 3672 581 3736 eis,
612 3673 754 3726 sicut
780 3682 835 3725 et
867 3673 918 3724 in
954 3672 1247 3742 Evangelio
1281 3691 1481 3728 mensae
1511 3687 1568 3728 et
1619 3676 1725 3729 cibi
1753 3687 1810 3730 et
1859 3677 2044 3731 talium

480 3772 565 3818 est
587 3764 790 3818 mentio
821 3763 876 3818 in
900 3765 1009 3817 vita
1036 3775 1261 3818 aeterna.
1306 3763 1684 3820 Ostenduntur
1721 3777 1902 3821 autem
1935 3770 2049 3824 haec

480 3873 545 3910 ex
574 3855 868 3926 Evangelia
917 3857 1221 3911 secundum
1277 3857 1696 3910 similitudinem
1749 3859 1879 3921 dici,
1908 3876 2047 3928 quo-

482 3952 626 4003 niam
680 3951 851 4003 multa
882 3949 1266 4017 etiatn_aperte
1303 3950 1416 4003 illic
1445 3950 1706 4003 dicuntur
1733 3950 1801 4004 de
1843 3963 2048 4007 aeterna

482 4041 846 4094 beatitudine.
875 4040 980 4094 Sed
1009 4040 1065 4092 in
1091 4039 1365 4092 Alcorano
1395 4040 1534 4093 nihil
1566 4043 1792 4095 omnino
1821 4045 1887 4095 de
1921 4059 2046 4097 vera

481 4132 824 4186 beatitudine
844 4131 1044 4185 dicitur
1075 4131 1381 4196 manifeste,
1417 4133 1508 4185 sed
1540 4133 1682 4186 sicut
1715 4135 2050 4188 conueniens

373 4250 390 4266 -
480 4232 566 4277 est
605 4222 814 4278 homini
850 4221 945 4291 qui
1003 4221 1142 4276 nihil
1172 4221 1240 4276 de
1296 4222 1398 4278 hac
1453 4223 1840 4292 deprehendit,
1873 4228 2047 4282 solum

481 4323 665 4366 autem
698 4313 1000 4368 secundum
1035 4313 1274 4368 litteram
1310 4317 1470 4368 talem
1497 4317 1670 4385 pingit
1705 4319 2046 4386 felicitatem,

2152 3201 2287 3268 Περὶ
2318 3200 2374 3254 δὲ
2417 3198 2508 3252 τοῦ
2542 3199 2770 3268 ἐσχάτου
2800 3199 2988 3261 τέλους
3017 3199 3201 3252 οὐδενὶ
3250 3200 3517 3270 συμφωνεῖ,
3543 3193 3636 3259 πλὴν

2146 3293 2396 3363 ἀρχαίοις
2429 3292 2562 3356 τισὶ,
2611 3291 2723 3360 βίον
2773 3289 2983 3358 ἀλόγων
3013 3291 3327 3360 βεϐιωκόσι,
3355 3292 3440 3342 καὶ
3479 3288 3538 3356 μὴ
3560 3286 3619 3334 δια

2149 3384 2399 3454 κρινοῦσι
2434 3383 2638 3453 μεταξύ
2675 3383 2766 3435 νοῦ
2799 3386 2893 3437 καὶ
2930 3385 3264 3452 αἰσθήσεως.
3303 3383 3450 3436 Ὅθεν
3484 3377 3635 3440 mitti

2148 3477 2496 3545 εὐδαιμονίαν
2535 3478 2598 3528 ὲν
2619 3475 2898 3544 αἰσθητοῖς
2926 3493 3072 3528 τισιν
3112 3479 3465 3540 ὑποτίθενται,
3489 3479 3533 3526 ὲν
3557 3488 3638 3539 τρει-

2149 3567 2280 3632 (poti;
2310 3565 2558 3633 δηλονότι
2603 3567 2698 3618 καὶ
2753 3565 3024 3636 ἀκολασίᾳ
3052 3570 3156 3620 καὶ
3207 3567 3541 3637 παραδείσοις,
3575 3562 3636 3614 mi

2152 3659 2390 3724 ἱματίοις
2445 3658 2786 3720 πολυτελέσι,
2839 3663 2966 3729 περὶ
3018 3657 3092 3712 ὡν
3157 3662 3296 3731 μετὰ
3343 3661 3492 3714 ταῦτα
3529 3655 3635 3719 ἐντῴ

2148 3748 2294 3815 ἕκτῳ
2360 3748 2645 3818 κεφαλαίῳ
2705 3747 3161 3818 θεωρηοήσεται.
3227 3753 3336 3805 Καὶ
3380 3752 3434 3802 οὐ
3479 3745 3635 3801 δυνατὸν

2149 3841 2324 3893 ταῦτα
2375 3842 2500 3892 καθ’
2549 3841 2845 3910 ὀμοίοτητὰ
2884 3859 3004 3894 τινα
3032 3842 3292 3908 λέγεσθαι
3345 3843 3460 3913 παρ’
3497 3837 3634 3892 αὐτῶν,

2149 3932 2225 3993 ὡς
2281 3931 2382 3984 κάν
2421 3932 2499 4002 τῷ
2541 3934 2856 4000 Εὐαγγελίῳ
2907 3934 3194 4002 τραπέζης
3248 3936 3340 3993 καὶ
3377 3932 3546 4002 spagit];
3577 3926 3636 3977 κίὶ

2149 4021 2258 4075 τῶν
2282 4025 2542 4076 τοιούτων
2571 4026 2690 4076 ἐστὶ
2729 4026 2942 4095 μνήμη,
2970 4029 3024 4077 ἐν
3056 4031 3129 4096 τῇ
3171 4029 3372 4096 αίωνίῳ
3417 4026 3528 4093 ζωῇ.
3561 4019 3639 4070 Δεί-

2153 4132 2341 4168 κνυται
2401 4118 2510 4184 γὰρ
2562 4117 2625 4168 ὲκ
2662 4116 2758 4169 τοῦ
2802 4117 3142 4184 Εὐαγγελίου
3176 4120 3346 4172 ταῦτα
3373 4116 3481 4171 καθ’
3511 4111 3638 4183 69W}-

2149 4208 2290 4276 τητά
2324 4224 2448 4261 τινα
2492 4208 2769 4275 λέγεσθαιο
2817 4210 2942 4261 ἐπεὶ
2989 4211 3164 4264 πολλὰ
3215 4213 3309 4264 καὶ
3337 4209 3636 4272 ἀνακεκαλυιν

2154 4303 2332 4370 μένως
2366 4303 2480 4354 ἐκεῖ
2509 4301 2726 4368 λέγεται.
2756 4303 3005 4372 περὶτῆς
3039 4304 3262 4357 αἰωνίου
3299 4301 3632 4373 μακαριότητῠςι

482 4405 699 4472 qualem
727 4404 1060 4458 conveniens
1091 4412 1177 4458 est
1211 4405 1486 4460 hominem
1516 4409 1790 4461 carnalem
1857 4419 1912 4462 et
1966 4411 2041 4464 in-

2168 4393 2391 4447 Ἀλλ’ὲν
2408 4394 2487 4465 τῷ
2542 4393 2858 4464 Ἀλκορὰνῳ
2897 4396 3050 4448 οὐδὲν
3097 4399 3412 4452 παντάπασι
3453 4387 3633 4490 περὶ

485 4503 876 4562 temperantem
929 4504 1210 4565 appetere.
1277 4495 1385 4551 Sed
1419 4499 1524 4551 etsi
1586 4499 1722 4552 tnhil
1784 4499 1850 4552 de
1923 4515 2048 4555 vera

483 4587 743 4644 felicitate
772 4587 856 4643 vel
888 4588 1275 4652 consideravit,
1309 4590 1389 4642 vel
1425 4591 1675 4658 promisit
1716 4591 2048 4656 hominibus,

481 4679 726 4747 qua-dam
745 4688 921 4731 tamen
945 4692 1070 4731 vera
1093 4690 1148 4731 et
1173 4678 1407 4748 insignia
1439 4684 1500 4733 de
1531 4681 1720 4730 ultimo
1751 4683 1855 4734 tiae
1881 4682 2044 4736 Sara-

482 4783 740 4822 cenorum
772 4768 1188 4832 demonstravit,
1222 4771 1379 4837 quasi
1436 4771 1620 4821 divino
1657 4770 1860 4836 Spiritu
1909 4775 2055 4825 all].-

483 4873 590 4917 tus.
643 4857 783 4915 Dicit
815 4863 962 4916 enim
1014 4862 1300 4916 Saracenis
1330 4863 1445 4930 ipse
1499 4862 1875 4919 Mahometus:
1940 4866 2046 4920 Vos

483 4961 603 5021 post
641 4966 725 5004 me
758 4951 810 5003 in
843 4954 1184 5019 septuaginta
1213 4959 1322 5003 tres
1340 4957 1521 5018 partes
1552 4948 1893 5012 dividemini,
1913 4966 2048 5018 qua-

485 5058 604 5096 rum
638 5058 743 5096 una
807 5043 1130 5104 salvabitur,
1180 5041 1391 5109 reliqua
1417 5055 1547 5094 vero
1579 5042 1756 5107 omnis
1803 5044 1925 5111 igne
1956 5043 2051 5096 de-

484 5138 747 5182 struetur.
819 5127 944 5182 litec
975 5128 1247 5181 sententia
1301 5127 1383 5181 sic
1443 5129 1586 5183 valet
1652 5131 1793 5200 apud
1825 5147 1939 5198 eos,
1989 5140 2048 5184 ιιι

484 5220 665 5273 nullus
698 5234 874 5287 neque
908 5221 1153 5287 sapiens~
1198 5235 1379 5290 neque
1413 5221 1680 5290 insipiens
1725 5224 2046 5292 vilipendat.

480 5310 599 5366 Alia
629 5320 810 5364 autem
843 5311 1040 5364 similis
1071 5312 1139 5366 de
1169 5327 1236 5366 eo
1261 5315 1632 5367 estsenlentia
1667 5315 1720 5367 in
1753 5315 2049 5378 Alcorano,

485 5403 542 5457 in
613 5403 857 5473 capitulo
930 5402 1126 5468 Martii,
1201 5405 1346 5473 quod
1392 5404 1788 5474 interpretatur
1845 5403 2049 5471 Maria,

485 5511 607 5565 qua:
629 5497 783 5562 dicit,
817 5513 1010 5553 omnes
1057 5498 1111 5552 in
1167 5499 1442 5554 infernum
1497 5498 1800 5555 Saracenos
1849 5499 2047 5554 ituros.

563 5677 610 5714 ὀ
651 5677 840 5733 Matth.
876 5696 970 5745 vn,
999 5683 1085 5735 15.
1163 5683 1202 5714 ¹¹
1226 5681 1383 5735 Joan.
1419 5687 1631 5741 xvtt.-5.

2153 4484 2389 4554 ἀληθοῦς
2435 4491 2840 4557 μακαριότητος
2884 4488 3103 4555 λέγεται
3153 4491 3416 4560 φανερῶς,
3449 4475 3633 4540 dixiin

2152 4577 2297 4638 εἰκὸς
2331 4580 2464 4648 παρ’
2494 4577 2786 4648 ἀνθρώπου
2831 4579 2998 4648 μηδὲν
3027 4583 3159 4650 περὶ
3202 4583 3399 4651 ταύτης
3423 4579 3636 4638 καταλαμ-

2150 4672 2423 4735 ϐάνοντος,
2458 4673 2616 4741 μόνον
2649 4673 2705 4724 δὲ
2736 4675 2876 4726 κατὰ
2928 4676 2989 4726 τὸ
3020 4676 3265 4746 γράμμα
3306 4674 3531 4739 τοιαύτην
3552 4671 3636 4717 m-

2153 4762 2568 4831 ξωγραφοῦντος
2623 4764 2802 4833 ἑαυτῷ
2848 4764 2947 4835 τὴν
2987 4767 3369 4834 εὐδιιμονξαἨ
3412 4766 3510 4815 οἷαν
3540 4754 3635 4807 εξκῖκ

2154 4854 2406 4919 ὲἳίθίεσθειιι
2432 4855 2717 4924 ἄνθρωπον
2769 4856 3030 4925 σαρκικδν
3065 4857 3159 4909 καὶ
3211 4857 3508 4909 ἀκόλαστον.
3541 4842 3637 4898 Ἀλλ’

2155 4944 2307 4995 είκαὶ
2339 4944 2510 5013 μηδὲν
2568 4945 2698 5012 περὶ
2728 4944 2828 5013 τῆς
2873 4944 3105 5012 ἀληθοῦς
3131 4945 3462 5013 εὐδαιμονίας
3483 4942 3509 5009 ἦ
3534 4937 3638 4996 ἔκη’

2158 5053 2270 5100 σεν,
2297 5035 2328 5103 ἢ
2353 5035 2622 5104 ὑπέσχετο
2652 5036 2764 5097 τοῖς
2799 5033 3127 5104 ἀνθρώποις,
3171 5037 3295 5088 τινὰ
3323 5035 3484 5103 μέντοι
3514 5023 3636 5088 ἁληθη

2152 5127 2246 5179 καὶ
2274 5127 2524 5196 ἐπίσημα
2567 5127 2698 5194 περὶ
2748 5125 2842 5178 τοῦ
2877 5127 3107 5196 ἐσχάτου
3157 5128 3343 5186 τέλους
3369 5125 3462 5176 τῶν
3485 5114 3636 5183 Σαῤῥί·

2153 5218 2332 5287 κηνὼν
2359 5218 2698 5288 ἀπεφήνατο,
2754 5219 2942 5288 ὥσπερ
2966 5219 3060 5271 ὲπὶ
3082 5217 3176 5270 τοῦ
3205 5218 3344 5269 θείου
3367 5209 3636 5276 ἐπειγόμενέ

2155 5310 2494 5378 Πνεύματος.
2551 5311 2690 5379 Φησὶ
2728 5309 2838 5378 γὰρ
2887 5312 3002 5372 τοῖς
3051 5309 3414 5382 Μρῤακηνοῖς
3462 5295 3635 5354 amt

2153 5404 2424 5473 Μωάμεθο
2491 5403 2680 5473 Ὑμεῖς
2733 5404 2848 5474 μετ’
2896 5405 2999 5472 ἐμὲ
3043 5406 3120 5466 εἰς
3167 5401 3505 5468 ἑϐδομήκοντα
3535 5383 3637 5474 τΡεῖἷ

2153 5497 2568 5568 διαιρεθήσεσθε
2630 5473 2848 5568 μοίρας,
2900 5490 2978 5551 ὧν
3037 5496 3132 5569 μία
3174 5495 3487 5564 σωθήσεται,
3531 5473 3636 5534 τὸίὲ
