3862 6220
225 322 365 386 1065

1430 322 1724 382 CONTRA
1766 317 2264 380 ΜΑΗΟΜΕΤΕΜ.

3317 318 3456 383 1066

214 434 509 485 ὑπόλοιπον
542 433 648 485 πᾶν
683 433 1207 503 καταλογισθήσεται
1257 434 1333 502 τῷ
1374 434 1527 501 πυρί.
1567 435 1716 501 Αὕτη
1751 436 1780 501 ἠ

1889 433 2038 485 llanc
2070 429 2397 485 sententiam
2431 426 2771 482 verissimam
2821 440 2940 481 esse
2971 424 3158 491 credo,
3187 434 3241 481 et
3301 428 3343 480 si
3381 429 3450 483 ab

207 527 490 592 ἀπόφασις
524 524 667 576 οὕτω
718 528 911 594 κρατεῖ
945 528 1074 597 παρ’
1116 528 1319 591 αὐτοῖς,
1372 527 1511 579 ὥστε
1574 528 1779 595 μηδένα

213 618 354 684 μήτε
390 616 551 683 σοφὸν
588 617 722 685 μήτε
755 617 981 687 ἀνόητον
1028 621 1231 687 ταύτην
1262 619 1565 686 φαυλίζειν.
1613 618 1780 685 Ἀλλη

208 709 344 775 περὶ
377 706 471 758 τοῦ
504 707 669 759 αὑτοῦ
707 707 908 776 ὁμοίως
952 709 1228 775 ἀπόφασίς
1259 711 1406 762 ἐστιν
1432 712 1490 762 ὲν
1538 708 1615 777 τῷ
1657 710 1777 760 ’Λλ-

207 800 452 873 κοράνῳ,
478 802 535 850 ὲν
564 798 639 864 τῷ
671 800 954 868 κεφαλαίῳ
983 800 1061 869 τῷ
1085 800 1327 870 Μαριὴλ,
1365 800 1392 852 ὃ
1421 800 1778 870 ἑρμηνεύεται

209 891 429 956 Μαρία,
464 890 698 954 λέγουσα
730 890 940 951 πάντας
977 892 1056 953 είς
1092 892 1183 943 τὸν
1216 891 1349 960 ᾅδην
1381 890 1779 943 ἀπελεύσεσθαι

205 983 338 1042 τοὺς
366 977 769 1048 Σαρρακηνούς.
802 979 1017 1049 Ταύτην
1053 979 1151 1049 τὴν
1181 981 1454 1047 ἀπόφασιν
1488 980 1783 1048 ἀληθεστά-

207 1091 314 1139 την
334 1069 478 1124 εἶναι
498 1072 755 1133 πιστεύω,
786 1072 832 1122 εἰ
864 1073 957 1125 καὶ
981 1072 1131 1141 παρά
1163 1074 1432 1142 στόματος
1458 1072 1581 1125 καθ’
1609 1073 1781 1133 ὑπερ-

209 1164 379 1234 ϐολὴν
433 1162 662 1231 ψευδοῦς
701 1165 1118 1233 προενήνεκται.
1154 1165 1269 1217 Κάν
1317 1164 1489 1230 τούτῳ
1521 1166 1549 1216 ὁ
1580 1164 1781 1231 ψευδὴς

208 1256 503 1324 προφήτης
554 1256 613 1305 ἐν
657 1257 720 1324 τῇ
758 1253 952 1326 πρώτῃ
989 1256 1217 1327 ἀληθείᾳ
1267 1256 1502 1325 συνᾴδει,
1532 1255 1777 1325 εἰπούσῃ,

215 1367 235 1398 ι
273 1347 574 1416 Πλατεῖαή
627 1346 746 1409 ὁδὸς
792 1348 824 1415 ἡ
878 1349 1166 1415 ἀπάγουσα
1221 1350 1304 1411 είς
1331 1348 1430 1417 τὴν
1480 1347 1779 1409 ἀπώλειαν,

209 1438 310 1488 καὶ
346 1438 527 1511 πολλοὶ
565 1439 701 1489 εἰσιν
736 1441 783 1490 οί
814 1440 1185 1507 εἰσερχόμενοι
1218 1439 1286 1491 δι’
1319 1439 1511 1505 αὐτῆς.
1552 1458 1569 1489 ι
1636 1440 1783 1507 Ἀρι-

205 1525 387 1592 ὂήλως
408 1526 589 1577 τοίνυν
610 1527 673 1577 ὲκ
694 1526 800 1577 τῶν
825 1527 1236 1594 προειρημένων
1262 1526 1544 1595 συμϐαίνει
1571 1527 1657 1577 τὸν
1674 1527 1782 1577 τῶν

210 1612 587 1679 Σαρῥακηνῶν
624 1612 788 1679 νόμον
820 1608 959 1663 εἶναι
991 1612 1220 1675 πλατὺν,
1252 1613 1346 1664 καὶ
1378 1612 1606 1673 πολλοὺς
1642 1608 1780 1664 εἶναι

207 1699 325 1749 τῶν
355 1698 724 1767 Σαῤῥακηνῶν
774 1699 899 1761 τοὺς
927 1698 996 1751 δι’
1023 1698 1189 1751 αὑτοῦ
1236 1700 1525 1764 εἰσιόντας,
1573 1701 1667 1752 καὶ
1702 1702 1781 1761 εἰς

1890 537 1985 576 ore
2014 521 2313 574 secundum
2362 534 2645 573 excessum
2676 518 2948 573 mendacii
2987 527 3113 571 ante
3152 517 3311 571 allata
3343 524 3449 573 est.

1890 615 1955 668 Et
1982 614 2031 665 in
2076 613 2177 666 hoc
2207 611 2374 664 falsus
2404 610 2669 677 propheta
2695 626 2816 663 cum
2850 610 3025 678 prima
3060 610 3287 664 veritate
3319 625 3453 665 con-

1892 704 2056 764 venit,
2081 718 2200 770 qua:
2234 701 2407 753 diett:
2440 718 2457 749 ι
2493 699 2622 752 Lata
2646 708 2729 753 est
2756 701 2839 753 via
2867 716 2987 769 quae
3010 700 3161 753 ducit
3189 702 3241 754 in
3272 701 3460 769 perdi-

1890 795 2185 849 tioncm.ct
2210 790 2361 844 mulli
2392 798 2519 843 sunt
2545 790 2634 857 qui
2658 789 3037 859 ingrediuntur
3068 804 3165 858 per
3196 806 3313 844 eam
3336 794 3399 845 ¹¹.
3429 811 3448 842 ι

1892 884 2173 937 Manifeste
2198 881 2361 950 igitur
2385 896 2450 935 ex
2475 879 2746 949 praedictis
2759 881 3030 942 convenit,
3055 880 3451 934 Saracenorum

1887 974 2056 1042 legem
2080 976 2238 1026 latam
2259 987 2398 1037 esse,
2416 986 2471 1025 et
2486 973 2683 1025 multos
2700 985 2820 1024 esse
2838 969 3229 1024 Saracenorum
3248 970 3337 1039 qui
3358 985 3456 1037 per

1888 1081 2005 1119 earn
2043 1064 2440 1133 ingrediuntur,
2467 1071 2521 1116 et
2550 1064 2601 1114 in
2629 1061 2896 1114 infernum
2922 1068 3225 1114 transeunt.
3256 1060 3323 1113 Et
3349 1058 3455 1113 hoc

1890 1171 1997 1208 non
2026 1170 2089 1207 ex
2123 1168 2217 1207 ore
2232 1154 2405 1207 solum
2440 1152 2693 1207 veritatis
2728 1150 3098 1213 manifestum,
3131 1150 3225 1203 sed
3263 1166 3327 1204 ex
3365 1166 3459 1203 ore

1887 1244 2427 1315 prophetaequiapud
2444 1244 2795 1299 eosest.ltem
2830 1243 3151 1296 Aleoranum
3186 1257 3293 1293 non
3326 1256 3460 1295 con-

1889 1337 2299 1405 venitcuntlegc
2319 1334 2486 1404 Moysi
2541 1335 2592 1387 in
2632 1334 2920 1397 mandatis,
2940 1344 2994 1387 et
3030 1333 3080 1385 in
3125 1332 3324 1401 quibus
3356 1347 3461 1387 nos

1889 1430 2101 1481 avertit.
2125 1427 2230 1479 Lex
2269 1427 2415 1479 enim
2458 1425 2550 1478 Dei
2615 1426 2869 1494 prohibet
2916 1425 3115 1477 caedem
3144 1463 3160 1487 ,
3193 1425 3457 1491 rapinam,

1888 1520 2383 1588 concupiscentiam
2406 1533 2621 1571 omnem
2639 1535 2653 1581 ;
2670 1517 2993 1571 Alcoranum
3019 1524 3198 1568 autem
3214 1514 3463 1585 veljubet

1838 1632 1845 1643 ι
1890 1611 2031 1673 ﬁeri,
2052 1612 2134 1664 vel
2170 1610 2454 1678 permittit.
2482 1606 2615 1662 ltem
2645 1624 2822 1675 neque
2851 1607 2904 1660 in
2937 1606 3157 1677 judiciis
3179 1606 3459 1660 convenit.

1890 1702 2055 1771 Moysi
2087 1701 2232 1754 enim
2301 1700 2383 1752 lex
2414 1709 2469 1752 et
2527 1699 2882 1767 Evangelium
2922 1698 3078 1761 dicit,
3121 1697 3331 1749 nullum
3368 1696 3463 1750 de—

206 1793 302 1839 τδν
330 1789 459 1858 ᾅδην
491 1790 946 1857 κατερχομένους.
982 1790 1092 1841 Kal
1120 1788 1277 1841 τοῦτο
1309 1789 1407 1842 οὐκ
1446 1792 1511 1841 ἐκ
1542 1789 1634 1841 τοῦ
1664 1789 1780 1841 στό-

1893 1793 2023 1847 bere
2057 1808 2166 1845 uno
2221 1801 2453 1845 testante
2487 1790 2878 1851 comdemnari,
2910 1789 3004 1843 sed
3041 1788 3094 1841 in
3142 1803 3237 1841 ore
3293 1788 3457 1841 trium

212 1898 387 1949 ματος
423 1881 583 1948 μόνον
616 1880 717 1948 τῆς
768 1880 1027 1948 ἀληθείας
1082 1882 1262 1950 δῆλον,
1294 1880 1431 1933 ἀλλά
1475 1882 1567 1934 καὶ
1599 1883 1662 1933 ἐκ
1690 1880 1783 1933 τοῦ

209 1972 481 2039 στόματος
508 1969 599 2022 τοῦ
638 1972 768 2040 παρ’
798 1973 981 2033 αὐτοῖς
1012 1973 1315 2040 προφήτου.
1350 1973 1469 2023 Ἔτι
1501 1970 1560 2022 τὸ
1595 1970 1781 2022 Ἀλκο-

209 2062 381 2129 ράνον
414 2062 474 2112 ού
506 2063 788 2130 συμφωνεῖ
818 2062 894 2130 τῷ
922 2061 1016 2114 τοῦ
1045 2061 1181 2114 Θεοῦ
1209 2062 1359 2129 νόμῳ
1382 2060 1438 2112 ἕν
1468 2076 1527 2112 τε
1557 2063 1674 2121 ταῖς
1704 2060 1788 2111 ὲν-

208 2153 414 2217 τολαῖς,
454 2153 549 2204 καὶ
607 2147 689 2214 οἷς
740 2154 1061 2220 ἀποτρέπει.
1110 2154 1170 2205 '0
1205 2152 1305 2221 μὲν
1359 2152 1466 2221 γὰρ
1520 2152 1614 2202 τοῦ
1649 2149 1782 2202 Θεοῦ

211 2246 377 2312 νόμος
407 2245 602 2298 κωλύει
635 2246 816 2313 φόνον,
851 2246 1131 2315 ἁρπαγὴν,
1172 2245 1489 2313 ἐπιθυμίαν,
1526 2243 1562 2297 ὃ.
1596 2244 1775 2296 πάντα

211 2335 273 2387 τὸ
306 2335 626 2403 Ἀλκοράνον
658 2335 689 2402 ἢ
718 2336 929 2388 κελεύει
949 2336 1214 2402 γίνεσθαι,
1245 2336 1277 2404 ἢ
1315 2337 1605 2403 συγχωρεῖ.
1659 2335 1784 2386 Ἔτι

208 2426 337 2477 οὐδὲ
368 2426 427 2477 ὲν
447 2428 567 2487 ταῖς
592 2425 766 2488 δίκαις
790 2428 1029 2497 συνᾴδει.
1067 2426 1124 2479 ὐ
1152 2427 1252 2496 μὲν
1281 2427 1388 2494 γὰρ
1420 2425 1511 2478 τοῦ
1541 2426 1782 2487 Μωσέως

208 2517 399 2586 νόμος,
440 2517 620 2569 καὶτὸ
666 2518 994 2585 Εύαγγέλιόν
1045 2535 1178 2588 φησι
1237 2518 1440 2587 μηδένα
1490 2516 1784 2569 καταδικά-

210 2608 427 2671 ζεσθαι,
474 2608 881 2678 μαρτυροῦντος
922 2609 1063 2673 ἑνὸς,
1096 2609 1213 2663 ἀλλ’
1246 2610 1338 2661 ἐπὶ
1386 2608 1651 2677 στόματος
1694 2607 1788 2660 δύο

211 2698 515 2767 μαρτύρων
545 2701 577 2769 ἢ
615 2699 806 2767 τριῶνο
839 2700 907 2752 τὰ
937 2700 981 2752 δ’
1013 2700 1230 2754 ἐναντία
1256 2700 1460 2753 τούτων
1500 2701 1787 2770 εὑρίσκον-

202 2806 303 2841 ται
331 2791 387 2841 ὲν
412 2790 489 2859 τῷ
513 2791 794 2859 κεφαλαίῳ
817 2792 894 2860 τῷ
930 2792 1173 2861 Ἐλνοὺρν
1200 2793 1227 2844 δ
1256 2792 1618 2861 ἑρμηνεύεται
1639 2791 1783 2860 φῶςν

204 2880 347 2931 ὅπου
372 2880 431 2932 τὸ
457 2882 555 2949 μὲν
581 2882 913 2950 ἀναγκάζειν
936 2882 1105 2945 αὑτὰς
1127 2883 1425 2938 ἀπολλύναι
1457 2884 1553 2953 τὴν
1576 2900 1786 2952 σωφρο-

1889 1887 1975 1939 vel
2007 1884 2240 1938 duorum
2292 1884 2506 1935 testium
2543 1889 2652 1934 stat
2704 1896 2863 1933 omne
2893 1880 3137 1933 verbum.
3177 1878 3464 1933 Contraria

1892 1986 2074 2031 autem
2099 1978 2291 2030 borum
2320 1975 2677 2029 inveniuntur
2734 1973 2786 2026 in
2825 1973 3064 2041 capitulo
3092 1972 3283 2034 Elmir,
3315 1970 3462 2039 quod

1891 2069 2287 2137 interpretatur
2326 2066 2439 2128 lux,
2480 2065 2575 2118 ubi
2630 2064 2950 2133 prohibetur
3011 2079 3079 2117 ne
3133 2062 3462 2130 compellant

1892 2175 1987 2213 eas
2046 2158 2355 2211 castitatem
2422 2156 2722 2217 dimittere,
2779 2170 2903 2208 cum
2988 2152 3463 2208 consentientibus

1896 2259 2077 2303 autem
2136 2262 2327 2302 secure
2385 2230 2639 2301 similiter
2666 2245 2908 2299 dormire
2938 2244 3093 2299 dicit.
3134 2242 3246 2297 lioc
3273 2250 3458 2296 autem

1895 2340 2072 2408 ipsum
2103 2338 2453 2392 manifestum
2508 2347 2593 2391 est
2633 2336 2687 2389 in
2748 2337 2988 2405 capitulo
3044 2335 3324 2397 Elminim,
3362 2331 3461 2386 ubi

1892 2430 2163 2499 permittit
2191 2444 2316 2482 cum
2349 2429 2587 2498 propriis
2644 2428 3033 2492 uxoribus,.et
3084 2441 3208 2480 cum
3258 2424 3461 2492 quibus

1894 2523 2019 2591 quis
2050 2522 2103 2574 in
2158 2520 2303 2575 bello
2352 2535 2547 2589 capere
2580 2528 2767 2588 posset
2821 2517 3065 2571 misceri.
3114 2513 3459 2569 Manifestum

1894 2613 2060 2683 igitur
2084 2612 2338 2667 Alcorani
2379 2612 2551 2680 legem
2595 2626 2703 2664 non
2735 2625 2857 2664 esse
2894 2610 3069 2677 legem
3133 2606 3249 2672 Dei,
3278 2618 3462 2673 neqne

1894 2719 1922 2756 a
1951 2704 2060 2757 Deo
2074 2704 2345 2767 esse,'nisi
2366 2703 2505 2757 forte
2524 2718 2620 2773 per
2640 2701 3079 2771 permissionem,
3103 2699 3244 2752 sicut
3263 2702 3319 2750 et
3333 2694 3459 2748 alia.

1893 2792 2087 2845 Dill‘ert
2111 2791 2257 2845 enim
2288 2791 2355 2844 ah
2387 2791 2478 2844 illa
2507 2800 2565 2846 et
2594 2791 2897 2846 secundum
2950 2788 3314 2844 intentionem
3338 2784 3459 2848 Dei,

1892 2883 1987 2950 qui
2019 2882 2250 2936 salutem
2282 2882 2565 2936 hominum
2598 2881 2894 2937 desiderat.

214 2974 389 3042 σύνην
415 2974 707 3041 κωλύεται,
742 2977 1164 3046 συμφωνούσαις
1209 2978 1265 3030 δὲ
1302 2978 1562 3047 ἀσφαλῶς
1596 2975 1989 3045 συγκαθεύδειν
2017 2976 2177 3045 φησί.
2217 2974 2289 3028 Τὸ
2319 2975 2365 3028 δ’
2396 2974 2528 3027 αὐτὸ
2557 2973 2718 3042 δῆλον
2780 2975 2876 3027 καὶ
2938 2972 2998 3025 ὲν
3060 2971 3141 3041 τῷ
3176 2970 3463 3040 κεφαλαίῳ

206 3066 293 3136 τῷ
338 3068 737 3140 Ἐλμουμηνὶμ,
767 3071 902 3123 ὅπου
934 3071 1212 3139 συγχωρεῖ
1236 3071 1376 3139 μετά
1406 3087 1465 3121 τε
1495 3072 1603 3123 τῶν
1637 3070 1785 3124 ἰδίων
1821 3069 2119 3137 γυναικῶν,
2152 3068 2250 3122 καὶ
2269 3061 2343 3122 ὧν
2367 3068 2432 3123 ἀν
2459 3084 2542 3129 τις
2570 3069 2628 3121 ἐν
2658 3066 2879 3135 πολέμῳ
2943 3064 3083 3136 λάϐῃ
3146 3064 3458 3136 μίγνυσθαι.

207 3160 455 3228 Φανερδν
485 3163 666 3215 τοίνυν
694 3161 786 3215 τὸν
818 3161 913 3221 τοῦ
962 3162 1290 3235 Ἀλκοράνου
1336 3164 1499 3229 νόμον
1538 3163 1613 3233 μὴ
1642 3158 1783 3217 εἶναι
1819 3162 1982 3231 νόμον
2013 3160 2171 3224 Θεοῦ,
2214 3162 2350 3230 μήτε
2381 3159 2532 3230 παρά
2558 3159 2711 3235 Θεοῦ
2732 3157 2896 3225 εῖναι,
2960 3160 3011 3211 εί
3079 3159 3152 3227 μή
3182 3175 3286 3210 που
3316 3160 3462 3235 κατά

207 3252 586 3322 συγχώρησιν,
632 3253 820 3323 ὥσπερ
851 3254 946 3307 καὶ
995 3232 1136 3309 ἄλλα*
1161 3257 1330 3310 κακά.
1374 3232 1635 3324 Διαφέρει
1679 3255 1786 3322 γὰρ
1826 3253 2035 3307 ἐκείνου
2091 3252 2186 3306 κα)⁵
2220 3252 2360 3306 κατὰ
2388 3251 2479 3305 τὸν
2511 3234 2713 3305 meoan
2776 3249 2869 3303 τοῦ
2937 3246 3094 3318 Θεοῦ,
3130 3249 3187 3311 ὃς
3221 3244 3320 3321 την
3351 3232 3460 3304 τῶν

205 3339 515 3410 ἀνθρώπων
554 3339 805 3410 βούλεται
844 3342 1139 3411 σωτηρίαν.

205 3456 306 3521 ς’.
335 3452 583 3528 Ὀτιξτό-
610 3454 979 3528 ’ᾼλκοράνον
1012 3458 1320 3528 οὐκ-ἐστι
1373 3461 1556 3527 νόμος
1610 3460 1780 3525 Θεοῦ,

1892 3516 1895 3523 ι
1922 3457 2009 3511 Vl.
2053 3458 2206 3523 ρξεοά
2233 3459 2553 3510 Alcoranum
2580 3468 2783 3528 nonest
2813 3463 2895 3509 (ea:
2926 3457 3043 3528 Dei,
3080 3458 3331 3528 quoniam
3362 3460 3419 3513 in

456 3522 589 3577 ἐπεὶ
622 3525 692 3577 ἐν
719 3526 976 3590 πολλοῖς
998 3526 1188 3591 ἐαυτῷ
1216 3522 1536 3596 ἀντιλέγει.

278 3635 484 3689 Ἕκτον
517 3638 601 3689 δεῖ
644 3636 892 3708 θεωρεῖν,
929 3638 1005 3702 ὡς
1048 3640 1075 3691 6
1117 3638 1217 3691 τοῦ
1256 3642 1586 3710 Ἀλκοράνου
1620 3642 1781 3711 νόμος

199 3730 265 3782 οὒ
298 3728 393 3780 τοῦ
420 3729 562 3781 θείου
592 3729 756 3798 νόμου
781 3731 942 3799 μόνον
970 3732 1289 3797 ἀποστατεῖ,
1316 3732 1431 3785 ἀλλ’
1453 3734 1573 3786 οὐδὲ
1604 3734 1782 3802 ἑαυτῷ

202 3818 521 3887 συμϐαίνει.
586 3820 695 3872 Καὶ
725 3821 884 3872 τοῦτο
935 3823 1016 3873 ὅτι
1057 3824 1225 3875 κακόν
1277 3824 1414 3889 ἐστι,
1471 3827 1567 3878 καὶ
1620 3824 1781 3887 αὐτὸς

203 3912 574 3978 ἀποφαίνεται
610 3914 637 3963 6
675 3912 939 3981 Μωαμεθ.
975 3915 1114 3983 Φησὶ
1143 3916 1264 3984 Ῑγὰρ
1292 3917 1349 3967 ἐν
1384 3917 1461 3985 τῷ
1502 3916 1781 3985 κεφαλαίῳ

202 4003 284 4071 τῷ
318 4002 563 4067 Ἐλνεσᾶ,
595 4004 623 4056 δ
660 4005 1024 4074 ἑρμηνεύεται
1060 4007 1337 4075 γυναῖκες
1362 4049 1376 4072 ,
1411 4008 1471 4060 ΕΞ
1516 4009 1592 4078 μὴ
1632 4010 1781 4077 παρά

207 4093 350 4146 Θεοῦ
378 4090 447 4164 ἦν
485 4094 640 4147 τοῦτο
677 4096 737 4149 τὸ
776 4096 1126 4167 Ἀλκοράνον,
1162 4100 1350 4152 πολλαὶ
1409 4101 1779 4169 ἐναντιότητες

209 4186 528 4253 εὑρίσκοντο
562 4188 627 4241 ἂν
662 4190 718 4241 ὲν
757 4189 929 4258 αὐτῷ.
973 4191 1137 4243 Ἀλλά
1176 4192 1283 4261 μὴν
1316 4192 1505 4246 πολλαὶ
1544 4195 1600 4245 ὲν
1630 4194 1779 4264 αὐτῷ

209 4278 587 4347 ἐναντιότητες
624 4284 716 4332 καὶ
745 4282 1062 4349 ἀντιφάσεις
1104 4282 1477 4352 εὑρίσκονται.
1522 4286 1633 4337 Καὶ
1670 4286 1777 4356 γὰρ

206 4370 375 4431 αὐτὸς
409 4372 466 4422 ὲν
502 4370 719 4434 πολλοῖς
758 4372 943 4435 τόποις
976 4374 1162 4442 φησὶν,
1193 4376 1273 4426 ὃτι
1303 4375 1331 4425 6
1363 4374 1495 4436 Θεὸς
1534 4376 1629 4444 οὐχ
1651 4376 1779 4444 ὁδη-

208 4458 301 4524 γεῖ
325 4458 413 4510 τὸν
438 4458 787 4527 πλανώμενον
807 4476 822 4492 ·
853 4462 948 4514 καὶ
978 4464 1127 4531 ὅμως
1158 4462 1320 4525 αὐτὸς
1345 4463 1585 4516 διδάσκει
1616 4482 1778 4533 προσ-

209 4548 490 4615 εύχεσθαι,
522 4549 589 4603 ἶν’
615 4551 890 4620 ὁδηγοῖντο
934 4554 997 4605 ὲκ
1022 4553 1115 4605 τοῦ
1147 4554 1375 4617 σκότους
1415 4555 1494 4617 είς
1540 4556 1599 4607 τὸ
1638 4557 1773 4624 φῶς,

206 4639 309 4693 καὶ
345 4641 407 4691 ὲκ
439 4640 537 4709 τῆς
580 4644 795 4706 ἀνοδίας
836 4646 915 4707 είς
942 4644 1038 4714 τὴν
1069 4645 1362 4716 εὐθύτητα.
1398 4648 1518 4700 Ἔτι
1553 4649 1610 4699 τέ
1643 4666 1776 4718 φησι

209 4730 339 4799 περὶ
366 4732 580 4799 ἑαυτοῦ,
612 4734 686 4797 ὡς
718 4737 926 4803 γένοιτο
957 4738 1191 4807 ὀρφανὸς
1223 4740 1276 4789 ἐν
1311 4738 1524 4811 πλάνῃ’
1558 4741 1777 4793 εἰδωλο-

2268 3527 2465 3593 multis
2498 3527 2698 3594 sibiipst'
2722 3526 3053 3582 contradicit.

1955 3641 2118 3694 Sexto
2162 3648 2380 3707 oportet
2415 3640 2705 3708 speculari,
2733 3639 2877 3708 quod
2918 3640 3172 3695 Alcorani
3213 3642 3298 3696 lex
3345 3656 3457 3697 non

1883 3731 2060 3785 solum
2088 3746 2117 3784 a
2136 3731 2319 3784 divina
2350 3731 2466 3799 lege
2488 3731 2796 3800 elongatur,
2812 3732 2906 3785 sed
2925 3747 3103 3801 neque
3122 3746 3249 3786 cum
3276 3733 3457 3803 seipsa

1887 3823 2165 3876 convenit.
2204 3822 2271 3874 Et
2300 3821 2421 3885 hoc,
2450 3822 2706 3889 quoniam
2739 3822 2880 3875 mala
2912 3830 3017 3885 est,
3049 3832 3105 3877 et
3134 3824 3249 3892 ipse
3272 3823 3459 3878 Maho—
3504 3840 3521 3851 '

1884 3922 2063 3968 metus
2111 3913 2375 3967 ostendit.
2428 3912 2567 3966 Dicit
2616 3912 2765 3966 enim
2813 3914 2867 3967 in
2925 3914 3165 3983 capitulo
3221 3915 3453 3980 Einesa,

1883 4004 2027 4073 quod
2066 4004 2455 4073 interpretatur
2491 4004 2732 4057 mulieres
2757 4020 2775 4056 :
2804 4004 2920 4058 Nisi
2969 4020 3000 4057 a
3031 4005 3143 4060 Deo
3176 4015 3321 4061 esset
3348 4007 3456 4062 hoc

1881 4108 2235 4170 Alcoranum,
2273 4108 2459 4160 multa:
2496 4105 2548 4160 in
2590 4122 2657 4160 eo
2690 4108 3108 4163 contrarietatcs
3148 4119 3205 4163 et
3233 4118 3455 4164 contra-

1882 4199 2154 4253 dictiones
2190 4197 2592 4265 invenirentur.
2622 4196 2838 4250 Etenim
2865 4198 2979 4266 ipse
3011 4198 3065 4251 in
3098 4200 3285 4255 multis
3314 4202 3454 4257 locis

1882 4290 2037 4355 dicit,
2074 4290 2218 4357 quod
2250 4289 2395 4342 Deus
2428 4303 2536 4341 non
2576 4287 2799 4365 deducit
2836 4298 3111 4343 errantem
3138 4308 3152 4344 :
3181 4301 3237 4344 et
3270 4300 3453 4347 tamen

1881 4381 1998 4451 ipse
2041 4380 2096 4433 in
2128 4379 2314 4434 multis
2350 4379 2489 4434 locis
2518 4378 2679 4433 docet
2708 4394 2899 4444 orare,
2934 4389 2994 4433 ut
3040 4381 3386 4437 deducantur
3418 4399 3451 4439 a

1882 4472 2120 4527 tenebris
2152 4472 2207 4525 in
2239 4471 2417 4524 lucem
2481 4479 2537 4523 et
2585 4484 2651 4523 ex
2698 4471 3031 4526 rectitudine
3063 4472 3117 4526 in
3162 4475 3453 4531 rectitudi-

1880 4580 2025 4618 nem.
2060 4564 2194 4618 item
2225 4562 2359 4617 dicit
2406 4562 2473 4615 de
2506 4562 2708 4631 seipse,
2743 4564 2890 4633 quod
2919 4565 3099 4620 factus
3124 4576 3209 4620 est
3253 4568 3451 4637 orpha-

1879 4674 1981 4712 nus
2005 4659 2059 4725 in
2079 4670 2294 4722 errore;
2318 4654 2618 4710 idololatria
2653 4657 2799 4709 enim
2826 4665 2962 4710 erat.
2983 4655 3089 4711 Sed
3125 4668 3301 4712 tamen
3332 4659 3451 4728 ipso

1880 4750 2037 4815 dicit,
2079 4749 2223 4817 quod
2255 4748 2417 4802 talem
2442 4762 2568 4801 eum
2600 4748 2924 4817 prophetam
2957 4749 3087 4801 fecit
3115 4748 3278 4811 Deus,
3314 4764 3451 4816 quo-

198 4823 411 4893 λατρης
459 4826 567 4894 γὰρ
597 4822 684 4894 ἦν.
724 4826 864 4877 Ἀλλ’
908 4828 1056 4895 ὅμως
1084 4827 1243 4891 αὐτός
1269 4846 1454 4898 φησιν,
1486 4830 1567 4881 ὃτι
1604 4829 1775 4883 τοιοῦ-

1888 4840 2026 4893 niam
2077 4838 2297 4908 quando
2353 4840 2496 4892 Deus
2544 4853 2668 4892 eum
2722 4838 3045 4900 accersivit,
3093 4837 3340 4891 ascendit
3377 4840 3447 4894 ad

196 4931 295 4967 τον
327 4915 489 4967 αὐτὸν
516 4917 801 4987 προφήτην
831 4920 1087 4989 ἐποίησεν
1116 4922 1143 4971 6
1176 4921 1328 4983 Θεὸς,
1363 4923 1441 4973 ὅτι
1471 4924 1559 4974 ὅτε
1599 4923 1624 4973 ὁ
1649 4922 1779 4985 Θεὸς

196 5006 371 5060 αὐτὸν
413 5009 839 5077 μετεκαλέσατο,
880 5011 1111 5081 ἀνῆλθεν
1164 5014 1241 5074 είς
1274 5012 1364 5065 τὸν
1405 5014 1535 5065 Θεὸν
1585 5016 1778 5084 μέχρις

1884 4932 2050 4985 Deum
2106 4943 2275 4999 usque
2323 4929 2390 4982 ad
2438 4928 2731 4998 septimum
2766 4929 3003 4991 coelum,
3050 4936 3106 4982 et
3138 4927 3447 4997 impetravit

1881 5022 2091 5075 veniam
2123 5022 2189 5074 ab
2221 5021 2414 5089 angelo
2440 5019 2701 5088 quodam,
2737 5020 2829 5088 qui
2864 5020 3061 5076 millies
3088 5024 3294 5077 mundo
3329 5037 3446 5077 ma-

198 5098 435 5165 ὲϐδόμου
488 5100 739 5168 οὐρανοῦ.
804 5103 915 5154 Καὶ
968 5103 1137 5173 ᾔτησε
1191 5102 1521 5173 συγγνώμην
1560 5106 1776 5175 ἀγγέλῳ

1888 5116 1961 5179 ior
1994 5120 2131 5177 erat,
2164 5126 2326 5180 quem
2357 5112 2566 5164 invenit
2596 5111 2681 5163 sui
2707 5110 2880 5179 ipsius
2910 5124 3129 5181 peccata
3157 5114 3445 5183 deploran-

194 5189 335 5253 τινὶ,
370 5189 603 5257 χιλιάκις
647 5191 855 5260 μείζονι
880 5194 990 5246 ὄντι
1023 5194 1117 5246 τοῦ
1150 5196 1375 5264 κόσμου,
1403 5196 1460 5248 ὃν
1489 5190 1611 5265 εὗρε
1642 5198 1775 5267 θρη-

196 5281 402 5334 νοῦντα
431 5282 499 5334 τὰ
545 5284 739 5335 ἑαυτοῦ
772 5286 1165 5355 ἁμαρτήματα.
1205 5288 1321 5338 Ἔτι
1376 5290 1540 5355 φησὶν
1580 5290 1771 5343 ἑαυτὸν

1052 5378 1155 5395 vxxv
1196 5378 1218 5393 κ

195 5373 491 5440 προφήτην
525 5368 661 5425 εἶναι
694 5374 1013 5427 καθολικόν·
1041 5377 1155 5429 ἀλλ’
1193 5378 1340 5446 ὅμως
1380 5381 1511 5448 φησὶ
1542 5381 1601 5431 τὸ
1644 5380 1772 5432 ’Λλ-

1881 5215 2011 5259 tem.
2033 5202 2167 5257 ltem
2200 5203 2499 5265 dicit,cum
2534 5202 2856 5271 prophetam
2886 5218 3004 5257 esse
3037 5204 3397 5259 universalem
3424 5220 3441 5258 :

1878 5294 1972 5347 sed
2007 5302 2182 5346 tamen
2216 5273 2708 5345 dicitAlcoranum
2748 5293 2999 5347 Arabicis
3038 5294 3236 5349 litteris
3266 5311 3295 5348 a
3332 5295 3444 5351 Deo

1880 5385 2065 5438 datum
2095 5398 2237 5447 esse,
2272 5396 2451 5451 neque
2488 5383 2648 5436 ullam
2683 5383 2844 5438 aliam
2876 5384 3114 5455 linguam
3148 5401 3277 5441 eum
3300 5385 3444 5443 scire

196 5463 437 5532 κοράνον
505 5466 812 5536 Ἀραϐικοῖς
865 5468 1187 5537 γράμμασιν
1237 5470 1340 5523 ὑπὸ
1390 5470 1485 5522 τοῦ
1524 5469 1659 5523 Θεοῦ
1689 5472 1773 5524 δο-

1888 5484 2073 5545 ρτειιῑεῐ·
2104 5474 2412 5531 Arabicam.

197 5554 365 5621 Θῆναι
389 5597 403 5623 ,
462 5557 598 5629 μηδὲ
632 5558 761 5627 μίαν
792 5575 851 5611 τε
898 5560 1062 5615 αὐτὸν
1090 5561 1255 5633 ἄλλην
1290 5562 1538 5631 γλῶσσαν
1584 5563 1777 5620 ειδέναι
1817 5567 1954 5636 πλὴν
1978 5568 2075 5636 τῆς
2118 5567 2431 5640 Ἀραϐικῆς.

278 5676 349 5742 ηε
362 5674 555 5730 Matth.
589 5690 689 5739 ru,
723 5675 813 5729 14.

534 5766 807 5827 ΡΑΤιιοι..
846 5768 960 5832 Gn.
1002 5771 1042 5831 C
1057 5772 1202 5830 LIV.

3020 5782 3097 5841 3ft
