3862 6220
223 345 358 408 1069
715 334 723 339 ’
1412 348 1710 408 CONTRA
1747 349 1791 406 ill

1897 343 2250 405 ΙΟΜΕἸΕΜ.
3316 334 3450 398 1070

223 453 549 522 ’Ἄραψιβή
577 455 637 507 τὸ
671 455 744 526 μὴ
771 455 915 526 ἔχειν
939 457 1132 520 αὐτοὺς
1161 458 1456 511 ἀπόστολόν
1484 475 1602 510 τινα
1634 457 1782 527 παρὰ

1897 470 1988 524 gua
2020 436 2474 507 Arabica'datum
2511 463 2655 510 esse.
2695 447 2938 516 dicitque
2968 454 3023 500 et
3079 443 3318 514 seipsum
3351 461 3451 499 ne-

220 541 317 600 τοῦ
368 539 528 600 Θεοῦ.
567 547 708 615 Φησὶ
739 546 792 599 δὲ
827 548 921 600 καὶ
952 535 1030 599 ’τὸ
1085 545 1409 616 Ἀλκοράνον
1446 549 1502 600 ὲν
1538 548 1675 618 μόνῃ
1719 550 1782 617 τῇ

1897 547 2027 600 scire
2058 544 2217 597 aliam
2249 542 2488 611 linguam
2535 548 2730 611 prteter
2761 537 3071 593 Arabicam.
3121 538 3278 594 Unde
3329 553 3453 594 cum

230 640 494 708 Ἀραϐικῇ
525 639 740 709 γλώσσῃ
771 639 1015 693 δεδόσθαι
1035 657 1049 671 ο
1073 645 1204 710 φησὶ
1225 641 1292 693 ’δὲ
1348 641 1446 693 καὶ
1497 639 1684 692 ἑαυτὸν
1711 637 1786 709 μὴ

221 732 423 784 εἰδέναι
451 731 619 801 ἄλλην
643 731 921 785 διάλεκτον
955 731 1093 800 πλὴν
1121 732 1219 801 τῆς
1269 731 1589 800 Ἀραϐικῆς.
1625 727 1786 781 Ὅθεν

221 822 718 892 προσκολληθέντος
770 823 848 893 τῷ
910 824 1208 892 Μαχούμετ
1258 823 1402 884 τινὸς
1470 821 1785 876 Ἰακωϐίτνιυ

219 916 494 985 Μιπαιρᾶ,
538 916 634 967 καὶ
687 915 936 967 Σαλώνου
971 917 1204 985 Πέρσου,
1251 917 1344 967 καὶ
1408 913 1673 967 Ἀδδαλλᾶ
1723 916 1786 966 ἐκ

216 1007 317 1075 τῆς
364 1003 624 1074 Περσίδος
671 1005 765 1057 καὶ
808 1003 994 1067 αὐτοῦ,
1025 1006 1117 1056 καὶ
1155 1004 1336 1073 Σελὰμ
1378 1003 1655 1067 Ἰουδαίου,
1693 1003 1787 1057 καί

215 1112 382 1147 τινων
427 1095 696 1162 λεγόντων
726 1095 800 1158 ὡς
831 1086 927 1147 ὕπ’
977 1094 1160 1147 αὐτῶν
1210 1095 1412 1156 ἐκεῖνος
1462 1094 1784 1157 διδάσκοιτο,

223 1181 384 1243 αὐτὸς
419 1184 598 1234 πεσὼν
637 1183 730 1234 ἐπὶ
763 1184 1076 1250 πρόσωπον,
1120 1181 1586 1234 συνελκυσθεισῶν
1621 1181 1786 1234 αὐτοῦ

217 1271 326 1325 τῶν
373 1274 572 1342 χειρῶν
611 1273 705 1326 καὶ
731 1273 842 1326 τῶν
874 1274 1072 1338 ποδῶν,
1105 1277 1198 1327 καὶ
1222 1272 1330 1326 τῶν
1361 1273 1593 1350 ἑταίρων
1621 1273 1786 1327 αὐτοῦ

219 1364 582 1432 καλυψάντων
613 1365 776 1419 αὑτὸν
809 1369 922 1428 τοῖς
954 1366 1186 1436 ἱματίοις
1214 1367 1415 1432 αὐτῶν,
1444 1368 1576 1436 πρὸς
1600 1367 1788 1420 ἑαυτὸν

221 1455 576 1525 ἐπιστραφεὶς
597 1453 749 1508 εἶπεν
768 1473 782 1486 ·
817 1452 876 1508 Ὀ
896 1455 1026 1518 Θεὸς
1046 1456 1388 1509 ἀπέσταλκεν
1407 1453 1622 1524 ἐλέγξαι
1645 1458 1788 1524 ὑμᾶς

222 1546 356 1616 περὶ
385 1546 480 1598 τοῦ
510 1546 691 1613 λόγου,
731 1538 792 1598 οὗ
825 1546 1108 1615 εἰρήκατε,
1143 1546 1218 1609 ὡς
1259 1548 1354 1616 ἐμὲ
1385 1547 1613 1600 τοιοῦτοι
1645 1549 1790 1602 διδά-

221 1655 425 1692 σκοιεν.
463 1639 696 1704 Ἀνέγνω
721 1653 782 1688 τε
817 1637 1000 1701 αὐτοῖς
1031 1637 1090 1689 ’ἐν
1123 1638 1405 1709 ψήφισμα,
1453 1640 1588 1711 ὅπερ
1641 1642 1788 1694 ἐστὶν

217 1731 278 1782 ὲν
313 1730 390 1798 τῷ
415 1729 559 1782 τέλει
589 1727 684 1781 τοῦ
726 1729 1159 1798 ἀναγνώσματος
1188 1735 1282 1783 τοῦ
1323 1729 1564 1796 Ἑλναὲλ,
1618 1733 1645 1786 ὂ
1693 1734 1785 1802 ἐρ-

222 1821 518 1890 μηνεύεται
547 1821 772 1890 φοίνιξ,
799 1820 942 1875 οὕτω
965 1822 1142 1890 λέγων
1163 1837 1179 1852 ·
1231 1825 1422 1892 Ἰσμεν
1453 1825 1536 1876 ὅτι
1569 1825 1787 1894 ἐροῦσιν

215 1915 395 1977 αὐτοὶ,
425 1914 506 1966 ὅτι
533 1913 822 1983 ἄνθρωπος
869 1914 1111 1966 διδάσκει
1163 1915 1361 1968 αὐτόν·
1396 1917 1428 1986 ἡ
1472 1916 1528 1969 δὲ
1565 1916 1789 1984 γλῶσσα

216 2001 250 2078 ᾗ
281 1997 428 2075 αὐτῷ
457 2004 815 2072 διαλέγονται,
843 2005 959 2056 ἔστι
993 1997 1273 2075 Περσική·
1304 2006 1443 2076 αὕτη
1470 2008 1582 2078 δὲή
1629 2009 1683 2060 Ἀ
1696 2026 1792 2079 ρα-

215 2092 352 2161 6ικὴ
382 2092 538 2162 ῥᾳδία
593 2091 728 2145 ἐστί.
783 2092 908 2144 Κάκ
956 2092 1150 2144 τούτου
1188 2094 1342 2164 φησὶ,
1402 2095 1524 2157 Πῶς
1563 2096 1790 2148 δυνατὸν

143 2207 163 2224 ο
216 2181 464 2244 ἐκείνους
493 2183 590 2251 ἐμὲ
617 2182 908 2246 διδάσκειν,
926 2175 1000 2235 ὧν
1030 2183 1224 2254 ἅτερος
1252 2185 1350 2254 μὲν
1378 2187 1594 2255 Πέρσης
1615 2187 1786 2252 ἐστὶν,

216 2273 247 2324 6
277 2271 338 2324 δὲ
363 2271 546 2332 λοιπὸς
589 2269 872 2340 Ἕϐραῐος;
900 2271 1178 2326 Είπὸντων
1207 2273 1252 2328 δ’
1280 2275 1538 2340 ἐκείνων,
1565 2273 1787 2327 δυνατὸν

218 2363 365 2416 εέναι
400 2365 465 2430 τῇ
496 2362 703 2416 ἑαυτῶν
735 2362 1000 2434 διαλέκτῳ
1028 2367 1166 2435 πρὸς
1205 2365 1265 2418 σὲ
1298 2365 1668 2433 διαλέγεσθαι,
1693 2367 1788 2420 καὶ

215 2455 534 2510 ἐκτίθεσθαί
562 2472 666 2518 σοι,
706 2454 765 2507 σὲ
793 2456 849 2509 δὲ
872 2458 938 2526 τῇ
965 2455 1163 2510 σαυτοῦ
1194 2455 1417 2528 γλώσσῃ
1446 2459 1620 2512 πάντα
1667 2476 1788 2510 συν-

213 2547 476 2610 τάττειν,
525 2546 624 2616 οὑχ
669 2539 793 2616 εὗρε
835 2547 970 2615 πρὸς
1007 2546 1165 2600 τοῦτο
1212 2549 1526 2619 ἀπόκρισιν.
1571 2549 1710 2602 Ἀλλ’
1739 2551 1787 2602 εί

220 2639 304 2708 μὴ
336 2632 444 2702 οἷός
463 2654 522 2690 τε
543 2633 614 2707 ἦν
639 2637 744 2690 ὑπὸ
781 2637 1152 2707 Ἐδραίουικαὶ
1183 2640 1391 2710 Πέρσου
1419 2639 1790 2708 διδάσκεσθαι,

213 2729 552 2800 δμοιοτέρων
586 2729 756 2784 ὄντων
805 2729 1008 2795 αὐτῶν,
1046 2730 1163 2793 πῶς
1195 2731 1403 2794 ἐκεῖνος
1435 2731 1654 2800 ἡδύνατ’
1685 2733 1788 2785 αύ-

1889 636 2210 690 οᾶιιωείςεει
2234 633 2546 688 Mabometo
2588 631 2809 700 quidam
2853 623 3097 687 Jacobita
3127 627 3365 701 Mapyra,
3398 638 3457 684 et

1889 726 2122 780 Salonus
2150 726 2334 797 Persa,
2365 732 2419 777 ct
2448 723 2651 777 Abdala
2680 737 2745 776 ex
2771 722 3009 784 Perside,
3045 731 3100 774 et
3131 719 3245 791 ipse
3275 721 3455 775 Selam

1886 817 2130 880 Iudaeus,
2162 825 2216 869 et
2249 815 2469 884 quidam
2499 814 2587 867 alii
2632 813 2899 876 dicerent,
2930 811 3075 882 quod
3108 812 3454 866 instruebant

1887 923 2036 971 eum,
2070 915 2125 962 et
2151 907 2271 976 ipse
2302 905 2574 961 ceciditin
2607 904 2801 957 faciem
2838 919 3015 968 suam,
3060 911 3117 957 et
3158 911 3454 959 contracta:

1888 1006 2017 1053 sunt
2051 1013 2244 1052 manus
2278 996 2395 1066 ejus
2437 1004 2494 1050 et
2541 994 2730 1064 pedes,
2768 1002 2822 1046 et
2867 993 2998 1046 socii
3050 998 3455 1060 cooperuerunt

1888 1105 2013 1142 eum
2046 1089 2294 1143 vestibus
2321 1088 2455 1143 suis.
2486 1087 2553 1140 Et
2583 1086 2799 1139 tandem
2835 1085 2899 1138 ad
2931 1099 2988 1138 se
3013 1083 3252 1148 rediens,
3282 1081 3454 1136 dixit:

1889 1179 2034 1235 Deus
2079 1179 2227 1232 misit
2281 1194 2365 1232 me
2401 1176 2468 1231 ad
2521 1176 2930 1245 corripiendum
2960 1190 3060 1229 vos
3090 1174 3157 1228 de
3200 1185 3456 1229 sermone

1889 1286 2053 1340 quem
2083 1269 2318 1331 dixistis,
2350 1267 2495 1338 quod
2525 1268 2660 1322 tales
2687 1283 2773 1322 me
2807 1268 3060 1321 doceant.
3087 1264 3351 1336 Legitque
3375 1265 3456 1320 eis

1891 1377 2055 1417 unam
2078 1360 2432 1426 sententiam,
2465 1373 2584 1429 qua
2618 1367 2701 1412 est
2729 1357 2784 1411 in
2819 1340 2924 1411 fine
2953 1356 3206 1410 lectionis
3246 1343 3456 1421 Elnael,

1889 1454 2036 1522 quod
2075 1453 2471 1521 interpretatur
2508 1450 2712 1518 palma,
2764 1464 2885 1517 qua:
2917 1448 2996 1502 sic
3021 1447 3196 1501 dicit:
3241 1446 3460 1502 Scimus

1890 1545 2034 1615 quod
2069 1545 2169 1614 ipsi
2201 1544 2404 1607 dicent,
2441 1543 2585 1613 quod
2623 1543 2901 1597 instruunt
2927 1555 3053 1594 eum
3079 1554 3201 1593 cum
3229 1540 3460 1606 Ianun-

1893 1648 1982 1693 tur
2035 1639 2113 1692 sic
2164 1639 2212 1691 ei
2265 1640 2317 1690 in
2351 1637 2535 1705 lingua
2571 1633 2810 1699 Persica,
2842 1635 2956 1688 haec
3003 1639 3183 1686 autem
3229 1632 3458 1686 Arabica

1891 1731 2067 1786 facilis
2093 1741 2196 1784 est.
2236 1729 2304 1783 Et
2335 1744 2400 1782 ex
2428 1728 2533 1783 hoc
2559 1727 2694 1781 dicit
2722 1743 2735 1779 :
2768 1725 3055 1793 Quomodo
3085 1725 3346 1794 possibile
3377 1735 3462 1780 est

1891 1823 2012 1876 illos
2063 1838 2148 1876 me
2195 1821 2416 1887 docere,
2444 1835 2678 1890 quorum
2712 1820 2852 1874 alter
2883 1819 3107 1887 quidem
3152 1816 3318 1872 Persa
3353 1829 3458 1880 est,

1892 1916 2030 1969 alter
2051 1930 2183 1970 vero
2213 1913 2519 1971 Hebraeus?
2544 1913 2648 1979 Qui
2678 1911 2932 1966 dixerunt
2955 1911 3027 1976 ei,
3051 1911 3310 1982 possibile
3338 1925 3458 1966 esse

1897 2021 2120 2079 eorum.
2144 2006 2388 2075 ipsorum
2417 2005 2602 2074 lingua
2662 2014 2841 2058 tecum
2878 2004 3052 2072 loqui,
3083 2013 3139 2058 et
3187 2017 3460 2071 exponere

1891 2098 2026 2160 tibi;
2061 2108 2114 2150 te
2145 2107 2328 2149 autem
2363 2095 2440 2149 tui
2468 2095 2642 2164 ipsius
2671 2094 2853 2164 lingua
2902 2094 3084 2148 omnia
3116 2101 3457 2149 construere.

1890 2186 2008 2240 Non
2042 2185 2254 2239 invenit
2290 2185 2356 2238 ad
2399 2185 2503 2238 hoc
2536 2184 2970 2252 responsionem.
3000 2183 3102 2237 Sed
3139 2183 3183 2238 si
3215 2199 3322 2237 non
3357 2198 3454 2252 po-

1893 2286 2033 2331 terat
2086 2276 2282 2330 instrui
2317 2277 2384 2331 ab
2433 2275 2664 2330 Hebraeo
2699 2284 2753 2328 et
2802 2276 2988 2340 Persa,
3022 2275 3114 2344 qui
3161 2273 3458 2344 propinqui

1894 2377 2044 2432 sunt,
2096 2367 2374 2436 quomodo
2416 2366 2537 2437 ipse
2583 2374 2800 2435 poterat
2852 2367 3174 2420 remotiores
3225 2366 3293 2420 ab
3339 2367 3458 2436 ejus

1889 2460 2074 2529 lingua
2102 2458 2348 2512 docere?
2375 2456 2492 2526 Ipse
2525 2465 2704 2512 tamen
2737 2464 2862 2527 post
2892 2457 3008 2536 llaec
3035 2457 3189 2520 dicit,
3215 2457 3457 2526 scipsum

1892 2553 2118 2605 missum
2175 2565 2298 2605 esse
2330 2549 2396 2604 ad
2449 2549 2858 2604 universitatem
2915 2550 3181 2620 gentium.
3216 2549 3368 2606 Unde
3404 2550 3458 2604 in

1891 2644 2132 2715 capitulo
2164 2643 2554 2714 prophetarum
2613 2642 2710 2707 ait,
2760 2643 2941 2697 dicere
2985 2641 3036 2697 ei
3081 2641 3299 2696 Deum:
3349 2641 3461 2696 Nos

1893 2739 2146 2792 misimus
2193 2745 2247 2790 te
2289 2735 2356 2790 ad
2409 2735 2820 2805 universitatem
2869 2737 3136 2805 gentium.
3186 2733 3292 2789 Sed
3323 2749 3462 2804 quo-

211 2826 350 2886 τοὺς
399 2823 737 2893 πορρωτάτω
790 2823 888 2892 τῆς
953 2823 1118 2876 αὐτοῦ
1173 2824 1427 2894 γλώσσης
1475 2824 1782 2890 διδάσκειν;

214 2914 393 2979 Δῦτδς
429 2916 610 2985 μέντοι
654 2914 998 2985 μετάλταῦτά
1026 2931 1191 2985 φησιν
1229 2915 1422 2968 ἑαυτὸν
1450 2915 1785 2970 ἀπεστάλθαι

1894 2829 2057 2886 modo
2088 2828 2276 2883 venire
2310 2829 2488 2897 potuit
2531 2827 2598 2880 ad
2642 2839 2834 2881 omnes
2874 2835 3087 2896 gentes,
3119 2839 3239 2894 quae
3273 2825 3460 2880 divisa:

1892 2932 2046 2980 erant
2082 2923 2134 2976 in
2170 2917 2513 2990 septuaginta
2541 2919 2777 2988 linguas,
2807 2918 2901 2988 qui
2930 2918 3218 2990 ignorabat
3243 2919 3460 2989 aperire

214 3009 364 3080 πρὸς
389 3006 486 3078 τὴν
512 3007 736 3076 δλότητα
765 3006 874 3059 τῶν
901 3007 1094 3061 ἐθνῶν.
1123 3006 1284 3059 Ὅθεν
1315 3009 1373 3059 ὲν
1397 3007 1474 3076 τῷ
1505 3007 1784 3076 κεφαλαίῳ

1897 3013 2161 3082 suiipsius
2195 3009 2426 3065 verbum
2459 3009 2514 3063 in
2562 3009 2666 3064 alia
2705 3009 2890 3080 lingua
2920 3018 3286 3080 praeterquam
3335 3013 3461 3063 Ara-

212 3101 331 3153 τῶν
361 3097 657 3169 προφητῶν
690 3113 854 3166 φησιν
887 3100 1062 3151 εἰπεῖν
1088 3099 1237 3167 αὐτῷ
1267 3099 1358 3151 τὸν
1381 3098 1541 3151 Θεόνο
1593 3097 1783 3168 Ἠμέῖς

1897 3101 2058 3157 bica?
2094 3087 2440 3153 ﬂanil‘estum
2469 3098 2656 3168 igitur,
2684 3099 3128 3155 contrarietatem
3161 3110 3216 3156 et
3242 3101 3464 3156 menda-

215 3188 645 3258 ἀπεστάλκαμέν
704 3203 763 3241 σε
824 3190 963 3259 πρὸς
1012 3189 1113 3259 τὴν
1177 3189 1404 3258 ὁλότητα
1458 3189 1568 3241 τῶν
1597 3188 1788 3242 ἐθνῶν.

1897 3193 2039 3247 cium
2071 3189 2418 3243 manifestum
2442 3203 2583 3251 esse,
2602 3191 2852 3243 eumdem
2879 3191 3012 3245 solis
3028 3192 3300 3246 Arabibus
3332 3194 3462 3247 mis-

233 3281 399 3335 Ἀλλὰ
446 3279 562 3343 πῶς
610 3281 674 3334 ἂν
724 3281 969 3351 ἀπῆλθεν
1012 3283 1094 3344 είς
1153 3282 1326 3336 πάντα
1378 3281 1447 3334 τὰ
1497 3281 1661 3348 ἔθνη,
1709 3281 1789 3341 είς

1897 3296 2017 3336 sum
2045 3295 2191 3341 esse,
2216 3288 2274 3332 et
2312 3279 2570 3332 omnibus
2597 3279 2871 3346 gentibus.
2893 3279 3012 3334 Non
3050 3282 3216 3350 igitur
3246 3283 3332 3336 lex
3367 3284 3459 3337 Dei

219 3375 595 3443 ἐϐδομήκοντα
617 3371 870 3441 γλώσσας
901 3373 1230 3444 διῃρημένα,
1261 3375 1288 3426 6
1315 3372 1527 3440 ἀγνοῶν
1555 3375 1788 3425 ἀποστο-

1897 3377 1998 3432 est,
2029 3368 2082 3420 in
2109 3383 2213 3435 qua
2248 3375 2328 3419 tot
2357 3366 2778 3421 contrarietates
2801 3377 2886 3422 est
2914 3369 3180 3424 invenire.

217 3467 476 3536 ματίζειν
520 3467 612 3519 τὸν
659 3465 854 3519 ἑαυτοῦ
886 3465 1044 3534 λόγον
1078 3467 1133 3518 ὲν
1163 3467 1322 3535 ἑτέρᾳ
1365 3463 1606 3536 γλώσσῃ,
1643 3463 1784 3531 πλὴν
1823 3462 1923 3531 τῆς
1956 3458 2291 3528 Ἀραδικῆς;
2329 3457 2495 3526 Δῆλον
2559 3457 2741 3510 τοίνυν
2797 3460 2946 3511 ἐστὶν
2993 3462 3340 3531 ἐναντιότητα
3369 3465 3464 3516 καὶ

211 3565 419 3632 ψεῦδος
447 3562 910 3626 ἀπαρακάλυπτον
946 3558 1087 3614 εῖναι
1118 3562 1178 3615 τὸ
1201 3563 1292 3614 τὸν
1321 3561 1482 3614 αὐτὸν
1549 3561 1730 3630 μόνοις
1787 3575 1848 3610 τε
1887 3558 1997 3619 τοῖς
2031 3555 2273 3624 "Aponi/tv
2321 3553 2683 3618 ἀπεστάλθαι,
2739 3555 2832 3608 κοιλ⁴
2896 3559 3030 3610 πᾶσι
3077 3560 3188 3621 τοῖς
3230 3560 3458 3615 ἔθνεσιν.

215 3662 341 3714 Οὐκ
367 3655 474 3725 ἄρα
501 3656 660 3726 νόμος
691 3657 809 3708 ἐστὶ
845 3655 938 3708 τοῦ
967 3653 1130 3723 Θεοῦ,
1161 3655 1219 3708 ὲν
1329 3655 1596 3718 τοσαύτας
1629 3653 2017 3721 ἐναντιότητας
2047 3649 2194 3703 ἔστιν
2228 3648 2430 3719 εὑρεῖν.

292 3797 370 3853 Ζ’.
407 3796 536 3848 Ὀτι
588 3754 792 3848 οδδεγί
843 3792 1095 3858 θαύματι
1130 3795 1164 3847 ὁ
1219 3791 1338 3846 τῶν
1385 3790 1785 3860 Σαρῤακηγῶν

713 3864 895 3930 νόμος
925 3862 1292 3925 βεϐαιοῦται.

295 3978 564 4048 Ἐῦδομόν
608 3977 723 4029 ἐστι
763 3973 1178 4050 θεωρῆσαιηδτι
1215 3972 1340 4026 οὔτε
1360 3974 1421 4026 τὸ
1462 3973 1788 4042 Ἀλκοράνον

217 4073 348 4127 ἐστὶ
394 4071 558 4140 νόμος
606 4066 743 4121 Θεοῦ
798 4066 1042 4135 θαύμασι
1096 4064 1516 4134 βεϐαιούμενος,
1580 4063 1704 4117 οὕτε
1761 4065 1789 4115 6

220 4159 475 4230 Μωάμεθ
533 4155 833 4218 ἀπόστολός
898 4156 1016 4207 ἐστι
1064 4154 1158 4207 τοῦ
1217 4153 1388 4206 Θεοῦ·
1443 4153 1506 4205 οὐ
1563 4151 1630 4222 δὴ
1679 4152 1790 4220 γὰρ

224 4253 420 4320 θαῦμα
459 4248 635 4317 τούτῳ
684 4244 1090 4314 συμμαρτυρεῖ.
1130 4243 1262 4295 Ὅτε
1296 4243 1406 4311 γὰρ
1437 4245 1465 4293 6
1498 4241 1630 4300 Θεὸς
1662 4239 1825 4291 ἀπε--

226 4341 408 4396 στειλε
467 4339 558 4392 τὸν
605 4337 847 4405 Μωῦσῆν
909 4339 987 4396 εἰς
1036 4335 1128 4388 τὸν
1179 4334 1398 4403 Φαραὼ,
1446 4331 1656 4399 μεγάλα
1704 4330 1795 4380 τέ-

1931 3788 2042 3842 Vll.
2087 3787 2238 3851 Quod
2273 3785 2359 3840 lex
2402 3784 2790 3841 Saracenorum
2823 3789 2967 3844 nullo
3005 3764 3264 3846 miracqu
3299 3810 3427 3848 eon-

2538 3856 2806 3922 ﬁrmatur.

1966 3971 2213 4040 Septimo
2247 3979 2330 4024 est
2375 3970 2862 4035 considerandum,
2903 3977 3048 4044 quod
3094 3989 3274 4046 neque
3301 3979 3463 4033 Alco-

1898 4078 2090 4116 ranum
2113 4073 2195 4117 est
2220 4062 2303 4116 lex
2339 4061 2456 4126 Dei,
2484 4077 2606 4131 quae
2639 4063 2920 4127 miraculis
2947 4065 3328 4134 confirmetur,
3367 4086 3464 4123 ne-

1901 4169 2009 4222 que
2044 4154 2384 4207 Haliometus
2427 4161 2510 4207 est
2565 4155 2846 4224 apostolus
2894 4155 3011 4221 Dei,
3065 4158 3272 4214 nullum
3311 4162 3457 4215 enim

1900 4248 2226 4301 miraculum
2260 4247 2366 4300 hoc
2410 4256 2658 4301 testatur.
2696 4247 2928 4313 Quando
2957 4251 3103 4305 enim
3135 4251 3278 4308 Deus
3314 4254 3463 4310 misit

1896 4338 2113 4407 Moysen
2145 4338 2210 4391 ad
2261 4338 2622 4402 Pharaonem,
2671 4353 2862 4408 magna
2898 4340 3140 4411 prodigia
3176 4343 3460 4399 ostendit:

228 4449 374 4503 ρατα
402 4429 623 4493 ἔδειξεν.
668 4426 898 4498 Ὁμοίως
921 4427 980 4479 δὲ
1012 4427 1107 4480 καὶ
1141 4425 1328 4487 Ἠλίας
1353 4427 1449 4477 καὶ
1489 4423 1790 4483 Ἐλισσαῖος

1899 4429 2151 4484 similiter
2189 4437 2370 4484 autem
2406 4439 2460 4483 et
2509 4428 2655 4483 Elias
2705 4438 2758 4484 et
2808 4431 3055 4494 Elisaeus,
3098 4439 3154 4486 et
3210 4433 3304 4488 alii
3337 4451 3466 4505 pro-

223 4523 331 4577 καὶ
389 4523 437 4573 οἱ
489 4520 638 4574 ἄλλοι
702 4518 985 4588 προφῆται
1045 4515 1260 4585 μεγάλα
1325 4517 1419 4568 καὶ
1485 4515 1796 4578 ἀνήκουστα

224 4614 558 4684 εἰργάσαντο
593 4612 880 4684 θαύματα*
915 4611 1011 4662 καὶ
1057 4609 1293 4679 μάλιστα
1331 4609 1381 4660 oi
1410 4606 1597 4660 καινόν
1631 4624 1683 4658 τι
1717 4607 1796 4666 είς

221 4707 323 4760 τὸν
369 4702 480 4773 βίον
533 4699 964 4768 είσενεγκόντες.
1033 4698 1092 4751 ’0
1131 4696 1474 4768 δὲΧριστδς
1536 4696 1684 4757 ίδίως
1738 4696 1798 4746 ὲν

221 4797 476 4865 θαύμασι
529 4794 621 4846 καὶ
673 4789 923 4860 σημείοις
967 4789 1242 4856 μεγίστοις
1288 4788 1571 4858 ἐλήλυθεν,
1609 4787 1798 4854 ὥσπερ

219 4885 326 4938 καὶ
363 4881 526 4943 αὐτὸς
557 4882 586 4934 6
621 4877 921 4948 Μαχούμετ
951 4879 1010 4930 ἐν
1043 4877 1121 4948 τῷ
1163 4878 1476 4946 Ἀλκοράνῳ
1509 4877 1699 4947 φησιν.
1737 4877 1797 4928 Ei

217 4977 284 5029 δὲ
325 4973 536 5041 λέγοιεν
575 4972 623 5024 oi
679 4971 1023 5044 Σαρρακηνοὶ
1054 4968 1226 5022 πολλὰ
1269 4969 1365 5022 καὶ
1399 4969 1612 5038 μεγάλα
1662 4967 1798 5019 θαύ-

221 5083 386 5140 ματα
429 5065 657 5135 ποιῆσαι
704 5065 798 5118 τὸν
843 5065 1168 5134 Μαχούμετ,
1199 5061 1387 5134 ὥσπερ
1421 5063 1482 5114 τὸ
1516 5064 1798 5115 ἀποκατα-

220 5161 427 5228 στῆσαι
460 5157 559 5227 τὴν
593 5157 823 5227 σελήνην
853 5157 1236 5228 διαιρεθεῖσαν,
1260 5155 1356 5208 καὶ
1394 5155 1577 5225 πηγὴν
1610 5154 1801 5215 ὓδατος

215 5251 295 5304 ὲκ
326 5249 437 5301 τῶν
477 5245 645 5301 αὑτοῦ
706 5246 988 5299 δακτύλων
1033 5244 1403 5315 ἀπορρυῆναι,
1439 5231 1625 5315 λῆρός
1680 5245 1799 5296 ὲστι

214 5336 412 5403 τοῦτο,
443 5339 540 5390 καὶ
586 5338 826 5391 ἐναντίον
869 5336 948 5406 τῷ
1004 5336 1156 5406 αὐτῷ
1214 5336 1544 5406 Ἀλκοράνῳ.
1582 5335 1799 5388 Κωλύει

215 5427 344 5498 γὰρ
371 5429 400 5480 6
427 5427 726 5498 Μαχούμετ
769 5427 898 5496 περὶ
936 5426 1101 5480 αὐτοῦ
1142 5443 1194 5478 τι
1225 5427 1465 5478 τοιοῦτον
1496 5423 1799 5488 πιστεύειν,

216 5519 376 5590 πλὴν
425 5519 533 5572 τῶν
569 5502 645 5573 ⁸ὲν
698 5517 780 5585 τῷ
822 5518 1134 5589 ’Δλκοράνῳ
1190 5520 1613 5588 γεγραμμένων.
1665 5518 1802 5587 Περὶ

217 5610 474 5676 πάντων,
515 5610 670 5681 φησι,
700 5610 811 5664 τῶν
855 5610 1156 5681 προφητῶν
1206 5609 1392 5663 πολλοὶ
1424 5609 1596 5663 πολλά
1639 5607 1800 5678 ἐψεύ-

220 5715 424 5766 σαντο,
471 5701 606 5770 ὅπερ
667 5699 755 5756 ἵνα
801 5700 897 5756 καὶ
949 5702 1076 5771 περὶ
1126 5701 1260 5772 ἐμοῦ
1296 5700 1596 5770 λογίζοιντό
1631 5719 1798 5766 τινες,

1900 4521 2074 4590 pheta:
2122 4535 2314 4589 magna
2365 4527 2421 4573 et
2469 4519 2716 4574 inaudita
2767 4520 3030 4576 miracula
3076 4523 3361 4592 fecerunt,
3409 4537 3466 4584 et

1901 4611 2134 4665 maxime
2167 4611 2261 4679 qui
2297 4626 2499 4664 novum
2535 4610 2816 4679 quoddam
2849 4612 2904 4666 in
2928 4613 3097 4668 vitam
3131 4615 3465 4673 inferebant.

1899 4701 2150 4756 Christus
2178 4709 2356 4755 autem
2382 4703 2602 4771 propr-ie
2633 4702 2686 4756 in
2714 4704 2996 4758 miraculis
3019 4713 3076 4760 et
3103 4705 3274 4776 signis
3294 4698 3468 4762 maxi.

1902 4791 2006 4842 mis
2035 4790 2210 4855 venit,
2258 4791 2402 4844 sicut
2446 4789 2661 4858 etipse
2704 4791 3048 4848 Mahometos
3092 4793 3145 4846 in
3193 4793 3465 4850 Alcorano

1901 4879 2056 4935 dicit.
2093 4881 2147 4934 Si
2182 4889 2364 4934 autem
2416 4880 2604 4935 dicant
2649 4881 2928 4945 Saraceni,
2962 4883 3133 4937 multa
3177 4893 3234 4940 et
3267 4900 3462 4954 magna

1902 4970 2163 5024 miracula
2228 4969 2424 5025 fecisse
2471 4969 2863 5038 Maliometum,
2921 4973 3065 5027 sicut
3125 4975 3464 5046 reintegrare

1901 5060 2085 5114 lunam
2118 5059 2370 5126 divisam,
2403 5067 2460 5114 et
2492 5060 2694 5116 fontem
2724 5075 2878 5131 aqum
2903 5077 2967 5116 ex
2998 5062 3120 5133 ejus
3146 5064 3330 5135 digitis
3369 5067 3464 5120 de-

1887 5150 2146 5215 «lluxisse,
2183 5151 2368 5204 fabula
2409 5158 2494 5204 est
2526 5151 2652 5215 boc,
2687 5160 2745 5206 et
2793 5154 3133 5209 contrarium
3165 5157 3344 5212 eidem
3378 5159 3466 5212 Al-

1902 5255 2124 5294 corano.
2175 5240 2438 5296 Prohibet
2489 5241 2633 5295 enim
2665 5241 3009 5299 Mahometus
3041 5245 3110 5300 de
3151 5262 3219 5301 eo
3255 5249 3462 5319 aliquid

1904 5333 2007 5386 tale
2042 5331 2289 5395 credere,
2322 5336 2684 5402 praeterquam
2713 5349 2836 5403 qua:
2881 5336 3085 5406 scripta
3117 5348 3246 5393 sunt
3288 5339 3342 5393 in
3375 5341 3466 5394 Al-

1901 5439 2125 5479 corano.
2157 5423 2229 5478 De
2278 5423 2536 5478 omnibus
2563 5424 2845 5494 prophetis
2891 5427 3065 5481 dicit:
3094 5427 3250 5483 Mulli
3296 5413 3466 5484 multa

1903 5515 2119 5571 mentiti
2168 5524 2316 5580 sunt,
2353 5514 2497 5584 quod
2531 5531 2598 5570 ne
2646 5515 2714 5570 de
2754 5531 2840 5571 me
2871 5517 3187 5572 existiment
3216 5519 3463 5591 quidam,

1904 5608 1958 5662 id
2003 5608 2175 5661 solum
2224 5606 2291 5660 de
2337 5622 2424 5661 me
2473 5621 2664 5662 verum
2695 5609 2971 5674 credatur,
3015 5609 3162 5680 quod
3210 5610 3464 5665 Alcorani

1905 5701 2229 5755 auctoritate
2274 5699 2515 5754 fulcitur.
2563 5701 2658 5755 Ille
2710 5701 2856 5756 enim
2890 5717 3014 5758 cum
3058 5701 3319 5758 miracula
3356 5720 3467 5758 non
