3862 6220
549 283 680 347 1071

1773 287 2151 347 DEMETRH
2196 290 2508 352 CYDONII

3552 300 3642 371 tu:

541 397 781 457 fecisset.
828 405 883 451 et
935 396 1039 450 hoc
1090 395 1378 451 ostendere
1424 395 1633 459 volens,
1677 381 1888 450 inducit
1939 398 2091 451 Deun'

2210 401 2388 453 ἐκεῖνο
2422 402 2581 470 μόνον
2620 401 2745 470 περὶ
2785 403 2917 470 ἐμοῦ
2948 403 3338 467 πιστευέσθω,ὂ
3369 408 3640 487 βοηθεῖταιτῇ

535 489 851 557 loquentem
889 498 945 542 et
996 487 1308 542 dicentem:
1357 486 1502 540 Dixit
1549 487 1810 542 Dominus
1851 489 1918 541 ad
1966 504 2096 543 me:

535 581 765 650 Propter
806 581 910 633 hoc
957 571 1218 632 miracula
1255 586 1304 634 te
1355 579 1534 633 facere
1569 594 1676 632 non
1700 565 2001 647 permitto,
2032 595 2100 636 ne

537 671 634 725 tibi
663 677 884 739 propter
913 668 1174 721 miracula
1206 668 1423 721 eveniat
1451 669 1595 736 quod
1628 677 1683 721 et
1708 669 1831 722 aliis
1866 669 2101 737 prophe-

536 763 607 815 tis
639 761 858 814 accidit.
894 759 1006 813 Suo
1042 759 1210 828 ipsius
1257 758 1422 828 igitur
1457 760 1770 813 testimonio
1820 761 2103 814 convinci—

537 863 646 914 tur,
680 852 888 904 milium
926 852 1140 918 signum
1177 850 1392 904 fecisse.
1423 849 1544 918 Ipse
1575 851 1720 904 enim
1755 851 2099 905 Mahometus

534 944 794 998 continue
833 943 885 996 in
922 943 1194 995 Aleorano
1231 942 1385 1007 dicit,
1419 943 1563 1010 quod
1596 958 1720 995 cum
1768 942 2019 996 homines
2049 942 2098 995 ei

532 1035 812 1089 dicerent:
865 1033 1103 1088 Ostende
1158 1033 1378 1102 aliquod
1433 1033 1669 1102 signum,
1703 1033 1844 1086 sicut
1887 1034 2100 1104 Moyses

532 1121 684 1174 venit
728 1136 851 1174 cum
889 1121 1081 1191 signis,
1130 1130 1186 1197 et
1221 1121 1321 1174 ali?-
1356 1121 1586 1185 scilicet,
1640 1131 1696 1174 et
1736 1121 2010 1186 Christus,
2042 1131 2098 1177 et

532 1213 622 1266 alii
656 1213 931 1280 prophctre
956 1212 1237 1276 fecerunt;
1273 1213 1576 1281 respondit,
1619 1214 1767 1280 quod
1800 1213 2008 1282 Moyses
2044 1224 2099 1268 et

533 1307 814 1376 propheta}
848 1307 998 1359 missi
1036 1316 1163 1360 sunt
1201 1323 1230 1359 a
1265 1306 1373 1359 Deo
1405 1325 1418 1359 :
1450 1316 1504 1360 et
1553 1307 1786 1361 maxime
1820 1307 2094 1374 Christus,

531 1400 625 1467 qui
668 1399 722 1452 in
776 1397 1026 1450 maximis
1070 1397 1334 1466 prodigiis
1387 1399 1556 1462 venit,
1593 1410 1650 1452 et
1700 1400 1934 1454 mundus
1987 1416 2095 1453 non

529 1491 766 1546 credidit
801 1491 906 1550 his,
939 1491 1032 1544 sed
1068 1492 1207 1544 dixit
1240 1493 1339 1544 hos
1383 1491 1653 1545 veneficos
1699 1494 2098 1547 et'incantato-

525 1598 619 1658 res
645 1597 788 1636 esse.
836 1582 1068 1651 Propter
1101 1582 1204 1636 hoc
1239 1582 1380 1636 Deus
1423 1598 1529 1635 non
1567 1583 1816 1650 permisit
1848 1584 1980 1636 mihi
2019 1584 2097 1638 fa-

529 1687 657 1726 cere
688 1673 970 1736 miracula,
1006 1687 1113 1726 non
1143 1672 1290 1726 enim
1322 1672 1706 1728 credidissent.
1741 1674 1844 1729 Sed
1883 1675 2004 1728 veni
2038 1675 2090 1727 in

2205 491 2433 558 δυνάμει
2475 492 2583 543 τῶν
2633 492 2807 560 λόγων
2850 494 2942 546 τοῦ
2990 496 3313 563 Ἀλκοράνου.
3352 499 3547 566 Ἐκεῖνος
3573 507 3642 577 γὰρ

2207 579 2463 649 θαύματα
2495 582 2568 650 μὴ
2603 583 2853 652 ποιήσας,
2882 585 2974 636 καὶ
3019 584 3174 639 τοῦτο
3214 586 3364 650 δεῖξαι
3390 588 3640 658 βουλόμενος,

2203 673 2413 739 εἰσάγει
2436 675 2818 746 διαλεγόμενον
2860 678 2951 730 τὸν
2988 678 3137 743 Θεὸν,
3169 679 3254 731 καὶ
3293 681 3541 749 φάσκοντα,
3559 682 3641 738 Eia

2203 764 2407 832 Κύριος
2451 767 2586 833 πρός
2625 783 2713 834 με,
2747 767 2845 818 Διὰ
2885 765 3044 820 τοῦτο
3095 767 3331 834 θαύματά
3362 787 3414 821 σε
3450 776 3583 824 ποιεῖν
3607 776 3641 827 ei

2203 856 2615 924 συγχιιιρῶ,’ἱ’να
2664 858 2738 927 μὴ
2787 859 2882 910 καὶ
2941 861 3022 910 oo".
3075 859 3163 911 διὰ
3206 861 3269 913 τὰ
3316 861 3526 930 θαύματα
3559 867 3641 937 ὅπερ

2200 944 2310 1004 τοῖς
2352 944 2533 1005 ἄλλοις
2585 945 2894 1013 προφήταις
2953 947 3153 1016 συμϐῇ.
3195 949 3267 1017 Τῇ
3319 951 3485 1002 ἑαυτοῦ
3529 955 3642 1007 τοίνυν

2201 1033 2482 1103 ἐλέγχεται
2515 1035 2793 1106 μαρτυρίᾳ
2821 1037 2972 1089 οὐδὲν
3008 1043 3225 1108 σημεῖον
3276 1043 3557 1110 πεποιηκώς.
3579 1047 3643 1099 Kal

2199 1124 2360 1185 αὐτὸς
2391 1125 2497 1193 γὰρ
2531 1127 2558 1178 ὁ
2597 1127 2894 1195 Μαχούμετ
2939 1130 3176 1197 συνεχῶς
3227 1133 3282 1183 ἐν
3321 1131 3390 1200 τῷ
3428 1132 3643 1203 Ἀλκορὰνῳ

2201 1213 2384 1281 φησὶν,
2428 1214 2510 1266 ὅτι
2551 1215 2658 1266 τῶν
2702 1216 3005 1284 ἀνθρώπων
3057 1219 3314 1286 λεγόντων
3362 1222 3645 1292 αύτῷ,ΔεΞξιν

2201 1307 2444 1370 σημεῖον,
2481 1303 2665 1373 ὥσπερ
2702 1307 2942 1376 Μωῦσῆς
2999 1312 3092 1362 καὶ
3143 1312 3360 1380 Χριστὸς
3391 1314 3470 1365 καὶ
3497 1315 3645 1366 alma

2198 1393 2473 1463 προφῆται
2533 1396 2817 1464 ἐποίησαν,
2879 1399 3241 1471 ἀπεκρίνατο.
3287 1404 3363 1456 ὅτι
3421 1407 3446 1457 ὁ
3485 1407 3644 1474 Merica;

2194 1475 2326 1550 ἦλθε
2383 1483 2528 1550 μετὰ
2585 1485 2851 1554 σημείων,
2905 1490 2998 1542 καὶ
3057 1493 3104 1542 oi
3162 1486 3304 1545 ἄλλοι
3349 1493 3643 1562 ἀπεσταλμένοι

2197 1573 2345 1643 παρὰ
2381 1573 2537 1640 Θεοῦ,
2582 1578 2672 1631 καὶ
2716 1579 2952 1646 μάλιστα
2981 1583 3008 1634 ὀ
3033 1583 3284 1651 Χριστὸς,
3305 1583 3357 1644 ὃς
3379 1586 3429 1635 ἐν
3455 1586 3644 1652 μεγίστοις

2195 1663 2420 1732 ἐλήλυθε
2465 1666 2680 1735 τέρασι,
2711 1669 2807 1721 καὶ
2844 1671 2872 1722 ὀ
2921 1671 3125 1740 κόσμος
3166 1673 3262 1726 οὐκ
3307 1674 3548 1727 ἐπίστευσε
3573 1677 3644 1726 τού-

527 1765 773 1834 potentia
834 1779 1137 1819 armorum.
1201 1763 1330 1819 lloc-
1380 1775 1564 1818 autem
1649 1765 2091 1822 manifestissime

2195 1769 2310 1815 τοις
2338 1770 2352 1784 ’
2387 1753 2500 1807 όιλλ⁹
2528 1755 2678 1824 ἔλεγε
2727 1762 3054 1828 φαρμακοὺς
3095 1763 3187 1814 καὶ
3216 1763 3402 1832 γόητας
3438 1759 3548 1816 εἶναι
3575 1765 3646 1816 wi-

527 1855 836 1908 ostenditur
879 1854 1025 1922 quod
1085 1855 1284 1907 falsum
1335 1854 1425 1908 sit.
1454 1855 1739 1920 Quomodo
1785 1858 1932 1910 enim
1985 1873 2092 1910 non

468 1977 476 1990 -
527 1946 888 2006 Credidissent
921 1946 1047 1999 huic
1078 1945 1295 2000 facienti
1327 1948 1611 2010 miracula,
1635 1948 1726 2015 qui
1756 1948 1961 2016 absque
1990 1949 2093 2002 mi-

527 2037 731 2090 raculis
783 2036 1139 2090 crediderunt
1169 2037 1343 2090 solum
1392 2037 1668 2091 mandmti
1707 2039 2018 2093 interimere
2042 2051 2097 2094 et

531 2144 746 2197 rapere,
778 2137 833 2182 et
865 2128 1127 2196 plurimas
1165 2129 1416 2181 mulieres
1450 2144 1826 2197 corrumpere,
1873 2143 1930 2182 et
1958 2130 2096 2184 den-

530 2227 635 2272 tem
670 2233 767 2286 pro
797 2219 980 2280 dente,
1005 2229 1060 2272 et
1092 2220 1308 2272 oculum
1341 2235 1439 2286 pro
1470 2222 1627 2272 oculo
1657 2220 1938 2275 etl‘oderc?
1965 2223 2097 2275 Pro-

527 2306 654 2359 clivi
690 2306 836 2360 enim
870 2317 998 2360 sunt
1027 2308 1089 2360 ad
1127 2308 1254 2361 talia
1289 2308 1381 2375 qui
1434 2309 1489 2361 in
1523 2311 1726 2362 mundo
1763 2320 2093 2375 versantur;

527 2413 698 2466 quare
726 2398 811 2451 vix
852 2414 880 2450 a
912 2394 1098 2452 m’ultis
1125 2399 1406 2467 iudicibus
1434 2409 1489 2453 et
1521 2401 1824 2454 tortoribus
1849 2412 1902 2454 et
1931 2404 2097 2471 puni-

527 2491 772 2544 tionibus
821 2491 1062 2546 coerceri
1109 2499 1357 2559 possunt.
1402 2491 1461 2544 In
1502 2493 1741 2564 potentia
1795 2503 1975 2548 autem
2008 2511 2094 2549 ar—

526 2596 766 2646 morum,
808 2581 954 2648 quod
1016 2596 1116 2649 pro
1159 2582 1426 2634 miraculo
1474 2581 1703 2645 inducit,
1743 2584 2091 2640 manifestum

526 2680 608 2724 est
636 2671 1003 2725 mendacium.
1033 2672 1152 2728 Non
1187 2673 1332 2726 enim
1365 2689 1580 2743 semper
1607 2676 1780 2729 victor
1805 2676 1930 2742 fuit,
1954 2678 2094 2732 sicut

531 2761 747 2828 Moyses
782 2771 835 2814 et
877 2763 1035 2816 Jesus
1071 2762 1242 2827 Nave,
1281 2773 1334 2818 et
1365 2765 1532 2827 Elias,
1569 2782 1705 2832 quos
1741 2768 1965 2836 angelus
1992 2767 2096 2822 Do-

529 2854 662 2908 mini
693 2869 907 2923 semper
937 2855 1195 2921 protexit.
1227 2864 1277 2906 et
1317 2856 1599 2910 vincentes
1644 2856 1795 2914 fecit.
1821 2859 2094 2914 Mahome-

529 2957 618 3002 tus
654 2956 833 3000 autem
870 2945 1162 3013 aliquando
1198 2947 1470 3010 vincebat,
1499 2948 1793 3016 aliquando
1833 2951 2092 3026 vinceba-

527 3048 640 3102 tur,
679 3040 820 3092 sicut
853 3045 908 3091 et
954 3038 1045 3090 alii
1105 3040 1342 3108 tyranni.
1377 3038 1574 3094 Dentes
1625 3041 1771 3094 enim
1803 3043 1921 3112 equ
1960 3058 2091 3097 con-
2121 3071 2162 3128 ο

529 3127 643 3180 triti
675 3136 802 3181 sunt
827 3127 880 3180 in
927 3125 1091 3190 bello,
1125 3135 1179 3179 et
1223 3125 1388 3180 facies
1420 3129 1629 3183 collisa.
1677 3131 1755 3182 Ex
1781 3145 1888 3198 quo
1921 3132 2095 3184 mani-

525 3215 758 3278 festum,
791 3215 933 3282 quod
968 3229 1072 3267 non
1110 3223 1192 3267 est
1241 3216 1564 3268 miraculum
1599 3218 1743 3285 quod
1774 3220 1841 3272 ab
1885 3219 1966 3272 eis
1996 3235 2095 3288 pro

527 3307 683 3376 signo
714 3307 996 3369 asseritur,
1038 3321 1289 3375 magnam
1334 3306 1592 3361 videlicet
1645 3308 1834 3361 mundi
1883 3319 2093 3378 partem

526 3400 578 3453 ei
610 3407 834 3470 repente
863 3398 1178 3453 adhzesisse.
1206 3398 1388 3452 Talem
1411 3400 1556 3453 enim
1588 3401 1871 3455 constituit
1897 3403 2092 3472 legem,

527 3499 581 3542 et
617 3488 743 3540 talia
782 3487 933 3540 dedit
979 3486 1252 3551 mandata,
1285 3487 1350 3540 ad
1384 3503 1504 3556 qua:
1540 3489 1788 3544 homines
1818 3491 1935 3545 sine
1962 3493 2096 3561 legi-

529 3581 633 3634 bus
664 3580 893 3649 proclivi
929 3590 1093 3632 sunt:
1133 3588 1194 3632 ut
1241 3578 1296 3632 in
1332 3579 1711 3648 superioribus
1743 3582 2089 3637 manifestum

525 3681 628 3724 est.
687 3671 962 3724 Mandavit
1025 3670 1170 3724 enim
1236 3670 1368 3724 mihi
1418 3670 1703 3734 Dominus,
1750 3673 1908 3737 dixit,
1958 3688 2090 3728 ense

525 3771 717 3829 gentes
770 3775 1118 3829 expugnare,
1167 3775 1455 3828 quousque
1509 3761 1894 3827 confiteantur,
1945 3763 2090 3832 quod

527 3867 637 3905 non
692 3861 774 3905 cst
805 3851 950 3904 Deus
977 3859 1172 3918 praeter
1201 3850 1393 3915 Deum,
1424 3859 1478 3903 et
1508 3850 1652 3918 quod
1683 3867 1781 3919 ego
1809 3868 1927 3906 sum
1961 3870 2092 3922 apo-

526 3943 699 3996 stolus
733 3941 844 3996 Dei.
865 3941 1016 4004 Quod
1045 3941 1136 4004 qui
1158 3941 1391 3995 confessi
1419 3949 1565 4003 sunt,
1587 3957 1777 3995 eorum
1808 3948 2088 4012 argentum

525 4050 590 4087 eo
620 4041 1102 4092 conservaverunt,
1125 4039 1180 4082 et
1208 4031 1548 4098 sanguinem.
1577 4031 1712 4086 Hinc
1733 4041 1785 4086 et
1830 4033 2087 4089 Saraceni

525 4122 717 4178 salvati
745 4122 1021 4174 dicuntur.
1048 4118 1150 4182 Qui
1179 4121 1328 4172 enim
1367 4119 1654 4174 Mahomcti
1689 4125 1938 4177 mandata
1967 4140 2089 4178 sus-

525 4211 822 4279 cipiebant,
854 4209 1214 4264 servabantur
1240 4216 1296 4263 et
1353 4209 1421 4263 ab
1447 4225 1534 4274 eo,
1561 4221 1614 4264 et
1643 4212 1710 4265 ab
1753 4213 1835 4265 eis
1861 4215 1950 4282 qui
1984 4215 2086 4269 sub

528 4304 620 4355 illo
665 4309 814 4354 erant
851 4317 865 4365 ;
895 4314 1073 4367 neque
1105 4299 1497 4354 interimebant
1532 4317 1648 4366 eos,
1683 4317 1858 4371 neque
1888 4306 2083 4372 spolia-

2197 1861 2343 1908 τους.
2371 1846 2471 1900 Διὰ
2503 1847 2661 1901 τοῦτο
2688 1851 2714 1902 ὁ
2740 1850 2872 1914 Θεὸς
2901 1853 2959 1905 ού
2997 1854 3334 1924 συνεχώρησε
3366 1873 3447 1924 μοι
3476 1856 3646 1925 suam
3689 1903 3693 1912 .

2201 1953 2268 2002 με
2325 1938 2522 1990 ποιεῖν.
2559 1939 2634 1990 Ού
2683 1940 2792 2008 γὰρ
2846 1940 2912 1994 ἂν
2971 1943 3284 1995 ἐπίστευον·
3335 1943 3434 1996 ἀλλ’
3467 1939 3588 2014 ἦλθον
3617 1947 3648 1995 ἐν

2196 2026 2424 2097 δυνάμει
2476 2029 2680 2085 ὅπλων.
2731 2029 2902 2084 Τοῦτο
2954 2032 3010 2085 δὲ
3061 2034 3336 2103 ἐλέγχεται
3372 2036 3648 2105 φανερώτατον

2195 2119 2390 2187 ψεῦδος
2433 2119 2510 2175 δν.
2553 2121 2677 2184 Πῶς
2727 2124 2836 2191 γάρ
2898 2125 2998 2176 οὐκ
3055 2124 3123 2178 ἂν
3183 2126 3481 2180 ἐπίστευσαν
3523 2125 3648 2193 τούτῳ,

2198 2212 2483 2274 ποιήσαντι
2527 2213 2810 2281 θαύματα,
2847 2214 2897 2268 oi
2937 2215 3324 2279 πιστεύσαντες
3362 2217 3489 2286 αὐτῷ
3513 2217 3648 2285 enaui-

2197 2317 2305 2353 των
2352 2305 2545 2373 χωρὶς,
2595 2304 2756 2373 μόνον
2813 2305 3180 2378 ἐντειλαμένῳ
3226 2307 3652 2369 ἀποκτιννύναωιὲ

2197 2391 2490 2460 ἁρπάζειν,
2524 2394 2619 2446 καὶ
2667 2394 2928 2456 πλείστας
2967 2396 3298 2466 διαφθείρειν
3339 2400 3570 2465 γυναῖκας,
3595 2398 3650 2447 ul

2197 2482 2391 2537 ὀδόντα
2435 2485 2555 2538 ἀντὶ
2588 2485 2819 2551 ὀδόντος,
2857 2489 2952 2540 καὶ
2991 2489 3272 2557 ὀφθαλμὸν
3313 2490 3422 2544 ἀντὶ
3451 2485 3646 2558 ὀφθαλμιῦ

2199 2575 2538 2643 ἐξορύττειν,
2580 2576 2932 2645 Ἐπιρῤεπετς
2967 2579 3076 2647 γὰρ
3103 2580 3238 2648 πρὸς
3268 2581 3331 2634 τὰ
3356 2580 3540 2633 τοιαῦτα
3564 2581 3597 2631 oi
3617 2580 3649 2630 ἐν

2197 2666 2386 2734 κόσμῳ
2437 2667 2948 2738 ἀναστρεφόμενοι*
2995 2669 3139 2724 ὥστε
3187 2673 3333 2740 μόλις
3384 2672 3472 2726 ὑπὸ
3509 2670 3647 2724 πολλῶν

2195 2755 2465 2812 δικαστῶν
2499 2757 2592 2809 καὶ
2619 2757 2960 2826 βασανιστῶν
2999 2761 3096 2815 καὶ
3140 2763 3400 2818 κολάσεων
3436 2763 3647 2817 κωλύεσθαι

2195 2848 2478 2901 δύνασθαι.
2511 2843 2672 2902 Τὸδέ
2727 2851 2785 2901 ἐν
2829 2850 3063 2921 δυνάμει
3115 2853 3289 2909 ὃπλων
3332 2854 3534 2925 ἀφῖχθαι,
3564 2854 3646 2918 ὅπερ

2196 2935 2316 2987 ἀντὶ
2339 2933 2612 3003 θαύματος
2635 2938 2862 3005 εἰσάγει,
2898 2942 3137 3011 φανερόν
3164 2944 3278 2996 ἐστι
3305 2943 3489 3013 ψεῦδος.
3511 2944 3566 2996 Οὐ
3581 2941 3647 3007 γὰρ

2196 3025 2283 3077 ἀεὶ
2322 3027 2544 3096 νικητὴς
2579 3023 2669 3096 ἦν,
2713 3027 2900 3099 ὥσπερ
2934 3032 2962 3084 ὀ
2993 3033 3240 3103 Μωῦσῆς
3286 3037 3372 3089 καὶ
3395 3037 3419 3088 ὁ
3446 3034 3520 3088 τοῦ
3545 3023 3662 3098 Νανῆ⁹

2209 3114 2436 3184 Ἰησοῦς,
2472 3118 2563 3169 καὶ
2604 3117 2792 3182 Ἠλίας
2815 3135 2831 3151 ·
2865 3115 2940 3174 ὧν
2973 3123 3206 3192 ἄγγελος
3240 3126 3424 3194 Κυρίου
3451 3126 3518 3177 ἀεὶ
3540 3125 3648 3190 ὑπερ·

2196 3207 2410 3274 ήσπιζε,
2447 3210 2538 3260 καὶ
2562 3210 2827 3274 νικῶντας
2858 3213 3056 3268 ἐποίει.
3096 3214 3155 3268 '0
3183 3216 3240 3269 δὲ
3264 3213 3646 3287 Μαχούμετὲνῐοτι

2199 3302 2298 3367 μὲν
2330 3301 2502 3366 ἐνίκα,
2536 3304 2707 3357 ἐνίοτε
2761 3306 2818 3358 δὲ
2863 3308 3108 3374 ἐνικᾶτο,
3144 3309 3328 3379 ὥσπερ
3366 3311 3448 3362 καὶ
3484 3307 3520 3358 oi
3552 3304 3646 3357 ma

2194 3391 2449 3460 τύραννοι
2476 3410 2488 3424 ⁹
2536 3396 2584 3446 οἱ
2617 3384 2733 3464 γὰρ’
2775 3397 2984 3461 ὀδόντες
3036 3399 3204 3454 αὐτοῦ
3257 3396 3580 3469 συνετρίὸησαν
3611 3393 3645 3442 ὲν

2194 3482 2432 3552 πολέμῳ,
2459 3487 2552 3536 καὶ
2577 3486 2637 3537 τὸ
2673 3488 2982 3552 πρόσωπον.
3027 3489 3122 3556 Ἐξ
3148 3485 3208 3544 οὗ
3233 3491 3399 3561 δῆλον.
3416 3487 3560 3550 mea:
3573 3483 3644 3535 ἔστι

2193 3573 2378 3642 θαῦμα
2423 3576 2482 3627 τὸ
2525 3576 2658 3646 παρ’
2692 3578 2871 3631 αὐτῶν
2915 3581 3037 3632 ἀντὶ
3091 3583 3316 3652 σημείου
3349 3575 3644 3652 προκομιζόιιι-

2191 3682 2300 3728 νον,
2342 3666 2404 3718 τὸ
2459 3667 2602 3734 μέγα
2662 3668 2828 3737 μέρος
2883 3671 3133 3740 δηλονότι
3189 3671 3284 3726 τοῦ
3339 3673 3510 3748 ἠσμου
3551 3661 3642 3729 αὑτῷ

2191 3755 2557 3826 προστεθῆναι
2611 3757 2892 3830 ἐξαίφνης.
2952 3760 3212 3816 Τοιοῦτον
3267 3764 3368 3832 γάρ
3410 3758 3641 3827 ἐνεστήσατο

2191 3847 2372 3912 νόμον,
2413 3847 2506 3898 καὶ
2551 3848 2806 3912 τοιαύτας
2850 3850 3086 3904 δέδωκεν
3137 3852 3463 3918 ὲντολὰς,ὲφ’
3495 3841 3639 3910 ἄτερθε

2189 3937 2466 4006 ἄνθρωποι
2506 3944 2599 3991 καὶ
2635 3941 2813 4009 νόμων
2843 3943 3009 4012 χωρὶς
3045 3943 3376 4014 ὑπάρχουσιν
3407 3931 3638 3998 chelonii;

2187 4026 2344 4096 δῆλον
2390 4027 2449 4080 ὲν
2495 4030 2607 4090 τοῖς
2642 4030 2924 4100 ἀνωτέρω.
2971 4033 3308 4087 Ἐνετείλατο
3351 4035 3445 4100 γάρ
3481 4047 3547 4099 μοι
3573 4023 3640 4077 Κύ-

2191 4131 2324 4183 ριος,
2356 4119 2510 4193 φησι,
2538 4116 2681 4184 ξίφει
2729 4120 3185 4191 καταπολεμῆσαι
3237 4123 3301 4175 τὰ
3353 4121 3481 4189 ἔθνη,
3516 4117 3638 4185 μέχρις

2189 4204 2256 4258 ἂν
2288 4206 2714 4274 ὁμολογήσωσιν,
2737 4209 2820 4260 ὅτι
2847 4211 2944 4261 ούκ
2982 4211 3102 4264 ἐστι
3133 4213 3261 4274 Θεὸς
3289 4211 3415 4280 πλὴν
3442 4208 3515 4260 τοῦ
3534 4200 3632 4258 Θεοῦ,

2187 4298 2280 4349 καὶ
2330 4299 2412 4350 ὅτι
2456 4299 2568 4366 ἐγὼ
2621 4299 2919 4365 ἀπόστολός
2963 4303 3080 4370 ειμι
3133 4303 3226 4356 τοῦ
3265 4303 3410 4357 Θεοῦ.
3449 4303 3578 4365 Ὅπερ
3607 4292 3633 4341 οι

528 4396 676 4446 bant.
703 4391 858 4446 Unde
884 4400 940 4445 et
969 4390 1225 4445 Saraceni
1251 4406 1356 4445 non
1386 4403 1648 4446 vocantur
1679 4393 1956 4460 Saraceni,
1985 4397 2080 4450 sed

2191 4387 2619 4457 ὁμολογήσαντες
2653 4390 2921 4458 ἐφύλαξαν
2953 4391 3012 4444 τὸ
3041 4393 3301 4464 ἀργύριον
3335 4392 3489 4446 αὐτῶν
3523 4382 3633 4438 κειὶώ

529 4482 859 4544 Nescia-min,
891 4479 1034 4549 quod
1067 4483 1451 4549 interpretatur
1474 4482 1663 4535 salvari
1689 4500 1708 4547 ;
1733 4495 1787 4537 et
1835 4486 2110 4542 derident-

525 4575 887 4636 Christianos,
931 4578 1024 4642 qui
1064 4574 1252 4629 dicunt
1320 4575 1529 4643 seipsos
1581 4577 1834 4632 salvatos.
1901 4578 2086 4635 Multis

525 4667 922 4720 autem'talem
974 4668 1267 4739 salutem’a
1315 4665 1621 4720 Mahometo
1654 4670 2084 4737 suscipientibus

526 4767 746 4826 propter
767 4758 1077 4824 praedictam
1096 4771 1336 4820 causam,
1355 4756 1515 4824 jussit
1533 4769 1649 4824 post
1672 4759 1784 4811 haec
1802 4761 2080 4826 praedicari

522 4852 665 4918 quod
691 4847 1007 4916 quicunque‘
1030 4849 1249 4908 dixerit,
1273 4845 1388 4899 Non
1413 4856 1494 4899 est
1519 4847 1658 4900 Deus
1678 4860 1872 4915 prwter
1894 4850 2080 4912 Deum,

523 4939 746 4992 intrabit
777 4937 831 4992 in
864 4937 1197 5007 paradisum,
1250 4938 1351 4991 etsi
1412 4939 1658 4992 mmchus
1683 4940 1774 5001 sit,
1807 4941 1889 4992 vel
1920 4941 2081 4998 latro.

520 5030 681 5084 Venit
705 5042 891 5088 autem
922 5031 986 5083 ad
1019 5046 1144 5084 eum
1174 5031 1394 5098 quidam
1418 5030 1510 5098 qui
1545 5031 1739 5083 Evordi
1773 5033 2076 5096 dicebatur,

520 5133 773 5185 quatrens
818 5119 885 5172 ab
919 5134 1006 5184 eo,
1039 5121 1083 5172 si
1119 5119 1221 5172 hoc
1267 5130 1351 5172 est
1386 5121 1621 5172 verum?
1657 5121 1956 5188 Respondit
1987 5138 2083 5174 an—
2131 5147 2150 5168 ο

523 5214 656 5271 tem,
688 5207 889 5262 Etiam.
926 5209 992 5262 Et
1027 5208 1177 5261 addit
1210 5209 1274 5261 ad
1307 5209 1564 5277 praedicta
1592 5226 1606 5261 :
1638 5211 1690 5262 Si
1736 5211 1887 5263 bibat
1917 5212 2076 5264 etiam

521 5299 729 5361 vinum,
748 5300 832 5352 vel
862 5310 918 5352 et
946 5300 1337 5353 interficiatJﬂt
1363 5300 1516 5354 addit
1543 5319 1556 5352 :
1586 5301 1758 5354 Etiam
1785 5303 1828 5356 si
1863 5304 2081 5358 torserit

519 5387 751 5442 abidodc
772 5385 880 5458 [AL
909 5385 1193 5458 ebidondw]
1219 5402 1393 5440 nares.
1417 5389 1496 5439 Ad
1531 5389 1961 5440 confirmandum
1984 5404 2081 5440 au-

521 5489 628 5531 tem
676 5479 790 5533 haec
821 5481 1026 5542 omnia,
1063 5479 1269 5531 nullum
1302 5477 1514 5546 signum
1543 5479 1803 5542 ostendit,
1833 5479 1925 5532 sed
1977 5497 2078 5532 nu-

520 5569 670 5623 davit
705 5585 915 5623 ensem.
957 5569 1090 5622 item
1139 5571 1345 5622 clarius
1376 5571 1689 5623 continetur
1751 5572 1804 5622 in
1837 5573 2075 5638 capitulo

523 5663 937 5734 prephetarum.
998 5659 1240 5736 Legitur.
1275 5660 1420 5714 enim
1488 5663 1568 5715 sic
1626 5661 1772 5716 illic:
1830 5663 1942 5715 Dixi
2007 5665 2075 5719 de

2188 4474 2347 4544 αἷμα.
2392 4477 2672 4532 Ἐντεῦθεν
2721 4479 2814 4534 καὶ
2862 4481 2914 4533 οί
2967 4483 3307 4553 Σαρρακηνοί
3353 4483 3550 4550 λέγονται
3585 4489 3634 4525 σε·

2190 4571 2473 4636 σωσμένοι.
2530 4572 2592 4622 Οἱ
2645 4573 2752 4640 γὰρ
2799 4571 2897 4634 τὰς
2954 4573 3047 4626 τοῦ
3101 4576 3390 4644 Μαχούμετ
3441 4571 3630 4638 δεχόμενοι

2185 4661 2404 4736 εντολὰς
2447 4663 2812 4729 ἐφυλάσσοντο
2865 4666 2960 4717 καὶ
3006 4664 3098 4716 ὑπ’
3148 4665 3328 4729 αὑτοῦ,
3367 4655 3631 4716 uitiata?»

2185 4754 2395 4805 ἐκείνου
2419 4769 2435 4786 ο
2470 4755 2561 4807 καὶ
2594 4754 2717 4807 οὔτε
2765 4757 3021 4824 ἐφόνευον
3062 4757 3275 4820 αὐτοὺς,
3308 4755 3417 4808 οὔτε
3452 4744 3634 4802 ἐλωποδὺο

2183 4859 2331 4895 τουν.
2366 4843 2526 4896 Ὅθεν
2573 4845 2667 4896 καὶ
2713 4845 2762 4896 οί
2807 4847 3151 4915 Σαῤῥακηνοὶ
3177 4847 3238 4898 ού
3277 4843 3522 4898 καλοῦνται
3546 4835 3632 4901 Exi"

2187 4933 2432 5001 ρακηνοὶ,
2475 4933 2610 4986 ἀλλὰ
2643 4934 2954 5003 Νεσελαμίν
2979 4953 2994 4968 υ
3026 4936 3054 4987 ὃ
3096 4937 3434 5005 ἑρμηνεύεται
3499 4941 3632 4980 σεσω-

2183 5022 2391 5090 σμένοι
2411 5039 2427 5057 ·
2455 5026 2545 5076 καὶ
2599 5025 2938 5092 καταγελῶσι
2967 5027 3071 5079 τῶν
3099 5025 3434 5096 Χριστιανῶν,
3450 5018 3632 5084 ὶιγόνυων

2181 5111 2406 5173 ἑαυτοὺς
2433 5116 2831 5180 σεσωσμένους.
2861 5115 3076 5168 Πολλῶν
3120 5116 3177 5168 δὲ
3222 5115 3313 5184 τὴν
3337 5110 3545 5172 τοιαύτην
3568 5119 3633 5154 σειν

2181 5205 2375 5274 τηρίαν
2438 5207 2588 5275 παρὰ
2645 5206 2739 5258 τοῦ
2795 5207 3093 5277 Μαχούμετ
3154 5208 3408 5260 λαὸόντων
3457 5199 3526 5252 διὰ
3569 5191 3630 5254 τὴν

2181 5299 2587 5368 προειρημένην
2615 5298 2816 5363 αἰτίαν,
2849 5303 3099 5354 ἐκέλευσε
3148 5300 3282 5369 μετὰ
3311 5296 3461 5350 ταῦτα
3488 5285 3630 5378 ungi“:

2178 5389 2364 5440 τεσθαι
2394 5392 2566 5442 πάντα
2613 5390 2705 5444 τὸν
2746 5393 2970 5459 λέγοντα
3013 5394 3085 5462 μὴ
3129 5388 3264 5444 εἶναι
3300 5390 3416 5442 Θεὸν
3442 5383 3631 5448 ullth

2179 5481 2310 5532 Θεοῦ
2339 5483 2742 5536 εἰσελεύσεσθαι
2778 5487 2857 5548 είς
2884 5488 2974 5538 τὸν
3010 5486 3342 5554 παράδεισον,
3372 5483 3413 5532 εί
3441 5477 3515 5529 καὶ
3544 5469 3632 5562 πάξ

2178 5589 2264 5633 νος
2298 5573 2441 5626 ἐστὶν
2465 5574 2496 5644 ἦ
2522 5575 2741 5645 λῃστής.
2773 5571 2941 5630 Ἦλθε
2965 5581 3017 5630 δέ
3041 5595 3123 5638 τις
3141 5577 3270 5646 πρὸς
3286 5572 3425 5626 αὑτὸν
3452 5556 3624 5628 Εὑδορδῆ

2179 5664 2487 5733 λεγόμενος.
2510 5667 2685 5736 (ζητῶν
2721 5669 2850 5735 παρ’
2880 5669 3060 5731 αὑτοῦ,
3079 5672 3123 5720 εἰ
3151 5667 3283 5721 τοῦτ’
3304 5667 3432 5718 ἐστιν
3455 5650 3624 5716 ἀληθέίῖ
