3862 6220
227 325 330 392 107
333 329 367 390 3

1412 335 1702 393 CONTRA
1744 333 2252 396 ΜΑΗΟΜΕΤΕΜ.

3310 335 3450 402 1074-

223 434 612 504 Ἀπεκρίνατο·
648 436 774 491 Ναί.
819 438 927 490 Καὶ
966 439 1405 508 προσέθηκεν,’¹Η
1439 445 1532 494 καὶ
1559 443 1656 512 τὴν
1695 441 1783 494 τοῦ

1891 442 2216 509 Malmmeto,
2249 446 2300 500 id
2332 456 2436 511 est,
2466 445 2734 500 insomnia
2776 443 3053 508 audivisti,
3089 443 3454 513 biasphemias

221 525 463 595 Εὕδορδα
485 527 625 596 ῥῖνα.
649 528 867 596 Πρὸς-δὲ
895 529 954 580 τὸ
989 530 1242 597 βεϐαιοῦν
1272 532 1446 584 ταῦτα
1481 533 1790 597 πάντα,οὑ-

219 615 310 670 δὶν
339 614 508 680 ἔδειξε
534 620 761 686 σημεῖον
786 634 800 649 ·
831 618 944 670 ἀλλ’
968 621 1286 687 ἀπεγύμνου
1320 625 1479 690 μόνον
1511 624 1571 676 τὸ
1613 625 1786 693 ξίφος.

225 707 349 759 Ἔτι
378 707 761 779 καθαρώτερον
801 711 1118 780 περιέχεται
1162 715 1219 764 ὲν
1248 713 1326 781 τῷ
1357 715 1638 785 κεφαλαίῳ
1672 717 1784 769 τῶν

219 798 536 868 προφητῶν.
557 800 1008 864 ⁹Αναγινώσκεται
1027 803 1133 871 γὰρ
1152 801 1322 866 οὕτως
1341 806 1454 856 ἐκεῖ
1471 820 1486 835 θ
1505 803 1670 860 Εἶπον
1692 824 1789 859 πε-

221 887 279 955 ρὶ
293 886 388 939 τοῦ
408 888 671 958 Μωάμεθ·
690 893 966 946 τουτέστιν
982 894 1248 949 ἐνυπνίων
1268 899 1531 966 ἀκήκοας,
1548 901 1789 970 βλασφη-

223 978 354 1045 μίας
384 978 709 1048 συνέθηκας,
743 981 775 1050 ἢ
812 983 940 1046 ἴσως
967 986 1253 1055 ραψῳδεῖς.
1300 989 1451 1042 Ἐλθὲ
1479 991 1611 1060 πρὸς
1641 993 1790 1060 ἡμᾶς

217 1072 574 1141 τούλάχιστον
599 1076 656 1128 ὲν
675 1077 755 1130 ἐνὶ
781 1077 1042 1147 θαύματι,
1077 1081 1135 1134 ὃν
1157 1083 1357 1152 τρόπον
1387 1085 1480 1137 καὶ
1507 1087 1555 1137 οί
1586 1088 1786 1154 πρότεο

223 1179 316 1232 ρον
335 1164 738 1235 ἀπεστάλησαν.
773 1171 1096 1242 Ἀπεκρίθη,
1118 1175 1586 1246 Κατεστρέψαμεν
1611 1173 1785 1247 (εἶπεν

216 1257 247 1307 ὁ
294 1255 450 1325 Θεὸς)
477 1259 574 1321 τὰς
613 1260 798 1325 πόλεις
843 1263 1073 1319 ἐνώπιον
1111 1267 1219 1319 τῶν
1255 1269 1328 1336 μὴ
1362 1271 1788 1336 πιστευσάντων,

216 1347 312 1398 καὶ
340 1347 480 1415 μετὰ
503 1349 676 1402 ταῦτα
706 1351 762 1404 oi
805 1352 910 1422 πρὸ
949 1355 1102 1424 ὑμῶν
1140 1359 1239 1410 οὐκ
1273 1359 1598 1414 ἐπίστευσαν
1618 1377 1634 1394 ·
1667 1360 1784 1414 ἀλλ’

215 1437 416 1491 ούδ⁹ἃν
439 1439 598 1508 ὑμεῖς
621 1443 996 1504 ἐπιστεύσατε,
1025 1447 1075 1498 εί
1103 1447 1176 1516 μὴ
1208 1447 1293 1502 διὰ
1316 1448 1524 1514 ξίφους.
1562 1453 1778 1518 Διισχυο

221 1529 402 1597 ρίζετο
430 1531 487 1583 δὲ
519 1533 688 1601 ὅμως,
717 1534 791 1597 ὡς
831 1536 934 1588 ὑπὸ
965 1535 1057 1588 τοῦ
1094 1537 1227 1590 Θεοῦ
1260 1541 1392 1607 πρὸς
1427 1541 1587 1594 αὑτὸν
1620 1544 1645 1592 ὁ
1676 1542 1782 1594 Γα-

217 1619 382 1688 ϐριὴλ
415 1623 796 1689 ἀπεστέλλετο,
844 1627 994 1693 ἄγων
1029 1628 1164 1696 πρὸς
1199 1629 1362 1706 αύλτὺν
1399 1631 1488 1682 καί
1526 1648 1576 1682 τι
1622 1631 1781 1696 ζῶον,

217 1710 357 1816 ὄνσῖ
377 1712 721 1816 νμέν’-μεῖξον,
754 1717 980 1785 ἡμιόνου
1017 1718 1072 1769 δὲ
1105 1718 1344 1772 ἔλαττον.
1381 1722 1587 1790 Ὀνομα
1621 1722 1677 1774 δὲ
1714 1720 1782 1793 ἦν
1813 1763 1853 1816 Β

215 1797 298 1866 τῷ
325 1795 448 1867 ζώῳ
489 1800 823 1871 Ἐλμπεράκ.
857 1803 1136 1872 Διελέγετο
1155 1806 1209 1858 δὲ
1236 1808 1296 1859 τὸ
1327 1806 1485 1872 ζῶον,
1516 1812 1780 1878 περιεπά-

216 1904 308 1941 τει
339 1888 397 1942 δὲ
426 1891 484 1941 ὲν
522 1894 620 1962 μιᾷ
641 1891 762 1963 ὥρᾳ
790 1894 905 1947 ὁδὸν
941 1898 1276 1967 πεντήκοντα
1321 1899 1575 1967 χιλιάδων
1613 1901 1778 1955 ἐτῶνο

221 1982 318 2032 καὶ
348 1981 519 2035 ταῦτα
550 1984 723 2036 ἐποίει
750 1987 808 2039 ὲν
836 1988 1011 2040 νυκτί.
1040 1988 1148 2040 Καί
1173 2005 1324 2052 τινας
1354 1991 1541 2055 ἄλλους
1565 1992 1780 2064 λήρους,

217 2075 352 2143 περὶ
379 2067 455 2127 ὧν
485 2077 541 2128 ὲν
569 2076 647 2146 τῷ
678 2077 889 2147 δεκάτῳ
915 2080 1192 2149 κεφαλαίῳ
1218 2085 1356 2151 μετὰ
1378 2084 1550 2138 ταῦτα
1575 2086 1785 2156 εἰρήσε-

214 2181 331 2220 ται.
372 2163 436 2220 Ἦ
465 2167 520 2219 δὲ
546 2168 904 2240 Χριστιανικὴ
933 2171 1134 2235 πίστις,
1160 2173 1288 2242 περὶ
1323 2175 1573 2242 μεγάλων
1606 2176 1783 2228 ἐντελο

216 2255 441 2326 λομένη,
490 2260 583 2311 ἐπὶ
626 2261 863 2330 θαύμασι
899 2267 1150 2332 φανεροῖς
1205 2267 1300 2319 καὶ
1346 2269 1636 2336 χρησίμοις
1687 2268 1782 2336 ὃλη

215 2346 625 2415 τεθεμελίωται,
658 2351 802 2419 ἅπερ
849 2353 910 2404 ού
943 2355 1106 2422 μόνος
1141 2357 1440 2426 πεποίηκεν
1468 2359 1496 2409 ὁ
1528 2359 1780 2428 Χριστὸς,

215 2436 356 2490 ἀλλὰ
388 2441 483 2493 καὶ
510 2441 557 2492 oi
585 2440 875 2494 ἀπόστολοι
909 2443 1026 2512 μετ’
1055 2446 1242 2508 αὑτὸν,
1277 2447 1498 2515 προσέτι
1529 2447 1583 2500 δὲ
1615 2449 1707 2501 καὶ
1733 2448 1782 2500 οῖ

213 2527 550 2596 διδάσκαλοι,
587 2533 635 2584 οί
664 2532 725 2586 τὸ
771 2533 1102 2602 Εὑαγγέλιον
1151 2537 1246 2589 καὶ
1277 2537 1374 2599 τὰς
1410 2539 1630 2606 Γραφὰς
1675 2538 1783 2590 τῶν

215 2615 535 2671 ἀποστόλων
560 2619 982 2690 ἐξηγησάμενοι.
1026 2626 1136 2676 Καὶ
1166 2624 1328 2694 μέχρι
1367 2627 1472 2678 τῶν
1502 2628 1784 2696 παρόντων

217 2704 430 2774 καιρῶν
461 2706 844 2777 διαρκοῦσιάτὲ
878 2712 1151 2784 θαύματα,
1191 2715 1458 2783 δαιμόνων
1491 2716 1783 2786 ἐλαυνομέ-

215 2812 350 2861 νων,
380 2796 620 2854 ἀσθενῶν
647 2802 1122 2873 θεραπευομένων,
1147 2807 1356 2875 νεκρῶν
1385 2808 1783 2875 ἀνισταμένων.

216 2890 407 2946 Ταῦτα
439 2893 507 2947 τὰ
551 2894 806 2964 θαύματα
852 2901 903 2950 οἱ
943 2897 1258 2966 Χριστιανοὶ
1293 2899 1384 2950 καὶ
1426 2900 1779 2968 πεποιήκασι,

215 2985 314 3038 καὶ
339 2985 598 3054 ποιοῦσιν,
629 2989 678 3040 οῖ
709 2989 954 3056 λέγοντες
983 2989 1074 3042 τὸν
1105 2990 1518 3059 ἐσταυρωμένον
1551 2991 1784 3059 Χριστὸν

1890 535 2268 601 composuisti,
2301 536 2382 588 vel
2429 536 2567 588 forte
2605 543 2816 589 cantas.
2853 533 2989 588 Veni
3018 533 3084 587 ad
3120 548 3218 587 nos
3246 534 3312 586 ad
3347 533 3454 585 mi-

1889 639 1990 678 nus
2024 625 2076 677 in
2114 642 2222 679 uno
2253 627 2540 690 miraculo,
2573 643 2682 694 quo
2713 626 2874 680 modo
2907 634 2962 680 et
2993 624 3087 695 qui
3117 624 3271 693 prius
3299 623 3451 677 missi

1885 721 2032 767 sunt.
2066 714 2409 783 Respondit:
2444 715 2826 770 Subvertimus
2876 713 3033 784 (dixit
3082 713 3247 790 Deus)
3281 711 3450 766 urbes

1885 821 2068 860 coram
2101 822 2207 860 non
2240 807 2614 870 credentibus,
2646 818 2701 862 et
2750 818 2869 876 post
2913 808 3027 861 haec
3077 807 3172 875 qui
3229 806 3452 860 fuerunt

1884 907 2008 951 ante
2036 913 2151 961 vos,
2178 913 2286 952 non
2319 899 2692 952 crediderunt.
2720 897 2826 952 Sed
2859 911 3036 967 neque
3070 911 3166 951 vos
3198 896 3446 959 creditis,

1886 987 1992 1042 nisi
2029 1005 2126 1057 per
2158 1005 2365 1044 ensem.
2400 993 2691 1044 Asserebat
2725 999 2927 1054 tamen,
2959 989 3104 1059 quod
3154 1005 3185 1043 a
3236 988 3345 1043 Deo
3375 987 3449 1042 ad

1883 1095 2009 1134 eum
2043 1082 2242 1136 missus
2273 1090 2357 1137 est
2383 1081 2623 1148 Gabriel,
2651 1080 2859 1136 ducens
2889 1082 2956 1135 ad
2999 1097 3124 1136 eum
3169 1081 3446 1150 quoddam

1885 1171 2108 1235 animal,
2143 1173 2319 1241 majus
2345 1173 2565 1241 quidem
2598 1172 2774 1237 asino,
2817 1172 2998 1226 minus
3039 1181 3219 1225 autem
3253 1172 3443 1237 mulo;

1883 1276 2082 1314 nomen
2113 1271 2299 1316 autem
2328 1263 2547 1316 animali
2575 1272 2693 1316 erat
2720 1263 3060 1331 Elmaparac.
3092 1261 3448 1331 Loquebatur

1881 1362 2061 1406 autem
2079 1353 2304 1416 animal,
2329 1353 2747 1422 ambulabatque
2775 1355 2830 1408 in
2864 1354 2995 1408 hora
3027 1353 3171 1406 viam
3203 1354 3448 1422 quinque

1882 1441 2111 1494 millium
2133 1457 2424 1505 annorum,
2443 1452 2498 1498 et
2522 1444 2638 1498 hazc
2662 1444 2892 1498 faciebat
2915 1445 2967 1496 in
2993 1454 3176 1497 nocte.
3200 1442 3266 1497 Et
3287 1459 3451 1512 quas-

1882 1532 2006 1586 dam
2037 1533 2170 1587 alias
2201 1535 2431 1599 fabulas,
2477 1535 2543 1590 de
2589 1535 2793 1605 quibus
2842 1535 2898 1589 in
2951 1534 3162 1589 decimo
3205 1535 3446 1604 capitulo

1882 1632 2004 1691 post
2036 1625 2147 1680 haec
2174 1625 2404 1680 dicetur.
2435 1627 2742 1682 Christiana
2769 1613 2950 1682 autem
2974 1627 3108 1682 ﬁdes
3133 1643 3254 1696 quae
3274 1627 3446 1685 ardua

1883 1716 2147 1784 praecipit,
2180 1716 2234 1770 in
2283 1717 2564 1773 miraculis
2596 1719 2903 1774 mauilestis
2951 1728 3006 1773 et
3057 1718 3284 1772 utilibus
3334 1713 3446 1773 tOta

1883 1806 2106 1861 fundata
2149 1820 2252 1874 est,
2293 1824 2414 1878 qua:
2458 1825 2570 1864 non
2620 1810 2794 1865 solum
2845 1809 2973 1865 fecit
3022 1809 3292 1874 Christus,
3351 1808 3448 1862 sed

1883 1899 2047 1951 etiam
2075 1900 2307 1968 apostoli
2347 1909 2470 1970 post
2501 1916 2651 1968 eum,
2685 1909 2950 1971 prmterea
2983 1910 3034 1954 et
3071 1901 3318 1971 magistri
3351 1901 3447 1969 qui

1882 1989 2234 2061 Evangelium
2283 2004 2339 2048 et
2391 1992 2706 2062 Scripturas
2753 1993 3126 2063 apostolorum
3176 2007 3450 2061 exposue-

1884 2091 2031 2146 runt,
2061 2093 2115 2138 et
2150 2097 2322 2152 usque
2355 2084 2422 2138 ad
2459 2085 2747 2153 prmsentia
2781 2093 3024 2152 tempora
3051 2084 3250 2137 durant
3280 2083 3448 2136 mira-

1883 2175 2024 2237 cula,
2065 2175 2456 2228 daemoniorum
2487 2190 2608 2244 qua:
2635 2176 3012 2244 expelluntur,
3039 2173 3321 2227 debilium
3352 2172 3446 2240 qui

1883 2270 2169 2328 curantur,
2198 2273 2254 2316 et
2283 2272 2626 2318 mortuorum
2649 2263 2743 2333 qui
2769 2273 3082 2331 resurgunt.
3112 2262 3235 2316 Haec
3261 2269 3450 2314 autem

1885 2353 2144 2408 miracula
2177 2353 2477 2409 Christiani
2529 2354 2779 2409 fecerunt
2825 2363 2883 2409 et
2933 2353 3164 2414 iaciunt,
3200 2352 3449 2406 dicentes

1884 2446 2163 2500 Christum
2190 2447 2516 2502 crucifixum
2535 2456 2590 2502 et
2614 2462 2801 2501 verum
2827 2445 3072 2501 etsolum
3106 2445 3271 2498 Deum
3299 2457 3443 2496 esse.

1884 2534 2013 2600 Quae
2037 2536 2081 2589 si
2115 2536 2302 2591 dicant
2328 2538 2584 2591 Saraceni
2624 2552 2732 2593 non
2767 2537 3014 2603 credere,
3049 2546 3302 2606 tanquam
3333 2537 3448 2591 hare

1885 2643 1990 2680 non
2040 2629 2184 2682 facta
2233 2629 2364 2691 sint,
2417 2629 2700 2682 ostendam
2753 2628 2834 2683 eis
2872 2630 3050 2698 majus
3099 2629 3447 2683 miraculum.

1887 2719 2231 2773 ManifeStum
2265 2721 2434 2785 enim,
2464 2721 2611 2790 quod
2644 2731 2769 2775 ante
2811 2721 3092 2775 Christum
3141 2730 3289 2775 totus
3334 2720 3449 2775 fere

1887 2810 2121 2864 mundus
2151 2810 2316 2864 idolis
2357 2810 2621 2864 honorem
2664 2809 2960 2874 tribuebat,
2997 2810 3230 2864 maxime
3265 2817 3450 2862 autem

1886 2899 2136 2964 Romani,
2167 2901 2261 2968 qui
2293 2899 2480 2954 mundi
2511 2900 2885 2954 monarchiam
2911 2900 3174 2954 tenebant
3203 2916 3218 2964 ;
3254 2898 3360 2954 sed
3389 2898 3450 2952 hi

1886 2991 2325 3045 Christianorum
2376 2990 2540 3046 ﬁdem
2585 3000 2962 3060 susceperunt,
3017 3000 3072 3045 et
3116 3006 3224 3045 non
3271 2991 3449 3045 solum

213 3076 396 3146 ἀληθῆ
440 3079 537 3132 καὶ
591 3078 748 3148 μόνον
794 3076 934 3135 εἶναι
977 3081 1150 3134 Θεόν·
1193 3083 1338 3150 άπερ
1384 3085 1432 3134 εἰ
1480 3082 1687 3151 λέγοιεν
1733 3084 1782 3136 οἱ

1885 3080 2242 3136 crediderunt
2263 3098 2453 3136 verum
2471 3083 2640 3137 Deum
2663 3099 2782 3138 esse
2801 3082 3078 3139 Christum
3103 3081 3452 3148 cruciﬁxum,

215 3169 566 3240 Σαρῤακηνοὶ
597 3173 670 3240 μὴ
701 3174 1001 3238 πιστεύειν,
1034 3173 1108 3235 ὡς
1144 3173 1218 3241 μὴ
1251 3174 1585 3242 γενομένοις,
1616 3175 1785 3239 δείξο-

217 3277 324 3329 μεν
350 3263 530 3326 αὐτοῖς
566 3265 748 3332 μεῖζον
783 3265 986 3334 θαῦμα.
1018 3264 1256 3333 Φανερὸν
1291 3264 1398 3333 γὰρ
1425 3264 1498 3326 ὡς
1541 3265 1647 3334 πρὸ
1685 3265 1778 3318 τοῦ

211 3353 453 3424 Χριστοῦ
501 3357 684 3425 σχεδὸν
725 3355 845 3421 ὅλος
878 3359 906 3410 ὁ
955 3358 1156 3425 κόσμος
1193 3361 1305 3420 τοῖς
1345 3356 1583 3418 εἰδώλοις
1616 3357 1783 3418 σέϐας

212 3445 524 3515 ἀπένεμον*
560 3447 792 3516 μάλιστα
817 3449 874 3501 δὲ
906 3451 953 3501 οἱ
991 3451 1276 3519 Ῥωμαῖοι,
1307 3450 1355 3500 oi
1387 3449 1484 3517 τὴν
1512 3447 1782 3516 κοσμικὴν

209 3533 430 3605 ἕχοντες
470 3539 788 3608 μοναρχίαν.
831 3538 970 3592 Ἀλλ’
1004 3532 1148 3592 οὗτοι
1175 3538 1273 3609 τὴν
1304 3536 1412 3590 τῶν
1443 3535 1782 3607 Χριστιανῶν

208 3625 467 3690 ιδέξαντο
495 3629 696 3694 πίστιν,
719 3630 813 3682 καὶ
838 3630 898 3682 οὐ
923 3631 1080 3698 μόνον
1102 3629 1427 3682 ἐπίστευσαν
1456 3626 1630 3695 ἀληθῆ
1653 3625 1784 3678 Θεὸν

207 3715 362 3774 εἶναι
386 3721 474 3773 τὸν
500 3721 914 3791 ἐσταυρωμένον
942 3720 1198 3789 Χριστὸν,
1228 3720 1362 3774 ἀλλὰ
1396 3719 1489 3772 καὶ
1517 3719 1787 3772 κατέπτυ-

213 3823 322 3860 σαν
348 3808 560 3861 πάντων
583 3809 690 3861 τῶν
717 3808 890 3860 ἄλλων
914 3808 1073 3870 θεῶν,
1099 3807 1256 3876 οἵπερ
1278 3808 1370 3859 ἐπὶ
1389 3806 1786 3876 τοσοῦτονοχρό-

212 3913 309 3949 νον
334 3899 610 3967 χρησμοὺς
639 3899 820 3960 αὐτοῖς
841 3898 930 3951 διὰ
957 3899 1064 3951 τῶν
1083 3897 1314 3950 είδώλων
1341 3897 1601 3950 ἐδίδοσαν.
1635 3897 1782 3964 Βαρὺ

208 3987 272 4040 δὲ
296 3987 450 4042 οὐδὲν
465 3989 644 4051 αὐτοῖς
667 3989 986 4041 ἐπετίθεσαν
1003 3992 1103 4058 τῆς
1120 3988 1506 4058 Χριστιανικῆς
1528 3987 1782 4051 πίστεως,

209 4078 390 4142 οὕτως
427 4079 610 4150 ἀήθων
647 4083 737 4133 καὶ
774 4081 1023 4150 μεγάλων
1061 4081 1407 4134 ἐπιτιθέντων
1441 4081 1516 4149 τῷ
1560 4080 1783 4149 κόσμῳο

210 4167 332 4224 οἷον
361 4175 718 4240 καταφρονεῖν
745 4174 973 4242 κόσμου,
1003 4175 1360 4242 καταφρονεῖν
1400 4171 1612 4238 ἑαυτοῦ,
1649 4173 1785 4239 (Ξιγα⁴

212 4264 329 4334 πᾷν
371 4267 495 4326 τοὺς
536 4267 779 4335 ἐχθροὺς,
828 4265 1079 4336 εὔχεσθαι
1122 4267 1260 4333 ὑπὲρ
1291 4265 1396 4315 τῶν
1441 4265 1784 4327 διωκόντων,

211 4353 526 4421 εὐεργετεῖν
557 4355 682 4415 τοὺς
719 4354 1166 4418 κακοποιοῦντας,
1199 4355 1266 4406 τα
1294 4352 1550 4421 ἀλλότρια
1583 4353 1655 4422 μὴ
1682 4352 1782 4420 ἁρ-

210 4443 434 4507 πάζειν,
467 4443 535 4497 τὰ
568 4443 675 4496 ῖδια
717 4443 1056 4514 χαρίζεσθαι.
1085 4442 1266 4496 Ταῦτα
1301 4442 1476 4494 πάντα
1510 4442 1538 4491 ὁ
1582 4439 1783 4506 κόσμος

213 4534 329 4593 πᾶς
344 4533 718 4600 προσεδέξατο,
743 4535 841 4604 τὴν
859 4535 1125 4604 προτέραν
1140 4534 1290 4597 τάξιν
1307 4531 1740 4602 άποϐαλλόμενος
1763 4547 1776 4560 ·

1884 3169 1978 3223 sed
2009 3179 2064 3224 et
2092 3181 2422 3240 respuerunt
2447 3188 2636 3227 omnes
2666 3173 2806 3227 alios
2828 3172 2980 3236 deos,
3007 3173 3096 3243 qui
3128 3181 3279 3228 tanto
3306 3181 3453 3229 tem-

1881 3274 2013 3328 pore
2048 3275 2304 3329 responsa
2330 3261 2412 3315 eis
2437 3277 2534 3329 per
2563 3261 2710 3315 idola
2733 3254 3022 3316 dederunt.
3056 3264 3231 3318 Grave
3262 3275 3448 3318 autem

1882 3348 2021 3400 nihil
2062 3347 2463 3416 imposuerunt,
2488 3364 2611 3402 cum
2643 3348 2955 3403 Christiana
2983 3348 3117 3404 ﬁdes
3139 3351 3217 3403 sic
3252 3351 3446 3405 desue-

1885 3445 1936 3490 ta
1970 3446 2024 3490 et
2058 3437 2225 3490 ardua
2255 3437 2461 3491 mundo
2495 3438 2866 3508 imposuisset,
2899 3440 3042 3494 sicut
3087 3448 3445 3496 contemnere
3509 3472 3517 3478 -

1883 3529 2168 3593 mundum,
2217 3537 2572 3584 contemnere
2619 3530 2882 3600 seipsum,
2937 3545 3120 3585 amare
3173 3531 3446 3596 inimicos,

1883 3635 2041 3674 orare
2068 3635 2166 3689 pro
2192 3621 2672 3690 persequentibus,
2703 3621 3025 3677 benefacere
3056 3622 3448 3678 malefacienti-

1884 3711 2012 3775 bus,
2042 3713 2216 3766 aliena
2249 3728 2356 3766 non
2401 3729 2616 3783 rapere,
2637 3710 2870 3784 'propria
2913 3715 3140 3772 donare.
3175 3715 3299 3770 Haec
3325 3731 3446 3770 om-

1885 3802 1973 3855 nia
2023 3800 2262 3856 mundus
2311 3803 2572 3871 suscepit,
2609 3803 2776 3856 ritum
2825 3803 3118 3872 pristinum
3163 3803 3444 3872 abjiciens.

1885 3891 1978 3947 Vel
2013 3893 2179 3959 igitur
2225 3892 2622 3948 sulﬁcientibus
2670 3895 2949 3949 miraculis
3000 3909 3295 3964 persuasus
3337 3904 3444 3959 est,
3529 3885 3532 3888 ’

1884 3982 1970 4035 vel
1997 3982 2203 4052 absque
2231 3984 2532 4039 miraculis.
2566 3985 2737 4056 Majus
2768 3992 2954 4040 autem
2980 3995 3063 4040 est
3095 3985 3442 4049 miraculum,

1886 4082 1941 4127 et
1974 4075 2181 4143 absque
2211 4076 2497 4130 miraculis
2529 4093 2625 4146 per
2654 4077 2904 4131 homines
2938 4078 3133 4132 idiotas
3156 4088 3211 4132 et
3239 4079 3453 4147 simpli-

1887 4179 1978 4218 ces
2013 4165 2252 4233 potuisse
2289 4166 2391 4221 hoc
2421 4166 2559 4220 ﬁeri.
2595 4167 2661 4220 Et
2690 4168 2795 4221 hoc
2838 4168 3086 4222 fecerunt
3119 4168 3446 4234 Christiani,

1888 4269 1999 4308 non
2043 4255 2180 4309 alios
2226 4256 2626 4320 iuterimcntes,
2676 4259 2770 4312 sed
2826 4260 2895 4313 ab
2943 4260 3065 4313 aliis
3110 4261 3192 4315 eis
3243 4261 3446 4314 illatam

1887 4354 2116 4397 mortem
2154 4348 2422 4413 patienter
2471 4349 2826 4404 sustinentes.
2881 4333 3227 4404 manifestum
3279 4352 3448 4419 igitur

1888 4433 2145 4485 omnibus
2182 4433 2359 4487 modis
2399 4434 2835 4490 Christianorum
2882 4437 3041 4491 ﬁdem
3079 4438 3134 4490 in
3171 4437 3452 4492 miraculis

1888 4521 2175 4588 stupendis
2208 4522 2484 4576 fundatam
2524 4540 2646 4579 esse
2677 4543 2688 4578 :
2735 4526 3026 4582 Mahometi
3062 4536 3245 4581 autem
3286 4527 3447 4583 ﬁdem

214 4624 250 4692 ἢ
281 4621 466 4676 τοίνυν
497 4623 563 4675 δι’
588 4625 786 4677 ἱκανῶν
811 4624 1105 4699 θαυμάτων
1131 4623 1390 4685 πεισθεὶς,
1421 4623 1453 4693 ἢ
1486 4621 1778 4691 θαυμάτων

1886 4612 2037 4664 nullo
2065 4614 2352 4666 miraculo.
2388 4615 2536 4670 Talis
2563 4617 2710 4670 enim
2738 4626 2841 4682 est,
2877 4619 3055 4687 qualis
3083 4631 3255 4686 neque
3287 4619 3449 4671 mira—
3521 4609 3531 4620 ’

210 4711 408 4784 χωρίς.
435 4715 631 4778 Μεῖζον
656 4715 711 4767 δέ
743 4717 859 4768 ἐστι
892 4715 1076 4786 θαῦμα
1113 4717 1194 4768 ὅτι
1226 4715 1320 4767 καὶ
1358 4715 1650 4782 θαυμάτων
1673 4731 1780 4781 χω-

1884 4705 2023 4758 culis
2055 4705 2328 4774 indigeat;
2361 4708 2797 4764 maxime'autem
2828 4711 2895 4765 ad
2920 4711 3250 4773 Saracenos,
3269 4710 3449 4763 homi-

211 4805 304 4876 ρὶς
346 4803 413 4855 δι’
462 4805 760 4874 ἀνθρώπων
815 4807 1038 4860 ἰδιωτῶν
1073 4808 1166 4860 καὶ
1215 4806 1451 4858 ἀσθενῶν
1500 4804 1782 4873 δεδύνηται

1884 4797 2230 4850 nescarnales
2247 4805 2300 4850 et
2316 4799 2619 4853 mundanos
2642 4819 2654 4854 :
2672 4802 3046 4869 prudentiores
3057 4819 3121 4855 au
3133 4810 3234 4854 tem
3249 4801 3446 4852 horum

202 4895 375 4949 τοῦτο
395 4898 666 4963 γενέσθαι.
694 4899 802 4950 Καὶ
831 4899 974 4950 τοῦτ’
1001 4898 1256 4965 ἐποίησαν
1281 4898 1329 4947 οἱ
1352 4897 1666 4965 Χριστιανοὶ
1685 4897 1782 4948 οὐκ

1889 4899 1945 4941 ει
1972 4889 2283 4941 litterarum
2317 4891 2569 4957 peritiam
2615 4891 2898 4954 habentes,
2947 4901 3002 4943 et
3041 4891 3301 4943 virtutem
3345 4887 3448 4941 viri

206 4987 409 5050 ἄλλους
440 4987 777 5058 φονεύοντες,
801 4973 935 5041 ἀλλὰ
964 4988 1054 5039 τὸν
1075 4987 1202 5058 παρ’
1229 4987 1400 5039 ἄλλων
1431 4988 1611 5045 αὐτοῖς
1643 4987 1778 5036 ἐπα-

1887 4979 1990 5032 sibi
2031 4980 2408 5042 vendicantes,
2446 4982 2644 5033 nullam
2681 4983 2809 5035 huic
2837 4981 2994 5035 ﬁdem
3032 4982 3314 5036 adhibent.

207 5079 448 5148 γόμενον
483 5079 707 5134 θάνατον
744 5078 1100 5150 ὑπομένοντες
1131 5077 1518 5148 μακροθύμως.
1545 5073 1776 5140 Φανερὸν
1816 5072 1994 5123 τοίνυν
2025 5072 2194 5121 ἆπασι
2225 5069 2444 5138 τρόποις
2473 5069 2690 5140 τὴντῶν
2752 5072 3090 5142 Χριστιανῶν
3161 5074 3343 5126 πίστιν
3359 5074 3451 5127 ἐπὶ

211 5170 494 5239 θαύμασιν
524 5171 776 5236 ἐξαισίοις
821 5171 1066 5243 ίδρύσθαι
1092 5186 1104 5200 ·
1138 5172 1234 5240 τὴν
1267 5170 1322 5222 δὲ
1361 5169 1462 5221 τοῦ·
1483 5167 1782 5235 Μαχούμετ
1819 5163 1992 5215 οὐδενὶ
2020 5160 2255 5226 θαύματι
2283 5161 2612 5230 βοηθεῖσθαι.
2665 5163 2899 5233 Τοιαύτη
2963 5167 3071 5235 γὰρ
3093 5161 3181 5237 ἦν,
3208 5166 3294 5218 οἵα
3319 5166 3453 5236 μηδὲ

215 5246 505 5330 θαύματος
536 5264 759 5328 δεῖσθαι,
793 5263 1028 5332 μάλιστα
1060 5263 1154 5313 καὶ
1187 5261 1322 5328 πρὸς
1368 5257 1663 5328 σαρκικοῦς
1698 5254 2015 5322 ἀνθρώπους
2059 5253 2154 5304 καὶ
2221 5254 2538 5319 κοσμικούς.
2606 5253 2669 5306 Ui
2709 5256 2764 5306 δὲ
2831 5255 3183 5326 συνετώτεροι
3211 5257 3450 5322 τούτων,

213 5354 320 5410 καὶ
338 5355 678 5426 γραμμάτων
695 5354 908 5424 ἔχοντες
923 5356 1136 5423 πεῖραν,
1157 5353 1247 5405 καὶ
1268 5351 1466 5422 ἀρετῆς
1482 5349 1912 5418 ἀντιποιούμενοι
1947 5344 2154 5412 ἄνδρες,
2187 5344 2444 5412 οὐδεμίαν
2478 5343 2647 5415 ταύτῃ
2676 5346 2900 5412 νέμουσι
2928 5349 3132 5403 πίστιν.

295 5500 382 5559 H'.
419 5503 548 5558 ὀτι
577 5505 610 5558 ὁ
640 5503 747 5558 τοῦ
773 5490 1024 5571 Μωὰμέθ
1056 5502 1242 5570 νόμος
1270 5499 1490 5567 ἄλογός
1522 5498 1710 5551 ἐστιν.

2056 5487 2190 5541 Vill.
2234 5486 2382 5551 Quod
2410 5486 2491 5539 lea:
2516 5487 2795 5543 Maltometi
2829 5489 3157 5544 irrationalis
3195 5499 3292 5543 est.

303 5615 527 5684 Ὄγδοον
559 5616 862 5685 θεωρητέον
900 5613 965 5667 ἂν
1000 5615 1082 5682 είη
1104 5651 1118 5676 ,
1149 5613 1228 5664 ὅτι
1258 5610 1353 5663 καὶ
1380 5608 1550 5678 χωρὶς
1590 5599 1783 5667 παντὸς

1967 5604 2168 5657 Octavo
2198 5601 2652 5657 considerandum
2687 5612 2770 5658 est
2798 5605 2943 5672 quod
2975 5615 3029 5659 et
3062 5605 3270 5675 absque
3301 5602 3478 5661 omnl'

222 5705 504 5769 θαύματος
543 5705 769 5760 δυνατὸν
816 5705 881 5757 ἂν
917 5700 1004 5770 ἦν,
1045 5703 1132 5757 τὸν
1172 5700 1261 5754 τοῦ
1299 5699 1596 5769 Μαχούμετ
1631 5696 1783 5764 νόμω

1903 5693 2166 5749 miraculo
2191 5692 2448 5761 possibile
2485 5706 2628 5750 esset
2657 5695 2944 5753 Mahometi
2971 5699 3156 5767 legem.
3188 5714 3228 5753 a.
3250 5697 3456 5753 mundo
