3862 6220
274 302 410 366 1077

1465 316 1762 376 CONTRA
1802 321 1853 378 M
1868 322 1962 378 ΑΗ
1980 323 2280 384 ΟΜΕἸἙΜ
2295 372 2310 386 .

3369 325 3505 390 ιιοῖε

268 417 549 482 ἐξέκλιναν
586 419 643 472 al
674 420 889 487 καρδίαι
920 421 1091 492 ὑμῶν,
1131 424 1257 495 περὶ
1284 426 1379 494 τῆς
1400 431 1732 498 κατηγορίας
1754 430 1829 482 λέ-

1948 446 2139 491 verunt
2171 437 2335 491 corda
2374 447 2597 502 vestra;
2651 438 2717 493 de
2768 439 3115 493 accusatione
3152 439 3361 502 dicens,
3401 458 3509 511 qua

265 526 400 577 γων,
442 503 508 578 ἦς
540 509 923 580 κατηγόρησαν
956 513 1120 565 αὑτοῦ
1164 515 1256 566 ἐπὶ
1296 516 1373 584 τῷ
1405 516 1627 589 ἀθέσμῳ
1660 521 1841 591 γάμῳ.

267 599 499 653 Ἐπεταί
539 616 598 651 τε
641 602 877 671 ὲφεξῆςο
912 605 972 656 El
1012 605 1154 673 ὑμᾶς
1208 607 1481 671 ἐκϐάλλει,
1516 609 1671 664 δώσω
1697 613 1844 683 αύτῷ

263 690 382 743 ἀνθ’
405 691 559 758 ὑμῶν
585 690 823 760 βελτίους
850 694 1003 761 ὑμῶν
1030 696 1411 765 Σαρῤακηνάς,
1436 700 1660 765 πιστὰς,
1682 702 1844 755 πλου-

266 783 408 847 σίας,
444 782 828 851 μετανοούσας,
849 786 1279 853 προσκυνούσας,
1313 790 1593 856 αἰνούσας,
1621 795 1844 865 εὐκινή-

260 887 406 935 τους,
433 873 528 925 καὶ
554 872 879 941 παρθένους.
909 876 972 927 Ὀ
1004 875 1306 931 ἀκούσασαι
1335 874 1509 944 εἶπον,
1538 882 1843 936 Μετανοοῦ-

260 978 390 1028 μεν.
415 962 487 1015 Τὸ
515 959 567 1015 δ’
589 964 774 1031 ὅμοιον
806 965 1124 1035 πεποίηκεν.
1158 968 1246 1020 ὅτε
1281 968 1440 1023 ἔλαϐε
1478 972 1578 1042 τὴν
1607 976 1842 1039 γυναῖκα.

262 1051 391 1107 Ζεῒθ
437 1053 532 1104 τοῦ
564 1055 811 1123 τροφέως
852 1056 1035 1111 αὐτοῦ.
1070 1055 1205 1110 Εἷπε
1246 1060 1302 1113 δὲ
1344 1062 1437 1113 ἐπὶ
1476 1061 1634 1116 τοῦτο
1662 1064 1840 1132 ψῆφον

261 1141 321 1194 ὲν
366 1142 444 1208 τῷ
486 1142 766 1213 κεφαλαίῳ
804 1146 898 1197 τοῦ
956 1148 1201 1212 Ἐλαζὲϐ,
1248 1150 1330 1203 ὅτι
1377 1153 1405 1203 6
1446 1152 1578 1215 Θεὸς
1620 1154 1841 1223 είρηκεν

262 1233 413 1302 αύτῷ
445 1248 460 1264 ο
488 1235 562 1288 Σὺ
599 1235 779 1304 ζηλοῖς
810 1237 869 1290 ὲν
900 1240 967 1307 τῇ
1003 1238 1146 1308 ψυχῇ
1182 1256 1298 1306 σου,
1340 1240 1420 1294 ὅτι
1452 1243 1479 1294 6
1506 1243 1637 1306 Θεὸς
1671 1245 1841 1313 δημο-

264 1322 457 1385 σιεύει,
501 1326 596 1377 καὶ
632 1326 837 1396 δειλιᾷς
885 1329 1009 1390 τοὺς
1046 1330 1388 1399 ἀνθρώπους.
1428 1334 1587 1386 Ἀλλά
1633 1336 1841 1389 δίκαιόν

260 1416 379 1467 ὲστι
412 1416 612 1483 μᾶλλον
628 1416 719 1469 τὸν
737 1417 868 1471 Θεὸν
897 1419 1212 1477 δεδοικέναι.
1252 1424 1381 1476 Ὅτε
1410 1426 1519 1495 γὰρ
1548 1425 1839 1493 ὲφαύλισεν

258 1513 286 1563 6
307 1511 452 1575 Ζεῖθ,
489 1510 825 1582 ἑξεδὼκαμέν
860 1530 941 1566 σοι
967 1514 1193 1587 ταύτην,
1224 1511 1268 1569 ὧ
1289 1517 1606 1586 Μαχούμετ.
1624 1516 1757 1572 Eine
1782 1520 1837 1572 δὲ

257 1600 408 1668 αὐτῷ
435 1602 462 1653 6
490 1601 634 1664 Ζεῖθ,
660 1602 749 1671 Μὴ
770 1603 974 1672 ταύτην
1007 1606 1238 1672 ὴγάγου,
1265 1606 1528 1659 ἀπόστολε
1546 1608 1640 1659 τοῦ
1663 1608 1797 1661 Θεοῦ
1819 1628 1833 1675 ;

262 1691 377 1744 Kal
403 1691 699 1761 ἀπεκρίθη,
731 1693 869 1746 Ούαί
903 1711 1005 1757 σοι,
1027 1698 1054 1746 6
1082 1696 1213 1758 Θεός
1247 1713 1336 1765 μοι
1366 1699 1572 1768 ταύτην
1606 1701 1834 1753 ἐκδέδω-

256 1799 373 1833 κεν.
414 1782 577 1845 Ἦτις
610 1784 749 1851 μετά
796 1784 985 1850 ταῦτα,
1019 1790 1145 1854 περὶ
1184 1762 1382 1857 ἑαυτῆς
1414 1762 1571 1844 τοῦτο
1611 1792 1835 1846 διετέλει
1868 1762 1907 1817 Β

259 1872 587 1941 θρυλλοῦσα,
616 1874 688 1934 ὼς
716 1874 743 1925 6
777 1873 906 1935 Θεὸς
931 1876 1134 1946 ταύτην
1164 1879 1239 1947 τῷ
1260 1881 1516 1952 προφήτῃ
1546 1882 1834 1937 ἐξέδωκεν.

268 1964 400 2017 Ἰδοὺ
424 1964 512 2017 διὰ
530 1965 627 2033 τῆς
656 1965 901 2033 μείζονος
921 1968 1019 2035 τὴν
1049 1968 1254 2027 tunc)
1281 1972 1634 2024 συνεσκίασεν
1657 1974 1836 2041 ἀμαρ-

254 2054 395 2117 τίαν,
426 2056 535 2106 Kal
564 2056 671 2125 γὰρ
700 2056 858 2119 αὐτὸς
888 2059 915 2109 6
944 2059 1188 2126 Μωάμεθ
1219 2062 1382 2128 φησίν
1410 2078 1423 2092 ’
1455 2062 1691 2131 Οὐδεμία
1717 2064 1835 2131 μείο

255 2140 368 2204 ζων
414 2143 657 2211 ἁμαρτία
688 2144 857 2209 ἐστὶν,
895 2146 926 2215 ἦ
971 2147 1047 2216 τῷ
1078 2148 1195 2217 Θεῷ
1235 2150 1428 2218 ψεῦδος
1479 2154 1833 2221 προσάπτειν.

258 2232 379 2283 Ἔτι
409 2232 558 2285 οὐδέν
586 2234 730 2286 ἐστιν
750 2234 931 2298 οὕτως
949 2237 1221 2307 ἀφόρητον
1244 2240 1299 2291 ὲν
1327 2242 1631 2309 προφήταις
1660 2242 1838 2309 ἀμαρ-

252 2338 427 2390 τημα,
447 2321 520 2384 ὡς
542 2321 803 2393 ἀκολασίᾳ
828 2326 922 2376 καὶ
947 2327 1254 2399 ἀκαθαρσίᾳ
1278 2333 1536 2395 συνεῖναι,
1568 2332 1657 2384 τοῦ
1673 2334 1833 2398 ἁγίου

254 2415 574 2484 Πνεύματος
613 2414 685 2486 μὴ
720 2419 1028 2489 ἁπτομένου
1065 2422 1174 2474 τῶν
1206 2425 1562 2493 προφητικῶν
1594 2428 1834 2497 καρδιῶν

252 2508 313 2559 ὲν
338 2509 457 2569 ταῖς
483 2509 719 2578 πράξεσι
751 2509 859 2563 τῶν
888 2513 1238 2583 ἀφροδισίων,
1273 2514 1349 2577 ὥς
1381 2534 1546 2585 φησιν
1582 2516 1835 2587 Ἱερώνυ-

256 2616 379 2668 μος.
415 2601 523 2653 Kal
544 2604 571 2654 6
608 2602 894 2672 φιλόσοφος
923 2605 979 2659 δέ
1007 2622 1194 2674 φησιν,
1218 2607 1291 2669 ὼς
1322 2610 1377 2660 ὲν
1404 2612 1522 2671 ταῖς
1554 2612 1833 2673 τοιαύταις

250 2692 557 2761 ἐνεργείαις
586 2692 844 2747 ἀδύνατόν
876 2697 1023 2748 ἐστιν
1044 2698 1133 2748 τὸν
1164 2698 1451 2767 ἄνθρωπον
1483 2704 1642 2753 νοεῖν.
1676 2702 1833 2755 Ἔστι

250 2785 433 2839 τοίνυν
453 2784 732 2847 παντελῶς
767 2786 958 2855 ἄλογον
980 2786 1121 2841 οὕτω
1140 2790 1514 2859 σωτηριώδους
1546 2793 1709 2861 νόμου
1737 2793 1834 2861 (ὡς

252 2877 408 2929 αὐτοί
426 2877 578 2944 φασι)
600 2878 850 2931 διάκονον
874 2879 967 2931 καὶ
988 2882 1273 2950 προφήτην
1299 2882 1712 2952 σαρκικώτατον
1740 2886 1833 2937 καὶ

250 2968 561 3039 ἀκάθαρτον
598 2969 884 3053 ἄνθρωπον
912 2966 1073 3034 εἶναι,
1115 2971 1201 3039 ἐφ’
1252 2967 1296 3040 ᾧ
1354 2975 1446 3025 καὶ
1483 2974 1647 3037 αὐτὸς
1707 2976 1835 3045 περὶ

1946 538 2074 578 eum
2100 536 2497 581 accusaverunt
2550 528 2618 581 de
2669 528 2902 581 incestu.
2950 527 3317 595 Sequiturque
3356 529 3513 583 dcin-
3580 580 3583 581 ν

1946 630 2077 686 ceps
2110 634 2123 670 :
2161 618 2215 671 Si
2251 620 2392 672 forte
2439 619 2583 672 Deus
2634 633 2731 671 vos
2790 618 3180 686 rcpudiaverit.
3231 618 3370 671 dabo
3417 635 3515 688 pro

1946 706 2104 760 vobis
2136 709 2187 764 ei
2215 708 2472 761 meliores
2501 706 2656 760 vobis
2695 705 3013 769 Saracenos,
3049 704 3255 767 ﬁdeles,
3287 704 3514 769 divites,

1945 784 2278 864 poenitentes
2308 807 2365 851 et
2413 805 2655 856 orantes,
2698 797 2898 865 agiles,
2954 806 3009 850 et
3056 796 3315 864 virgines.
3356 795 3515 861 Quod

1945 884 2251 949 audientes,
2282 886 2541 941 dixerunt
2575 903 2589 941 :
2621 886 2878 939 Paenitet.
2914 886 3182 939 Similiter
3218 894 3398 938 autem
3441 886 3519 938 fe-

1942 975 2039 1043 cit,
2071 978 2292 1047 quando
2315 979 2527 1047 accepit
2553 993 2777 1031 uxorem
2802 977 2957 1031 Zeitlt
2989 976 3193 1030 alumni
3225 976 3329 1030 sui.
3364 977 3515 1031 Dixit

1942 1076 2124 1121 autem
2174 1084 2342 1136 super
2390 1069 2497 1122 hoc
2544 1069 2871 1121 sententiam
2922 1067 2975 1121 in
3024 1067 3262 1136 capitulo
3290 1067 3514 1129 Elazeb.

1944 1160 2091 1226 quod
2118 1160 2264 1214 Dens
2288 1159 2426 1213 dixit
2458 1178 2470 1214 :
2504 1159 2584 1213 Tu
2611 1159 2889 1213 aamularis
2913 1160 2965 1212 in
3003 1159 3186 1213 animo
3219 1168 3332 1219 tuo,
3366 1158 3512 1226 quod

1942 1250 2090 1304 Deus
2139 1251 2409 1318 propalat,
2441 1259 2497 1304 et
2545 1249 2704 1302 times
2754 1249 3029 1313 homines,
3062 1248 3156 1303 sed
3186 1250 3394 1317 justum
3429 1259 3516 1302 est

1943 1341 2116 1407 magis
2171 1341 2363 1393 timere
2417 1340 2605 1393 Deum.
2640 1339 2889 1407 Tumque
2936 1338 3082 1391 enim
3131 1339 3345 1407 respuit
3392 1354 3513 1392 eam

1943 1428 2121 1491 Zeitb,
2172 1428 2420 1496 dixitque
2468 1428 2569 1481 ei:
2627 1427 2705 1481 Ne
2760 1427 2931 1481 ducas
2977 1427 3118 1491 hanc
3162 1427 3216 1479 in
3267 1442 3513 1494 uxorem,

1942 1518 2192 1587 apostole
2230 1518 2348 1573 Dei.
2409 1516 2475 1571 Et
2526 1516 2807 1586 respondit
2857 1515 3220 1580 Mahometus,
3260 1517 3352 1571 Vae
3390 1517 3514 1583 tibi,

1944 1608 2091 1664 Deus
2126 1609 2262 1662 mihi
2294 1610 2439 1663 hanc
2465 1608 2636 1662 dedit.
2667 1607 2925 1676 Qui'post
2959 1608 3075 1661 haec
3109 1607 3176 1663 de
3205 1608 3388 1677 seipso
3413 1608 3516 1664 hoc

1942 1701 2243 1770 divulgavit
2274 1699 2488 1765 dicens,
2518 1698 2663 1766 quod
2696 1698 2841 1751 Deus
2863 1697 3005 1751 hanc
3030 1698 3311 1766 prophetze
3341 1698 3514 1753 dedit.

1937 1793 2079 1848 Ecce
2114 1808 2212 1861 per
2249 1791 2420 1861 majus
2480 1789 2663 1843 minus
2703 1799 2993 1859 peccatum
3027 1791 3340 1844 occultavit.
3382 1792 3515 1847 Ete-

1940 1884 2052 1937 nim
2084 1884 2200 1953 ipse
2232 1882 2577 1936 Mahometus
2610 1880 2745 1934 dicit
2781 1900 2794 1936 :
2836 1880 3079 1938 Nullum.
3101 1882 3276 1950 majus
3317 1898 3517 1951 pecca-

1940 1983 2057 2029 tum
2091 1982 2197 2036 est,
2235 1988 2398 2043 quam
2454 1972 2565 2026 Deo
2612 1970 2958 2026 mendacium
3016 1971 3324 2042 iniungere.
3378 1973 3519 2027 Item

1938 2066 2150 2119 nullum
2180 2074 2266 2119 est
2296 2066 2376 2119 sic
2419 2064 2562 2118 inter
2603 2062 2901 2133 pr0pltetas
2928 2074 3212 2130 peccatum
3250 2061 3517 2117 intolera-

1939 2159 2070 2221 bile,
2104 2156 2249 2211 sicut
2297 2156 2352 2209 iu
2403 2154 2829 2224 intemperantia
2865 2162 2920 2206 et
2956 2153 3306 2207 immunditia
3348 2156 3512 2209 simul

1939 2262 2084 2313 esse,
2119 2262 2245 2302 cum
2280 2246 2517 2316 Spiritus
2546 2256 2771 2300 sanctus
2822 2260 2931 2298 non
2977 2253 3161 2314 tangat
3194 2247 3513 2313 prophetica

1939 2339 2111 2392 corda
2142 2339 2196 2391 in
2229 2338 2539 2393 actionibus
2564 2337 2836 2401 venereis,
2874 2346 2931 2389 ut
2956 2336 3087 2389 dicit
3116 2336 3511 2407 Hieronymus:

1937 2439 1992 2485 et
2034 2428 2401 2497 philosophus
2430 2444 2652 2498 quoque
2693 2428 2848 2491 dicit,
2882 2428 3028 2495 quod
3070 2427 3123 2480 in
3167 2428 3372 2481 talibus
3416 2444 3511 2482 ac-

1939 2520 2187 2574 tionibus
2241 2519 2577 2586 impossibile
2629 2526 2713 2572 est
2765 2516 3044 2571 hominem
3081 2517 3378 2588 speculari.
3418 2517 3514 2571 Est

1940 2610 2106 2679 igitur
2133 2610 2378 2677 ,omnino
2422 2609 2823 2671 irrationabile,
2859 2608 2937 2662 sic
2972 2608 3227 2662 salutaris
3262 2608 3400 2677 legis
3431 2609 3514 2676 (ut

1940 2702 2045 2770 ipsi
2094 2701 2304 2769 dicunt)
2364 2700 2677 2754 ministrum
2728 2710 2781 2754 et
2833 2699 3154 2769 prophetam
3196 2699 3513 2752 earnalissi-

1939 2806 2088 2844 mum
2115 2799 2170 2844 et
2199 2791 2547 2844 immundum
2580 2790 2861 2844 hominem
2893 2805 3036 2852 esse,
3069 2790 3123 2842 in
3160 2805 3271 2859 quo
3302 2791 3415 2859 ipse
3445 2786 3514 2846 de

1938 2883 2121 2951 seipso
2152 2882 2458 2951 gloriatur;
2489 2890 2692 2935 tantam
2736 2880 2928 2936 dicens
2975 2882 3031 2935 in
3069 2882 3282 2952 agendo
3313 2883 3422 2936 vim
3456 2891 3513 2937 et

1938 2973 2271 3027 allluentiam
2295 2971 2759 3040 intemperantiae,
2786 2980 3045 3041 quantam
3073 2974 3124 3025 in
3151 2971 3511 3043 quadraginta

251 3059 448 3112 ἑαυτοῦ
476 3061 818 3129 σεμνύνεται,
852 3061 1120 3129 τοσαύτην
1151 3055 1289 3114 εἷναι
1314 3062 1486 3130 λέγων
1514 3065 1571 3115 ὲν
1602 3063 1749 3134 αὐτῷ
1772 3066 1827 3116 ἐν

1937 3064 2276 3127 hominibus,
2311 3063 2414 3117 etsi
2454 3064 2597 3143 Deus
2653 3064 2893 3132 privavit
2935 3065 3085 3117 hunc
3134 3063 3372 3117 ﬁliorum
3425 3079 3513 3116 so-

251 3149 335 3220 τῷ
383 3152 515 3221 δρᾷν
552 3152 852 3223 ίσχὺν,καὶ
890 3153 1211 3221 περιουσίαν
1254 3152 1570 3217 ἀκολασίας,
1610 3156 1741 3220 ὅσην
1769 3157 1827 3208 ὲν

1936 3154 2095 3215 bolo;
2129 3169 2291 3207 unam
2315 3153 2462 3207 enim
2488 3136 2656 3207 solam
2680 3154 2939 3207 habuisse
2970 3154 3135 3208 ﬁliam
3169 3153 3392 3209 dicitur.
3426 3153 3511 3207 Ir-

250 3244 672 3312 τεσσαράκοντα
721 3244 1029 3314 ἀνθρώποις
1055 3260 1069 3275 ⁸
1106 3248 1153 3298 εἰ
1188 3246 1281 3298 καὶ
1309 3248 1335 3298 6
1369 3246 1500 3308 Θεὸς
1532 3247 1828 3317 ἐστέρησεν

1935 3244 2277 3298 rationabilis
2327 3244 2497 3312 igitur
2539 3244 2627 3296 lex
2680 3244 2795 3297 hzec
2843 3255 3068 3313 propter
3119 3244 3510 3312 legislatorcm,

250 3333 443 3387 τοῦτον
474 3334 677 3389 παίδων
708 3336 871 3405 γονῆς
890 3350 903 3366 °
930 3335 1198 3407 μίανγάρ
1231 3337 1402 3405 μόνην
1431 3330 1721 3407 ἐσχηκέναι
1750 3337 1829 3390 λέ-

1938 3344 2051 3388 tum
2086 3334 2212 3403 quia
2254 3335 2555 3387 sceleratus
2588 3341 2643 3386 et
2685 3334 2939 3399 carnalis,
2978 3342 3091 3387 tum
3126 3328 3257 3403 quia
3297 3334 3506 3388 inscius

250 3441 410 3492 γεται
440 3425 731 3495 θυγατέρα.
766 3427 993 3494 ’Δλογος
1023 3428 1131 3497 γὰρ
1162 3430 1189 3481 6
1238 3428 1399 3496 νόμος
1433 3422 1584 3489 οὗτος
1611 3427 1697 3479 διά
1742 3426 1829 3479 τὸν

1934 3433 1989 3478 et
2008 3424 2286 3485 incertus;
2313 3422 2453 3475 sicut
2481 3430 2534 3475 et
2565 3422 2631 3475 de
2650 3421 2829 3490 seipso
2859 3431 3088 3477 testatur
3113 3424 3166 3476 in
3188 3423 3458 3477 Alcorano
3482 3464 3496 3487 ,

144 3530 161 3533 ’
250 3516 571 3585 νομοθέτην,
601 3516 757 3569 τοῦτο
789 3518 885 3586 μὲν
922 3517 996 3581 ὡς
1026 3517 1239 3569 ἀνόσιον
1268 3518 1362 3569 καὶ
1394 3520 1655 3586 σαρκικὸν
1690 3532 1829 3567 παν-

1937 3514 2153 3568 nescire
2201 3528 2260 3567 se
2315 3511 2445 3581 quid
2495 3512 2602 3566 erit
2649 3513 2699 3566 ei
2754 3513 2838 3566 vel
2894 3513 3202 3577 Saracenis,
3256 3515 3509 3582 ignorare

248 3607 444 3671 τελῶς,
478 3608 635 3662 τοῦτο
666 3608 722 3661 δὲ
771 3609 863 3661 καὶ
890 3608 965 3671 ὡς
1008 3607 1263 3661 τοσοῦτον
1293 3610 1451 3662 ἄνουν
1484 3625 1543 3660 τε
1579 3608 1674 3661 καὶ
1702 3606 1829 3662 ἀδέ-

1937 3613 2119 3658 utrum
2153 3603 2271 3672 ipse
2302 3603 2383 3657 vel
2414 3603 2516 3671 ipsi
2546 3604 2599 3656 in
2630 3603 2714 3657 via
2752 3604 2945 3659 salutis
2975 3606 3105 3669 sint,
3141 3606 3227 3659 vel
3261 3622 3405 3661 non-

246 3704 431 3771 ϐαιον,
461 3705 536 3765 ὡς
574 3704 667 3758 καὶ
707 3704 833 3775 περὶ
868 3704 1030 3757 αὑτοῦ
1065 3707 1361 3775 μαρτυρεῖν
1388 3706 1459 3757 ’ὲν
1505 3704 1581 3773 τῷ
1637 3700 1945 3771 Ἀλκοράνῳ
1978 3700 2051 3770 μὴ
2074 3699 2269 3754 ειδέναι
2318 3699 2373 3752 τί
2438 3697 2585 3752 ἔσται
2616 3700 2762 3769 αὐτῷ
2784 3740 2798 3767 ,
2832 3701 2864 3771 ἢ
2926 3702 3040 3764 τοῖς
3098 3702 3468 3772 Σαρῤακηνοίς
3489 3722 3503 3737 ο

246 3801 348 3854 καὶ
381 3799 591 3865 ἀγνοεῖν
638 3782 864 3867 πότερον
903 3798 1084 3863 αὐτὸς,
1132 3798 1165 3868 ἢ
1210 3798 1305 3851 καὶ
1333 3799 1507 3860 αὐτοὶ,
1539 3799 1594 3849 ὲν
1630 3800 1695 3867 τῇ
1721 3796 1823 3866 ὁδῷ
1861 3796 1959 3865 τῆς
1991 3790 2267 3863 σωτηρίας
2294 3792 2454 3857 εἰσιν,
2490 3793 2522 3861 ἢ
2554 3791 2638 3847 οὗ.

338 3890 475 3943 Ἀλλ’
515 3890 637 3943 οὐδὲ
668 3889 736 3942 δι’
769 3890 964 3942 ἑαυτὸν
992 3890 1020 3941 6
1042 3890 1205 3959 νόμος
1232 3881 1385 3952 οὗτός
1422 3892 1537 3942 ἐστι
1565 3891 1704 3943 κατά
1742 3888 1828 3942 λό-

2014 3885 2120 3940 Sed
2150 3900 2329 3954 neque
2366 3900 2465 3955 per
2505 3884 2743 3954 seipsam
2777 3886 2863 3940 lex
2913 3886 3027 3941 haec
3065 3896 3152 3942 est
3201 3889 3502 3944 secundum

245 4000 369 4049 γον,
416 3983 571 4035 τοῦτο
616 3983 717 4052 μὲν
746 3982 818 4044 ὡς
864 3981 1005 4050 ἔχων
1029 3982 1271 4050 ὀνόματα
1306 3984 1584 4051 αἴσχιστα,
1619 3982 1714 4034 καὶ
1741 3981 1827 4049 ἐφ’

1938 3979 2226 4040 rationem,
2262 3987 2525 4047 tanquam
2566 3977 2776 4032 habens
2806 3980 3029 4033 nomina
3068 3981 3404 4049 turpissima,
3448 3992 3505 4037 et

244 4070 337 4134 οἷς
382 4072 815 4141 ὲγκαλύπτεσθαι
852 4072 1082 4137 δίκαιον,
1129 4073 1226 4125 καὶ
1258 4072 1491 4140 μάλιστα
1543 4074 1825 4141 σαρκικοῖς

1934 4069 1989 4122 in
2018 4069 2223 4139 quibus
2258 4068 2427 4122 velari
2465 4070 2676 4139 justum
2703 4078 2809 4135 est,
2841 4078 2897 4123 et
2926 4070 3159 4124 maxime
3189 4072 3503 4141 carnalibus

247 4166 597 4234 προσήκοντα
636 4162 865 4216 πάθεσιν
889 4178 904 4193 ο
948 4164 1006 4214 ἐν
1044 4162 1313 4223 πλείστοις
1364 4162 1473 4231 γὰρ
1518 4162 1704 4225 τόποις
1743 4161 1844 4241 τῷ⁸

1930 4159 2314 4214 convenientia
2369 4158 2740 4228 passionibus.
2786 4159 2844 4213 In
2879 4160 3130 4225 plurimis
3177 4162 3320 4215 enim
3366 4163 3502 4217 locis

245 4254 520 4323 αἰσχίστῳ
562 4253 737 4322 τούτῳ
772 4254 978 4323 ῥήματι
1016 4252 1167 4321 μόλις
1197 4254 1349 4305 αὐτοὶ
1378 4252 1617 4321 χρῶνται
1640 4253 1688 4304 oi
1717 4269 1823 4305 κω-

1934 4249 2252 4319 turpissimo
2286 4250 2388 4303 ltoc
2428 4250 2597 4304 verbo
2632 4249 2827 4313 utitur,
2859 4266 3001 4314 coeo,
3034 4254 3179 4320 quod
3210 4253 3356 4305 nulla
3396 4254 3499 4308 alia

248 4345 401 4412 μικοὶ
432 4345 673 4413 ποιηταὶ,
708 4340 788 4406 οἷς
836 4343 938 4411 ὕλη
978 4342 1088 4397 τῶν
1121 4345 1441 4412 ποιημάτων
1478 4343 1546 4395 τὰ
1583 4344 1821 4413 σαρκικὰ

1934 4342 2013 4395 lex
2045 4341 2173 4395 facit
2200 4358 2213 4395 :
2240 4357 2353 4411 quo
2377 4344 2544 4395 verbo
2569 4341 2657 4394 vix
2686 4353 2858 4412 poeta:
2888 4342 2991 4411 ipsi
3018 4344 3211 4397 comici
3248 4355 3498 4411 utuntur,

242 4436 343 4488 καὶ
368 4435 590 4504 αίσχρά,
624 4437 673 4487 εί
704 4436 799 4488 καὶ
833 4428 976 4488 οὗτοι
1018 4434 1257 4498 σπανίως
1280 4453 1293 4468 ·
1338 4435 1529 4505 ὥσπερ
1569 4435 1818 4504 Ὁράτιος

241 4527 476 4583 ἀναιδῶς
498 4523 675 4592 εἶπεν,
705 4527 782 4579 Ού
805 4528 1016 4580 δέδοικα
1039 4526 1407 4601 συνουσιάζων
1430 4543 1442 4557 ·
1469 4525 1625 4578 τοῦτο
1652 4527 1707 4578 δὲ
1735 4528 1816 4578 ὅτι

240 4611 432 4674 καθὼς
450 4614 543 4666 καὶ
563 4614 722 4676 αὐτὸς
746 4615 1043 4684 διαρρήδην
1073 4616 1238 4682 φησίν
1259 4631 1274 4645 ο
1304 4617 1416 4668 Οὐκ
1437 4614 1584 4668 ἔστιν
1610 4615 1819 4683 ἄνθρω-

239 4714 346 4761 πος
379 4698 435 4750 ὲν
464 4700 541 4768 τῷ
558 4701 751 4770 κόσμῳ
779 4701 1075 4770 δυνάμενος
1092 4703 1153 4753 τὸ
1179 4702 1499 4769 Ἀλκοροὶνον
1523 4703 1681 4755 νοεῖν.
1707 4700 1817 4753 Kal

235 4791 365 4853 πῶς
387 4794 715 4860 προσέταξεν
731 4796 758 4846 6
783 4792 914 4855 Θεὸς
941 4793 1100 4845 τοῦτο
1121 4793 1427 4862 τηρεῖσθαι,
1447 4795 1492 4844 εί
1523 4793 1597 4862 μὴ
1618 4792 1815 4845 δέδωκε

238 4883 344 4950 καὶ
373 4882 610 4935 νοεῖσθαι
636 4900 651 4948 ;
681 4885 774 4935 Δεῖ
798 4885 854 4936 δὲ
883 4884 1196 4951 γινώσκειν,
1221 4883 1297 4945 ὡς
1323 4887 1378 4935 ἐν
1402 4883 1477 4952 τῷ
1502 4882 1816 4953 Εὐαγγελίῳ

235 4972 399 5025 οὐδέν
428 4974 600 5035 ἐστιν,
626 4973 761 5041 ὅπερ
792 4975 891 5042 οὐχ
918 4969 1019 5025 οἷοί
1074 4974 1132 5026 τέ
1163 4975 1347 5041 ἐσμεν·
1371 4976 1464 5026 καὶ
1493 4975 1705 5043 νοῆσαι,
1733 4974 1810 5043 τῷ

242 5058 350 5125 τῆς
392 5058 626 5119 πίστεως
669 5059 805 5124 φωτὶ
835 5058 1211 5128 βοηθούμενοι.
1271 5059 1409 5111 Ἀλλ’
1450 5061 1569 5113 οὐδὲ
1610 5061 1697 5113 διὰ
1747 5063 1815 5112 τὰ

238 5145 608 5215 περιεχόμενα
658 5149 715 5199 ἐν
750 5147 920 5216 τούτῳ
958 5148 1260 5217 διδάγματά
1292 5151 1408 5200 ἐστι
1459 5151 1599 5201 κατὰ
1634 5150 1811 5217 λόγον.

234 5238 381 5306 Φησὶ
410 5236 519 5306 γάρ
550 5238 607 5290 ὲν
637 5238 851 5299 πολλοῖς
882 5239 1066 5301 τόποις
1102 5241 1194 5292 τὸν
1224 5239 1355 5291 Θεὸν
1386 5245 1811 5309 προστεταχέναι

232 5330 352 5388 τοῖς
384 5326 654 5396 ἀγγέλοις,
685 5330 1058 5399 προσκυνῆσαι
1079 5331 1171 5383 τὸν
1209 5330 1409 5400 Ἀδάμ*
1437 5331 1529 5384 καὶ
1555 5332 1681 5395 τοὺς
1714 5334 1812 5400 μὲν

239 5419 322 5486 μὴ
346 5416 675 5487 θελήσαντας
732 5417 987 5485 γενέσθαι
1014 5421 1294 5487 δαίμονας,
1332 5423 1457 5483 τοὺς
1483 5421 1541 5472 δὲ
1574 5439 1813 5491 προσκυ-

233 5507 506 5577 νήσαντας
530 5508 707 5575 μεῖναι
737 5507 1020 5575 ἀγγέλους.
1041 5509 1151 5560 Kal
1179 5510 1293 5572 πῶς
1318 5510 1382 5563 ἂν
1406 5513 1431 5563 ὁ
1460 5512 1591 5574 Θεὸς
1622 5515 1813 5566 ἐνετεί-

232 5598 367 5651 λατο
388 5598 850 5669 είδωλολατρείαν,
885 5601 978 5653 καὶ¹
1006 5602 1117 5663 τοῖς
1140 5600 1319 5663 ἄλλοις
1344 5602 1441 5672 τὴν
1470 5603 1617 5674 αὐτῷ
1646 5605 1811 5675 μόνην

300 5721 370 5783 (a)
400 5720 497 5772 Sic.
526 5720 658 5783 Lege
684 5728 736 5772 ut
768 5724 818 5772 in
853 5721 1023 5772 Graeco
1048 5721 1299 5773 Horatius.
1324 5724 1458 5777 Em.
1472 5730 1487 5786 ,‘

1928 4432 2128 4500 quibus
2154 4432 2379 4486 materia
2407 4441 2719 4501 poematum
2752 4441 2834 4486 est
2858 4436 3094 4488 carnalis
3120 4446 3174 4490 et
3203 4436 3396 4506 turpis,
3417 4448 3500 4492 et-

1927 4522 1970 4574 si
2004 4519 2057 4575 lti
2088 4537 2247 4585 raro;
2278 4523 2420 4575 sicut
2463 4523 2662 4577 Aratus
2688 4523 2763 4590 (a)
2800 4523 3145 4592 imprudenter
3170 4527 3306 4579 dixit
3338 4545 3351 4580 :
3380 4528 3498 4582 Non

1928 4608 2083 4661 timui
2118 4609 2320 4663 coiens.
2346 4611 2458 4663 lloc
2487 4621 2668 4663 autem
2704 4620 2756 4664 et
2804 4612 2921 4680 ipse
2958 4614 3134 4681 palam
3178 4615 3331 4678 dicit,
3379 4615 3495 4670 Non

1925 4709 2010 4753 est
2038 4699 2203 4751 homo
2234 4700 2287 4752 in
2324 4701 2525 4753 mundo
2558 4702 2651 4769 qui
2702 4703 2872 4769 possit
2918 4704 3250 4759 Alcoranum
3291 4706 3496 4759 intelli-

1925 4804 2070 4858 gere.
2112 4789 2177 4843 Et
2216 4792 2489 4859 quomodo
2520 4792 2798 4845 mandavit
2832 4794 2976 4847 Deus
3016 4796 3119 4848 hoc
3170 4797 3398 4861 servari,
3447 4797 3492 4850 si

1926 4899 2031 4937 non
2078 4884 2228 4938 dedit
2266 4892 2323 4935 et
2357 4884 2629 4953 intelligi?
2656 4884 2886 4951 Oportet
2924 4896 3104 4938 autem
3144 4888 3305 4949 scire,
3345 4891 3491 4957 quod

1924 4976 1979 5030 in
2015 4976 2309 5046 Evange'lio
2355 4976 2492 5027 nihil
2540 4984 2645 5038 est,
2680 4975 2823 5044 quod
2860 4993 2966 5030 non
3018 4982 3486 5045 possimnsastiam

1924 5066 2256 5135 intelligere,
2296 5064 2421 5117 ﬁdei
2457 5064 2665 5117 lumine
2701 5065 2893 5133 adjuti.
2928 5066 3031 5120 Sed
3059 5084 3237 5136 neque
3268 5081 3491 5138 propter

1922 5157 2229 5210 doctrinam
2262 5170 2382 5223 qna:
2415 5154 2472 5207 in
2502 5170 2567 5207 eo
2592 5152 2933 5215 continetur.
2960 5166 3044 5210 est
3076 5160 3374 5212 secundum
3408 5176 3490 5213 ra—

1924 5246 2150 5300 tionem.
2183 5245 2319 5298 Dicit
2348 5245 2494 5298 enim
2536 5246 2591 5297 in
2638 5246 2822 5299 multis
2856 5246 3011 5309 leris,
3059 5247 3226 5302 Deum
3262 5251 3486 5303 manda-

1919 5338 2065 5391 visse
2112 5336 2338 5405 angelis,
2395 5335 2625 5389 adorare
2660 5337 2854 5401 Adam,
2902 5349 2958 5391 ct
2995 5354 3091 5391 eos
3126 5338 3344 5407 quidem
3393 5342 3483 5407 qui

1920 5426 2146 5488 nollent,
2182 5427 2298 5480 ﬁeri
2346 5426 2663 5493 daemones;
2694 5427 2986 5482 adorantes
3029 5439 3211 5482 autem
3263 5446 3482 5482 manere

1918 5516 2160 5586 angelos.
2189 5517 2257 5569 Et
2281 5517 2554 5587 quomodo
2588 5520 2730 5573 Deus
2755 5520 3065 5573 mandasset
3098 5518 3480 5584 idololatriam,

1918 5615 1973 5661 et
1999 5606 2205 5676 angelis
2237 5606 2506 5663 honorem
2542 5608 2843 5675 tribuisset,
2880 5609 2974 5679 qui
3010 5610 3111 5664 soli
3154 5608 3261 5664 Deo
3311 5609 3479 5665 debe-
