3862 6220
535 284 673 350 1079

1808 244 2213 351 IDEMETRII
2252 285 2556 350 CYDONII
3241 320 3249 331 .
3548 292 3639 359 mo

536 398 739 453 batur?
771 400 901 454 item
929 410 985 455 et
1017 402 1228 463 ratione
1281 402 1542 457 doctrinae
1582 403 1971 458 irrationabilis
2017 414 2084 457 est

2198 400 2552 471 ὀφειλομένην
2583 400 2746 454 ἔδωκε
2777 400 2965 464 δόξανς
3005 400 3121 453 Ἔτι
3147 401 3233 452 καὶ
3262 400 3331 469 τῷ
3352 402 3469 472 λόγῳ
3494 405 3569 455 τῶν
3591 409 3637 456 δι’

535 504 605 546 ex
634 491 796 547 dictis
821 493 1085 561 ipsorum.
1120 494 1176 546 In
1209 494 1297 547 illa
1330 494 1475 548 enim
1501 496 1617 565 lege
1642 497 1873 549 maxime
1905 511 2098 549 neces-

533 582 739 636 sarium
768 585 849 651 (ut
876 584 979 651 ipsi
1014 584 1226 654 dicunt)
1256 585 1360 639 hoc
1393 597 1496 649 est,
1535 596 1596 638 ut
1621 586 1837 640 dicatur
1869 586 2094 656 ubique,

534 675 682 742 quod
734 690 841 727 non
889 683 974 728 est
1023 675 1165 729 Deus
1200 686 1396 742 praeter
1438 677 1629 741 Deum,
1668 689 1722 732 et
1755 679 2097 733 Mahometns

531 776 618 821 est
661 765 937 835 apostolus
972 752 1103 821 Dei.
1155 766 1477 836 Additque:
1530 769 1594 822 Et
1645 770 1789 837 quod
1842 771 1981 823 Deus
2014 778 2097 824 est

534 871 787 925 magnus.
811 855 915 910 Sed
943 874 1063 926 qum
1089 860 1432 933 annuntiatio
1464 870 1547 915 est
1574 861 1924 915 ista?Nullus
1949 863 2094 916 enim

531 947 623 1016 qui
661 946 872 1001 ratione
914 949 1111 1012 utitur,
1146 948 1328 1003 dicere
1374 960 1559 1015 posset
1607 953 1774 1005 Deum
1819 969 1938 1007 esse
1971 970 2095 1021 par—-

532 1054 684 1091 vum.
741 1038 877 1092 Item
914 1040 1222 1107 propositio
1271 1058 1390 1109 quae
1436 1042 1610 1095 dicit:
1658 1044 1775 1097 Non
1823 1056 1907 1098 est
1956 1045 2095 1099 Deus

530 1138 735 1198 preter
771 1128 962 1193 Deum,
1000 1146 1127 1184 vera
1160 1140 1243 1184 est
1288 1147 1384 1199 per
1432 1134 1687 1201 seipsam,
1723 1145 1776 1188 et
1807 1152 1833 1187 a
1867 1138 2016 1189 nullo
2044 1138 2093 1190 ei

532 1217 950 1282 contradicitur,
990 1218 1103 1273 sive
1138 1235 1280 1272 unus
1317 1221 1386 1274 sit
1434 1223 1592 1283 Deus,
1640 1223 1750 1276 sive
1786 1224 1988 1289 plures.
2027 1224 2095 1277 Et

531 1308 591 1361 in
620 1308 876 1363 omnibus
904 1308 1187 1361 verissima
1223 1318 1306 1362 est
1345 1310 1469 1362 talis
1500 1310 1817 1378 duplicatio.
1852 1312 1967 1364 Non
2012 1321 2095 1365 est

530 1399 678 1453 enim
711 1399 938 1467 angelus
966 1399 1070 1453 nisi
1107 1401 1354 1469 angelus,
1389 1412 1445 1455 et
1480 1418 1587 1454 non
1639 1412 1723 1455 est
1775 1404 1937 1456 homo
1991 1404 2092 1458 nisi

529 1490 717 1555 homo,
751 1500 806 1544 et
837 1506 947 1545 non
977 1500 1061 1545 est
1098 1497 1285 1545 asinus
1319 1492 1423 1547 nisi
1470 1494 1675 1547 asinus.
1722 1494 1826 1548 Bos
1859 1496 2003 1548 enim
2039 1504 2094 1549 et

530 1582 685 1639 canis
714 1598 822 1636 non
858 1591 940 1637 est
983 1584 1194 1637 asinus.
1228 1584 1356 1648 Quae
1400 1594 1580 1639 autem
1623 1586 1775 1648 dicit,
1814 1586 2092 1641 Mahome-

526 1684 620 1731 tus
644 1684 728 1729 est
753 1676 1038 1743 apostolUs
1070 1675 1184 1739 Dei,
1212 1677 1370 1731 valde
1398 1687 1481 1731 est
1514 1678 1787 1745 ambigua.
1826 1678 1955 1742 Quae
1995 1678 2094 1748 igi-

526 1774 622 1821 tur
654 1766 797 1821 ratio
843 1768 1206 1823 connexionis
1242 1769 1437 1823 harum
1480 1770 1711 1824 duarum
1756 1771 2089 1840 propositio-

526 1872 685 1921 num,
724 1858 888 1912 unius
922 1858 1166 1927 quidem,
1222 1874 1322 1928 per
1375 1860 1609 1928 seipsam
1653 1871 1816 1925 notae,
1864 1862 2090 1916 alterius

529 1957 715 2003 autem
750 1964 851 2020 per
888 1950 1120 2018 seipsam
1153 1949 1391 2019 ignotae?
1432 1950 1561 2016 Quae
1614 1951 1791 2005 virtus
1841 1952 1927 2005 vel
1972 1968 2091 2020 qua:

528 2039 761 2102 utilitas,
794 2047 854 2091 ut
887 2039 1201 2108 quicunque
1233 2040 1337 2093 hoc
1372 2040 1718 2105 confiteatur,
1756 2041 1821 2095 de
1848 2043 2088 2095 necessi-

525 2137 642 2186 tate
677 2130 960 2184 salvetur?
1014 2130 1146 2183 ltem
1179 2130 1522 2186 Mahometus
1559 2133 1613 2185 in
1663 2133 1920 2201 praedicta
1973 2134 2089 2203 lege

525 2219 684 2284 dicit,
716 2222 861 2290 quod
902 2236 1091 2275 omnes
1125 2222 1374 2277 homines
1406 2239 1574 2277 unum
1614 2233 1791 2291 erant,
1822 2235 1878 2279 et
1927 2226 2090 2281 unius

524 2323 710 2377 sectae,
761 2321 816 2367 et
860 2314 1024 2367 unius
1056 2313 1358 2383 religionis,
1412 2314 1554 2369 Deus
1606 2325 1789 2370 autem
1843 2316 2089 2371 diversos

524 2419 625 2460 eos
655 2403 805 2468 fecit,
834 2405 927 2473 qui
958 2404 1107 2462 misit
1135 2405 1383 2461 diversos
1416 2406 1732 2485 prophetas.
1766 2407 1879 2461 lloc
1908 2416 2088 2461 autem

526 2511 708 2565 neque
731 2511 1021 2566 quousque
1044 2507 1306 2567 appareat
1334 2513 1523 2551 verum
1552 2513 1671 2552 esse
1694 2507 1892 2566 potest.
1924 2498 2090 2552 Maxi-

525 2601 615 2640 me
649 2587 792 2639 enim
826 2603 969 2641 unus
1004 2589 1167 2652 Deus,
1196 2586 1290 2655 qui
1322 2587 1555 2642 maxime
1589 2589 1853 2643 unitatem
1894 2597 1950 2644 et
1990 2589 2089 2642 ho-

524 2673 737 2731 minum
768 2676 999 2733 salutem
1033 2686 1198 2731 amat.
1252 2677 1370 2731 Non
1406 2680 1553 2732 enim
1588 2679 1867 2733 divisisset
1912 2680 2091 2733 homi-

524 2782 625 2823 nes
671 2767 727 2822 in
774 2767 1020 2822 diversas
1053 2778 1234 2825 sectas
1269 2777 1325 2822 et
1356 2785 1574 2825 errores
1622 2779 1679 2824 et
1726 2771 2084 2839 perditiones.

523 2858 630 2914 Sed
667 2859 772 2913 hoc
815 2859 1021 2913 invidia
1058 2860 1321 2913 daemonis
1356 2860 1558 2914 factum
1612 2871 1715 2924 est,
1754 2871 1809 2915 et
1841 2864 2086 2931 nequitia

521 2949 830 3015 hominum,
877 2948 1240 3017 permissione
1284 2956 1466 3002 tamen
1514 2948 1631 3010 Dei,
1681 2950 1773 3018 qui
1820 2952 2088 3018 permittit

2197 492 2485 560 δογμάτων
2515 493 2705 559 ἄλογός
2749 492 2884 545 ἐστι.
2919 491 2993 543 Τὸ
3023 492 3127 557 γὰρ
3171 493 3224 543 ὲν
3256 494 3420 562 ἐκείνῳ
3446 496 3507 563 τῷ
3540 498 3633 565 νόμῳ

2201 584 2433 651 μάλιστα
2465 583 2559 635 καὶ
2593 584 2752 652 μόνον
2786 584 3101 649 ἀναγκαῖον,
3133 582 3205 645 ὡς
3236 584 3373 636 αὖτοί
3400 589 3635 651 $131,205.}

2196 678 2333 741 ἔστι,
2362 678 2421 729 τὸ
2461 677 2870 743 διαγγέλλεσθαι
2904 677 3196 747 πανταχοῦ,
3239 680 3307 741 ὡς
3337 681 3423 733 οὐκ
3449 682 3538 733 ἔστι
3559 683 3639 746 Θεὸς

2197 768 2335 837 πλὴν
2376 768 2470 820 τοῦ
2506 768 2661 831 Θεοῦ,
2709 770 2802 822 καὶ
2847 769 2874 820 6
2910 770 3203 838 Μαχούμετ
3246 770 3380 822 ἐστὶν
3414 773 3637 834 ἀπόστολος.

2196 858 2553 927 Προστιθέασί
2572 875 2631 909 τε
2659 859 2752 911 καὶ
2784 859 2865 912 ὅτι
2899 860 2926 909 6
2946 859 3077 921 Θεός
3107 862 3220 911 ἐστι
3255 860 3425 929 μέγας.
3465 861 3641 924 Ἀλλᾶτῖς

2196 949 2487 1017 εὐαγγελία
2507 950 2654 1002 ἐστὶν
2676 951 2708 1016 ἡ
2729 950 2950 1018 τοιαύτη
2970 967 2992 1021 ;.
3010 950 3195 1012 Οὐδεὶς
3206 951 3304 1017 γάρ
3327 952 3425 1002 ἐστι
3440 952 3548 1018 λόγῳ
3560 955 3642 1019 Latia

2199 1057 2378 1109 μενος,
2418 1040 2476 1102 ὃς
2522 1039 2587 1091 ἂν
2621 1040 2761 1092 εἴποι
2798 1039 2889 1092 τὸν
2936 1039 3066 1091 Θεὸν
3099 1035 3232 1109 εἶναι
3290 1042 3476 1109 μικρόν.
3515 1044 3641 1111 Ἐτιή

2195 1132 2424 1199 λέγουσα
2450 1130 2734 1200 πρότασις,
2778 1132 2889 1184 Ούκ
2932 1131 3045 1183 ἔστι
3100 1132 3227 1193 Θεὸς
3268 1131 3394 1198 πλὴν
3430 1132 3505 1183 τοῦ
3546 1133 3641 1194 θεοῦ,

2196 1223 2402 1293 ἀληθής
2439 1224 2550 1274 ἐστι
2584 1222 2704 1273 καθ’
2741 1222 2931 1288 αὐτὴν,
2960 1222 3052 1273 καὶ
3082 1221 3211 1289 παρ’
3239 1221 3428 1283 οὐδενὸς
3458 1222 3643 1284 ἀντιλέγε-

2193 1332 2305 1378 ται,
2336 1316 2445 1367 εἴτε
2472 1309 2552 1374 εἷς
2584 1313 2664 1380 εἴη
2690 1312 2842 1375 Θεὸς,
2870 1313 2977 1364 εῐτε
3000 1308 3246 1373 πλείους.
3278 1312 3377 1363 Καὶ
3407 1313 3482 1363 ἐπὶ
3506 1312 3644 1363 πάντων

2195 1405 2535 1474 ἀληθεστάτη
2591 1404 2738 1455 ἐστὶν
2789 1405 2821 1474 ἠ
2876 1403 3100 1471 τοιαύτη
3150 1403 3559 1464 ἐπαναδίπλωσις·
3588 1404 3644 1453 οἰκ

2186 1494 2306 1550 ἔστι
2343 1498 2450 1566 γὰρ
2489 1499 2716 1565 ἄγγελος
2747 1498 2794 1549 εξ
2843 1498 2916 1567 μὴ
2945 1497 3204 1565 ἄγγελος·
3238 1498 3319 1549 καὶ
3345 1497 3431 1549 οὐκ
3467 1496 3575 1546 ἔστιν
3594 1495 3644 1544 ἆγ-

2194 1591 2409 1657 θρωπος
2443 1589 2491 1639 εί
2518 1586 2592 1656 μὴ
2616 1589 2930 1656 ἄνθρωπος·
2970 1589 3064 1641 καὶ
3088 1587 3186 1639 οὐκ
3221 1587 3356 1639 ἔστιν
3385 1587 3410 1638 ό
3432 1584 3527 1645 δνος
3546 1584 3580 1635 εἰ
3605 1582 3644 1650 μὴ

2192 1678 2329 1738 ὄνος.
2379 1677 2435 1728 Ὀ
2464 1678 2571 1744 γὰρ
2604 1675 2726 1745 βοῦς
2762 1678 2853 1728 καὶ
2886 1678 2913 1728 ό
2945 1676 3090 1729 κύων
3123 1677 3220 1728 οὐκ
3248 1677 3382 1727 ἔστιν
3412 1676 3523 1733 δνος.
3551 1673 3642 1724 Ἣόἒ

2191 1767 2443 1833 λέγουσα,
2461 1767 2519 1820 Ὀ
2544 1766 2731 1836 Μαχού
2740 1769 2837 1835 μετ
2859 1768 3005 1819 ἐστὶν
3025 1768 3313 1829 ἀπόστολος
3337 1767 3417 1819 τοῦ
3438 1766 3557 1828 Θεοῦ,
3575 1767 3644 1815 lin

2192 1859 2338 1911 ἐστὶν
2362 1858 2682 1926 ἀμφίϐολος.
2715 1857 2848 1909 Ποία
2879 1858 3060 1908 τοίνυν
3092 1856 3241 1910 αἰτία
3268 1857 3360 1923 τῆς
3385 1854 3644 1921 concinet

2194 1949 2288 2004 δύο
2319 1949 2526 2003 τούτων
2556 1948 2915 2017 προτάσεων,·
2938 1950 3065 2017 μιᾶς
3106 1948 3203 2015 μὲν
3238 1948 3352 2000 καθ’
3383 1946 3541 2014 ἑαυτὴν
3564 1960 3648 2011 γνω·
3694 1996 3698 2005 ,

2193 2042 2345 2111 στῆς,
2374 2041 2474 2109 τῆς
2499 2040 2555 2092 δὲ
2596 2039 2791 2109 λοιπῆς
2815 2040 3096 2107 ἀγνώστου
3132 2039 3252 2091 καθ’
3275 2038 3486 2106 ἐαυτήνς
3508 2035 3554 2088 Ἦ
3572 2034 3648 2084 ποῖα

2190 2136 2358 2206 ἀρετὴ
2393 2136 2424 2205 ἦ
2468 2135 2700 2204 ὠφέλεια
2734 2134 2801 2187 τὰ
2848 2133 3072 2187 τοιαῦτα
3123 2134 3407 2203 ὁμολογεῖν,
3435 2132 3510 2183 καὶ
3537 2127 3645 2185 οὗτος

2191 2225 2329 2279 εἶναι
2385 2229 2705 2296 ἀναγκαῖον,
2740 2228 2880 2283 ὥστε
2915 2225 3222 2293 ὲξανάγκης
3266 2223 3498 2286 σώζεσθαι
3535 2219 3647 2271 πάντα

2189 2318 2280 2371 τὸν
2334 2316 2505 2380 οὕτως
2546 2316 2942 2386 όμολογοῦντα;
2997 2316 3120 2368 Ἔτι
3167 2316 3194 2367 6
3241 2313 3502 2384 Μαχούμετ
3534 2312 3574 2361 ὲν
3602 2306 3648 2373 τῷ

2191 2423 2421 2477 προειρη
2432 2407 2575 2475 μένῳ
2601 2408 2749 2475 νόμῳ
2773 2407 2958 2475 φησὶν,
2989 2406 3075 2458 ὅτι
3102 2405 3299 2465 πάντες
3324 2405 3369 2455 οἱ
3393 2394 3647 2470 ἂνθρωποιὺ

2189 2491 2349 2564 ἦσαν,
2386 2496 2481 2548 καὶ
2532 2498 2661 2565 μιᾶς
2694 2495 2980 2564 αἱρέσεως,
3019 2496 3115 2548 καὶ
3151 2496 3278 2564 μιᾶς
3305 2486 3648 2564 θρησκείας-τὸν

2188 2586 2244 2639 δὲ
2265 2585 2393 2638 Θεὸν
2424 2586 2709 2655 διαφόρους
2736 2587 2931 2649 αὐτοὺς
2964 2586 3211 2655 ποιῆσαι,
3238 2583 3563 2638 ἀποστείλαντι
3582 2578 3649 2629 διε

2191 2678 2390 2748 φόρους
2426 2680 2727 2747 προφήτας.
2760 2676 2931 2729 Τοῦτο
2958 2677 3014 2729 δὲ
3044 2677 3166 2730 οὐδὲ
3207 2677 3356 2746 μέχρι
3379 2673 3457 2727 τοῦ
3476 2670 3583 2734 δόξαι
3598 2668 3648 2735 είη

2191 2769 2257 2822 ἂν
2289 2768 2508 2837 ἀληθές.
2553 2768 2611 2819 '0
2646 2767 2754 2835 γὰρ
2800 2767 3034 2837 μάλιστα
3088 2765 3169 2830 εἷς
3201 2768 3346 2831 Θεὸς,
3378 2766 3457 2817 καὶ
3494 2761 3648 2830 μάλιστα

2190 2859 2287 2930 τὴν
2321 2860 2547 2929 ἑνότητα
2582 2860 2675 2912 καὶ
2701 2859 2801 2925 τὴν
2834 2860 2944 2910 τῶν
2982 2859 3288 2928 ἀνθρώπων
3320 2853 3546 2924 σωτηρίαν
3565 2851 3649 2915 ἁγα-

2193 2952 2330 3014 πῶν,
2358 2950 2458 3001 οὐκ
2479 2950 2543 3002 ἂν
2566 2950 2729 3002 διεῖλε
2754 2950 2879 3011 τοὺς
2902 2948 3231 3018 ἀνθρώπους
3260 2950 3335 3011 είς
3355 2945 3581 3012 διαφόρους
3600 2939 3648 2989 αἶ·

521 3054 619 3095 eos
643 3039 738 3109 qui
763 3038 959 3092 nolunt
989 3037 1216 3092 credere
1247 3038 1564 3103 veritatipin
1591 3038 1837 3093 diversos
1868 3055 2084 3095 errores

2192 3040 2389 3108 ρέσεις,
2405 3040 2502 3092 καὶ
2520 3040 2746 3102 πλάνας,
2775 3040 2870 3093 καὶ
2890 3041 3193 3104 ἀπωλείας.
3220 3038 3373 3093 Ἀλλὰ
3390 3038 3515 3091 τοῦτο
3533 3032 3646 3102 φθΰνῳ

520 3129 791 3184 incidere.
841 3128 973 3183 Item
1020 3127 1363 3181 Mabometus
1410 3128 1462 3181 in
1495 3128 1755 3197 praedicta
1786 3130 1904 3199 lege
1931 3131 2085 3199 jubet

521 3228 780 3289 tanquam
810 3235 876 3274 ex
912 3234 1007 3274 ore
1033 3218 1152 3283 Dei,
1186 3218 1429 3273 interimi
1470 3218 1739 3284 inﬁdeles,
1772 3220 1822 3274 id
1864 3229 1947 3274 est
1990 3235 2085 3275 eos

522 3314 617 3376 qui
641 3329 751 3367 non
778 3321 904 3368 sunt
931 3311 1213 3389 Saraceni.
1246 3312 1380 3366 Item
1411 3310 1545 3366 dicit
1571 3312 1638 3365 de
1667 3312 1770 3375 eis,
1796 3312 1940 3381 quod
1975 3328 2081 3367 non

518 3414 751 3477 possunt
782 3414 929 3458 recta
965 3403 1225 3474 cogitare,
1271 3418 1394 3459 cum
1442 3418 1469 3457 a
1518 3404 1631 3458 Deo
1664 3418 1773 3458 non
1802 3404 2085 3459 deducun-

520 3506 646 3565 tur;
682 3498 823 3552 Deus
853 3506 1035 3552 autcm
1078 3512 1173 3551 eos
1216 3512 1324 3550 non
1370 3495 1615 3549 deducit.
1651 3494 1759 3550 Sed
1809 3496 2084 3550 inconve-

514 3590 679 3645 niens
714 3587 976 3655 interimi,
1005 3599 1297 3658 propterea
1320 3586 1465 3655 quod
1505 3601 1615 3640 non
1648 3594 1909 3655 possunt;
1944 3602 2084 3655 quos

518 3688 703 3736 autem
732 3688 982 3750 possunt,
1002 3694 1109 3733 non
1138 3678 1469 3733 conveniens
1492 3686 1574 3732 est
1597 3693 1809 3747 cogere,
1831 3687 2083 3748 pr0pter-

517 3786 583 3826 ea
611 3770 757 3840 quod
790 3787 897 3824 non
943 3770 1121 3839 placet
1154 3768 1262 3823 Deo
1305 3769 1542 3823 servitus
1577 3776 1788 3823 coacta.
1840 3768 2083 3823 lnterimi

516 3872 703 3919 autem
738 3862 847 3916 nisi
872 3861 1118 3925 credanl,
1154 3860 1240 3915 vel
1271 3860 1455 3928 aliquo
1488 3859 1650 3913 modo
1683 3860 1846 3913 simul
1877 3860 2082 3928 impelli

518 3958 586 4011 ad
616 3954 971 4013 credendum,
1003 3962 1057 4005 et
1088 3952 1204 4019 ipse
1238 3951 1331 4018 qui
1384 3950 1500 4004 haec
1541 3950 1762 4003 mandat
1808 3949 2089 4004 Mahome-

523 4053 614 4100 tus
685 4043 1080 4101 inconveniens
1122 4041 1331 4109 iudicat
1384 4048 1440 4093 et
1491 4040 1885 4094 irrationabile.
1940 4039 2082 4094 Dicit

517 4124 667 4192 enim
700 4135 754 4187 in
790 4133 1030 4201 capitulo
1058 4129 1207 4184 Iona:
1242 4149 1256 4184 :
1300 4130 1355 4185 Si
1386 4130 1651 4184 voluisset
1683 4129 1843 4193 Deus,
1893 4145 2082 4184 omnes

513 4228 626 4298 jam
651 4223 1016 4281 credidissent
1045 4224 1142 4290 qui
1172 4229 1299 4276 sunt
1332 4223 1384 4276 in
1419 4232 1584 4276 terra.
1621 4222 1687 4275 Et
1719 4230 1777 4274 tu
1808 4221 1954 4290 cogis
1980 4221 2081 4274 ho-

520 4320 698 4371 mines
745 4326 808 4370 ut
848 4314 1106 4369 credant?
1150 4313 1219 4367 Et
1266 4313 1449 4367 nullus
1498 4322 1676 4380 potest
1718 4327 1837 4366 esse
1880 4311 2077 4375 ﬁdelis,

2191 3129 2282 3181 τοῦ
2310 3130 2563 3198 δαίμονος
2596 3130 2804 3197 γέγονε,
2845 3133 2938 3183 καὶ
2968 3134 3207 3201 πονηρίᾳ
3234 3130 3513 3200 ἀνθρώπων,
3537 3136 3647 3189 περι·

2191 3225 2428 3294 χωρήσει
2450 3223 2631 3293 μέντοι
2659 3224 2815 3289 Θεοῦ,
2840 3224 2966 3285 τοὺς
2993 3224 3071 3294 μὴ
3104 3222 3436 3293 βουλομένους
3451 3213 3645 3271 πιστεῦσαι

2190 3317 2256 3383 τῇ
2315 3314 2540 3384 ἀληθείᾳ
2570 3312 2842 3383 διαφόροις
2876 3315 3175 3368 ὑποπεσεῖν
3198 3314 3421 3383 αἱρέσεσι
3450 3302 3644 3375 συγχυᾷῇ

2194 3421 2406 3468 σαντος.
2443 3406 2563 3457 Ἔτι
2609 3406 2637 3457 6
2667 3404 2910 3474 Μωάμεθ
2957 3406 3014 3457 ὲν
3047 3405 3127 3473 τῷ
3184 3402 3522 3474 προειρημένῳ
3553 3396 3645 3461 νόμῳ

2190 3496 2401 3547 κελεύει
2442 3494 2630 3563 ὥσπερ
2675 3496 2741 3547 ὲκ
2780 3494 3054 3564 στόματος
3100 3495 3236 3547 Θεοῦ
3270 3490 3540 3563 φονεύεσθαι
3567 3484 3644 3539 τοὺς

2192 3586 2476 3651 ἀπίστους,
2498 3583 2743 3638 τουτέστι
2772 3586 2897 3648 τοὺς
2917 3585 2989 3653 μὴ
3013 3586 3173 3648 ὄντας
3194 3583 3554 3655 Σαρῤακηνούςο
3575 3569 3645 3624 καί·

2192 3676 2273 3730 τοι
2306 3675 2566 3745 γεέἰπὼν
2606 3678 2731 3744 περὶ
2775 3675 2972 3739 αὐτῶν,
3006 3675 3086 3738 ὡς
3119 3678 3180 3728 οὐ
3224 3677 3451 3728 δύνανται
3481 3668 3532 3720 τὰ
3562 3659 3644 3731 ὀρθᾶ

2193 3770 2425 3837 φρονεῖν’
2454 3769 2528 3837 μὴ
2553 3767 2704 3836 παρά
2732 3766 2867 3819 θεοῦ
2892 3767 3250 3838 ὁδηγούμενοι
3270 3784 3283 3796 ·
3306 3766 3388 3819 τὸν
3404 3764 3453 3816 δὲ
3477 3759 3571 3813 Θεὸν
3588 3751 3645 3805 αὖ·

2190 3859 2317 3919 τοὺς
2349 3859 2423 3925 μὴ
2451 3857 2737 3927 ὀδηγῆσαι.
2778 3857 2939 3910 Ἀλλὰ
2965 3858 3173 3911 ἄτοπον
3206 3854 3508 3926 φονεύεσθαι,
3530 3847 3587 3899 διὰ

2194 3948 2268 4018 μὴ
2295 3924 2580 4000 δύνασθαι)
2611 3924 2716 4009 οὓς
2749 3948 2845 4001 καὶ
2873 3924 3225 4015 δυναμένους
3256 3947 3313 3999 οὑ
3359 3940 3574 4010 προσῆκον
3604 3924 3643 3997 ἦν

2190 4035 2616 4104 ηναγκάςεσθαι,
2649 4036 2735 4089 διὰ
2760 4036 2819 4088 τὸ
2853 4037 2925 4105 μὴ
2961 4037 3223 4104 ἀρέσκειν
3250 4036 3323 4106 τῷ
3346 4033 3449 4099 Θεῷ
3471 4030 3546 4095 τὴν
3568 4034 3644 4074 κατ⁴

2187 4125 2613 4196 ηναγκασμένην
2657 4125 2933 4193 λατρείαν.
2982 4126 3057 4177 Τὸ
3093 4126 3150 4178 δὲ
3201 4122 3505 4195 φονεύεσθαι,
3542 4106 3641 4175 silli

2189 4214 2557 4276 πιστεύσαιεν,
2586 4214 2619 4283 ἢ
2647 4212 2830 4282 ἕτερον
2850 4214 3049 4281 τρόπον
3086 4212 3425 4265 συνωθεῖσθαι
3448 4209 3509 4265 είς
3533 4201 3641 4251 τὸτε-

2190 4292 2427 4371 στεύειν,
2458 4305 2553 4357 καὶ
2599 4306 2759 4367 αὐτὸς
2801 4307 2828 4356 6
2857 4304 3029 4357 ταῦτα
3074 4305 3417 4376 προστάσσων
3440 4288 3637 4361 Μαχηύμετ

520 4404 629 4458 nisi
666 4404 773 4458 hoc
805 4406 855 4458 ei
888 4418 1209 4458 concessum
1244 4403 1369 4456 sita
1400 4402 1531 4455 Deo.
1563 4402 1675 4455 Hoc
1708 4409 1887 4455 autem
1916 4400 2082 4453 latius

2189 4398 2383 4451 ἄτοπον
2414 4397 2588 4466 κρίνει
2620 4394 2715 4448 καὶ
2743 4396 2955 4462 ἄλογον.
2990 4395 3130 4463 Φησλ⁵
3153 4397 3337 4464 γὰρέν
3364 4391 3431 4459 τῷ
3455 4376 3635 4449 κεφαλαίῳ

516 4494 908 4563 explicabimus
939 4494 993 4547 in
1021 4493 1400 4562 sequentibus,
1442 4494 1494 4546 in
1536 4507 1682 4546 nono
1717 4492 1976 4561 capitulo.

2183 4488 2279 4541 τοῦ
2321 4488 2502 4539 Ἰωνᾶ·
2540 4487 2601 4537 El
2634 4485 2824 4553 ἢθελεν
2851 4487 2878 4537 6
2910 4484 3066 4548 Θεὸς,
3104 4486 3299 4546 πάντες
3331 4484 3388 4535 ἂν
3413 4474 3634 4531 ἐπίστευσαν

516 4591 567 4644 οἱ
588 4554 645 4641 ἐν
675 4592 741 4659 τῇ
772 4592 864 4657 γῇ.
885 4588 995 4641 Καὶ
1016 4590 1079 4640 σὺ
1100 4554 1431 4653 διναγκάζεις
1453 4587 1574 4646 τοὺς
1596 4584 1911 4653 ἀνθρώπους
1933 4583 2068 4637 ὥστε
2094 4582 2370 4636 πιστεύειν
2394 4598 2409 4646 ;
2433 4581 2542 4634 Κοιί
2592 4579 2759 4641 οὐδεὶς
2777 4578 2999 4631 δύναται
3023 4576 3163 4631 εἶναι
3201 4575 3453 4637 πιστὸς,εξ
3482 4568 3537 4638 μὴ
3551 4554 3638 4659 fol-'7'

519 4680 670 4750 αὐτῷ
699 4651 978 4750 έὲρίὲθείη
1015 4677 1165 4746 παρά
1186 4651 1360 4744 deos;
1392 4676 1558 4728 Τοῦτο
1587 4676 1641 4727 δὲ
1673 4651 2004 4745 πλατύτερον
2031 4673 2496 4742 ἐπεξελευσόμεθα
2514 4675 2570 4724 ὲν
2590 4673 2700 4732 τοῖς
2742 4671 3025 4740 ἑπομένοις
3054 4673 3115 4723 ὲν
3131 4670 3207 4739 τῷ
3226 4651 3635 4750 δεκάτῳκεφύαξφξ

586 4775 985 4831 lrrationabilis
1014 4782 1097 4827 est
1136 4782 1318 4826 autem
1352 4773 1439 4825 lex
1477 4771 1591 4825 haec
1629 4779 1683 4825 et
1714 4782 1934 4841 propter
1966 4773 2078 4825 hmc

517 4868 586 4922 de
614 4867 816 4936 quibus
851 4872 1067 4918 tractat.
1104 4863 1257 4916 Facit
1290 4862 1435 4916 enim
1465 4862 1763 4933 capitulum
1792 4862 2076 4931 proprium

514 4958 582 5015 de
610 4938 857 5020 formica,
887 4964 943 5010 et
977 4956 1123 5009 aliud
1169 4955 1236 5009 de
1272 4969 1491 5018 aranea,
1519 4965 1572 5007 et
1602 4954 1746 5007 aliud
1780 4954 1847 5008 de
1886 4955 2072 5019 fumo;

515 5053 677 5123 cujus
701 5063 882 5107 autem
912 5050 1080 5120 gratia
1112 5050 1255 5105 Deus
1290 5048 1413 5102 talia
1440 5048 1714 5102 mandavit
1751 5049 1818 5101 de
1852 5048 2075 5101 formica

514 5154 571 5202 et
598 5145 666 5200 de
694 5143 879 5197 fumo?
916 5141 1048 5195 Item
1091 5140 1242 5203 dicit,
1286 5138 1427 5207 quod
1461 5138 1737 5208 nunquam
1786 5140 1925 5192 Deus
1959 5155 2079 5206 par-

515 5248 641 5288 cere
670 5239 858 5301 posset
909 5228 1220 5283 ostendenti
1256 5236 1405 5297 terga
1440 5228 1695 5293 inimicis,
1742 5238 1797 5281 et
1845 5229 2075 5295 reliqua.

515 5323 675 5392 Quod
709 5332 889 5377 autem
924 5328 1232 5391 peccatum,
1270 5318 1457 5388 fugere
1492 5320 1765 5372 hominem
1812 5319 1865 5372 in
1913 5320 2077 5383 bello,

514 5416 795 5469 videntem
833 5412 1071 5478 scipsum
1106 5409 1158 5460 in
1197 5408 1485 5475 periculo?
1513 5407 1617 5461 Sed
1637 5408 1825 5477 _voluit
1854 5409 1939 5461 vel
1970 5409 2082 5461 bel-

514 5508 719 5566 licosos
770 5505 936 5573 ipsos,
967 5503 1051 5555 vel
1083 5500 1319 5553 audaces
1349 5499 1687 5554 Mahometus
1718 5500 1918 5554 facere.
1948 5501 2078 5554 ltcm

518 5602 603 5655 lex
628 5612 750 5666 qua:
772 5596 926 5666 jubet
955 5594 1022 5647 de
1055 5591 1347 5656 lavatione,
1381 5592 1770 5647 irrationabilis
1794 5603 1877 5646 est
1903 5594 2080 5646 omni-

513 5704 605 5746 no.
636 5684 850 5739 Mandat
888 5686 1033 5738 enim
1080 5681 1300 5751 quando
1328 5696 1487 5735 orare
1517 5682 1706 5747 velint,
1742 5682 1923 5737 lavare
1966 5698 2079 5737 ma—

2259 4771 2485 4837 Ἀλογος
2548 4767 2604 4819 δέ
2672 4769 2815 4818 ἐστιν
2878 4758 3031 4827 οὗτος
3079 4768 3107 4816 6
3158 4766 3315 4834 νόμος
3368 4764 3448 4814 καὶ
3500 4756 3562 4808 διὰ
3598 4746 3637 4797 τά

2186 4862 2314 4930 περὶ
2367 4854 2440 4912 ὧν
2504 4857 2971 4927 πραγματεύεται.
3008 4856 3235 4925 Ποιῆσαι
3290 4854 3387 4921 γὰρ
3437 4844 3637 4935 ncillam?

2186 4950 2353 5003 ίδικὸν
2413 4951 2543 5018 περὶ⁸
2608 4948 2699 4999 τοῦ
2758 4947 3063 5015 μύρμηκος,
3127 4949 3221 4998 καὶ
3276 4946 3392 4996 ἄλλο
3439 4939 3539 5006 περὶ
3582 4946 3638 4979 τευ

2185 5043 2444 5112 ἀράχνου’
2485 5041 2578 5091 καὶ
2626 5038 2750 5089 ἄλλο
2791 5041 2919 5106 ’περὶ
2950 5038 3065 5105 τοῦ,
3104 5037 3329 5099 καπνοῦ,
3362 5033 3479 5090 τίνος
3502 5027 3545 5077 δὲ
3579 5034 3637 5088 χι-

2186 5152 2270 5203 ριν
2296 5136 2323 5185 6
2352 5132 2482 5194 Θεὸς
2529 5128 2747 5182 τοιαῦτα
2801 5130 3101 5183 ἐνετείλατο
3120 5159 3131 5169 ι
3154 5130 3280 5198 περὶ
3323 5126 3406 5178 τοῦ
3439 5122 3638 5191 μύρμηκ⁹ἶ

2185 5227 2278 5278 καὶ
2304 5224 2395 5277 τοῦ
2435 5221 2640 5275 καπνοῦ
2666 5239 2681 5280 ;
2713 5222 2835 5275 Ἔτι
2868 5222 3051 5288 φησὶν,
3080 5221 3155 5283 ὡς
3182 5218 3409 5271 οὐδέποτ’
3438 5216 3490 5265 ἂν
3512 5213 3532 5261 ὁ
3555 5204 3637 5259 θεὶς

2187 5315 2443 5385 συγγνοίη
2467 5307 2825 5385 Σαρρακηνῖξη
2842 5313 3072 5377 δείξαντι
3094 5312 3237 5364 νῶτα
3257 5313 3358 5387 τοῖς
3378 5306 3559 5376 ἐχθρθῖςν
3579 5294 3637 5346 ω

2179 5412 2244 5463 τὰ
2271 5409 2451 5461 λοιπά.
2488 5408 2705 5459 Ποίανδὲ
2736 5408 2979 5475 ἁμαρτία
3020 5408 3210 5473 φυγεῖν
3244 5408 3327 5456 τὸν
3360 5400 3584 5468 ἄνθρωπον
3602 5387 3635 5433 ἐν

2180 5502 2415 5569 πολέμῳ,
2444 5502 2653 5569 ὁρῶντα
2679 5499 2866 5551 ἑαυτὸν
2898 5500 2956 5551 ὲν
2991 5498 3217 5567 κινδύνῳ
3242 5514 3255 5559 ;
3293 5494 3419 5549 Ἀλλ’
3440 5476 3633 5557 ἠϐουλήθη

2179 5594 2271 5645 καὶ
2297 5591 2623 5660 πολεμικοὺς
2661 5590 2857 5650 αὐτοὺς
2892 5591 2984 5643 καὶ
3028 5590 3323 5657 τολμηροὺς
3366 5587 3388 5637 ὁ
3418 5576 3633 5667 Μαχουμξτ

2182 5683 2423 5751 ποιῆσαι.
2481 5681 2599 5734 Ἔτι
2657 5683 2684 5733 6
2733 5682 2891 5751 νόμος
2940 5682 2999 5736 ὃν
3042 5678 3390 5733 διακελεύεται
3438 5670 3535 5738 περὶ
3568 5669 3634 5723 της
