3862 6220
212 365 345 434 1081

1392 373 1683 432 CONTRA
1728 371 2233 430 ΜΛΗΟΜΕΤΕΜ.

3328 359 3462 425 1082

210 483 576 550 ἁπολούσεως,
605 483 797 552 ἄλογός
827 486 938 538 ἐστι
967 487 1265 550 παντελῶς.
1293 487 1624 556 Προστάττει
1654 485 1722 552 γὰ
1733 503 1782 553 ρ,

1892 520 1991 557 nus
2019 514 2074 556 et
2104 504 2318 556 vultum
2353 512 2406 555 et
2434 502 2682 570 podicctn
2715 509 2770 554 et
2800 499 3139 565 pudibunda,
3169 505 3224 550 et
3257 497 3463 565 palmas

209 578 297 630 ὅτε
331 574 736 645 προσεύξασθαι
761 574 1210 638 θέλοιεν,νίπτειν
1233 579 1329 640 τὰς
1353 579 1560 645 χεῖρας,
1594 578 1689 629 καὶ
1718 577 1777 626 τὸ

208 663 526 735 πρόσωπον,
567 663 661 716 καὶ
684 663 776 716 τὸν
811 664 1078 734 πρωκτὸν,
1113 666 1204 718 καὶ
1243 667 1310 716 τὰ
1350 666 1546 724 αἰδοῖα.
1585 664 1680 717 καὶ
1715 665 1780 716 τὰ

209 754 486 822 πέλματα,
519 754 611 806 καὶ
640 754 764 815 τοὺς
793 754 1082 823 βραχίονας
1119 757 1278 824 μέχρι
1310 756 1402 808 τοῦ
1441 759 1682 826 πήχεως.
1723 754 1784 812 Εἰ

207 845 266 898 δὲ
297 843 372 913 μὴ
402 843 612 912 εὕροιεν
652 842 813 911 ὕδωρ,
839 844 1136 912 βάπτεσθαι
1167 847 1264 906 τὰς
1295 849 1481 915 χεῖρας
1507 847 1564 897 ἐν
1592 849 1657 915 τῇ
1690 846 1784 898 x6-

209 953 316 1000 νει,
348 937 442 987 καὶ
480 933 618 1003 μετὰ
637 933 809 987 ταῦτα
837 934 1113 1004 τρίΰοντες
1142 935 1240 996 τὰς
1280 937 1468 1005 χεῖρας
1499 935 1785 1004 κεκονιμέ-

209 1044 306 1089 νας
329 1027 416 1078 διὰ
450 1025 542 1078 τοῦ
571 1026 883 1094 προσώπου,
913 1025 1144 1089 κονίζειν
1174 1027 1374 1088 ἱκανῶς
1403 1025 1464 1077 τὸ
1490 1026 1786 1093 πρόσωπον

211 1114 444 1168 ἑαυτῶν.
490 1115 650 1167 Ἀλλὰ
689 1116 738 1166 εί
777 1115 835 1166 τὸ
859 1115 1250 1167 ἀπονίπτεσθαι
1281 1115 1520 1182 εῦλογον,
1550 1114 1787 1181 εὐλογῶν

208 1221 366 1275 τερον
387 1205 453 1259 ἂν
481 1200 547 1273 ἦν
570 1205 786 1257 πλύνειν
807 1208 904 1265 τὴν
932 1205 1161 1274 καρδίαν
1180 1206 1317 1258 κατὰ
1337 1206 1396 1258 τὸ
1419 1206 1671 1275 τέταρτον
1694 1204 1785 1256 τοῦ

219 1295 485 1366 Ἰερεμίου
505 1311 519 1325 °
546 1315 564 1347 ι
594 1295 796 1349 Πλῦνον
824 1297 921 1367 τὴν
952 1297 1176 1363 καρδίαν
1209 1313 1303 1348 σου
1327 1295 1434 1348 άπὸ
1466 1295 1778 1362 πονηρίας.»

209 1387 284 1439 Τὸ
306 1387 360 1438 δὲ
392 1387 540 1438 κόνιν
563 1386 869 1438 ἐπιτάττειν
904 1385 979 1452 τῷ
1003 1385 1278 1455 προσώπῳ
1302 1387 1450 1437 ποῖον
1467 1385 1688 1436 δύναται
1704 1385 1795 1448 λόο-

210 1495 304 1545 γον
327 1477 503 1546 ἕχειν;
530 1477 744 1529 Μᾶλλον
774 1477 872 1545 μὲν
895 1473 987 1530 οῦν
1010 1478 1133 1528 ὅσον
1151 1475 1211 1528 τὸ
1231 1476 1442 1528 νίπτειν
1458 1476 1790 1540 εῦλογον,το-

213 1568 404 1621 σοῦτον
448 1566 510 1618 τὸ
537 1566 842 1630 κονίζεσθαι
879 1567 974 1619 καὶ
1002 1567 1062 1618 τὸ
1085 1563 1272 1634 αἶσχος
1303 1566 1502 1618 ἄτοπόν
1533 1567 1654 1616 ἐστι
1693 1568 1788 1617 καὶ

212 1658 425 1724 ἄλογον.
456 1657 702 1711 Μάλιστα
732 1656 786 1708 δέ
817 1657 1050 1724 άλογοςὸ
1084 1658 1247 1724 νόμος
1267 1651 1420 1718 οὗτος
1449 1656 1598 1708 δοκεῖ
1618 1657 1644 1707 6
1662 1653 1812 1724 περὶ-

212 1747 307 1802 τοῦ
339 1747 690 1800 ἀποστασίου.
720 1747 954 1800 Δύναται
982 1750 1090 1817 γὰρ
1129 1749 1476 1817 Σαρρακηνῖς
1508 1748 1790 1801 ἐκϐάλλειν

211 1835 310 1906 τὴν
337 1834 529 1888 ἐαυτοῦ
546 1838 800 1902 γυναῖκα,
821 1839 917 1889 καὶ
943 1838 1104 1889 πάλιν
1126 1837 1264 1907 αὐτῇ
1297 1837 1781 1904 καταλλάττεσθαι,

210 1929 400 1989 ὁσάκις
431 1927 496 1980 ἂν
516 1925 690 1997 τούτῳ
716 1928 944 1998 ἀρέσκῃ,
975 1928 1008 1997 ἦ
1033 1929 1320 1998 ἀπαρέσκῃ
1346 1945 1359 1958 ο
1396 1927 1538 1980 οὕτω
1571 1929 1782 1996 μέντοι,

209 2018 292 2072 ὅτι
325 2018 466 2083 μετὰ
493 2017 590 2088 τὴν
619 2017 811 2088 τρίτην
829 2019 1059 2089 ὲκόολὴν
1091 2019 1164 2089 μὴ
1190 2019 1448 2072 δύνασθαι
1479 2020 1646 2090 αὐτὴν
1675 2023 1784 2073 είς-

208 2107 483 2177 δέχεσθαι,
535 2107 672 2178 πλὴν
716 2109 764 2159 εί
812 2108 884 2177 μή
932 2124 1016 2169 τις
1058 2107 1242 2176 ἐτερος
1294 2106 1570 2176 σαρκικῶς
1615 2107 1782 2176 αὐτὴν

208 2198 386 2265 γνοίη,
416 2196 491 2263 μὴ
516 2196 679 2249 οὖσαν
700 2197 758 2250 ἐν
781 2199 892 2258 τοῖς
921 2197 1207 2266 ἐμμήνοις.
1233 2198 1292 2249 Εἰ
1316 2198 1370 2248 δὲ
1395 2198 1597 2265 ταύτην
1623 2196 1780 2266 γνοίη

210 2287 286 2357 μὴ
326 2287 526 2347 ἱκανῶς
571 2285 910 2355 ἐντεταμένῳ
966 2285 1171 2354 αἰδοίῳ,
1217 2285 1428 2355 ἀνάγκη
1473 2285 1782 2355 περαιτέρω

207 2379 412 2447 γνῶναι
436 2377 658 2447 ταύτην,
697 2377 894 2439 ίκανῶς
925 2377 1265 2447 ἐντεταμένῳ
1293 2377 1371 2446 τῷ
1399 2379 1578 2446 μέλει.
1618 2377 1782 2430 Ὅθεν

207 2470 337 2523 ὅταν
363 2469 658 2538 βούλωνται
681 2468 1144 2523 καταλλάττεσθαι
1170 2472 1288 2532 ταῖς
1313 2471 1523 2523 ἑαυτῶν
1545 2472 1784 2538 γυναιξὶ,

205 2561 424 2630 τίμημα
457 2561 659 2613 διδόασι
693 2559 880 2630 τυφλῷ
921 2578 1048 2625 τινι,
1085 2562 1116 2629 ἦ
1163 2561 1332 2630 ἑτέρῳ
1367 2563 1578 2614 εὐτελεῖ
1613 2555 1785 2632 προτί

208 2649 365 2720 ὠπῳ,
399 2652 744 2722 συνεσομένῳ
773 2651 999 2722 τοιαύτῃ
1030 2654 1270 2720 γυναικὶ,
1308 2655 1402 2707 καὶ
1443 2654 1580 2723 μετά
1609 2655 1782 2708 ταῦτα

211 2743 618 2814 μαρτυρήσοντι
644 2742 901 2814 δημοσίᾳ,
928 2746 1024 2797 καὶ
1039 2745 1250 2814 ἐροῦντι
1276 2745 1558 2814 βούλεσθαι
1582 2746 1784 2816 ταύτην

207 2834 481 2888 ἐκϐαλεῖν.
505 2825 583 2888 Οῦ
605 2835 919 2904 γενομένου,
942 2837 969 2888 6
995 2835 1207 2904 πρῶτος
1231 2835 1454 2888 δύναται
1476 2835 1785 2889 καταλλάτ-

205 2941 320 2978 τειν
357 2924 523 2994 αὐτὴν
562 2923 758 2994 ἐαυτῷ.
803 2923 1006 2978 Ἐνίοτε
1053 2925 1109 2978 δὲ
1151 2926 1403 2979 τοσοῦτον
1455 2927 1786 2995 ἀρέσκουσιν

207 3015 407 3077 αὐταῖς
434 3015 484 3067 oi
515 3015 780 3085 δεύτεροι,
816 3015 956 3069 ὥστε
1001 3017 1179 3086 λέγειν
1219 3018 1385 3081 αὐτὰς
1422 3020 1496 3088 μὴ
1525 3019 1784 3070 δύνασθαι

205 3106 433 3159 ἐκείνων
457 3107 784 3178 χωρίζεσθαι
804 3125 817 3139 ο
844 3109 941 3161 καὶ
966 3109 1086 3162 τότε
1113 3112 1140 3162 6
1169 3111 1386 3180 πρῶτος
1413 3110 1705 3163 ἀποϐαλὼν
1725 3111 1785 3162 τὸ

207 3198 430 3268 τίμημα
451 3201 543 3251 καὶ
576 3201 678 3270 τὴν
710 3203 968 3268 γυναῖκα,
993 3202 1249 3254 ἐκπίπτει
1277 3203 1380 3271 τῆς
1403 3203 1599 3256 ἑαυτοῦ
1631 3203 1785 3255 ἐλπί-

209 3290 318 3353 δος.
359 3283 460 3344 Ὧν
499 3290 663 3362 νόμος
696 3293 758 3346 οὐ
791 3293 1047 3346 τοσοῦτον
1077 3293 1407 3364 ἀνθρώποις,
1449 3295 1572 3346 ὅσον
1626 3293 1784 3359 ζώοις

202 3385 368 3450 λόγου
410 3383 794 3452 ἐστερημένοις
829 3386 1140 3455 προσήκων,
1176 3386 1290 3438 ἀλλ’
1324 3387 1385 3439 οὐ
1418 3387 1495 3452 τῷ
1533 3390 1673 3460 Θεῷ,
1706 3391 1785 3460 τῷ

202 3475 388 3528 πάντα
421 3476 517 3526 σὺν
541 3475 683 3545 λόγῳ
704 3475 1015 3530 διοικοῦντι.

289 3565 542 3621 Μάλιστα
586 3567 642 3619 δὲ
695 3569 892 3636 ἄλογος
925 3563 1078 3630 οὗτος
1107 3571 1136 3622 6
1179 3570 1339 3641 νόμος
1372 3573 1487 3626 ἐστὶ
1523 3574 1663 3626 κατὰ
1706 3574 1767 3626 τὸ

203 3656 359 3716 τέλος
401 3657 495 3710 καὶ
524 3659 650 3721 τοὺς
698 3660 924 3727 μισθοὺς
967 3659 1066 3722 οὒς
1099 3662 1480 3732 ὑπισχνεῖται.
1511 3666 1648 3735 Φησὶ
1675 3667 1784 3735 γὰρ

204 3749 274 3802 δι’
305 3749 428 3801 ὅλου
481 3748 573 3802 τοῦ
640 3749 1012 3821 ’Δλκοράνον.
1056 3752 1138 3804 ὅτι
1193 3755 1226 3823 ἡ
1280 3756 1624 3826 μακαριότης
1675 3757 1782 3808 τῶν

211 3840 590 3910 Σαρρακηνῶν
621 3841 737 3893 ἐστι
783 3846 1158 3914 καταρρύτους
1192 3844 1552 3914 παραδείσους
1585 3848 1786 3919 κεκτῆ-

211 3931 364 3996 σθαι,
390 3933 650 3999 γυναῖκάς
673 3949 731 3984 τε
757 3935 849 3984 καὶ
873 3934 1154 3998 παλλακὰς
1178 3935 1310 3988 πολλ
1322 3938 1376 4000 ἃς
1397 3939 1542 4001 νέας,
1563 3940 1785 4008 αἰσχυν-

207 4023 382 4093 τηλάς
416 4026 509 4075 καὶ
549 4024 742 4087 καλὰς,
782 4029 1083 4094 πορφυροῖς
1129 4027 1368 4096 ἱματίοις
1400 4029 1783 4099 ἐνδεδυμένας,

209 4116 454 4183 σκύφους
484 4114 542 4167 δέ
579 4114 814 4185 χρυσοῦς
862 4119 957 4168 καὶ
1001 4117 1275 4188 ἀργυροῦς
1307 4119 1396 4171 διὰ
1435 4120 1542 4172 τῶν
1578 4138 1784 4190 τραπε-

208 4207 322 4270 ζῶν
376 4205 780 4276 διατρέχοντας,
826 4207 969 4260 σιτία
1022 4209 1232 4276 ἥδιστα.
1293 4210 1479 4262 Ταῦτα
1530 4212 1769 4278 μάλιστα

209 4298 500 4365 καταλέγει
551 4301 609 4351 ἐν
648 4299 724 4368 τῷ
763 4299 1042 4368 κεφαλαίῳ
1068 4301 1146 4369 τῷ
1177 4301 1513 4372 Ἑλραγμὰν,
1545 4302 1572 4354 ὃ
1615 4304 1786 4372 ἑρμη-⁹

212 4391 430 4444 νεύεται
467 4391 760 4459 ἐλεήμων.
805 4391 893 4443 Ἐν
925 4393 981 4444 δὲ
1014 4392 1090 4459 τῷ
1123 4393 1312 4463 βιϐλίῳ
1348 4395 1445 4462 τῆς
1480 4394 1778 4447 Διδασκα·

1888 594 2062 661 pedis,
2096 606 2148 646 et
2175 593 2398 646 brachia
2433 607 2607 660 usque
2639 591 2704 643 ad
2741 589 3013 643 cubitum.
3051 589 3106 642 Si
3139 595 3321 640 autem
3353 601 3462 638 non

1889 685 2172 738 inveniant
2235 699 2452 751 aquam,
2499 681 2695 749 intingi
2745 694 2940 733 manus
2989 679 3044 732 in
3099 677 3326 746 pulvere
3360 692 3375 729 :
3409 684 3465 729 et

1887 784 2010 844 post
2045 776 2159 860 lucc
2185 782 2430 827 terentes
2459 771 2655 825 manus
2683 771 2903 838 pulvere
2935 769 3098 822 illitas
3124 783 3221 836 per
3246 765 3461 827 faciem,

1888 866 2114 933 pulvere
2135 857 2349 916 'illinire
2373 862 2706 916 suﬂicienter
2731 876 2920 914 eorum
2953 860 3200 926 ipsorum
3225 857 3460 909 vultum.

1889 953 1992 1006 Sed
2022 955 2124 1006 etsi
2161 954 2341 1006 lavare
2401 952 2724 1008 rationabile
2767 991 2781 1014 ,
2820 949 3202 1004 rationabilius
3228 950 3336 1018 jam
3375 963 3463 1000 es-

1889 1053 1972 1098 set
2022 1043 2205 1096 lavare
2261 1059 2378 1107 cor,
2434 1043 2738 1096 secundum
2793 1041 3086 1095 Jeremiam
3141 1040 3461 1092 dicentem:

1896 1153 1914 1186 ι
1953 1135 2092 1188 Lava
2126 1150 2222 1188 cor
2271 1144 2422 1188 tuum
2453 1150 2481 1187 a
2517 1133 2765 1202 nequitia
2797 1134 2863 1186 ”.
2903 1152 2920 1182 ι
2954 1132 3241 1186 Pulverem
3276 1140 3459 1181 autem

1891 1239 2167 1293 apponere
2212 1224 2412 1288 vultui,
2449 1239 2612 1291 quam
2668 1233 2847 1291 potest
2896 1221 3098 1274 habere
3156 1216 3464 1271 rationem?

1896 1314 2064 1384 Magis
2107 1314 2329 1383 quidem
2380 1314 2547 1382 igitur
2577 1301 2840 1382 quantum
2879 1313 3061 1364 lavare
3109 1318 3191 1363 est
3229 1308 3463 1362 rationa-

1892 1406 2022 1468 bile,
2062 1415 2272 1459 tantum
2319 1405 2545 1474 pulvere
2582 1403 2796 1474 illiniri,
2830 1403 3224 1456 inconveniens
3273 1410 3356 1451 est
3411 1409 3466 1450 et

1899 1497 2303 1550 irrationabile.
2333 1495 2566 1550 Maxime
2601 1505 2781 1550 autem
2820 1491 3210 1548 irrationabilis
3238 1491 3351 1543 lucc
3380 1489 3467 1542 lex

1897 1587 2138 1653 videtur,
2181 1604 2304 1657 qua:
2333 1596 2416 1641 est
2451 1587 2518 1642 de
2555 1586 2808 1655 repudio.
2847 1584 3029 1638 Potest
3057 1583 3203 1636 enim
3236 1581 3465 1634 Sarace-

1898 1693 2005 1730 nus
2040 1678 2238 1748 ejicere
2267 1678 2353 1733 sui
2399 1677 2573 1746 ipsius
2606 1691 2852 1738 uxorem,
2881 1685 2937 1729 et
2970 1689 3165 1727 rursus
3201 1673 3252 1725 ei
3283 1671 3468 1725 conci-

1901 1770 2021 1825 liari
2053 1771 2213 1824 toties
2236 1771 2454 1839 quoties
2486 1768 2613 1822 huic
2655 1767 2926 1835 placuerit
2957 1766 3043 1820 Vel
3076 1763 3464 1832 displicuerit:

1894 1864 1974 1918 sic
2007 1873 2194 1916 tamen
2229 1870 2286 1914 ut
2321 1871 2444 1930 post
2482 1859 2698 1914 tertiam
2733 1857 3174 1936 repudiationem
3203 1871 3310 1908 non
3341 1869 3467 1923 pos-

1901 1955 1971 2010 sit
1997 1969 2116 2007 cam
2146 1954 2430 2022 suscipere
2467 1969 2480 2005 :
2532 1951 2636 2004 nisi
2681 1951 2805 2019 quis
2854 1950 2991 2004 alter
3020 1963 3139 2002 eam
3172 1947 3470 2001 carnaliter

1893 2045 2232 2114 cognowrit,
2258 2059 2366 2098 non
2392 2044 2746 2097 exsistentem
2774 2042 2828 2095 in
2858 2041 3180 2095 menstruis.
3203 2039 3260 2093 Si
3284 2050 3465 2092 autem

1892 2136 2036 2189 hanc
2078 2135 2394 2204 cognoverit
2425 2149 2533 2186 non
2563 2132 2898 2187 sullicienter
2930 2140 3159 2185 extenso
3189 2129 3469 2193 testiculo,

1892 2240 2118 2281 necesse
2160 2224 2389 2278 ulterius
2432 2225 2576 2277 hanc
2611 2236 2954 2292 cognoscere
2990 2221 3330 2277 sumcienter
3377 2235 3470 2272 cx-

1894 2325 2050 2371 tenso
2079 2315 2343 2368 membro.
2373 2314 2528 2369 Unde
2553 2315 2773 2384 quando
2801 2315 2994 2368 volunt
3025 2311 3308 2366 conciliari
3341 2325 3468 2364 cum

1891 2408 1973 2462 sui
2005 2407 2245 2476 ipsorum
2274 2407 2556 2470 uxoribus,
2595 2405 2726 2459 dant
2766 2404 3001 2474 pretium
3053 2417 3198 2457 caeco
3229 2401 3468 2468 cuidam,

1892 2499 1980 2552 vel
2005 2497 2163 2551 alteri
2197 2497 2290 2550 vili
2323 2511 2592 2566 personat,
2625 2507 2748 2564 qua:
2789 2510 2912 2548 cum
2944 2494 3040 2548 tali
3085 2507 3260 2546 uxore
3303 2491 3468 2546 simul

1893 2588 2077 2642 futura
2111 2595 2218 2642 est.
2267 2588 2334 2641 Et
2378 2596 2502 2656 post
2542 2588 2659 2640 haec
2694 2586 2987 2645 testabitur
3023 2584 3264 2654 publice,
3297 2586 3352 2637 et
3386 2582 3470 2635 di-

1893 2685 1982 2732 cet
2015 2678 2155 2731 velle
2194 2677 2336 2729 hanc
2371 2675 2683 2744 repudiare.
2732 2674 2852 2738 Quo
2902 2674 3068 2738 facto,
3114 2674 3330 2742 primus
3369 2687 3467 2740 po-

1893 2777 1998 2822 test
2026 2783 2144 2820 eam
2179 2767 2282 2819 sibi
2311 2765 2628 2820 conciliare.
2673 2762 2987 2832 Aliquando
3037 2771 3223 2816 autem
3253 2769 3466 2813 tantum

1894 2858 2118 2927 placent
2141 2857 2223 2910 eis
2256 2855 2510 2917 secundi,
2547 2863 2605 2908 ut
2636 2853 2820 2906 dicant
2851 2868 2960 2907 non
2990 2868 3151 2923 posse
3181 2867 3273 2907 eas
3305 2852 3372 2905 ab
3408 2851 3472 2904 il-

1890 2947 2250 3016 lisseparari.
2284 2946 2351 2999 Et
2383 2955 2515 2998 tunc
2557 2944 2770 3013 primus
2821 2944 3083 2998 amittens
3130 2943 3366 3012 pretium
3415 2952 3472 2994 et

1893 3051 2138 3101 uxorem,
2174 3034 2377 3089 decidit
2414 3051 2447 3087 a
2479 3034 2562 3088 sui
2595 3033 2767 3103 ipsius
2811 3050 2929 3104 spe.
2963 3033 3210 3099 Quorum
3242 3032 3328 3085 lex
3362 3046 3468 3084 non

1813 3165 1856 3220 ο
1896 3138 2106 3183 tantum
2160 3128 2500 3190 hominibus,
2546 3135 2813 3196 quantum
2868 3127 3202 3180 animalibus
3254 3124 3466 3178 ratione

1890 3222 2127 3290 privatis
2157 3221 2491 3274 conveniens
2531 3232 2635 3274 est.
2681 3220 2788 3273 Sed
2828 3235 3008 3288 neque
3045 3219 3178 3284 Deo,
3220 3218 3314 3287 qui
3351 3232 3467 3270 om-

1886 3314 1976 3366 nia
2007 3312 2261 3366 similiter
2291 3327 2414 3364 cum
2448 3313 2661 3366 ratione
2692 3311 2985 3380 gubernat,
3021 3312 3304 3367 convenit.

1953 3582 2186 3635 Maxime
2217 3593 2395 3635 autem
2424 3581 2542 3634 haec
2573 3583 2665 3635 lex
2702 3581 3096 3634 irrationabilis
3144 3587 3226 3634 est
3267 3594 3462 3634 secun-

1885 3672 2013 3728 dum
2057 3673 2218 3726 finem
2262 3683 2316 3727 et
2383 3672 2607 3741 prtemia
2639 3689 2761 3742 quae
2802 3673 3095 3741 promittit.
3144 3674 3286 3728 Dicit
3315 3673 3463 3726 enim

1886 3783 1984 3838 per
2041 3775 2214 3821 totum
2278 3766 2653 3820 Aleoranum:
2713 3767 3006 3821 Beatitudo
3063 3767 3464 3821 Saracenorum

1885 3869 1995 3924 est,
2029 3858 2268 3928 irriguos
2301 3859 2490 3911 hortos
2530 3858 2832 3927 possidere,
2865 3857 3125 3912 mulieres
3158 3866 3211 3911 et
3243 3857 3467 3927 pelliees

1883 3954 2138 4024 juvenes,
2174 3951 2518 4006 verecundas
2558 3959 2612 4005 et
2654 3950 2932 4020 pulchras,
2963 3949 3266 4019 purpureis
3299 3949 3466 4002 vesti-

1889 4047 1991 4100 bus
2031 4044 2279 4108 indutas,
2308 4042 2543 4110 scyphos
2598 4049 2781 4095 autem
2833 4055 3031 4095 aureos
3061 4049 3118 4094 et
3169 4047 3464 4109 argenteos
3559 4105 3562 4107 ς

1887 4153 1986 4206 per
2037 4152 2257 4190 mensas
2311 4134 2708 4196 discurrentes,
2764 4140 2820 4187 et
2877 4133 3082 4186 cibaria
3138 4130 3462 4186 suavissima

1887 4226 2108 4294 habere.
2141 4227 2266 4279 llaec
2306 4226 2536 4278 maxime
2596 4232 2858 4279 numerat
2895 4223 2951 4276 in
2991 4215 3231 4292 capitulo
3275 4223 3466 4291 Elrag-

1885 4334 2030 4382 man,
2080 4317 2225 4386 quod
2279 4318 2665 4385 interpretatur
2726 4317 3020 4368 miaerator.
3061 4315 3118 4368 ln
3173 4315 3312 4366 libro
3372 4329 3468 4366 au-

1891 4419 1999 4461 tem
2036 4407 2112 4459 De
2146 4407 2389 4458 doctrina
2430 4405 2734 4469 Malmmeli,
2767 4405 2860 4474 qui
2901 4405 3042 4458 liber
3084 4405 3225 4473 apud
3263 4419 3358 4474 eos
3389 4412 3469 4456 est

212 4485 354 4549 λιιις
382 4473 864 4550 τοῦΪΜαχούμετ,
897 4477 958 4535 οῦ
1005 4486 1054 4536 οί
1085 4483 1234 4551 λόγοι
1284 4485 1496 4552 μεγάλα
1527 4485 1782 4538 δύνανται

1892 4513 2101 4567 magnae
2138 4497 2508 4556 auctoritatis,
2548 4496 2775 4564 exponit
2825 4496 3077 4550 ordinem
3113 4496 3466 4551 cibariorum.

213 4576 351 4645 παρ’
377 4575 593 4638 αὐτοῖς’,
624 4573 871 4644 ἐκτίθησι
926 4573 1024 4643 τὴν
1074 4575 1227 4638 τάξιν
1259 4575 1368 4626 τῶν
1424 4576 1630 4630 σιτίων.
1669 4579 1780 4630 Καί

213 4651 354 4737 φησι
389 4665 605 4736 πρῶτον
640 4666 738 4732 μέν
792 4663 932 4717 εἶναι
962 4665 1094 4733 ὄψον
1144 4666 1252 4717 τῶν
1294 4668 1783 4736 προτεθησομένων

210 4759 334 4810 ἐκεῖ
356 4757 422 4808 τὸ
451 4752 612 4824 ἧπαρ
643 4757 748 4809 τοῦ
773 4756 1131 4824 ἀλμπεποὺτ
1162 4756 1366 4826 ἰχθύος,
1406 4759 1574 4811 σιτίον
1600 4759 1783 4828 ἄκρως

212 4847 314 4918 ἡδύ
337 4863 352 4878 ⁸
406 4849 500 4900 καὶ
538 4848 675 4917 μετὰ
699 4847 878 4900 ταῦτα
931 4849 994 4900 ἐκ
1023 4849 1269 4918 διαδοχῆς
1300 4850 1530 4918 δένδρων
1561 4852 1781 4920 καρποί.

210 4940 328 4992 Καὶ
362 4939 724 5007 παρακατιὼν
760 4940 815 4989 ἐν
842 4939 919 5007 τῷ
950 4939 1097 5007 αὐτῷ
1126 4941 1427 5010 κεφαλαίῳ,
1461 4942 1789 5011 ἐρωτώντων

212 5030 383 5083 αὑτὸν
441 5030 489 5082 εί
535 5032 628 5084 κοιλ⁸
685 5029 1062 5096 λαγνεύουσιν,
1095 5031 1448 5096 ἀπεκρίνατο,
1483 5033 1596 5084 Οὐκ
1626 5031 1690 5083 ἂν
1723 5029 1791 5102 ἦν

217 5121 588 5191 μακαριότης,
641 5123 696 5172 εἴ
733 5139 816 5181 τις
860 5123 979 5173 ἐκεῖ
1031 5125 1104 5192 μὴ
1146 5123 1327 5190 παρῆν
1355 5125 1538 5193 ἡδονή.
1576 5125 1792 5176 Μᾶλλον

221 5211 325 5279 μὲν
381 5206 474 5263 οὖν
550 5211 728 5281 μάτην
783 5213 880 5281 μὲν
933 5211 999 5264 ἂν
1050 5207 1192 5281 ἦσαν
1225 5213 1421 5277 πάντα,
1459 5215 1532 5283 μὴ
1563 5219 1654 5267 καὶ
1694 5215 1792 5282 τῆς

217 5301 367 5354 κατὰ
403 5302 501 5371 τὴν
549 5302 804 5370 λαγνείαν
856 5302 1050 5371 ἡδονῆς
1104 5304 1394 5372 ἑπομένης.
1430 5306 1518 5357 Ἐν
1550 5306 1723 5374 τούτῳ
1745 5305 1791 5356 δ’

219 5393 373 5445 ἐστιν
405 5395 434 5445 6
484 5395 592 5456 πᾶς
633 5395 726 5446 τοῦ
773 5394 1098 5463 Ἀλκοράνου
1137 5396 1358 5458 σκοπὸς,
1387 5397 1504 5458 καὶ,
1535 5396 1660 5464 ὅλης
1690 5395 1789 5464 τῆς

217 5487 332 5538 τῶν
370 5485 739 5555 ὣρῤακηνῶν
801 5487 1084 5557 αἱρέσεως,
1133 5486 1212 5556 τῷ
1266 5486 1364 5555 τὴν
1416 5488 1791 5557 μακαριότητα

227 5576 464 5647 μάλιστα
498 5581 555 5630 ἐν
603 5579 833 5650 λαγνείᾳ
885 5580 1235 5646 καὶ,γαστρ“ι
1281 5580 1624 5634 συνεστάναι.
1684 5581 1792 5634 Καὶ

299 5751 344 5787 ⁸⁸
373 5752 573 5810 Jerem.
606 5771 677 5822 tv,
717 5752 800 5806 l4.

1889 4590 1957 4644 Et
1981 4589 2115 4641 dicit
2149 4588 2387 4657 primum
2429 4585 2649 4656 qnidem
2677 4579 2797 4641 esse
2826 4586 3091 4640 ferculum
3128 4602 3320 4640 eorum
3347 4603 3468 4654 qua:

1891 4681 2002 4735 illic
2048 4691 2174 4735 sunt
2221 4679 2562 4748 apponenda,
2606 4695 2736 4748 ep'ar
2767 4679 3060 4748 alimpeput
3094 4679 3281 4746 piscis,
3321 4679 3466 4730 ciba-

1890 4775 2099 4827 riorum
2146 4772 2302 4825 valde
2344 4787 2530 4836 suave,
2583 4779 2638 4825 et
2688 4770 2958 4839 posthaec
3005 4786 3071 4822 ex
3112 4768 3464 4822 successione

1895 4867 2151 4919 arborum
2186 4863 2423 4916 fructus.
2450 4863 2517 4914 Et
2554 4861 2898 4914 descendens
2929 4859 2982 4911 in
3015 4859 3208 4912 eodem
3244 4860 3460 4926 capitu-

1896 4955 1971 5015 lo,
2023 4950 2492 5018 interrogantilms
2544 4965 2668 5003 eum
2724 4949 3076 5016 quibusdam,
3107 4948 3149 5000 si
3203 4957 3259 5000 et
3297 4949 3463 5000 luxu-

1898 5045 2131 5098 ricntur.
2171 5041 2492 5107 respondit:
2527 5039 2643 5091 Non
2679 5048 2827 5092 esset
2879 5038 3183 5102 beatitudo,
3229 5039 3272 5090 si
3311 5055 3462 5106 quae-

1897 5133 2020 5186 dam
2077 5133 2190 5185 illic
2239 5147 2346 5183 non
2401 5131 2620 5183 adesset
2671 5129 2945 5197 voluptas.
2982 5129 3172 5181 Potius
3240 5130 3462 5197 quidem

1900 5222 2067 5290 igitur
2107 5219 2309 5272 frustra
2357 5227 2540 5271 essent
2582 5218 2783 5280 omnia,
2826 5234 2948 5270 cum
2983 5233 3090 5270 non
3144 5229 3466 5285 sequeretur

1890 5311 2141 5379 voluptas
2190 5309 2495 5362 secundum
2545 5308 2841 5362 luxuriam.
2887 5308 2943 5362 In
2983 5309 3089 5362 hoc
3153 5317 3334 5361 autent
3380 5316 3466 5361 est

1888 5401 2066 5454 onmis
2122 5398 2374 5452 Alcorani
2433 5398 2659 5451 intendo
2719 5407 2775 5451 et
2837 5399 3004 5451 totius
3059 5397 3459 5452 Saracenorum

1889 5500 2070 5556 sectae,
2128 5489 2521 5542 beatitudinem
2556 5488 2788 5540 maxime
2835 5489 2888 5540 in
2925 5486 3138 5540 luxuria
3172 5495 3226 5540 et
3271 5495 3464 5541 ventre

1889 5581 2250 5635 constituero.
2292 5577 2356 5632 Et
2402 5578 2513 5632 hac
2543 5595 2650 5631 non
2685 5577 2988 5633 secundum
3039 5577 3456 5635 similitudinem
