3862 6220
274 334 415 400 1085

1461 340 1753 401 CONTRA
1795 336 2307 399 MAHOMETEM-

3385 336 3527 400 108‘}

269 455 453 510 δισίων
492 456 641 509 ἐστὶν
680 458 813 521 ἐκεῖ,
860 458 909 510 εί
969 459 1044 527 μὴ
1102 459 1279 527 μάτην
1333 458 1418 525 εἴη
1450 497 1465 521 ,
1508 458 1701 508 ἕπεται
1743 455 1833 507 καὶ

1938 457 2347 524 generationem
2406 456 2521 510 fore
2563 456 2706 510 sicut
2754 456 2917 509 etiam
2951 432 3118 507 nunc.
3153 454 3302 508 Multi
3353 455 3521 524 igitur

270 546 491 612 γένεσιν
527 544 749 599 ἔσεσθαι
778 545 970 617 ὥσπερ
1009 552 1104 603 καὶ
1142 550 1259 603 νῦν.
1290 548 1482 601 Πολλοὶ
1510 550 1617 616 ἄρα
1651 562 1843 615 γεννη-

185 700 196 710 .
272 634 532 702 θήσονται
567 634 705 704 μετά
729 634 830 706 τὴν
863 638 1186 702 ἀνάστασιν,
1220 639 1328 708 πρὸ
1356 642 1456 709 τῆς
1488 636 1844 697 ἀναστάσεως

220 720 231 739 ⁸
274 725 350 794 μὴ
388 726 564 789 ὄντες.
596 727 791 797 Μάτην
825 728 932 797 ἄρα
961 729 1212 782 τοσοῦτον
1243 732 1277 796 ἡ
1311 728 1419 782 τῶν
1462 728 1673 795 νεκρῶν
1708 725 1844 778 ἀνά-

272 831 461 877 στασις
493 817 906 883 παρατείνεται,
940 817 1027 869 ἵνα
1063 818 1267 879 πάντες
1303 816 1441 886 ὁμοῦ
1469 817 1519 869 οἱ
1546 817 1645 885 τὴν
1672 815 1844 885 αὐτὴν

267 905 483 974 ἔχοντες
521 905 683 973 φύσιν
730 907 945 965 λάϐοιεν
996 908 1093 977 τὴν
1125 908 1294 977 ζωήν.
1332 910 1455 962 Ἔτι
1500 910 1547 961 εί
1583 910 1616 978 ἡ
1669 908 1845 977 μακα-

273 997 457 1066 ριότης
502 1000 560 1051 ὲν
609 1001 687 1066 τῷ
735 999 1020 1067 λαγνεύειν
1048 999 1142 1052 καὶ
1176 1000 1379 1064 πολλὰς
1417 1000 1559 1069 ἔχειν
1586 1000 1848 1066 γυναῖκάς

267 1090 504 1151 ἐστιν,οί
535 1091 674 1159 μετά
702 1091 802 1161 τὴν
831 1092 1127 1145 ἀνάστασιν
1160 1092 1619 1163 γεννηθησόμενοι
1663 1091 1725 1143 οὐ
1761 1090 1852 1143 δυ-

265 1179 521 1246 νήσονται
550 1178 688 1234 εἶναι
719 1181 1002 1252 μακάριοι,
1035 1184 1083 1234 εί
1120 1182 1195 1250 μὴ
1223 1184 1484 1249 γυναῖκας
1526 1179 1723 1241 πολλάς
1754 1178 1850 1233 λά-

256 1269 437 1325 ϐοιεν.
471 1271 548 1323 Οὐ
600 1271 929 1341 δυνήσονται
973 1272 1029 1324 δὲ
1100 1272 1281 1324 λαϐεῖν
1332 1271 1456 1324 οὔτε
1505 1270 1847 1343 εὐδαίμονας,

266 1360 391 1413 οὔτε
420 1362 814 1430 κακοδαίμονας
836 1380 852 1397 ο
888 1363 1178 1430 ἀναμένειν
1203 1363 1312 1433 ἄρα
1338 1363 1540 1431 δεήσει,
1564 1360 1755 1430 μέχρις
1784 1362 1849 1413 ἂν

266 1451 423 1505 ἄλλαι
442 1453 659 1514 πλείους
680 1454 1001 1523 γεννηθὼσι.
1022 1455 1131 1507 Καὶ
1153 1452 1293 1505 οὕτω
1321 1454 1500 1520 δεήσει
1524 1451 1724 1515 πολλάς
1751 1452 1849 1521 μὲν

266 1543 560 1609 γεννᾶσθαι
602 1546 888 1611 γυναῖκας,
919 1544 1133 1610 ὀλίγους
1167 1544 1223 1595 δὲ
1256 1543 1455 1613 ἄνδρας
1475 1558 1489 1573 ·
1548 1543 1642 1596 καὶ
1672 1542 1845 1606 οὕτως

277 1637 337 1685 ὲν
382 1633 575 1703 βραχεῖ
615 1634 792 1703 καιρῷ
823 1633 979 1687 ἔσται
1004 1637 1036 1702 ἡ
1067 1635 1209 1704 ἀρχὴ
1239 1632 1347 1687 τῶν
1388 1633 1692 1700 γυναικῶν.
1727 1634 1847 1687 Ἔτι

278 1726 329 1777 εί
366 1727 506 1794 μετὰ
532 1728 630 1793 τὴν
671 1727 965 1781 ἀνάστασιν
1001 1727 1153 1780 ἔσται
1188 1726 1492 1795 ἀνθρώπων
1530 1727 1768 1793 γένεσις,
1795 1728 1845 1779 οί

273 1817 738 1887 γεννηθησόμενοι
785 1818 817 1883 ἥ
867 1818 1030 1870 πάλιν
1079 1818 1488 1888 φθαρήσονται’,
1547 1817 1581 1887 ἢ
1626 1817 1839 1869 ἔσονται

266 1908 540 1978 ἄφθαρτοι
574 1911 669 1962 καὶ
712 1910 989 1963 ἀθάνατοι.
1014 1909 1085 1962 Εἰ
1118 1909 1192 1978 μὴ
1223 1909 1638 1977 φθαρήσονται,
1670 1906 1842 1961 πολλὰ

264 1999 455 2067 ἕψεται
512 2000 689 2053 ἄτοπα
721 2016 735 2030 ·
773 1999 934 2052 τοῦτο
974 2000 1073 2070 μὲν
1098 2042 1112 2066 ,
1163 2002 1247 2052 ὅτι
1284 1988 1439 2052 ἔσται
1470 2001 1497 2050 ὁ
1532 1998 1841 2051 πολλαπλα-

267 2091 499 2158 σιασμδς
530 2093 619 2144 ἐπ’
650 2093 901 2160 ἄπειρον·
941 2093 1099 2144 τοῦτο
1136 2093 1191 2145 δὲ
1220 2131 1235 2155 ,
1277 2087 1349 2146 ὧν
1403 2094 1552 2144 ὲστιν
1600 2091 1760 2160 ὁμοία
1802 2092 1836 2161 ἡ

264 2184 496 2249 γένεσις,
530 2184 632 2237 οὐκ
660 2183 809 2236 ἐστιν
832 2185 1018 2251 ὅμοιος
1050 2186 1145 2236 καὶ
1188 2186 1216 2237 ὁ
1259 2185 1356 2251 τῆς
1393 2183 1660 2251 γενέσεως
1691 2184 1836 2250 ὅρος.

266 2276 384 2328 Νῦν
410 2276 507 2344 μὲν
554 2275 738 2344 ἔχουσι
766 2276 1015 2345 φθαρτὴν
1045 2276 1215 2345 ζωὴν,
1247 2276 1370 2327 τότε
1418 2274 1474 2326 δὲ
1524 2272 1834 2341 ἄφθαρτον.

265 2369 381 2422 Καὶ
427 2368 580 2436 παρά
633 2368 829 2433 ταῦτα,
888 2370 1002 2422 [Ιᾶν
1034 2369 1094 2422 τὸ
1136 2370 1397 2438 γεννητὸν
1454 2368 1548 2421 καὶ
1598 2365 1838 2435 φθαρτὸν

264 2456 669 2528 εἶναιάνάγκη,
720 2460 806 2511 διὰ
838 2465 899 2511 τὸ
946 2461 1046 2527 τὴν
1092 2459 1309 2525 γένεσιν
1341 2458 1435 2512 καὶ
1483 2458 1585 2528 τὴν
1629 2458 1838 2527 φθοράν

264 2549 485 2603 ἐναντία
507 2546 646 2604 εῐναι
677 2551 775 2603 καὶ
806 2552 934 2618 περὶ
957 2551 1018 2604 τὸ
1057 2552 1208 2604 αὐτό.
1239 2552 1299 2604 El
1326 2552 1381 2604 δὲ
1412 2553 1461 2604 οἱ
1487 2553 1608 2606 τότε
1642 2567 1837 2619 γεννη-

262 2641 559 2718 θησόμενοι
596 2641 876 2709 ἄνθρωποι
918 2641 1150 2710 φθαρτοὶ
1191 2643 1431 2706 ἔσονται,
1486 2642 1580 2694 κα)⁸
1626 2640 1838 2695 ἀποθα-

262 2732 516 2795 νοῦνται,
571 2734 618 2786 εί
654 2734 814 2786 πάλιν
860 2734 960 2786 οὐκ
1013 2735 1453 2800 ἀναστήσονται,
1511 2732 1707 2786 ἕπεται
1738 2732 1836 2794 τάς

261 2824 489 2878 ἐκείνων
519 2823 698 2891 ψυχὰς
731 2824 819 2877 ἀεὶ
841 2821 1026 2890 μένειν
1057 2822 1166 2875 τῶν
1193 2826 1458 2891 σωμάτων
1491 2823 1838 2892 κεχωρισμέ-

260 2931 382 2976 ναςο
408 2914 543 2984 ὅπερ
574 2917 721 2968 ἐστὶν
750 2916 971 2979 ἄτοπον,
1008 2916 1103 2969 τοῦ
1132 2916 1298 2969 αὐτοῦ
1320 2916 1494 2980 εἴδους
1518 2915 1685 2979 οὔσας
1716 2919 1837 2980 ταῖς

259 3005 375 3057 τῶν
414 3006 762 3061 ἀναστάντων
796 3007 1015 3078 ψυχαῖς.
1061 3010 1122 3062 Εἰ
1173 3010 1229 3060 δὲ
1286 3009 1529 3061 κάκεῖνοι
1586 3009 1830 3077 ἀναστήο

1948 559 2241 603 nascentur
2294 558 2415 616 post
2448 547 2931 610 resurrectionem,
2971 546 3062 615 qui
3106 554 3229 599 ante
3281 561 3524 601 resurre-

1949 639 2185 694 ctionem
2241 656 2350 693 non
2402 642 2648 695 fuerunt.
2701 640 2925 694 Frustra
2966 638 3134 709 igitur
3195 639 3250 693 in
3304 648 3517 694 tantum

1951 738 2295 785 mortuorum
2330 731 2662 785 resurrectio
2700 730 3007 799 elongatur,
3040 736 3101 784 ut
3135 743 3327 783 omnes
3358 728 3523 781 simul

1948 824 2041 892 qui
2070 824 2317 880 eamdem
2345 834 2597 878 naturam
2632 824 2859 890 habent,
2896 826 3063 878 vitam
3098 824 3337 893 capiant.
3388 824 3523 876 Item

1950 917 1994 971 si
2026 916 2308 970 beatitudo
2341 915 2395 968 in
2422 901 2751 970 luiuriando
2823 924 2878 970 et
2912 916 3113 970 multas
3142 916 3402 970 mulieres
3426 914 3523 967 ba-

1950 1004 2128 1059 bendo
2165 1017 2271 1068 est,
2296 1007 2391 1075 qui
2416 1015 2540 1076 post
2566 1008 3030 1062 resurreCtionem
3066 1016 3382 1068 nascentur,
3413 1020 3521 1058 non

1950 1105 2217 1167 poterunt
2242 1114 2364 1154 esse
2407 1099 2553 1154 beati
2580 1100 2684 1153 nisi
2712 1100 2974 1179 mulieres
3035 1084 3251 1179 multas.
3277 1099 3517 1168 capiant.

1948 1190 2067 1244 Non
2116 1201 2375 1258 poterunt
2409 1200 2591 1245 autem
2630 1172 2823 1260 capere
2860 1207 3039 1260 neque
3073 1172 3278 1253 felices,
3342 1206 3521 1259 neque

1951 1280 2201 1335 infelices
2236 1298 2251 1336 :
2291 1281 2458 1349 igitur
2504 1291 2813 1344 remanent,
2855 1298 3141 1352 quousque
3170 1282 3355 1350 plures
3403 1281 3524 1334 aliae

1949 1378 2267 1423 nascantur.
2302 1368 2371 1422 Et
2430 1368 2510 1423 sic
2556 1369 2838 1437 oportebit
2877 1370 3061 1439 plures
3106 1369 3330 1438 quidem
3371 1368 3524 1420 nasci

1950 1459 2230 1524 mulieres,
2259 1472 2466 1527 paucos
2493 1468 2683 1513 autem
2716 1459 2884 1523 viros,
2917 1470 2971 1513 et
3000 1460 3080 1513 sic
3112 1460 3167 1513 in
3202 1458 3356 1512 brevi
3387 1467 3523 1511 tem-

1951 1565 2082 1617 pore
2108 1551 2217 1605 erit
2243 1550 2535 1619 imperium
2572 1550 2890 1606 mulierum.
2923 1550 3060 1605 Item
3101 1550 3147 1605 si
3189 1558 3312 1619 post
3340 1565 3526 1603 resur-

1952 1643 2249 1697 rectionem
2281 1642 2390 1698 erit
2422 1642 2709 1696 hominum
2739 1642 3039 1710 generatio,
3075 1642 3167 1711 qui
3208 1643 3521 1712 gignentur,

1950 1732 2036 1786 vel
2071 1748 2259 1788 rursus
2291 1742 2668 1800 corrumpentt
2692 1748 2737 1798 r,
2770 1732 2853 1786 vel
2881 1740 3043 1786 erunt
3073 1732 3524 1802 incorruptibiles

1949 1832 2005 1877 et
2034 1823 2392 1878 immortales.
2436 1821 2551 1877 Nisi
2585 1833 3030 1892 corrumpentur,
3070 1825 3242 1877 multa
3291 1839 3525 1891 sequen-

1948 1926 2042 1972 tur
2077 1917 2555 1983 inconvenientia;
2590 1929 2703 1971 tum
2741 1918 2869 1986 quia
2901 1918 3009 1971 erit
3046 1917 3428 1986 multiplicatio
3467 1916 3521 1970 in

1946 2010 2243 2074 inﬁnitum,
2277 2019 2393 2063 tum
2419 2009 2545 2077 quia
2579 2025 2817 2078 quorum
2850 2009 2959 2063 erit
2993 2008 3187 2063 similis
3216 2008 3519 2077 generatio,

1944 2115 2054 2153 non
2090 2100 2198 2153 erit
2251 2100 2448 2155 similis
2492 2099 2865 2169 generationis
2920 2099 3208 2153 terminus.
3255 2099 3520 2154 Homines

1943 2189 2089 2243 enim
2124 2202 2220 2255 per
2254 2189 2659 2257 generationem
2687 2204 2808 2257 quae
2837 2197 3012 2243 estex
3037 2195 3336 2255 spermate,
3364 2204 3519 2242 nunc

1943 2277 2161 2345 quidem
2208 2277 2621 2346 corruptibilem
2668 2279 2839 2333 vitam
2888 2277 3119 2342 habent,
3168 2289 3299 2332 tunc
3336 2289 3518 2333 autem

1943 2368 2320 2437 incorruptam
2358 2368 2661 2423 habebunt.
2698 2369 2766 2424 Et
2797 2378 2995 2438 praeter
3021 2370 3181 2426 baac:
3213 2368 3388 2424 Omne
3426 2385 3523 2438 ge-

1941 2459 2117 2512 nitum
2166 2458 2524 2528 corruptibile
2583 2474 2707 2515 esse
2764 2476 2992 2517 necesse
3048 2471 3173 2519 est.
3231 2470 3519 2530 propterea

1949 2550 2098 2619 quod
2138 2551 2423 2620 generatio
2471 2560 2527 2607 et
2575 2552 2858 2621 corruptio
2923 2564 3053 2609 sunt
3112 2552 3408 2616 contraria,
3462 2561 3521 2606 et

1941 2641 2088 2696 circa
2124 2641 2291 2696 idem.
2352 2640 2408 2694 Si
2438 2649 2622 2696 autem
2653 2643 2748 2711 qui
2809 2651 2941 2698 tunc
2992 2645 3283 2713 gignentur
3338 2644 3518 2697 homi-

1939 2746 2037 2786 nes
2093 2730 2482 2801 corruptibiles
2530 2742 2692 2789 erunt
2737 2742 2793 2789 et
2852 2733 3177 2799 morientur,
3222 2733 3269 2787 si
3327 2745 3521 2787 rursus

1940 2835 2050 2874 non
2092 2831 2398 2891 resurgent,
2453 2825 2702 2893 sequitur
2755 2824 2973 2879 illorum
3036 2824 3247 2879 animas
3303 2839 3523 2892 semper

1940 2927 2162 2968 manere
2191 2922 2471 2982 separatas
2510 2930 2539 2967 a
2571 2914 2921 2983 corporibus,
2946 2915 3093 2983 quod
3137 2923 3223 2969 est
3253 2914 3519 2968 inconve-

1939 3006 2120 3072 niens,
2170 3020 2297 3060 cum
2356 3007 2465 3062 sint
2516 3008 2762 3078 ejusdem
2816 3008 3000 3077 specie
3047 3024 3172 3064 eum
3226 3007 3516 3062 animabus

263 3115 476 3161 σονται,
512 3098 621 3151 ἔδει
649 3100 738 3151 καὶ
779 3100 878 3168 τὴν
906 3100 1134 3153 ἐκείνων
1163 3100 1460 3153 ἀνάστασιν
1493 3100 1686 3160 ἀλλους
1726 3100 1833 3153 πά-

1938 3108 2131 3148 eorum
2190 3094 2283 3163 qui
2358 3104 2667 3165 resurgant.
2723 3096 2779 3150 Si
2843 3105 3027 3152 autem
3072 3107 3129 3152 et
3184 3098 3262 3152 illi
3330 3113 3519 3151 resur-

259 3193 347 3244 λιν
389 3191 702 3259 ἀναμένειν,
733 3190 865 3243 ὥσθ’
896 3191 1013 3259 ἅμα
1043 3192 1178 3244 πᾶσι
1205 3194 1318 3253 τοῖς
1375 3191 1476 3259 τῆς
1515 3192 1691 3260 αὐτῆς
1724 3191 1829 3260 φύε

262 3298 405 3344 σεως
437 3282 773 3351 μετασχοῦσι
816 3283 915 3351 τὴν
955 3282 1171 3351 δωρεὰν
1203 3283 1535 3355 χαρισθῆναι
1573 3286 1675 3353 τῆς
1709 3285 1836 3336 ἀνα-

261 3374 527 3434 στάσεως.
575 3373 700 3425 Ἐτι
753 3373 811 3425 δὲ
864 3373 1026 3433 αὐτὸς
1081 3375 1108 3425 ὁ
1146 3375 1450 3443 Μαχούμετ
1503 3376 1631 3443 μίαν
1664 3375 1833 3444 μόνην

258 3463 477 3531 τίθησιν
512 3464 723 3533 ἡμέραν
760 3465 862 3534 τῆς
916 3465 1268 3527 ἀναστάσεως
1298 3506 1314 3530 ,
1353 3466 1632 3520 τουτέστιν
1662 3468 1718 3518 ὲν
1754 3467 1833 3536 τῷ

259 3552 407 3604 τέλει
431 3551 523 3603 τοῦ
555 3552 788 3617 κόσμου,
839 3553 898 3604 ὲν
941 3555 1009 3623 τῇ
1038 3553 1225 3623 ἡμέρα
1259 3552 1360 3621 τῆς
1408 3554 1667 3621 κρίσεως.
1696 3555 1834 3624 Περὶ

254 3644 317 3696 δὲ
364 3643 463 3711 τῆς
500 3644 847 3706 ἀναστάσεως
878 3646 1124 3709 ἐκείνων,
1169 3647 1200 3713 ἢ
1232 3645 1330 3713 τῆς
1361 3645 1651 3712 γενέσεως,
1676 3645 1829 3698 οὐδε-

261 3736 399 3807 μίαν
435 3736 784 3788 παντάπασιν
814 3739 1037 3807 μνήμην
1063 3739 1325 3789 ποιεῖται.
1366 3738 1486 3789 Ἔτι
1523 3737 1699 3799 οὐδεὶς
1746 3737 1832 3790 λό-
1864 3766 1869 3769 -

253 3844 356 3895 γος
388 3823 526 3880 εἶναι
566 3828 735 3891 δοκεῖ,
785 3829 929 3881 διατί
968 3830 1050 3880 δεῖ
1087 3845 1238 3891 τινας
1281 3829 1572 3898 ἀναμένειν
1607 3829 1743 3899 πρὸς
1770 3830 1831 3881 τὸ

254 3918 397 3988 ὁμοῦ
429 3920 747 3987 ἀναστῆναι,
779 3922 827 3971 εί
864 3920 937 3987 μὴ
978 3920 1059 3971 δεῖ
1090 3921 1300 3982 πάντας
1343 3922 1655 3989 ἀναμένειν.
1689 3922 1749 3973 Εἰ
1774 3921 1830 3974 δέ

252 4030 341 4074 τις
372 4012 544 4079 λέγει,
574 4014 655 4064 ὅτι
686 4014 743 4063 ἐν
772 4010 884 4073 τοῖς
906 4013 1286 4080 ἀνισταμένοις
1315 4012 1469 4066 ἔσται
1506 4014 1607 4082 μὲν
1633 4016 1829 4084 χρῆσις

254 4104 449 4157 σιτίων
474 4122 532 4156 τε
578 4106 675 4157 καὶ
721 4105 1073 4172 ἀφροδισίων,
1108 4104 1223 4156 ἀλλ’
1267 4102 1391 4157 οὔτε
1425 4104 1513 4157 διὰ
1552 4107 1831 4176 συντήρη-

255 4210 343 4245 σιν
376 4193 408 4260 ῆ
442 4192 681 4260 αῠξησιν
728 4193 823 4245 τοῦ
862 4190 1131 4261 σώματος,
1167 4188 1293 4243 οὔτε
1326 4191 1413 4245 διὰ
1453 4192 1699 4267 τὴνθτοῦ
1735 4194 1828 4246 ἀν-

253 4276 483 4346 θρώπου
517 4280 692 4339 εἴδους
737 4277 966 4347 αὔξησιν
1016 4278 1047 4346 ἦ
1104 4277 1401 4347 διαμονὴν,
1442 4280 1603 4346 μόνον
1653 4280 1707 4331 δὲ
1743 4280 1830 4334 διὰ

252 4370 357 4438 τὴν
399 4371 793 4437 παρεπομένην
841 4374 961 4431 ταῖς
996 4370 1277 4431 τοιαύταις
1316 4370 1577 4441 πράξεσιν
1611 4372 1824 4441 ἡδονὴν,

255 4463 344 4514 ἴνα
379 4461 620 4529 μηδεμία
648 4465 759 4523 τοῖς
788 4460 1094 4530 ἀνθρώποις
1129 4462 1289 4532 ἡδονὴ
1332 4465 1444 4531 ἀπῇ
1478 4466 1537 4513 ἐν
1566 4466 1630 4533 τῇ
1658 4465 1821 4532 sexd-

254 4568 327 4619 τῃ
374 4550 790 4620 μισθαποδοσίᾳ,
817 4552 1006 4622 ὥσπερ
1032 4554 1335 4622 διαρρήδην
1364 4555 1391 4604 ὁ
1439 4554 1738 4624 Μαχούμετ
1766 4558 1823 4608 ἐν

252 4642 323 4707 τῇ
356 4639 550 4690 ἑαυτοῦ
599 4639 920 4710 διδασκαλίᾳ
965 4641 1136 4710 φησί·
1202 4642 1363 4710 δῆλον
1412 4643 1486 4707 ὡς
1542 4644 1829 4713 πολλαχῶς

252 4732 476 4790 ἀτόπως
508 4730 727 4796 λέγεται
754 4729 932 4783 τοῦτο·
968 4732 1185 4801 πρῶτον
1237 4733 1353 4801 μὲν,
1388 4735 1469 4786 ὅτι
1505 4735 1553 4786 oi
1584 4736 1691 4788 τῶν
1718 4739 1830 4789 ἁνι-

254 4823 544 4892 σταμένων
576 4824 687 4892 ζωὴ
718 4828 816 4893 τῆς
846 4825 1128 4894 παρούσης
1164 4826 1529 4896 εὑτακτοτέρα
1559 4827 1732 4880 ἔσται·
1771 4832 1830 4880 ὲν

250 4916 434 4988 ταύτῃ
465 4915 521 4967 δὲ
564 4918 629 4985 τῇ
662 4916 772 4986 ζωῇ
807 4918 1053 4985 ἐμπαθὲς
1083 4917 1177 4969 καὶ
1212 4917 1450 4969 ἄτακτον
1488 4916 1626 4971 εἶναι
1658 4920 1825 4986 δοκεῖ,

251 5009 308 5059 εἰ
349 5008 551 5082 τιςδιὰ
588 5011 754 5075 μόνην
794 5008 984 5075 ἡδονὴν
1020 5008 1196 5077 χρῷτο
1230 5012 1337 5070 τοῖς
1381 5009 1571 5071 σιτίοις
1632 5028 1688 5062 τε
1732 5014 1826 5064 καὶ

251 5099 623 5167 ἀφροδισίοις,
646 5100 763 5151 ἀλλ’
792 5100 852 5151 οὐ
888 5101 977 5152 διὰ
1007 5103 1108 5169 τὴν
1141 5101 1390 5169 ἀνάγκην
1438 5104 1530 5154 τοῦ
1577 5104 1823 5172 συνέχειν

245 5188 314 5238 τὸ
348 5188 595 5257 σῶμα,’ἢ
624 5188 719 5241 τοῦ
754 5190 1215 5244 παιδοποιεῖσθαι.
1250 5192 1355 5243 Καὶ
1386 5193 1533 5244 τοῦτ’
1567 5194 1823 5261 εὐλόγως·

248 5280 313 5329 αἱ
356 5279 466 5345 γάρ
506 5280 564 5329 ὲν
620 5282 740 5341 ταῖς
796 5282 1221 5350 προειρημέναις
1283 5285 1589 5351 ἐνεργείαις
1638 5286 1824 5353 ἡδοναὶ

250 5368 358 5420 οὐκ
412 5369 573 5421 αὐταί
603 5376 711 5423 εισι
772 5373 878 5423 τῶν
930 5373 1221 5443 ἐνεργειῶν
1251 5375 1399 5442 τέλη,
1439 5375 1574 5428 ἀλλά
1607 5377 1666 5428 τὸ
1699 5378 1829 5430 ἀνά-

248 5462 419 5512 παλιν
453 5460 674 5529 μᾶλλον.
707 5463 772 5515 Ἦ
805 5464 910 5533 γὰρ
949 5464 1107 5531 φύσις
1140 5466 1272 5534 πρὸς
1303 5466 1460 5519 τοῦτο
1489 5469 1585 5530 τὰς
1630 5470 1824 5538 ἡδονάς

247 5550 445 5614 ἔταξεν
475 5552 534 5605 ἐν
566 5552 794 5617 ταύταις
845 5557 964 5617 ταῖς
1014 5558 1339 5626 ἐνεργείαις,
1380 5558 1465 5611 ἵνα
1510 5561 1583 5628 μὴ
1616 5560 1707 5614 διὰ
1733 5562 1824 5614 τὸν

246 5642 420 5694 πόνον
461 5644 529 5696 τά
562 5644 674 5707 ζῶα
724 5647 833 5699 τῶν
867 5647 1180 5715 ἀναγκαίων
1216 5648 1423 5702 τούτων
1465 5655 1563 5718 τῆς
1608 5653 1826 5719 φύσεως

248 5734 433 5801 ἔργων
482 5737 821 5804 ἀφίσταιντικ
858 5738 884 5791 ὃ
919 5740 1232 5795 συνέϐαινεν
1272 5743 1331 5795 ἂν
1362 5785 1376 5809 ,
1408 5745 1452 5795 εί
1500 5745 1573 5813 μὴ
1611 5747 1672 5798 τὰ
1703 5737 1822 5809 ζῶα

1937 3193 2100 3255 gent,
2148 3185 2433 3255 oportebit
2485 3196 2539 3241 et
2592 3186 2817 3241 Illorum
2868 3189 3329 3243 resurrectionem
3382 3189 3521 3243 alios

1935 3292 2127 3332 rursus
2159 3284 2499 3345 exspectare,
2539 3264 2597 3331 ut
2639 3279 2805 3334 simul
2836 3281 3094 3336 omnibus
3136 3282 3230 3349 qui
3266 3282 3517 3336 eamdem

1934 3376 2192 3435 naturam
2230 3366 2587 3436 participant.
2623 3370 2826 3422 donum
2861 3372 3284 3425 resurrectionis
3326 3372 3517 3425 conle-

1935 3465 2111 3509 ratur.
2164 3454 2301 3509 Item
2357 3456 2473 3524 ipse
2526 3456 2869 3511 Mabometus
2916 3474 3083 3511 unum
3138 3458 3313 3511 solum
3366 3458 3519 3524 ponit

1934 3546 2076 3600 diem
2110 3548 2552 3610 resurrectionis,
2593 3549 2646 3601 id
2686 3557 2769 3603 est
2832 3549 2884 3602 in
2946 3548 3050 3604 ﬁne
3091 3548 3299 3611 mundi,
3339 3549 3392 3601 in
3427 3549 3515 3602 die
3562 3558 3567 3561 '

1929 3641 2158 3711 judicii;
2209 3645 2275 3695 de
2324 3644 2725 3698 resurrectione
2780 3653 2964 3698 autem
3024 3644 3269 3709 illorum,
3304 3643 3389 3697 vel
3444 3644 3519 3697 de

1933 3735 2241 3797 nativitate,
2283 3736 2493 3789 nullam
2536 3736 2760 3789 omnino
2804 3735 3137 3791 mentionem
3192 3734 3342 3788 facit.
3376 3733 3510 3787 Item

1932 3826 2080 3880 nulla
2120 3826 2258 3879 ratio
2302 3840 2421 3879 esse
2454 3825 2692 3888 videtur,
2720 3840 2891 3893 quare
2942 3835 3195 3894 oporteat
3239 3825 3505 3892 quosdam

1931 3926 2255 3985 exspectare
2284 3915 2350 3968 ad
2401 3915 2575 3968 simul.
2607 3914 3028 3985 resurgendum,
3064 3914 3110 3968 si
3148 3930 3256 3967 non
3290 3923 3510 3982 oporte-

1932 4010 2015 4065 bit
2060 4025 2250 4065 omnes
2296 4018 2637 4078 exspectare.
2670 4008 2727 4063 Si
2776 4018 2958 4063 autem
2991 4009 3116 4077 quis
3161 4007 3328 4071 dicat,
3361 4006 3506 4076 quod

1933 4101 1985 4154 in
2020 4100 2103 4154 his
2142 4100 2236 4169 qui
2263 4082 2556 4169 resurgent
2596 4100 2707 4155 erit
2742 4096 2964 4170 quidem
2999 4115 3133 4155 usus
3174 4100 3508 4155 cibariorum

1932 4206 1989 4249 et
2036 4210 2218 4249 rerum
2254 4209 2643 4258 venerearum,
2688 4196 2785 4249 sed
2819 4210 2999 4264 neque
3035 4204 3256 4265 propter
3294 4209 3519 4248 conser-

1935 4285 2207 4339 vationem
2238 4286 2327 4338 vel
2359 4294 2714 4354 augmentum
2755 4286 3022 4354 corporis,
3067 4301 3247 4354 neque
3286 4296 3512 4355 propter

1934 4376 2186 4429 humana:
2235 4375 2438 4443 speciei
2492 4386 2845 4445 augmentum
2890 4376 2973 4430 vel
3041 4377 3509 4446 permansionem,

1929 4466 2104 4519 solum
2170 4474 2352 4517 autem
2420 4474 2641 4533 propter
2703 4466 3075 4534 voluptatem,
3126 4482 3247 4535 qua:
3300 4466 3503 4519 talibus

1930 4556 2241 4610 actionibus
2300 4556 2525 4619 accidit,
2578 4567 2640 4610 ut
2687 4557 2838 4610 nulla
2895 4558 3147 4626 voluptas
3198 4556 3517 4610 hominibus.

1930 4649 2073 4703 absit
2116 4647 2189 4701 in‘
2222 4657 2467 4703 extrema
2504 4646 2774 4701 mercedis
2813 4648 3201 4707 retributione,
3244 4647 3387 4701 sicut
3417 4662 3511 4713 pa-

1928 4740 2033 4793 lam
2090 4740 2429 4794 Mabometus
2473 4738 2526 4792 in
2564 4739 2705 4794 libro
2738 4738 2806 4793 de
2840 4740 3089 4793 doctrina
3151 4753 3248 4791 sua
3301 4736 3437 4788 dicit
3474 4753 3487 4789 :

1930 4831 2275 4885 manifestum
2308 4830 2496 4899 igitur,
2524 4831 2671 4902 quod
2700 4830 2802 4885 hoe
2845 4829 3036 4882 multis
3082 4827 3259 4879 modis
3301 4830 3465 4877 incon

1929 4923 2220 4977 venientcr
2259 4922 2485 4976 dicitur.
2534 4923 2775 4976 Primum
2834 4921 3078 4989 quidem,
3118 4917 3263 4987 quod
3321 4933 3503 4971 resur-

1912 5013 2169 5082 gentium
2212 5015 2321 5067 vita
2372 5013 2479 5067 erit
2510 5012 2706 5066 melius
2755 5011 3006 5077 ordinata
3044 5026 3206 5079 quam
3240 5008 3356 5062 luce
3382 5024 3507 5075 quae

1928 5117 2167 5171 prasens
2211 5111 2314 5156 est.
2370 5103 2429 5155 In
2487 5102 2594 5156 liae
2650 5110 2831 5155 autem
2892 5101 3003 5154 vita
3060 5099 3396 5167 impossibile
3440 5106 3506 5171 ‘et

1931 5195 2305 5247 inordinatum
2335 5191 2611 5262 quoddam
2642 5207 2765 5246 esse
2786 5191 3028 5256 videtur,
3058 5191 3103 5245 si
3134 5191 3257 5259 quis
3282 5196 3513 5257 prapter

1932 5287 2267 5355 voluptatem
2306 5294 2496 5338 utatur
2524 5284 2752 5340 cibariis
2784 5286 2871 5338 vel
2905 5287 3072 5338 rebus
3106 5283 3380 5344 venereis,
3410 5281 3507 5333 sed

1931 5395 2039 5432 non
2082 5386 2306 5446 propter
2354 5377 2736 5431 necessitatem
2787 5376 3101 5430 reservandi
3162 5388 3384 5441 corpus,
3417 5372 3503 5423 vel

1931 5469 2261 5539 procreandi
2290 5468 2453 5522 ﬁlios.
2492 5468 2559 5522 Et
2589 5468 2695 5521 hoc
2730 5466 3148 5520 rationabiliter.
3185 5463 3511 5530 Voluptates

1927 5563 2074 5616 enim
2132 5566 2186 5614 in
2244 5561 2517 5630 praedictis
2564 5559 2877 5615 actionibus
2929 5573 3038 5613 non
3098 5564 3330 5626 possunt
3383 5567 3505 5607 esse

1929 5653 2205 5708 actionum
2253 5653 2419 5707 lines..
2438 5652 2544 5707 Sed
2577 5665 2876 5707 econverso
2923 5649 3107 5719 potius
3137 5645 3355 5716 quidem
3404 5660 3498 5696 na.

1930 5754 2053 5799 tura
2091 5744 2157 5798 a-l
2191 5744 2293 5799 hoc
2332 5744 2641 5813 voluptates
2664 5741 2941 5799 ordinavit
2968 5740 3027 5796 in
3065 5739 3151 5794 bis
3183 5736 3507 5793 actionibus
