  <div class='ocr_page' id='page_1' title='image "/cluster/home/n/w/nwhite01/storage/ocr_20150623/154/hvd.32044073505299/575.png"; bbox 0 0 3862 6220; ppageno 0'>
   <div class='ocr_carea' id='block_1_1' title="bbox 476 315 632 387">
    <p class='ocr_par' dir='ltr' id='par_1_1' title="bbox 476 315 632 387">
     <span class='ocr_line' id='line_1_1' title="bbox 476 315 632 387; baseline 0 -1"><span class='ocrx_word' id='word_1_1' title='bbox 476 315 632 387; x_wconf 75' lang='grc' dir='ltr'>108τ⁵</span> 
     </span>
    </p>
   </div>
   <div class='ocr_carea' id='block_1_2' title="bbox 1763 323 2481 400">
    <p class='ocr_par' dir='ltr' id='par_1_2' title="bbox 1763 323 2481 400">
     <span class='ocr_line' id='line_1_2' title="bbox 1763 323 2481 400; baseline 0.004 -18"><span class='ocrx_word' id='word_1_2' title='bbox 1763 323 2137 400; x_wconf 78' lang='lat' dir='ltr'><strong>DEMETRII</strong></span> <span class='ocrx_word' id='word_1_3' title='bbox 2177 324 2481 384; x_wconf 85' lang='lat' dir='ltr'><strong>CYDONII</strong></span> 
     </span>
    </p>
   </div>
   <div class='ocr_carea' id='block_1_3' title="bbox 3517 340 3610 406">
    <p class='ocr_par' dir='ltr' id='par_1_3' title="bbox 3517 340 3610 406">
     <span class='ocr_line' id='line_1_3' title="bbox 3517 340 3610 406; baseline 0.011 -2"><span class='ocrx_word' id='word_1_4' title='bbox 3517 340 3610 406; x_wconf 80' lang='lat'><strong>1088</strong></span> 
     </span>
    </p>
   </div>
   <div class='ocr_carea' id='block_1_4' title="bbox 473 422 2046 522">
    <p class='ocr_par' dir='ltr' id='par_1_4' title="bbox 473 433 2040 506">
     <span class='ocr_line' id='line_1_4' title="bbox 473 433 2040 506; baseline -0.002 -14"><span class='ocrx_word' id='word_1_5' title='bbox 473 447 536 493; x_wconf 90' lang='lat' dir='ltr'><strong>ut</strong></span> <span class='ocrx_word' id='word_1_6' title='bbox 562 452 672 491; x_wconf 92' lang='lat' dir='ltr'><strong>non</strong></span> <span class='ocrx_word' id='word_1_7' title='bbox 700 445 921 506; x_wconf 79' lang='lat' dir='ltr'><strong>propter</strong></span> <span class='ocrx_word' id='word_1_8' title='bbox 953 436 1192 489; x_wconf 85' lang='lat' dir='ltr'><strong>laborem</strong></span> <span class='ocrx_word' id='word_1_9' title='bbox 1219 433 1476 487; x_wconf 81' lang='lat' dir='ltr'><strong>animalia</strong></span> <span class='ocrx_word' id='word_1_10' title='bbox 1507 433 1573 486; x_wconf 88' lang='lat' dir='ltr'><strong>ab</strong></span> <span class='ocrx_word' id='word_1_11' title='bbox 1605 433 1688 486; x_wconf 86' lang='lat' dir='ltr'><strong>his</strong></span> <span class='ocrx_word' id='word_1_12' title='bbox 1719 433 2040 489; x_wconf 82' lang='lat' dir='ltr'><strong>necessariis</strong></span> 
     </span>
    </p>
   </div>
   <div class='ocr_carea' id='block_1_5' title="bbox 2147 422 3617 522">
    <p class='ocr_par' dir='ltr' id='par_1_5' title="bbox 2147 422 3617 522">
     <span class='ocr_line' id='line_1_5' title="bbox 2147 422 3617 522; baseline 0.011 -36"><span class='ocrx_word' id='word_1_13' title='bbox 2147 437 2330 504; x_wconf 73' lang='grc' dir='ltr'><strong>ἡδοναὶ</strong></span> <span class='ocrx_word' id='word_1_14' title='bbox 2383 454 2802 505; x_wconf 63' lang='grc' dir='ltr'><strong>προεκαλουντο.</strong></span> <span class='ocrx_word' id='word_1_15' title='bbox 2843 443 2998 495; x_wconf 84' lang='grc' dir='ltr'><strong>Ἔστι</strong></span> <span class='ocrx_word' id='word_1_16' title='bbox 3034 422 3205 497; x_wconf 86' lang='grc' dir='ltr'><strong>τοίνυν</strong></span> <span class='ocrx_word' id='word_1_17' title='bbox 3252 445 3390 510; x_wconf 81' lang='grc' dir='ltr'><strong>τάξις</strong></span> <span class='ocrx_word' id='word_1_18' title='bbox 3430 447 3617 522; x_wconf 70' lang='grc' dir='ltr'><strong>ἀπρεπής</strong></span> 
     </span>
    </p>
   </div>
   <div class='ocr_carea' id='block_1_6' title="bbox 474 525 2041 597">
    <p class='ocr_par' dir='ltr' id='par_1_6' title="bbox 474 525 2041 597">
     <span class='ocr_line' id='line_1_6' title="bbox 474 525 2041 597; baseline -0.001 -15"><span class='ocrx_word' id='word_1_19' title='bbox 474 538 686 582; x_wconf 67' lang='lat' dir='ltr'><strong>natura:</strong></span> <span class='ocrx_word' id='word_1_20' title='bbox 747 527 1008 597; x_wconf 86' lang='lat' dir='ltr'><strong>operibus</strong></span> <span class='ocrx_word' id='word_1_21' title='bbox 1067 527 1454 594; x_wconf 80' lang='lat' dir='ltr'><strong>clongarentur</strong></span> <span class='ocrx_word' id='word_1_22' title='bbox 1517 543 1530 578; x_wconf 92' lang='lat'>:</span> <span class='ocrx_word' id='word_1_23' title='bbox 1585 525 1730 592; x_wconf 85' lang='lat' dir='ltr'><strong>quod</strong></span> <span class='ocrx_word' id='word_1_24' title='bbox 1794 527 2041 580; x_wconf 86' lang='lat' dir='ltr'><strong>accidere</strong></span> 
     </span>
    </p>
   </div>
   <div class='ocr_carea' id='block_1_7' title="bbox 474 617 2044 687">
    <p class='ocr_par' dir='ltr' id='par_1_7' title="bbox 474 617 2044 687">
     <span class='ocr_line' id='line_1_7' title="bbox 474 617 2044 687; baseline 0.001 -15"><span class='ocrx_word' id='word_1_25' title='bbox 474 628 680 687; x_wconf 79' lang='lat' dir='ltr'><strong>posset,</strong></span> <span class='ocrx_word' id='word_1_26' title='bbox 711 619 813 671; x_wconf 89' lang='lat' dir='ltr'><strong>nisi</strong></span> <span class='ocrx_word' id='word_1_27' title='bbox 859 617 1110 670; x_wconf 81' lang='lat' dir='ltr'><strong>animalia</strong></span> <span class='ocrx_word' id='word_1_28' title='bbox 1165 617 1472 685; x_wconf 77' lang='lat' dir='ltr'><strong>voluptates</strong></span> <span class='ocrx_word' id='word_1_29' title='bbox 1506 629 1887 685; x_wconf 80' lang='lat' dir='ltr'><strong>provocarent.</strong></span> <span class='ocrx_word' id='word_1_30' title='bbox 1945 619 2044 674; x_wconf 86' lang='lat' dir='ltr'><strong>Est</strong></span> 
     </span>
    </p>
   </div>
   <div class='ocr_carea' id='block_1_8' title="bbox 474 707 2043 777">
    <p class='ocr_par' dir='ltr' id='par_1_8' title="bbox 474 707 2043 777">
     <span class='ocr_line' id='line_1_8' title="bbox 474 707 2043 777; baseline 0.002 -17"><span class='ocrx_word' id='word_1_31' title='bbox 474 707 642 776; x_wconf 76' lang='lat' dir='ltr'><strong>igitur</strong></span> <span class='ocrx_word' id='word_1_32' title='bbox 668 708 802 761; x_wconf 90' lang='lat' dir='ltr'><strong>ordo</strong></span> <span class='ocrx_word' id='word_1_33' title='bbox 830 707 1223 761; x_wconf 80' lang='lat' dir='ltr'><strong>inconveniens</strong></span> <span class='ocrx_word' id='word_1_34' title='bbox 1253 717 1308 760; x_wconf 90' lang='lat' dir='ltr'><strong>et</strong></span> <span class='ocrx_word' id='word_1_35' title='bbox 1333 717 1718 775; x_wconf 70' lang='lat' dir='ltr'><strong>praeposterus,</strong></span> <span class='ocrx_word' id='word_1_36' title='bbox 1750 710 1794 762; x_wconf 89' lang='lat' dir='ltr'><strong>si</strong></span> <span class='ocrx_word' id='word_1_37' title='bbox 1819 720 2043 777; x_wconf 83' lang='lat' dir='ltr'><strong>propter</strong></span> 
     </span>
    </p>
   </div>
   <div class='ocr_carea' id='block_1_9' title="bbox 474 797 2044 868">
    <p class='ocr_par' dir='ltr' id='par_1_9' title="bbox 474 797 2044 868">
     <span class='ocr_line' id='line_1_9' title="bbox 474 797 2044 868; baseline 0 -15"><span class='ocrx_word' id='word_1_38' title='bbox 474 799 619 853; x_wconf 83' lang='lat' dir='ltr'><strong>solas</strong></span> <span class='ocrx_word' id='word_1_39' title='bbox 650 798 960 865; x_wconf 80' lang='lat' dir='ltr'><strong>voluptates</strong></span> <span class='ocrx_word' id='word_1_40' title='bbox 1019 798 1263 852; x_wconf 88' lang='lat' dir='ltr'><strong>actiones</strong></span> <span class='ocrx_word' id='word_1_41' title='bbox 1295 798 1375 850; x_wconf 68' lang='lat' dir='ltr'><strong>ha:</strong></span> <span class='ocrx_word' id='word_1_42' title='bbox 1420 797 1796 866; x_wconf 86' lang='lat' dir='ltr'><strong>perficiantur.</strong></span> <span class='ocrx_word' id='word_1_43' title='bbox 1829 799 2044 868; x_wconf 86' lang='lat' dir='ltr'><strong>Nequa-</strong></span> 
     </span>
    </p>
   </div>
   <div class='ocr_carea' id='block_1_10' title="bbox 473 871 2042 956">
    <p class='ocr_par' dir='ltr' id='par_1_10' title="bbox 473 871 2042 956">
     <span class='ocr_line' id='line_1_10' title="bbox 473 871 2042 956; baseline 0.001 -16"><span class='ocrx_word' id='word_1_44' title='bbox 473 902 636 956; x_wconf 82' lang='lat' dir='ltr'><strong>quam</strong></span> <span class='ocrx_word' id='word_1_45' title='bbox 684 887 854 956; x_wconf 80' lang='lat' dir='ltr'><strong>igitur</strong></span> <span class='ocrx_word' id='word_1_46' title='bbox 910 887 965 941; x_wconf 88' lang='lat' dir='ltr'><strong>in</strong></span> <span class='ocrx_word' id='word_1_47' title='bbox 1011 887 1097 941; x_wconf 86' lang='lat' dir='ltr'><strong>his</strong></span> <span class='ocrx_word' id='word_1_48' title='bbox 1134 888 1226 955; x_wconf 89' lang='lat' dir='ltr'><strong>qui</strong></span> <span class='ocrx_word' id='word_1_49' title='bbox 1287 871 1595 956; x_wconf 71' lang='lat' dir='ltr'><strong>resurgent,</strong></span> <span class='ocrx_word' id='word_1_50' title='bbox 1653 903 1884 956; x_wconf 83' lang='lat' dir='ltr'><strong>quorum</strong></span> <span class='ocrx_word' id='word_1_51' title='bbox 1933 889 2042 942; x_wconf 88' lang='lat' dir='ltr'><strong>vita</strong></span> 
     </span>
    </p>
   </div>
   <div class='ocr_carea' id='block_1_11' title="bbox 473 977 2044 1046">
    <p class='ocr_par' dir='ltr' id='par_1_11' title="bbox 473 977 2044 1046">
     <span class='ocr_line' id='line_1_11' title="bbox 473 977 2044 1046; baseline 0.002 -16"><span class='ocrx_word' id='word_1_52' title='bbox 473 977 615 1031; x_wconf 82' lang='lat' dir='ltr'><strong>bene</strong></span> <span class='ocrx_word' id='word_1_53' title='bbox 646 977 1053 1031; x_wconf 84' lang='lat' dir='ltr'><strong>ordinatissima</strong></span> <span class='ocrx_word' id='word_1_54' title='bbox 1085 978 1430 1046; x_wconf 88' lang='lat' dir='ltr'><strong>supponitur,</strong></span> <span class='ocrx_word' id='word_1_55' title='bbox 1467 979 1652 1032; x_wconf 89' lang='lat' dir='ltr'><strong>talium</strong></span> <span class='ocrx_word' id='word_1_56' title='bbox 1689 990 1774 1033; x_wconf 90' lang='lat' dir='ltr'><strong>est</strong></span> <span class='ocrx_word' id='word_1_57' title='bbox 1807 995 1958 1039; x_wconf 88' lang='lat' dir='ltr'><strong>usus,</strong></span> <span class='ocrx_word' id='word_1_58' title='bbox 1989 987 2044 1033; x_wconf 88' lang='lat' dir='ltr'><strong>et</strong></span> 
     </span>
    </p>
   </div>
   <div class='ocr_carea' id='block_1_12' title="bbox 476 1069 2046 1126">
    <p class='ocr_par' dir='ltr' id='par_1_12' title="bbox 476 1069 2046 1126">
     <span class='ocr_line' id='line_1_12' title="bbox 476 1069 2046 1126; baseline 0.003 -4"><span class='ocrx_word' id='word_1_59' title='bbox 476 1069 650 1122; x_wconf 90' lang='lat' dir='ltr'><strong>multo</strong></span> <span class='ocrx_word' id='word_1_60' title='bbox 681 1071 863 1124; x_wconf 90' lang='lat' dir='ltr'><strong>minus</strong></span> <span class='ocrx_word' id='word_1_61' title='bbox 895 1070 950 1123; x_wconf 89' lang='lat' dir='ltr'><strong>iu</strong></span> <span class='ocrx_word' id='word_1_62' title='bbox 984 1071 1185 1124; x_wconf 86' lang='lat' dir='ltr'><strong>talibus</strong></span> <span class='ocrx_word' id='word_1_63' title='bbox 1227 1070 1407 1124; x_wconf 89' lang='lat' dir='ltr'><strong>futura</strong></span> <span class='ocrx_word' id='word_1_64' title='bbox 1437 1073 1543 1124; x_wconf 89' lang='lat' dir='ltr'><strong>erit</strong></span> <span class='ocrx_word' id='word_1_65' title='bbox 1585 1071 1855 1125; x_wconf 83' lang='lat' dir='ltr'><strong>felicitas:</strong></span> <span class='ocrx_word' id='word_1_66' title='bbox 1887 1073 2046 1126; x_wconf 80' lang='lat' dir='ltr'><strong>aliter</strong></span> 
     </span>
    </p>
   </div>
   <div class='ocr_carea' id='block_1_13' title="bbox 473 1159 2044 1229">
    <p class='ocr_par' dir='ltr' id='par_1_13' title="bbox 473 1159 2044 1229">
     <span class='ocr_line' id='line_1_13' title="bbox 473 1159 2044 1229; baseline 0.004 -15"><span class='ocrx_word' id='word_1_67' title='bbox 473 1159 615 1214; x_wconf 89' lang='lat' dir='ltr'><strong>enim</strong></span> <span class='ocrx_word' id='word_1_68' title='bbox 641 1160 771 1228; x_wconf 90' lang='lat' dir='ltr'><strong>quid</strong></span> <span class='ocrx_word' id='word_1_69' title='bbox 803 1161 1077 1228; x_wconf 83' lang='lat' dir='ltr'><strong>prohibet,</strong></span> <span class='ocrx_word' id='word_1_70' title='bbox 1105 1170 1161 1215; x_wconf 91' lang='lat' dir='ltr'><strong>et</strong></span> <span class='ocrx_word' id='word_1_71' title='bbox 1195 1163 1400 1229; x_wconf 87' lang='lat' dir='ltr'><strong>reliqua</strong></span> <span class='ocrx_word' id='word_1_72' title='bbox 1434 1162 1689 1216; x_wconf 88' lang='lat' dir='ltr'><strong>animalia</strong></span> <span class='ocrx_word' id='word_1_73' title='bbox 1711 1163 2044 1220; x_wconf 81' lang='lat' dir='ltr'><strong>irrationalia</strong></span> 
     </span>
    </p>
   </div>
   <div class='ocr_carea' id='block_1_14' title="bbox 473 1247 2042 1319">
    <p class='ocr_par' dir='ltr' id='par_1_14' title="bbox 473 1247 2042 1319">
     <span class='ocr_line' id='line_1_14' title="bbox 473 1247 2042 1319; baseline 0.003 -17"><span class='ocrx_word' id='word_1_74' title='bbox 473 1247 653 1302; x_wconf 79' lang='lat' dir='ltr'><strong>felicia</strong></span> <span class='ocrx_word' id='word_1_75' title='bbox 683 1264 804 1302; x_wconf 90' lang='lat' dir='ltr'><strong>esse</strong></span> <span class='ocrx_word' id='word_1_76' title='bbox 853 1248 906 1300; x_wconf 93' lang='lat' dir='ltr'><strong>in</strong></span> <span class='ocrx_word' id='word_1_77' title='bbox 937 1249 1212 1317; x_wconf 65' lang='lat' dir='ltr'><strong>prmdictis</strong></span> <span class='ocrx_word' id='word_1_78' title='bbox 1241 1249 1572 1312; x_wconf 89' lang='lat' dir='ltr'><strong>actionibus,</strong></span> <span class='ocrx_word' id='word_1_79' title='bbox 1611 1267 1729 1319; x_wconf 69' lang='lat' dir='ltr'><strong>qua:</strong></span> <span class='ocrx_word' id='word_1_80' title='bbox 1760 1255 2042 1307; x_wconf 89' lang='lat' dir='ltr'><strong>nobiscum</strong></span> 
     </span>
    </p>
   </div>
   <div class='ocr_carea' id='block_1_15' title="bbox 474 1339 2044 1399">
    <p class='ocr_par' dir='ltr' id='par_1_15' title="bbox 474 1339 2044 1399">
     <span class='ocr_line' id='line_1_15' title="bbox 474 1339 2044 1399; baseline 0.004 -7"><span class='ocrx_word' id='word_1_81' title='bbox 474 1339 917 1392; x_wconf 83' lang='lat' dir='ltr'><strong>communicant?</strong></span> <span class='ocrx_word' id='word_1_82' title='bbox 962 1341 1096 1393; x_wconf 92' lang='lat' dir='ltr'><strong>ltem</strong></span> <span class='ocrx_word' id='word_1_83' title='bbox 1147 1340 1190 1393; x_wconf 91' lang='lat' dir='ltr'><strong>si</strong></span> <span class='ocrx_word' id='word_1_84' title='bbox 1248 1341 1413 1394; x_wconf 84' lang='lat' dir='ltr'><strong>inhis</strong></span> <span class='ocrx_word' id='word_1_85' title='bbox 1459 1342 1766 1396; x_wconf 89' lang='lat' dir='ltr'><strong>actionibus</strong></span> <span class='ocrx_word' id='word_1_86' title='bbox 1800 1351 2044 1399; x_wconf 67' lang='lat' dir='ltr'><strong>extrema</strong></span> 
     </span>
    </p>
   </div>
   <div class='ocr_carea' id='block_1_16' title="bbox 475 1429 2046 1502">
    <p class='ocr_par' dir='ltr' id='par_1_16' title="bbox 475 1429 2046 1502">
     <span class='ocr_line' id='line_1_16' title="bbox 475 1429 2046 1502; baseline 0.006 -20"><span class='ocrx_word' id='word_1_87' title='bbox 475 1429 714 1482; x_wconf 85' lang='lat' dir='ltr'><strong>hominis</strong></span> <span class='ocrx_word' id='word_1_88' title='bbox 735 1430 964 1484; x_wconf 78' lang='lat' dir='ltr'><strong>felicitas</strong></span> <span class='ocrx_word' id='word_1_89' title='bbox 989 1441 1092 1495; x_wconf 89' lang='lat' dir='ltr'><strong>est,</strong></span> <span class='ocrx_word' id='word_1_90' title='bbox 1112 1431 1252 1485; x_wconf 89' lang='lat' dir='ltr'><strong>sicut</strong></span> <span class='ocrx_word' id='word_1_91' title='bbox 1290 1433 1628 1488; x_wconf 83' lang='lat' dir='ltr'><strong>Mahometus</strong></span> <span class='ocrx_word' id='word_1_92' title='bbox 1658 1435 1832 1502; x_wconf 86' lang='lat' dir='ltr'><strong>palam</strong></span> <span class='ocrx_word' id='word_1_93' title='bbox 1864 1435 2046 1492; x_wconf 86' lang='lat' dir='ltr'><strong>dicere</strong></span> 
     </span>
    </p>
   </div>
   <div class='ocr_carea' id='block_1_17' title="bbox 475 1518 2043 1593">
    <p class='ocr_par' dir='ltr' id='par_1_17' title="bbox 475 1518 2043 1593">
     <span class='ocr_line' id='line_1_17' title="bbox 475 1518 2043 1593; baseline 0.007 -22"><span class='ocrx_word' id='word_1_94' title='bbox 475 1518 716 1586; x_wconf 89' lang='lat' dir='ltr'><strong>videtur,</strong></span> <span class='ocrx_word' id='word_1_95' title='bbox 742 1521 900 1588; x_wconf 88' lang='lat' dir='ltr'><strong>cujus</strong></span> <span class='ocrx_word' id='word_1_96' title='bbox 927 1521 1098 1590; x_wconf 72' lang='lat' dir='ltr'><strong>gratia</strong></span> <span class='ocrx_word' id='word_1_97' title='bbox 1127 1538 1276 1577; x_wconf 87' lang='lat' dir='ltr'><strong>nunc</strong></span> <span class='ocrx_word' id='word_1_98' title='bbox 1307 1533 1522 1593; x_wconf 83' lang='lat' dir='ltr'><strong>oportet</strong></span> <span class='ocrx_word' id='word_1_99' title='bbox 1549 1527 1617 1580; x_wconf 88' lang='lat' dir='ltr'><strong>ab</strong></span> <span class='ocrx_word' id='word_1_100' title='bbox 1637 1525 1724 1581; x_wconf 88' lang='lat' dir='ltr'><strong>his</strong></span> <span class='ocrx_word' id='word_1_101' title='bbox 1751 1528 2043 1592; x_wconf 85' lang='lat' dir='ltr'><strong>contineri,</strong></span> 
     </span>
    </p>
   </div>
   <div class='ocr_carea' id='block_1_18' title="bbox 475 1611 2043 1683">
    <p class='ocr_par' dir='ltr' id='par_1_18' title="bbox 475 1611 2043 1683">
     <span class='ocr_line' id='line_1_18' title="bbox 475 1611 2043 1683; baseline 0.006 -20"><span class='ocrx_word' id='word_1_102' title='bbox 475 1617 532 1664; x_wconf 90' lang='lat' dir='ltr'><strong>et</strong></span> <span class='ocrx_word' id='word_1_103' title='bbox 557 1624 666 1664; x_wconf 91' lang='lat' dir='ltr'><strong>non</strong></span> <span class='ocrx_word' id='word_1_104' title='bbox 704 1611 888 1678; x_wconf 83' lang='lat' dir='ltr'><strong>potius</strong></span> <span class='ocrx_word' id='word_1_105' title='bbox 915 1612 1004 1666; x_wconf 91' lang='lat' dir='ltr'><strong>die</strong></span> <span class='ocrx_word' id='word_1_106' title='bbox 1045 1628 1109 1668; x_wconf 90' lang='lat' dir='ltr'><strong>ac</strong></span> <span class='ocrx_word' id='word_1_107' title='bbox 1138 1623 1300 1669; x_wconf 88' lang='lat' dir='ltr'><strong>nocte</strong></span> <span class='ocrx_word' id='word_1_108' title='bbox 1351 1616 1638 1671; x_wconf 82' lang='lat' dir='ltr'><strong>comedere</strong></span> <span class='ocrx_word' id='word_1_109' title='bbox 1673 1627 1729 1673; x_wconf 90' lang='lat' dir='ltr'><strong>et</strong></span> <span class='ocrx_word' id='word_1_110' title='bbox 1758 1619 2043 1683; x_wconf 81' lang='lat' dir='ltr'><strong>luxuriari,</strong></span> 
     </span>
    </p>
   </div>
   <div class='ocr_carea' id='block_1_19' title="bbox 477 1699 2046 1778">
    <p class='ocr_par' dir='ltr' id='par_1_19' title="bbox 477 1699 2046 1778">
     <span class='ocr_line' id='line_1_19' title="bbox 477 1699 2046 1778; baseline 0.01 -27"><span class='ocrx_word' id='word_1_111' title='bbox 477 1706 618 1752; x_wconf 89' lang='lat' dir='ltr'><strong>utet</strong></span> <span class='ocrx_word' id='word_1_112' title='bbox 665 1699 756 1754; x_wconf 90' lang='lat' dir='ltr'><strong>hic</strong></span> <span class='ocrx_word' id='word_1_113' title='bbox 789 1701 976 1757; x_wconf 82' lang='lat' dir='ltr'><strong>felices</strong></span> <span class='ocrx_word' id='word_1_114' title='bbox 1017 1719 1138 1759; x_wconf 90' lang='lat' dir='ltr'><strong>esse</strong></span> <span class='ocrx_word' id='word_1_115' title='bbox 1184 1706 1494 1774; x_wconf 84' lang='lat' dir='ltr'><strong>possimus?</strong></span> <span class='ocrx_word' id='word_1_116' title='bbox 1525 1707 1628 1762; x_wconf 88' lang='lat' dir='ltr'><strong>Sed</strong></span> <span class='ocrx_word' id='word_1_117' title='bbox 1667 1715 1809 1778; x_wconf 87' lang='lat' dir='ltr'><strong>apud</strong></span> <span class='ocrx_word' id='word_1_118' title='bbox 1857 1727 2046 1766; x_wconf 90' lang='lat' dir='ltr'><strong>omnes</strong></span> 
     </span>
    </p>
   </div>
   <div class='ocr_carea' id='block_1_20' title="bbox 477 1791 2048 1867">
    <p class='ocr_par' dir='ltr' id='par_1_20' title="bbox 477 1791 2048 1867">
     <span class='ocr_line' id='line_1_20' title="bbox 477 1791 2048 1867; baseline 0.008 -24"><span class='ocrx_word' id='word_1_119' title='bbox 477 1791 748 1860; x_wconf 86' lang='lat' dir='ltr'><strong>homines,</strong></span> <span class='ocrx_word' id='word_1_120' title='bbox 803 1801 858 1847; x_wconf 90' lang='lat' dir='ltr'><strong>et</strong></span> <span class='ocrx_word' id='word_1_121' title='bbox 903 1796 1048 1864; x_wconf 89' lang='lat' dir='ltr'><strong>apud</strong></span> <span class='ocrx_word' id='word_1_122' title='bbox 1111 1796 1408 1860; x_wconf 82' lang='lat' dir='ltr'><strong>Saracenos</strong></span> <span class='ocrx_word' id='word_1_123' title='bbox 1469 1799 1615 1867; x_wconf 89' lang='lat' dir='ltr'><strong>ipsos</strong></span> <span class='ocrx_word' id='word_1_124' title='bbox 1673 1801 2048 1856; x_wconf 89' lang='lat' dir='ltr'><strong>honorabilius</strong></span> 
     </span>
    </p>
   </div>
   <div class='ocr_carea' id='block_1_21' title="bbox 475 1882 2048 1950">
    <p class='ocr_par' dir='ltr' id='par_1_21' title="bbox 475 1882 2048 1950">
     <span class='ocr_line' id='line_1_21' title="bbox 475 1882 2048 1950; baseline 0.006 -14"><span class='ocrx_word' id='word_1_125' title='bbox 475 1882 737 1950; x_wconf 90' lang='lat' dir='ltr'><strong>videtur,</strong></span> <span class='ocrx_word' id='word_1_126' title='bbox 796 1887 1081 1942; x_wconf 86' lang='lat' dir='ltr'><strong>continere</strong></span> <span class='ocrx_word' id='word_1_127' title='bbox 1140 1889 1208 1942; x_wconf 90' lang='lat' dir='ltr'><strong>ab</strong></span> <span class='ocrx_word' id='word_1_128' title='bbox 1286 1891 1392 1944; x_wconf 92' lang='lat' dir='ltr'><strong>his.</strong></span> <span class='ocrx_word' id='word_1_129' title='bbox 1467 1891 1682 1947; x_wconf 85' lang='lat' dir='ltr'><strong>Habent</strong></span> <span class='ocrx_word' id='word_1_130' title='bbox 1742 1901 1926 1948; x_wconf 87' lang='lat' dir='ltr'><strong>autem</strong></span> <span class='ocrx_word' id='word_1_131' title='bbox 1995 1902 2048 1949; x_wconf 89' lang='lat' dir='ltr'><strong>et</strong></span> 
     </span>
    </p>
   </div>
   <div class='ocr_carea' id='block_1_22' title="bbox 476 1973 2048 2053">
    <p class='ocr_par' dir='ltr' id='par_1_22' title="bbox 476 1973 2048 2053">
     <span class='ocr_line' id='line_1_22' title="bbox 476 1973 2048 2053; baseline 0.008 -26"><span class='ocrx_word' id='word_1_132' title='bbox 476 1973 737 2042; x_wconf 83' lang='lat' dir='ltr'><strong>quosdam</strong></span> <span class='ocrx_word' id='word_1_133' title='bbox 788 1976 935 2031; x_wconf 79' lang='lat' dir='ltr'><strong>viros</strong></span> <span class='ocrx_word' id='word_1_134' title='bbox 988 1980 1350 2046; x_wconf 88' lang='lat' dir='ltr'><strong>speculativos</strong></span> <span class='ocrx_word' id='word_1_135' title='bbox 1398 1990 1455 2036; x_wconf 91' lang='lat' dir='ltr'><strong>et</strong></span> <span class='ocrx_word' id='word_1_136' title='bbox 1519 1984 1878 2046; x_wconf 87' lang='lat' dir='ltr'><strong>continentes,</strong></span> <span class='ocrx_word' id='word_1_137' title='bbox 1910 2001 2048 2053; x_wconf 89' lang='lat' dir='ltr'><strong>quos</strong></span> 
     </span>
    </p>
   </div>
   <div class='ocr_carea' id='block_1_23' title="bbox 477 2063 2046 2142">
    <p class='ocr_par' dir='ltr' id='par_1_23' title="bbox 477 2063 2046 2142">
     <span class='ocr_line' id='line_1_23' title="bbox 477 2063 2046 2142; baseline 0.009 -24"><span class='ocrx_word' id='word_1_138' title='bbox 477 2066 715 2119; x_wconf 76' lang='lat' dir='ltr'><strong>maxime</strong></span> <span class='ocrx_word' id='word_1_139' title='bbox 757 2067 998 2123; x_wconf 88' lang='lat' dir='ltr'><strong>laudant.</strong></span> <span class='ocrx_word' id='word_1_140' title='bbox 1045 2072 1150 2125; x_wconf 88' lang='lat' dir='ltr'><strong>Sed</strong></span> <span class='ocrx_word' id='word_1_141' title='bbox 1201 2073 1459 2142; x_wconf 90' lang='lat' dir='ltr'><strong>quoniam</strong></span> <span class='ocrx_word' id='word_1_142' title='bbox 1493 2074 1700 2129; x_wconf 90' lang='lat' dir='ltr'><strong>fatuum</strong></span> <span class='ocrx_word' id='word_1_143' title='bbox 1733 2087 1838 2140; x_wconf 90' lang='lat' dir='ltr'><strong>est,</strong></span> <span class='ocrx_word' id='word_1_144' title='bbox 1890 2063 2046 2133; x_wconf 79' lang='lat' dir='ltr'><strong>valde</strong></span> 
     </span>
    </p>
   </div>
   <div class='ocr_carea' id='block_1_24' title="bbox 479 2158 2050 2234">
    <p class='ocr_par' dir='ltr' id='par_1_24' title="bbox 479 2158 2050 2234">
     <span class='ocr_line' id='line_1_24' title="bbox 479 2158 2050 2234; baseline 0.008 -25"><span class='ocrx_word' id='word_1_145' title='bbox 479 2158 874 2213; x_wconf 89' lang='lat' dir='ltr'><strong>rationabiliter</strong></span> <span class='ocrx_word' id='word_1_146' title='bbox 918 2159 1068 2229; x_wconf 89' lang='lat' dir='ltr'><strong>loqui</strong></span> <span class='ocrx_word' id='word_1_147' title='bbox 1110 2177 1235 2216; x_wconf 90' lang='lat' dir='ltr'><strong>cum</strong></span> <span class='ocrx_word' id='word_1_148' title='bbox 1300 2163 1521 2218; x_wconf 87' lang='lat' dir='ltr'><strong>homine</strong></span> <span class='ocrx_word' id='word_1_149' title='bbox 1569 2167 1862 2234; x_wconf 88' lang='lat' dir='ltr'><strong>prudentia</strong></span> <span class='ocrx_word' id='word_1_150' title='bbox 1929 2183 2050 2222; x_wconf 91' lang='lat' dir='ltr'><strong>om-</strong></span> 
     </span>
    </p>
   </div>
   <div class='ocr_carea' id='block_1_25' title="bbox 478 2245 2044 2317">
    <p class='ocr_par' dir='ltr' id='par_1_25' title="bbox 478 2245 2044 2317">
     <span class='ocr_line' id='line_1_25' title="bbox 478 2245 2044 2317; baseline 0.009 -18"><span class='ocrx_word' id='word_1_151' title='bbox 478 2245 612 2300; x_wconf 88' lang='lat' dir='ltr'><strong>nino</strong></span> <span class='ocrx_word' id='word_1_152' title='bbox 666 2249 899 2317; x_wconf 89' lang='lat' dir='ltr'><strong>privato,</strong></span> <span class='ocrx_word' id='word_1_153' title='bbox 947 2251 1110 2305; x_wconf 93' lang='lat' dir='ltr'><strong>liceat</strong></span> <span class='ocrx_word' id='word_1_154' title='bbox 1151 2253 1311 2308; x_wconf 90' lang='lat' dir='ltr'><strong>simul</strong></span> <span class='ocrx_word' id='word_1_155' title='bbox 1363 2255 1600 2310; x_wconf 91' lang='lat' dir='ltr'><strong>insanire</strong></span> <span class='ocrx_word' id='word_1_156' title='bbox 1627 2267 1681 2311; x_wconf 91' lang='lat' dir='ltr'><strong>et</strong></span> <span class='ocrx_word' id='word_1_157' title='bbox 1729 2258 1956 2313; x_wconf 88' lang='lat' dir='ltr'><strong>dicere:</strong></span> <span class='ocrx_word' id='word_1_158' title='bbox 1988 2259 2044 2314; x_wconf 91' lang='lat' dir='ltr'><strong>Si</strong></span> 
     </span>
    </p>
   </div>
   <div class='ocr_carea' id='block_1_26' title="bbox 478 2336 2041 2414">
    <p class='ocr_par' dir='ltr' id='par_1_26' title="bbox 478 2336 2041 2414">
     <span class='ocr_line' id='line_1_26' title="bbox 478 2336 2041 2414; baseline 0.01 -25"><span class='ocrx_word' id='word_1_159' title='bbox 478 2336 535 2391; x_wconf 92' lang='lat' dir='ltr'><strong>in</strong></span> <span class='ocrx_word' id='word_1_160' title='bbox 567 2339 765 2394; x_wconf 88' lang='lat' dir='ltr'><strong>talibus</strong></span> <span class='ocrx_word' id='word_1_161' title='bbox 802 2342 1112 2398; x_wconf 89' lang='lat' dir='ltr'><strong>actionibus</strong></span> <span class='ocrx_word' id='word_1_162' title='bbox 1141 2352 1381 2398; x_wconf 75' lang='lat' dir='ltr'><strong>extrema</strong></span> <span class='ocrx_word' id='word_1_163' title='bbox 1417 2346 1655 2402; x_wconf 88' lang='lat' dir='ltr'><strong>hominis</strong></span> <span class='ocrx_word' id='word_1_164' title='bbox 1690 2348 1922 2404; x_wconf 77' lang='lat' dir='ltr'><strong>felicitas</strong></span> <span class='ocrx_word' id='word_1_165' title='bbox 1940 2361 2041 2414; x_wconf 87' lang='lat' dir='ltr'><strong>est,</strong></span> 
     </span>
    </p>
   </div>
   <div class='ocr_carea' id='block_1_27' title="bbox 479 2429 2047 2504">
    <p class='ocr_par' dir='ltr' id='par_1_27' title="bbox 479 2429 2047 2504">
     <span class='ocr_line' id='line_1_27' title="bbox 479 2429 2047 2504; baseline 0.009 -23"><span class='ocrx_word' id='word_1_166' title='bbox 479 2429 609 2497; x_wconf 89' lang='lat' dir='ltr'><strong>quid</strong></span> <span class='ocrx_word' id='word_1_167' title='bbox 664 2431 824 2486; x_wconf 82' lang='lat' dir='ltr'><strong>faciet</strong></span> <span class='ocrx_word' id='word_1_168' title='bbox 880 2432 1050 2502; x_wconf 83' lang='lat' dir='ltr'><strong>igitur</strong></span> <span class='ocrx_word' id='word_1_169' title='bbox 1094 2435 1274 2488; x_wconf 89' lang='lat' dir='ltr'><strong>anima</strong></span> <span class='ocrx_word' id='word_1_170' title='bbox 1319 2448 1562 2504; x_wconf 87' lang='lat' dir='ltr'><strong>separata</strong></span> <span class='ocrx_word' id='word_1_171' title='bbox 1617 2447 1742 2493; x_wconf 88' lang='lat' dir='ltr'><strong>ante</strong></span> <span class='ocrx_word' id='word_1_172' title='bbox 1801 2455 2047 2495; x_wconf 90' lang='lat' dir='ltr'><strong>resurre-</strong></span> 
     </span>
    </p>
   </div>
   <div class='ocr_carea' id='block_1_28' title="bbox 477 2515 2035 2599">
    <p class='ocr_par' dir='ltr' id='par_1_28' title="bbox 477 2515 2035 2599">
     <span class='ocr_line' id='line_1_28' title="bbox 477 2515 2035 2599; baseline 0.008 -25"><span class='ocrx_word' id='word_1_173' title='bbox 477 2515 736 2587; x_wconf 74' lang='lat' dir='ltr'><strong>ctionem,</strong></span> <span class='ocrx_word' id='word_1_174' title='bbox 768 2539 890 2588; x_wconf 83' lang='lat' dir='ltr'><strong>quae</strong></span> <span class='ocrx_word' id='word_1_175' title='bbox 941 2541 1118 2595; x_wconf 89' lang='lat' dir='ltr'><strong>neque</strong></span> <span class='ocrx_word' id='word_1_176' title='bbox 1166 2533 1486 2594; x_wconf 88' lang='lat' dir='ltr'><strong>comedere,</strong></span> <span class='ocrx_word' id='word_1_177' title='bbox 1523 2545 1704 2599; x_wconf 91' lang='lat' dir='ltr'><strong>neque</strong></span> <span class='ocrx_word' id='word_1_178' title='bbox 1741 2532 2035 2588; x_wconf 83' lang='lat' dir='ltr'><strong>’luxuriari</strong></span> 
     </span>
    </p>
   </div>
   <div class='ocr_carea' id='block_1_29' title="bbox 476 2612 2040 2690">
    <p class='ocr_par' dir='ltr' id='par_1_29' title="bbox 476 2612 2040 2690">
     <span class='ocr_line' id='line_1_29' title="bbox 476 2612 2040 2690; baseline 0.012 -29"><span class='ocrx_word' id='word_1_179' title='bbox 476 2613 698 2678; x_wconf 87' lang='lat' dir='ltr'><strong>potest?</strong></span> <span class='ocrx_word' id='word_1_180' title='bbox 733 2612 841 2668; x_wconf 86' lang='lat' dir='ltr'><strong>Sed</strong></span> <span class='ocrx_word' id='word_1_181' title='bbox 897 2630 1077 2684; x_wconf 87' lang='lat' dir='ltr'><strong>neque</strong></span> <span class='ocrx_word' id='word_1_182' title='bbox 1120 2620 1297 2688; x_wconf 82' lang='lat' dir='ltr'><strong>angeli</strong></span> <span class='ocrx_word' id='word_1_183' title='bbox 1349 2629 1608 2688; x_wconf 90' lang='lat' dir='ltr'><strong>poterunt</strong></span> <span class='ocrx_word' id='word_1_184' title='bbox 1664 2636 1782 2675; x_wconf 88' lang='lat' dir='ltr'><strong>esse</strong></span> <span class='ocrx_word' id='word_1_185' title='bbox 1831 2623 2040 2690; x_wconf 79' lang='lat' dir='ltr'><strong>felices,</strong></span> 
     </span>
    </p>
   </div>
   <div class='ocr_carea' id='block_1_30' title="bbox 476 2704 2042 2780">
    <p class='ocr_par' dir='ltr' id='par_1_30' title="bbox 476 2704 2042 2780">
     <span class='ocr_line' id='line_1_30' title="bbox 476 2704 2042 2780; baseline 0.008 -25"><span class='ocrx_word' id='word_1_186' title='bbox 476 2715 602 2755; x_wconf 91' lang='lat' dir='ltr'><strong>cum</strong></span> <span class='ocrx_word' id='word_1_187' title='bbox 654 2704 788 2759; x_wconf 86' lang='lat' dir='ltr'><strong>tales</strong></span> <span class='ocrx_word' id='word_1_188' title='bbox 843 2707 1152 2777; x_wconf 83' lang='lat' dir='ltr'><strong>voluptates</strong></span> <span class='ocrx_word' id='word_1_189' title='bbox 1177 2725 1284 2762; x_wconf 92' lang='lat' dir='ltr'><strong>non</strong></span> <span class='ocrx_word' id='word_1_190' title='bbox 1320 2722 1561 2780; x_wconf 77' lang='lat' dir='ltr'><strong>gustent.</strong></span> <span class='ocrx_word' id='word_1_191' title='bbox 1592 2713 1724 2767; x_wconf 91' lang='lat' dir='ltr'><strong>ltem</strong></span> <span class='ocrx_word' id='word_1_192' title='bbox 1765 2714 1809 2768; x_wconf 92' lang='lat' dir='ltr'><strong>si</strong></span> <span class='ocrx_word' id='word_1_193' title='bbox 1843 2716 1896 2769; x_wconf 92' lang='lat' dir='ltr'><strong>in</strong></span> <span class='ocrx_word' id='word_1_194' title='bbox 1942 2716 2042 2770; x_wconf 90' lang='lat' dir='ltr'><strong>ha-</strong></span> 
     </span>
    </p>
   </div>
   <div class='ocr_carea' id='block_1_31' title="bbox 477 2793 2043 2870">
    <p class='ocr_par' dir='ltr' id='par_1_31' title="bbox 477 2793 2043 2870">
     <span class='ocr_line' id='line_1_31' title="bbox 477 2793 2043 2870; baseline 0.01 -22"><span class='ocrx_word' id='word_1_195' title='bbox 477 2793 660 2850; x_wconf 88' lang='lat' dir='ltr'><strong>bendo</strong></span> <span class='ocrx_word' id='word_1_196' title='bbox 713 2796 936 2865; x_wconf 82' lang='lat' dir='ltr'><strong>quidem</strong></span> <span class='ocrx_word' id='word_1_197' title='bbox 1005 2801 1204 2856; x_wconf 89' lang='lat' dir='ltr'><strong>multas</strong></span> <span class='ocrx_word' id='word_1_198' title='bbox 1260 2804 1559 2870; x_wconf 90' lang='lat' dir='ltr'><strong>mulieres,</strong></span> <span class='ocrx_word' id='word_1_199' title='bbox 1613 2807 2043 2864; x_wconf 87' lang='lat' dir='ltr'><strong>innumerabiles</strong></span> 
     </span>
    </p>
   </div>
   <div class='ocr_carea' id='block_1_32' title="bbox 477 2889 2042 2961">
    <p class='ocr_par' dir='ltr' id='par_1_32' title="bbox 477 2889 2042 2961">
     <span class='ocr_line' id='line_1_32' title="bbox 477 2889 2042 2961; baseline 0.01 -22"><span class='ocrx_word' id='word_1_200' title='bbox 477 2898 660 2941; x_wconf 89' lang='lat' dir='ltr'><strong>autem</strong></span> <span class='ocrx_word' id='word_1_201' title='bbox 690 2889 913 2957; x_wconf 87' lang='lat' dir='ltr'><strong>pellices</strong></span> <span class='ocrx_word' id='word_1_202' title='bbox 952 2901 1007 2944; x_wconf 93' lang='lat' dir='ltr'><strong>et</strong></span> <span class='ocrx_word' id='word_1_203' title='bbox 1039 2892 1291 2961; x_wconf 89' lang='lat' dir='ltr'><strong>juniores</strong></span> <span class='ocrx_word' id='word_1_204' title='bbox 1329 2904 1570 2950; x_wconf 86' lang='lat' dir='ltr'><strong>extrema</strong></span> <span class='ocrx_word' id='word_1_205' title='bbox 1607 2897 1890 2952; x_wconf 88' lang='lat' dir='ltr'><strong>hominum</strong></span> <span class='ocrx_word' id='word_1_206' title='bbox 1925 2900 2042 2954; x_wconf 75' lang='lat' dir='ltr'><strong>feli-</strong></span> 
     </span>
    </p>
   </div>
   <div class='ocr_carea' id='block_1_33' title="bbox 477 2979 2038 3057">
    <p class='ocr_par' dir='ltr' id='par_1_33' title="bbox 477 2979 2038 3057">
     <span class='ocr_line' id='line_1_33' title="bbox 477 2979 2038 3057; baseline 0.008 -25"><span class='ocrx_word' id='word_1_207' title='bbox 477 2979 750 3043; x_wconf 64' lang='lat' dir='ltr'><strong>citaS&#39;est,</strong></span> <span class='ocrx_word' id='word_1_208' title='bbox 779 2983 1058 3050; x_wconf 89' lang='lat' dir='ltr'><strong>quomodo</strong></span> <span class='ocrx_word' id='word_1_209' title='bbox 1104 2996 1329 3053; x_wconf 83' lang='lat' dir='ltr'><strong>possent</strong></span> <span class='ocrx_word' id='word_1_210' title='bbox 1373 2988 1636 3042; x_wconf 86' lang='lat' dir='ltr'><strong>mulieres</strong></span> <span class='ocrx_word' id='word_1_211' title='bbox 1674 2987 1860 3045; x_wconf 76' lang='lat' dir='ltr'><strong>felices</strong></span> <span class='ocrx_word' id='word_1_212' title='bbox 1897 3005 2038 3057; x_wconf 91' lang='lat' dir='ltr'><strong>esse,</strong></span> 
     </span>
    </p>
   </div>
   <div class='ocr_carea' id='block_1_34' title="bbox 476 3071 2112 3151">
    <p class='ocr_par' dir='ltr' id='par_1_34' title="bbox 476 3071 2112 3151">
     <span class='ocr_line' id='line_1_34' title="bbox 476 3071 2112 3151; baseline 0.008 -26"><span class='ocrx_word' id='word_1_213' title='bbox 476 3071 580 3127; x_wconf 85' lang='lat' dir='ltr'><strong>nisi</strong></span> <span class='ocrx_word' id='word_1_214' title='bbox 614 3072 879 3128; x_wconf 88' lang='lat' dir='ltr'><strong>haberent</strong></span> <span class='ocrx_word' id='word_1_215' title='bbox 924 3075 1110 3142; x_wconf 89' lang='lat' dir='ltr'><strong>plures</strong></span> <span class='ocrx_word' id='word_1_216' title='bbox 1148 3077 1336 3132; x_wconf 88' lang='lat' dir='ltr'><strong>viros?</strong></span> <span class='ocrx_word' id='word_1_217' title='bbox 1365 3077 1473 3132; x_wconf 91' lang='lat' dir='ltr'><strong>Sed</strong></span> <span class='ocrx_word' id='word_1_218' title='bbox 1525 3096 1737 3145; x_wconf 88' lang='lat' dir='ltr'><strong>rursus,</strong></span> <span class='ocrx_word' id='word_1_219' title='bbox 1769 3084 2043 3151; x_wconf 91' lang='lat' dir='ltr'><strong>quomodo</strong></span> <span class='ocrx_word' id='word_1_220' title='bbox 2071 3087 2112 3144; x_wconf 88' lang='lat' dir='ltr'><strong><em>C</em></strong></span> 
     </span>
    </p>
   </div>
   <div class='ocr_carea' id='block_1_35' title="bbox 477 3164 2046 3238">
    <p class='ocr_par' dir='ltr' id='par_1_35' title="bbox 477 3164 2046 3238">
     <span class='ocr_line' id='line_1_35' title="bbox 477 3164 2046 3238; baseline 0.01 -22"><span class='ocrx_word' id='word_1_221' title='bbox 477 3164 736 3232; x_wconf 87' lang='lat' dir='ltr'><strong>possibile</strong></span> <span class='ocrx_word' id='word_1_222' title='bbox 762 3175 846 3219; x_wconf 89' lang='lat' dir='ltr'><strong>est</strong></span> <span class='ocrx_word' id='word_1_223' title='bbox 879 3167 1052 3220; x_wconf 88' lang='lat' dir='ltr'><strong>virum</strong></span> <span class='ocrx_word' id='word_1_224' title='bbox 1079 3182 1200 3222; x_wconf 87' lang='lat' dir='ltr'><strong>esse</strong></span> <span class='ocrx_word' id='word_1_225' title='bbox 1232 3168 1472 3234; x_wconf 89' lang='lat' dir='ltr'><strong>beatum,</strong></span> <span class='ocrx_word' id='word_1_226' title='bbox 1500 3171 1656 3238; x_wconf 85' lang='lat' dir='ltr'><strong>cujus</strong></span> <span class='ocrx_word' id='word_1_227' title='bbox 1685 3190 1822 3227; x_wconf 78' lang='lat' dir='ltr'><strong>uxor</strong></span> <span class='ocrx_word' id='word_1_228' title='bbox 1842 3176 2046 3231; x_wconf 82' lang='lat' dir='ltr'><strong>multos</strong></span> 
     </span>
    </p>
   </div>
   <div class='ocr_carea' id='block_1_36' title="bbox 477 3255 2044 3331">
    <p class='ocr_par' dir='ltr' id='par_1_36' title="bbox 477 3255 2044 3331">
     <span class='ocr_line' id='line_1_36' title="bbox 477 3255 2044 3331; baseline 0.01 -24"><span class='ocrx_word' id='word_1_229' title='bbox 477 3255 612 3308; x_wconf 90' lang='lat' dir='ltr'><strong>alios</strong></span> <span class='ocrx_word' id='word_1_230' title='bbox 657 3255 852 3310; x_wconf 91' lang='lat' dir='ltr'><strong>habeat</strong></span> <span class='ocrx_word' id='word_1_231' title='bbox 885 3258 1070 3312; x_wconf 88' lang='lat' dir='ltr'><strong>viros?</strong></span> <span class='ocrx_word' id='word_1_232' title='bbox 1116 3259 1347 3315; x_wconf 79' lang='lat' dir='ltr'><strong>Necesse</strong></span> <span class='ocrx_word' id='word_1_233' title='bbox 1391 3261 1578 3331; x_wconf 83' lang='lat' dir='ltr'><strong>igitur,</strong></span> <span class='ocrx_word' id='word_1_234' title='bbox 1617 3262 1700 3317; x_wconf 83' lang='lat' dir='ltr'><strong>vel</strong></span> <span class='ocrx_word' id='word_1_235' title='bbox 1757 3267 2044 3322; x_wconf 88' lang='lat' dir='ltr'><strong>mulierem</strong></span> 
     </span>
    </p>
   </div>
   <div class='ocr_carea' id='block_1_37' title="bbox 367 3345 2045 3425">
    <p class='ocr_par' dir='ltr' id='par_1_37' title="bbox 367 3345 2045 3425">
     <span class='ocr_line' id='line_1_37' title="bbox 367 3345 2045 3425; baseline 0.01 -28"><span class='ocrx_word' id='word_1_236' title='bbox 367 3408 385 3422; x_wconf 27' lang='grc' dir='ltr'><strong><em>ἡ</em></strong></span> <span class='ocrx_word' id='word_1_237' title='bbox 479 3345 690 3400; x_wconf 87' lang='lat' dir='ltr'><strong>beatam</strong></span> <span class='ocrx_word' id='word_1_238' title='bbox 719 3363 842 3402; x_wconf 91' lang='lat' dir='ltr'><strong>esse</strong></span> <span class='ocrx_word' id='word_1_239' title='bbox 866 3356 922 3403; x_wconf 90' lang='lat' dir='ltr'><strong>et</strong></span> <span class='ocrx_word' id='word_1_240' title='bbox 963 3349 1142 3403; x_wconf 90' lang='lat' dir='ltr'><strong>virum</strong></span> <span class='ocrx_word' id='word_1_241' title='bbox 1176 3351 1467 3417; x_wconf 76' lang='lat' dir='ltr'><strong>infelicem,</strong></span> <span class='ocrx_word' id='word_1_242' title='bbox 1495 3354 1579 3406; x_wconf 88' lang='lat' dir='ltr'><strong>vel</strong></span> <span class='ocrx_word' id='word_1_243' title='bbox 1615 3356 1790 3408; x_wconf 89' lang='lat' dir='ltr'><strong>virum</strong></span> <span class='ocrx_word' id='word_1_244' title='bbox 1825 3358 2045 3425; x_wconf 89' lang='lat' dir='ltr'><strong>quidem</strong></span> 
     </span>
    </p>
   </div>
   <div class='ocr_carea' id='block_1_38' title="bbox 478 3434 2041 3511">
    <p class='ocr_par' dir='ltr' id='par_1_38' title="bbox 478 3434 2041 3511">
     <span class='ocr_line' id='line_1_38' title="bbox 478 3434 2041 3511; baseline 0.008 -23"><span class='ocrx_word' id='word_1_245' title='bbox 478 3434 712 3496; x_wconf 78' lang='lat' dir='ltr'><strong>felicem,</strong></span> <span class='ocrx_word' id='word_1_246' title='bbox 733 3438 990 3494; x_wconf 89' lang='lat' dir='ltr'><strong>mulieres</strong></span> <span class='ocrx_word' id='word_1_247' title='bbox 1023 3449 1201 3494; x_wconf 88' lang='lat' dir='ltr'><strong>autem</strong></span> <span class='ocrx_word' id='word_1_248' title='bbox 1230 3442 1546 3511; x_wconf 87' lang='lat' dir='ltr'><strong>etjuniores</strong></span> <span class='ocrx_word' id='word_1_249' title='bbox 1562 3459 1745 3497; x_wconf 87' lang='lat' dir='ltr'><strong>earum</strong></span> <span class='ocrx_word' id='word_1_250' title='bbox 1781 3445 2041 3501; x_wconf 83' lang='lat' dir='ltr'><strong>infelices.</strong></span> 
     </span>
    </p>
   </div>
   <div class='ocr_carea' id='block_1_39' title="bbox 478 3526 2044 3604">
    <p class='ocr_par' dir='ltr' id='par_1_39' title="bbox 478 3526 2044 3604">
     <span class='ocr_line' id='line_1_39' title="bbox 478 3526 2044 3604; baseline 0.007 -25"><span class='ocrx_word' id='word_1_251' title='bbox 478 3526 764 3591; x_wconf 85' lang='lat' dir='ltr'><strong>Quomodo</strong></span> <span class='ocrx_word' id='word_1_252' title='bbox 789 3537 970 3583; x_wconf 87' lang='lat' dir='ltr'><strong>autem</strong></span> <span class='ocrx_word' id='word_1_253' title='bbox 992 3530 1251 3599; x_wconf 83' lang='lat' dir='ltr'><strong>possibile</strong></span> <span class='ocrx_word' id='word_1_254' title='bbox 1275 3541 1378 3595; x_wconf 89' lang='lat' dir='ltr'><strong>est,</strong></span> <span class='ocrx_word' id='word_1_255' title='bbox 1403 3548 1522 3587; x_wconf 90' lang='lat' dir='ltr'><strong>esse</strong></span> <span class='ocrx_word' id='word_1_256' title='bbox 1549 3535 1767 3588; x_wconf 85' lang='lat' dir='ltr'><strong>beatum</strong></span> <span class='ocrx_word' id='word_1_257' title='bbox 1785 3536 2044 3604; x_wconf 86' lang='lat' dir='ltr'><strong>aliquem,</strong></span> 
     </span>
    </p>
   </div>
   <div class='ocr_carea' id='block_1_40' title="bbox 481 3619 2048 3691">
    <p class='ocr_par' dir='ltr' id='par_1_40' title="bbox 481 3619 2048 3691">
     <span class='ocr_line' id='line_1_40' title="bbox 481 3619 2048 3691; baseline 0.008 -21"><span class='ocrx_word' id='word_1_258' title='bbox 481 3619 638 3684; x_wconf 88' lang='lat' dir='ltr'><strong>cujus</strong></span> <span class='ocrx_word' id='word_1_259' title='bbox 675 3621 852 3675; x_wconf 89' lang='lat' dir='ltr'><strong>omnis</strong></span> <span class='ocrx_word' id='word_1_260' title='bbox 881 3621 1077 3677; x_wconf 92' lang='lat' dir='ltr'><strong>domus</strong></span> <span class='ocrx_word' id='word_1_261' title='bbox 1107 3639 1268 3691; x_wconf 91' lang='lat' dir='ltr'><strong>quam</strong></span> <span class='ocrx_word' id='word_1_262' title='bbox 1314 3633 1464 3679; x_wconf 86' lang='lat' dir='ltr'><strong>amat</strong></span> <span class='ocrx_word' id='word_1_263' title='bbox 1517 3625 1713 3680; x_wconf 89' lang='lat' dir='ltr'><strong>misera</strong></span> <span class='ocrx_word' id='word_1_264' title='bbox 1760 3636 1815 3681; x_wconf 91' lang='lat' dir='ltr'><strong>et</strong></span> <span class='ocrx_word' id='word_1_265' title='bbox 1861 3628 2048 3683; x_wconf 77' lang='lat' dir='ltr'><strong>infelix</strong></span> 
     </span>
    </p>
   </div>
   <div class='ocr_carea' id='block_1_41' title="bbox 479 3709 2048 3782">
    <p class='ocr_par' dir='ltr' id='par_1_41' title="bbox 479 3709 2048 3782">
     <span class='ocr_line' id='line_1_41' title="bbox 479 3709 2048 3782; baseline 0.009 -23"><span class='ocrx_word' id='word_1_266' title='bbox 479 3709 600 3760; x_wconf 86' lang='lat' dir='ltr'><strong>est?</strong></span> <span class='ocrx_word' id='word_1_267' title='bbox 637 3711 1038 3766; x_wconf 82' lang='lat' dir='ltr'><strong>Rationabilius</strong></span> <span class='ocrx_word' id='word_1_268' title='bbox 1064 3713 1232 3782; x_wconf 79' lang='lat' dir='ltr'><strong>igitur</strong></span> <span class='ocrx_word' id='word_1_269' title='bbox 1263 3721 1369 3779; x_wconf 85' lang='lat' dir='ltr'><strong>est,</strong></span> <span class='ocrx_word' id='word_1_270' title='bbox 1413 3722 1468 3768; x_wconf 91' lang='lat' dir='ltr'><strong>et</strong></span> <span class='ocrx_word' id='word_1_271' title='bbox 1507 3715 1654 3768; x_wconf 86' lang='lat' dir='ltr'><strong>viros</strong></span> <span class='ocrx_word' id='word_1_272' title='bbox 1687 3725 1743 3770; x_wconf 90' lang='lat' dir='ltr'><strong>et</strong></span> <span class='ocrx_word' id='word_1_273' title='bbox 1795 3717 2048 3773; x_wconf 84' lang='lat' dir='ltr'><strong>mulieres</strong></span> 
     </span>
    </p>
   </div>
   <div class='ocr_carea' id='block_1_42' title="bbox 481 3801 1238 3861">
    <p class='ocr_par' dir='ltr' id='par_1_42' title="bbox 481 3801 1238 3861">
     <span class='ocr_line' id='line_1_42' title="bbox 481 3801 1238 3861; baseline 0.012 -10"><span class='ocrx_word' id='word_1_274' title='bbox 481 3801 714 3854; x_wconf 88' lang='lat' dir='ltr'><strong>miseras</strong></span> <span class='ocrx_word' id='word_1_275' title='bbox 737 3816 858 3856; x_wconf 89' lang='lat' dir='ltr'><strong>esse</strong></span> <span class='ocrx_word' id='word_1_276' title='bbox 890 3813 946 3858; x_wconf 91' lang='lat' dir='ltr'><strong>et</strong></span> <span class='ocrx_word' id='word_1_277' title='bbox 972 3803 1238 3861; x_wconf 87' lang='lat' dir='ltr'><strong>infelices.</strong></span> 
     </span>
    </p>
   </div>
   <div class='ocr_carea' id='block_1_43' title="bbox 554 3975 2044 4049">
    <p class='ocr_par' dir='ltr' id='par_1_43' title="bbox 554 3975 2044 4049">
     <span class='ocr_line' id='line_1_43' title="bbox 554 3975 2044 4049; baseline 0.003 -18"><span class='ocrx_word' id='word_1_278' title='bbox 554 3975 681 4032; x_wconf 66' lang='lat' dir='ltr'><strong>Hmc</strong></span> <span class='ocrx_word' id='word_1_279' title='bbox 715 3985 971 4046; x_wconf 79' lang='lat' dir='ltr'><strong>tanquam</strong></span> <span class='ocrx_word' id='word_1_280' title='bbox 1007 3979 1064 4032; x_wconf 90' lang='lat' dir='ltr'><strong>in</strong></span> <span class='ocrx_word' id='word_1_281' title='bbox 1104 3979 1536 4048; x_wconf 80' lang='lat' dir='ltr'><strong>transgressione</strong></span> <span class='ocrx_word' id='word_1_282' title='bbox 1569 3980 1710 4035; x_wconf 87' lang='lat' dir='ltr'><strong>dicta</strong></span> <span class='ocrx_word' id='word_1_283' title='bbox 1757 3981 2044 4049; x_wconf 75' lang='lat' dir='ltr'><strong>sufficiant,</strong></span> 
     </span>
    </p>
   </div>
   <div class='ocr_carea' id='block_1_44' title="bbox 483 4068 2048 4142">
    <p class='ocr_par' dir='ltr' id='par_1_44' title="bbox 483 4068 2048 4142">
     <span class='ocr_line' id='line_1_44' title="bbox 483 4068 2048 4142; baseline 0.004 -18"><span class='ocrx_word' id='word_1_284' title='bbox 483 4068 554 4124; x_wconf 87' lang='lat' dir='ltr'><strong>ad</strong></span> <span class='ocrx_word' id='word_1_285' title='bbox 581 4069 1064 4124; x_wconf 86' lang='lat' dir='ltr'><strong>demonstrandum</strong></span> <span class='ocrx_word' id='word_1_286' title='bbox 1099 4071 1529 4126; x_wconf 87' lang='lat' dir='ltr'><strong>irrationabilem</strong></span> <span class='ocrx_word' id='word_1_287' title='bbox 1580 4088 1701 4126; x_wconf 89' lang='lat' dir='ltr'><strong>esse</strong></span> <span class='ocrx_word' id='word_1_288' title='bbox 1744 4075 1916 4142; x_wconf 75' lang='lat' dir='ltr'><strong>legem</strong></span> <span class='ocrx_word' id='word_1_289' title='bbox 1961 4091 2048 4130; x_wconf 82' lang='lat' dir='ltr'><strong>sc-</strong></span> 
     </span>
    </p>
   </div>
   <div class='ocr_carea' id='block_1_45' title="bbox 484 4158 2047 4231">
    <p class='ocr_par' dir='ltr' id='par_1_45' title="bbox 484 4158 2047 4231">
     <span class='ocr_line' id='line_1_45' title="bbox 484 4158 2047 4231; baseline 0.004 -20"><span class='ocrx_word' id='word_1_290' title='bbox 484 4161 726 4212; x_wconf 85' lang='lat' dir='ltr'><strong>cundum</strong></span> <span class='ocrx_word' id='word_1_291' title='bbox 769 4158 934 4212; x_wconf 89' lang='lat' dir='ltr'><strong>finem</strong></span> <span class='ocrx_word' id='word_1_292' title='bbox 985 4167 1041 4212; x_wconf 90' lang='lat' dir='ltr'><strong>et</strong></span> <span class='ocrx_word' id='word_1_293' title='bbox 1074 4160 1357 4229; x_wconf 76' lang='lat' dir='ltr'><strong>praemium</strong></span> <span class='ocrx_word' id='word_1_294' title='bbox 1386 4161 1532 4229; x_wconf 91' lang='lat' dir='ltr'><strong>quod</strong></span> <span class='ocrx_word' id='word_1_295' title='bbox 1579 4164 1863 4231; x_wconf 86' lang='lat' dir='ltr'><strong>promittit.</strong></span> <span class='ocrx_word' id='word_1_296' title='bbox 1912 4163 2047 4218; x_wconf 86' lang='lat' dir='ltr'><strong>irra-</strong></span> 
     </span>
    </p>
   </div>
   <div class='ocr_carea' id='block_1_46' title="bbox 487 4249 2049 4322">
    <p class='ocr_par' dir='ltr' id='par_1_46' title="bbox 487 4249 2049 4322">
     <span class='ocr_line' id='line_1_46' title="bbox 487 4249 2049 4322; baseline 0.004 -18"><span class='ocrx_word' id='word_1_297' title='bbox 487 4249 768 4305; x_wconf 88' lang='lat' dir='ltr'><strong>tionabilis</strong></span> <span class='ocrx_word' id='word_1_298' title='bbox 809 4259 893 4305; x_wconf 90' lang='lat' dir='ltr'><strong>est</strong></span> <span class='ocrx_word' id='word_1_299' title='bbox 922 4259 976 4304; x_wconf 90' lang='lat' dir='ltr'><strong>et</strong></span> <span class='ocrx_word' id='word_1_300' title='bbox 1003 4250 1307 4305; x_wconf 88' lang='lat' dir='ltr'><strong>secundum</strong></span> <span class='ocrx_word' id='word_1_301' title='bbox 1345 4252 1448 4306; x_wconf 91' lang='lat' dir='ltr'><strong>alia</strong></span> <span class='ocrx_word' id='word_1_302' title='bbox 1493 4254 1662 4307; x_wconf 88' lang='lat' dir='ltr'><strong>multa</strong></span> <span class='ocrx_word' id='word_1_303' title='bbox 1698 4259 1818 4322; x_wconf 73' lang='lat' dir='ltr'><strong>qua:</strong></span> <span class='ocrx_word' id='word_1_304' title='bbox 1858 4256 1907 4307; x_wconf 85' lang='lat' dir='ltr'><strong>in</strong></span> <span class='ocrx_word' id='word_1_305' title='bbox 1945 4255 2049 4310; x_wconf 86' lang='lat' dir='ltr'><strong>hoc</strong></span> 
     </span>
    </p>
   </div>
   <div class='ocr_carea' id='block_1_47' title="bbox 484 4340 2044 4411">
    <p class='ocr_par' dir='ltr' id='par_1_47' title="bbox 484 4340 2044 4411">
     <span class='ocr_line' id='line_1_47' title="bbox 484 4340 2044 4411; baseline 0.003 -18"><span class='ocrx_word' id='word_1_306' title='bbox 484 4340 860 4404; x_wconf 87' lang='lat' dir='ltr'><strong>continentur,</strong></span> <span class='ocrx_word' id='word_1_307' title='bbox 901 4340 1045 4407; x_wconf 73' lang='lat' dir='ltr'><strong>sicut</strong></span> <span class='ocrx_word' id='word_1_308' title='bbox 1087 4340 1142 4395; x_wconf 91' lang='lat' dir='ltr'><strong>id</strong></span> <span class='ocrx_word' id='word_1_309' title='bbox 1199 4342 1340 4410; x_wconf 90' lang='lat' dir='ltr'><strong>quod</strong></span> <span class='ocrx_word' id='word_1_310' title='bbox 1395 4341 1709 4411; x_wconf 88' lang='lat' dir='ltr'><strong>frequenter</strong></span> <span class='ocrx_word' id='word_1_311' title='bbox 1746 4343 2044 4410; x_wconf 87' lang='lat' dir='ltr'><strong>inducitur,</strong></span> 
     </span>
    </p>
   </div>
   <div class='ocr_carea' id='block_1_48' title="bbox 2143 528 3614 610">
    <p class='ocr_par' dir='ltr' id='par_1_48' title="bbox 2143 528 3614 610">
     <span class='ocr_line' id='line_1_48' title="bbox 2143 528 3614 610; baseline 0.009 -31"><span class='ocrx_word' id='word_1_312' title='bbox 2143 529 2236 580; x_wconf 76' lang='grc' dir='ltr'><strong>καὶ</strong></span> <span class='ocrx_word' id='word_1_313' title='bbox 2269 528 2676 599; x_wconf 84' lang='grc' dir='ltr'><strong>πρωθύστερος,</strong></span> <span class='ocrx_word' id='word_1_314' title='bbox 2711 531 2759 582; x_wconf 83' lang='grc' dir='ltr'><strong>εί</strong></span> <span class='ocrx_word' id='word_1_315' title='bbox 2787 531 2876 586; x_wconf 84' lang='grc' dir='ltr'><strong>διὰ</strong></span> <span class='ocrx_word' id='word_1_316' title='bbox 2919 537 3088 601; x_wconf 76' lang='grc' dir='ltr'><strong>μόνας</strong></span> <span class='ocrx_word' id='word_1_317' title='bbox 3125 537 3222 598; x_wconf 80' lang='grc' dir='ltr'><strong>τὰς</strong></span> <span class='ocrx_word' id='word_1_318' title='bbox 3245 538 3416 606; x_wconf 73' lang='grc' dir='ltr'><strong>ἡδονὰς</strong></span> <span class='ocrx_word' id='word_1_319' title='bbox 3442 544 3488 592; x_wconf 82' lang='grc' dir='ltr'><strong>αξ</strong></span> <span class='ocrx_word' id='word_1_320' title='bbox 3509 543 3614 610; x_wconf 76' lang='grc' dir='ltr'><strong>ἐνέρ-</strong></span> 
     </span>
    </p>
   </div>
   <div class='ocr_carea' id='block_1_49' title="bbox 2142 614 3616 694">
    <p class='ocr_par' dir='ltr' id='par_1_49' title="bbox 2142 614 3616 694">
     <span class='ocr_line' id='line_1_49' title="bbox 2142 614 3616 694; baseline 0.01 -25"><span class='ocrx_word' id='word_1_321' title='bbox 2142 635 2286 686; x_wconf 87' lang='grc' dir='ltr'><strong>γειαι</strong></span> <span class='ocrx_word' id='word_1_322' title='bbox 2319 614 2484 672; x_wconf 73' lang='grc' dir='ltr'><strong>αὗται</strong></span> <span class='ocrx_word' id='word_1_323' title='bbox 2529 621 2789 676; x_wconf 81' lang='grc' dir='ltr'><strong>τελοῖντο.</strong></span> <span class='ocrx_word' id='word_1_324' title='bbox 2824 624 3092 694; x_wconf 78' lang='grc' dir='ltr'><strong>Οὐδαμῶς</strong></span> <span class='ocrx_word' id='word_1_325' title='bbox 3115 626 3221 694; x_wconf 79' lang='grc' dir='ltr'><strong>ἄρα</strong></span> <span class='ocrx_word' id='word_1_326' title='bbox 3258 627 3313 678; x_wconf 79' lang='grc' dir='ltr'><strong>ἐν</strong></span> <span class='ocrx_word' id='word_1_327' title='bbox 3335 631 3435 690; x_wconf 82' lang='grc' dir='ltr'><strong>τοῖς</strong></span> <span class='ocrx_word' id='word_1_328' title='bbox 3458 629 3616 683; x_wconf 64' lang='grc' dir='ltr'><strong>ἀνιστα-</strong></span> 
     </span>
    </p>
   </div>
   <div class='ocr_carea' id='block_1_50' title="bbox 2146 706 3616 788">
    <p class='ocr_par' dir='ltr' id='par_1_50' title="bbox 2146 706 3616 788">
     <span class='ocr_line' id='line_1_50' title="bbox 2146 706 3616 788; baseline 0.01 -27"><span class='ocrx_word' id='word_1_329' title='bbox 2146 710 2328 780; x_wconf 82' lang='grc' dir='ltr'><strong>μένοις</strong></span> <span class='ocrx_word' id='word_1_330' title='bbox 2355 753 2369 776; x_wconf 89' lang='grc'><em>,</em></span> <span class='ocrx_word' id='word_1_331' title='bbox 2417 706 2492 765; x_wconf 83' lang='grc' dir='ltr'><strong>ὧν</strong></span> <span class='ocrx_word' id='word_1_332' title='bbox 2551 715 2583 782; x_wconf 88' lang='grc' dir='ltr'><strong>ή</strong></span> <span class='ocrx_word' id='word_1_333' title='bbox 2637 714 2750 784; x_wconf 80' lang='grc' dir='ltr'><strong>ζωὴ</strong></span> <span class='ocrx_word' id='word_1_334' title='bbox 2781 716 3149 788; x_wconf 82' lang='grc' dir='ltr'><strong>εὐτακτοτάτη</strong></span> <span class='ocrx_word' id='word_1_335' title='bbox 3206 721 3502 785; x_wconf 75' lang='grc' dir='ltr'><strong>ὑπόκειται,</strong></span> <span class='ocrx_word' id='word_1_336' title='bbox 3544 725 3616 776; x_wconf 77' lang='grc' dir='ltr'><strong>τῶν</strong></span> 
     </span>
    </p>
   </div>
   <div class='ocr_carea' id='block_1_51' title="bbox 2143 802 3619 880">
    <p class='ocr_par' dir='ltr' id='par_1_51' title="bbox 2143 802 3619 880">
     <span class='ocr_line' id='line_1_51' title="bbox 2143 802 3619 880; baseline 0.009 -27"><span class='ocrx_word' id='word_1_337' title='bbox 2143 802 2398 855; x_wconf 80' lang='grc' dir='ltr'><strong>τοιούτων</strong></span> <span class='ocrx_word' id='word_1_338' title='bbox 2445 805 2598 858; x_wconf 79' lang='grc' dir='ltr'><strong>ἔσται</strong></span> <span class='ocrx_word' id='word_1_339' title='bbox 2621 807 2856 876; x_wconf 76' lang='grc' dir='ltr'><strong>χρῆσις·</strong></span> <span class='ocrx_word' id='word_1_340' title='bbox 2902 810 2994 862; x_wconf 73' lang='grc' dir='ltr'><strong>καὶ</strong></span> <span class='ocrx_word' id='word_1_341' title='bbox 3033 811 3212 880; x_wconf 76' lang='grc' dir='ltr'><strong>πολλῷ</strong></span> <span class='ocrx_word' id='word_1_342' title='bbox 3255 813 3452 864; x_wconf 73' lang='grc' dir='ltr'><strong>ἔλαττον</strong></span> <span class='ocrx_word' id='word_1_343' title='bbox 3479 816 3524 865; x_wconf 79' lang='grc' dir='ltr'><strong>ὲν</strong></span> <span class='ocrx_word' id='word_1_344' title='bbox 3544 817 3619 876; x_wconf 71' lang='lat' dir='ltr'><strong>toi;</strong></span> 
     </span>
    </p>
   </div>
   <div class='ocr_carea' id='block_1_52' title="bbox 2142 891 3617 970">
    <p class='ocr_par' dir='ltr' id='par_1_52' title="bbox 2142 891 3617 970">
     <span class='ocr_line' id='line_1_52' title="bbox 2142 891 3617 970; baseline 0.006 -27"><span class='ocrx_word' id='word_1_345' title='bbox 2142 891 2404 954; x_wconf 78' lang='grc' dir='ltr'><strong>τοιούτοις</strong></span> <span class='ocrx_word' id='word_1_346' title='bbox 2431 894 2462 964; x_wconf 79' lang='grc' dir='ltr'><strong>ὴ</strong></span> <span class='ocrx_word' id='word_1_347' title='bbox 2490 895 2762 962; x_wconf 82' lang='grc' dir='ltr'><strong>μέλλουσα</strong></span> <span class='ocrx_word' id='word_1_348' title='bbox 2792 898 2946 950; x_wconf 76' lang='grc' dir='ltr'><strong>ἔσται</strong></span> <span class='ocrx_word' id='word_1_349' title='bbox 2979 900 3304 968; x_wconf 84' lang='grc' dir='ltr'><strong>εὐδαιμονία.</strong></span> <span class='ocrx_word' id='word_1_350' title='bbox 3330 901 3506 962; x_wconf 68' lang='grc' dir='ltr'><strong>’Ἄλλως</strong></span> <span class='ocrx_word' id='word_1_351' title='bbox 3528 903 3617 970; x_wconf 69' lang='grc' dir='ltr'>γὰρ,</span> 
     </span>
    </p>
   </div>
   <div class='ocr_carea' id='block_1_53' title="bbox 2143 969 3617 1058">
    <p class='ocr_par' dir='ltr' id='par_1_53' title="bbox 2143 969 3617 1058">
     <span class='ocr_line' id='line_1_53' title="bbox 2143 969 3617 1058; baseline 0.009 -27"><span class='ocrx_word' id='word_1_352' title='bbox 2143 980 2196 1032; x_wconf 86' lang='grc' dir='ltr'><strong>τί</strong></span> <span class='ocrx_word' id='word_1_353' title='bbox 2236 982 2443 1033; x_wconf 77' lang='grc' dir='ltr'><strong>ἐκώλυε</strong></span> <span class='ocrx_word' id='word_1_354' title='bbox 2472 985 2651 1037; x_wconf 77' lang='grc' dir='ltr'><strong>καὶτὰ</strong></span> <span class='ocrx_word' id='word_1_355' title='bbox 2681 985 2844 1039; x_wconf 84' lang='grc' dir='ltr'><strong>λοιπὰ</strong></span> <span class='ocrx_word' id='word_1_356' title='bbox 2871 987 3042 1054; x_wconf 73' lang='grc' dir='ltr'><strong>ἄλογα</strong></span> <span class='ocrx_word' id='word_1_357' title='bbox 3073 987 3186 1051; x_wconf 83' lang='grc' dir='ltr'><strong>ζῶα</strong></span> <span class='ocrx_word' id='word_1_358' title='bbox 3215 990 3479 1058; x_wconf 76' lang='grc' dir='ltr'><strong>εὐδαίμονα</strong></span> <span class='ocrx_word' id='word_1_359' title='bbox 3507 969 3617 1056; x_wconf 64' lang='lat' dir='ltr'><strong>sivit,</strong></span> 
     </span>
    </p>
   </div>
   <div class='ocr_carea' id='block_1_54' title="bbox 2145 1072 3618 1147">
    <p class='ocr_par' dir='ltr' id='par_1_54' title="bbox 2145 1072 3618 1147">
     <span class='ocr_line' id='line_1_54' title="bbox 2145 1072 3618 1147; baseline 0.008 -25"><span class='ocrx_word' id='word_1_360' title='bbox 2145 1072 2202 1122; x_wconf 80' lang='grc' dir='ltr'><strong>ὲν</strong></span> <span class='ocrx_word' id='word_1_361' title='bbox 2223 1075 2344 1132; x_wconf 80' lang='grc' dir='ltr'><strong>ταῖς</strong></span> <span class='ocrx_word' id='word_1_362' title='bbox 2367 1075 2797 1144; x_wconf 80' lang='grc' dir='ltr'><strong>προειρημέναις</strong></span> <span class='ocrx_word' id='word_1_363' title='bbox 2824 1077 3124 1146; x_wconf 76' lang='grc' dir='ltr'><strong>ἐνεργείαις</strong></span> <span class='ocrx_word' id='word_1_364' title='bbox 3146 1080 3278 1147; x_wconf 80' lang='grc' dir='ltr'><strong>ἡμῖν</strong></span> <span class='ocrx_word' id='word_1_365' title='bbox 3302 1073 3618 1144; x_wconf 75' lang='grc' dir='ltr'><strong>κοινώνοῦντα;</strong></span> 
     </span>
    </p>
   </div>
   <div class='ocr_carea' id='block_1_55' title="bbox 2150 1163 3618 1242">
    <p class='ocr_par' dir='ltr' id='par_1_55' title="bbox 2150 1163 3618 1242">
     <span class='ocr_line' id='line_1_55' title="bbox 2150 1163 3618 1242; baseline 0.007 -28"><span class='ocrx_word' id='word_1_366' title='bbox 2150 1163 2271 1216; x_wconf 82' lang='grc' dir='ltr'><strong>Ἔτι</strong></span> <span class='ocrx_word' id='word_1_367' title='bbox 2311 1167 2358 1216; x_wconf 87' lang='grc' dir='ltr'><strong>εί</strong></span> <span class='ocrx_word' id='word_1_368' title='bbox 2409 1169 2465 1218; x_wconf 82' lang='grc' dir='ltr'><strong>ἐν</strong></span> <span class='ocrx_word' id='word_1_369' title='bbox 2515 1168 2742 1230; x_wconf 81' lang='grc' dir='ltr'><strong>ταύταις</strong></span> <span class='ocrx_word' id='word_1_370' title='bbox 2786 1171 2908 1232; x_wconf 87' lang='grc' dir='ltr'><strong>ταῖς</strong></span> <span class='ocrx_word' id='word_1_371' title='bbox 2949 1171 3253 1239; x_wconf 73' lang='grc' dir='ltr'><strong>ἐνεργείαις</strong></span> <span class='ocrx_word' id='word_1_372' title='bbox 3290 1173 3321 1240; x_wconf 88' lang='grc' dir='ltr'><strong>ἡ</strong></span> <span class='ocrx_word' id='word_1_373' title='bbox 3367 1173 3534 1242; x_wconf 75' lang='grc' dir='ltr'><strong>ἐσχάτη</strong></span> <span class='ocrx_word' id='word_1_374' title='bbox 3559 1171 3618 1224; x_wconf 67' lang='grc' dir='ltr'><strong>τοῦ</strong></span> 
     </span>
    </p>
   </div>
   <div class='ocr_carea' id='block_1_56' title="bbox 2096 1254 3620 1335">
    <p class='ocr_par' dir='ltr' id='par_1_56' title="bbox 2096 1254 3620 1335">
     <span class='ocr_line' id='line_1_56' title="bbox 2096 1254 3620 1335; baseline 0.004 -28"><span class='ocrx_word' id='word_1_375' title='bbox 2096 1330 2101 1335; x_wconf 74' lang='lat'><strong>_</strong></span> <span class='ocrx_word' id='word_1_376' title='bbox 2145 1254 2430 1324; x_wconf 83' lang='grc' dir='ltr'><strong>ἀνθρώπου</strong></span> <span class='ocrx_word' id='word_1_377' title='bbox 2464 1257 2783 1325; x_wconf 80' lang='grc' dir='ltr'><strong>εὐδαιμονία</strong></span> <span class='ocrx_word' id='word_1_378' title='bbox 2837 1261 3006 1324; x_wconf 71' lang='grc' dir='ltr'><strong>ἐστὶν,</strong></span> <span class='ocrx_word' id='word_1_379' title='bbox 3051 1260 3126 1322; x_wconf 85' lang='grc' dir='ltr'><strong>ὡς</strong></span> <span class='ocrx_word' id='word_1_380' title='bbox 3153 1262 3182 1312; x_wconf 80' lang='grc' dir='ltr'>ὁ</span> <span class='ocrx_word' id='word_1_381' title='bbox 3223 1262 3492 1330; x_wconf 83' lang='grc' dir='ltr'><strong>Μαχούμετ</strong></span> <span class='ocrx_word' id='word_1_382' title='bbox 3515 1264 3620 1331; x_wconf 54' lang='lat' dir='ltr'><strong>Bup-</strong></span> 
     </span>
    </p>
   </div>
   <div class='ocr_carea' id='block_1_57' title="bbox 2149 1344 3622 1420">
    <p class='ocr_par' dir='ltr' id='par_1_57' title="bbox 2149 1344 3622 1420">
     <span class='ocr_line' id='line_1_57' title="bbox 2149 1344 3622 1420; baseline 0.005 -25"><span class='ocrx_word' id='word_1_383' title='bbox 2149 1344 2316 1413; x_wconf 79' lang='grc' dir='ltr'><strong>ρήδην</strong></span> <span class='ocrx_word' id='word_1_384' title='bbox 2365 1345 2514 1398; x_wconf 85' lang='grc' dir='ltr'><strong>δοκεῖ</strong></span> <span class='ocrx_word' id='word_1_385' title='bbox 2546 1347 2750 1415; x_wconf 80' lang='grc' dir='ltr'><strong>λέγειν,</strong></span> <span class='ocrx_word' id='word_1_386' title='bbox 2812 1350 2956 1412; x_wconf 80' lang='grc' dir='ltr'><strong>τινος</strong></span> <span class='ocrx_word' id='word_1_387' title='bbox 3011 1351 3309 1420; x_wconf 24' lang='grc' dir='ltr'><strong>χάριν-νῦν</strong></span> <span class='ocrx_word' id='word_1_388' title='bbox 3353 1352 3446 1402; x_wconf 76' lang='grc' dir='ltr'><strong>ἔδει</strong></span> <span class='ocrx_word' id='word_1_389' title='bbox 3481 1353 3622 1419; x_wconf 71' lang='grc' dir='ltr'><strong>ἐγκρι-</strong></span> 
     </span>
    </p>
   </div>
   <div class='ocr_carea' id='block_1_58' title="bbox 2144 1435 3621 1510">
    <p class='ocr_par' dir='ltr' id='par_1_58' title="bbox 2144 1435 3621 1510">
     <span class='ocr_line' id='line_1_58' title="bbox 2144 1435 3621 1510; baseline 0.005 -26"><span class='ocrx_word' id='word_1_390' title='bbox 2144 1435 2398 1487; x_wconf 85' lang='grc' dir='ltr'><strong>τεύεσθαι</strong></span> <span class='ocrx_word' id='word_1_391' title='bbox 2420 1437 2647 1500; x_wconf 85' lang='grc' dir='ltr'><strong>τούτων,</strong></span> <span class='ocrx_word' id='word_1_392' title='bbox 2675 1438 2790 1491; x_wconf 82' lang='grc' dir='ltr'><strong>ἀλλ’</strong></span> <span class='ocrx_word' id='word_1_393' title='bbox 2819 1440 2881 1492; x_wconf 94' lang='grc' dir='ltr'><strong>οὐ</strong></span> <span class='ocrx_word' id='word_1_394' title='bbox 2910 1441 3112 1507; x_wconf 77' lang='grc' dir='ltr'><strong>μᾶλλον</strong></span> <span class='ocrx_word' id='word_1_395' title='bbox 3136 1439 3343 1510; x_wconf 74' lang='grc' dir='ltr'><strong>ἡμέρας</strong></span> <span class='ocrx_word' id='word_1_396' title='bbox 3374 1443 3456 1493; x_wconf 74' lang='grc' dir='ltr'><strong>καὶ</strong></span> <span class='ocrx_word' id='word_1_397' title='bbox 3482 1441 3621 1501; x_wconf 74' lang='grc' dir='ltr'><strong>νυκτὸς</strong></span> 
     </span>
    </p>
   </div>
   <div class='ocr_carea' id='block_1_59' title="bbox 2146 1525 3610 1594">
    <p class='ocr_par' dir='ltr' id='par_1_59' title="bbox 2146 1525 3610 1594">
     <span class='ocr_line' id='line_1_59' title="bbox 2146 1525 3610 1594; baseline 0.003 -18"><span class='ocrx_word' id='word_1_398' title='bbox 2146 1525 2348 1578; x_wconf 79' lang='grc' dir='ltr'><strong>ὲσΟἷειν</strong></span> <span class='ocrx_word' id='word_1_399' title='bbox 2386 1543 2445 1578; x_wconf 91' lang='grc' dir='ltr'><strong>τε</strong></span> <span class='ocrx_word' id='word_1_400' title='bbox 2501 1531 2595 1580; x_wconf 70' lang='grc' dir='ltr'><strong>καὶ</strong></span> <span class='ocrx_word' id='word_1_401' title='bbox 2621 1530 3056 1594; x_wconf 77' lang='grc' dir='ltr'><strong>ἀκολασταίνειν,</strong></span> <span class='ocrx_word' id='word_1_402' title='bbox 3095 1531 3185 1584; x_wconf 74' lang='grc' dir='ltr'><strong>ἵνα</strong></span> <span class='ocrx_word' id='word_1_403' title='bbox 3225 1530 3442 1582; x_wconf 78' lang='grc' dir='ltr'><strong>ἐνταῦθα</strong></span> <span class='ocrx_word' id='word_1_404' title='bbox 3479 1531 3610 1582; x_wconf 69' lang='lat'><strong>268:!-</strong></span> 
     </span>
    </p>
   </div>
   <div class='ocr_carea' id='block_1_60' title="bbox 2150 1614 3620 1691">
    <p class='ocr_par' dir='ltr' id='par_1_60' title="bbox 2150 1614 3620 1691">
     <span class='ocr_line' id='line_1_60' title="bbox 2150 1614 3620 1691; baseline 0 -20"><span class='ocrx_word' id='word_1_405' title='bbox 2150 1621 2313 1687; x_wconf 83' lang='grc' dir='ltr'><strong>μονές</strong></span> <span class='ocrx_word' id='word_1_406' title='bbox 2351 1635 2496 1682; x_wconf 89' lang='grc' dir='ltr'><strong>τινες</strong></span> <span class='ocrx_word' id='word_1_407' title='bbox 2525 1614 2717 1689; x_wconf 76' lang='grc' dir='ltr'><strong>ὧμενς</strong></span> <span class='ocrx_word' id='word_1_408' title='bbox 2761 1622 2925 1675; x_wconf 79' lang='grc' dir='ltr'><strong>Ἀλλὰ</strong></span> <span class='ocrx_word' id='word_1_409' title='bbox 2967 1623 3119 1691; x_wconf 80' lang='grc' dir='ltr'><strong>παρὰ</strong></span> <span class='ocrx_word' id='word_1_410' title='bbox 3176 1624 3336 1676; x_wconf 77' lang='grc' dir='ltr'><strong>πᾶσιν</strong></span> <span class='ocrx_word' id='word_1_411' title='bbox 3367 1621 3620 1689; x_wconf 65' lang='grc' dir='ltr'><strong>ἀνθρώποις,</strong></span> 
     </span>
    </p>
   </div>
   <div class='ocr_carea' id='block_1_61' title="bbox 2151 1711 3621 1782">
    <p class='ocr_par' dir='ltr' id='par_1_61' title="bbox 2151 1711 3621 1782">
     <span class='ocr_line' id='line_1_61' title="bbox 2151 1711 3621 1782; baseline -0.001 -19"><span class='ocrx_word' id='word_1_412' title='bbox 2151 1711 2244 1763; x_wconf 73' lang='grc' dir='ltr'><strong>καὶ</strong></span> <span class='ocrx_word' id='word_1_413' title='bbox 2271 1711 2423 1780; x_wconf 83' lang='grc' dir='ltr'><strong>παρὰ</strong></span> <span class='ocrx_word' id='word_1_414' title='bbox 2459 1715 2572 1774; x_wconf 79' lang='grc' dir='ltr'><strong>τοῖς</strong></span> <span class='ocrx_word' id='word_1_415' title='bbox 2611 1714 2992 1782; x_wconf 76' lang='grc' dir='ltr'><strong>Σαρρακηνοῖς</strong></span> <span class='ocrx_word' id='word_1_416' title='bbox 3040 1714 3097 1766; x_wconf 84' lang='grc' dir='ltr'><strong>δὲ</strong></span> <span class='ocrx_word' id='word_1_417' title='bbox 3145 1714 3343 1776; x_wconf 85' lang='grc' dir='ltr'><strong>αὐτοῖς,</strong></span> <span class='ocrx_word' id='word_1_418' title='bbox 3377 1724 3621 1782; x_wconf 71' lang='grc' dir='ltr'><strong>σεμνστερον</strong></span> 
     </span>
    </p>
   </div>
   <div class='ocr_carea' id='block_1_62' title="bbox 2149 1803 3622 1876">
    <p class='ocr_par' dir='ltr' id='par_1_62' title="bbox 2149 1803 3622 1876">
     <span class='ocr_line' id='line_1_62' title="bbox 2149 1803 3622 1876; baseline 0 -22"><span class='ocrx_word' id='word_1_419' title='bbox 2149 1803 2295 1855; x_wconf 85' lang='grc' dir='ltr'><strong>δοκεῖ</strong></span> <span class='ocrx_word' id='word_1_420' title='bbox 2330 1805 2761 1872; x_wconf 76' lang='grc' dir='ltr'><strong>ὲγκρατεύεσθαι</strong></span> <span class='ocrx_word' id='word_1_421' title='bbox 2812 1809 3040 1862; x_wconf 86' lang='grc' dir='ltr'><strong>τούτων.</strong></span> <span class='ocrx_word' id='word_1_422' title='bbox 3087 1807 3310 1876; x_wconf 84' lang='grc' dir='ltr'><strong>Ἔχουσι</strong></span> <span class='ocrx_word' id='word_1_423' title='bbox 3341 1807 3392 1858; x_wconf 76' lang='grc' dir='ltr'><strong>δὲ</strong></span> <span class='ocrx_word' id='word_1_424' title='bbox 3423 1805 3499 1857; x_wconf 84' lang='grc' dir='ltr'><strong>καί</strong></span> <span class='ocrx_word' id='word_1_425' title='bbox 3519 1821 3622 1865; x_wconf 79' lang='grc' dir='ltr'><strong>τινας</strong></span> 
     </span>
    </p>
   </div>
   <div class='ocr_carea' id='block_1_63' title="bbox 2147 1893 3621 1964">
    <p class='ocr_par' dir='ltr' id='par_1_63' title="bbox 2147 1893 3621 1964">
     <span class='ocr_line' id='line_1_63' title="bbox 2147 1893 3621 1964; baseline -0.003 -18"><span class='ocrx_word' id='word_1_426' title='bbox 2147 1894 2348 1962; x_wconf 76' lang='grc' dir='ltr'><strong>ἄνδρας</strong></span> <span class='ocrx_word' id='word_1_427' title='bbox 2382 1895 2754 1963; x_wconf 24' lang='grc' dir='ltr'><strong>θεωρητηικούς</strong></span> <span class='ocrx_word' id='word_1_428' title='bbox 2810 1896 2906 1948; x_wconf 74' lang='grc' dir='ltr'><strong>καὶ</strong></span> <span class='ocrx_word' id='word_1_429' title='bbox 2959 1898 3250 1964; x_wconf 69' lang='grc' dir='ltr'><strong>ὲγκρατεὲς</strong></span> <span class='ocrx_word' id='word_1_430' title='bbox 3276 1935 3291 1959; x_wconf 85' lang='grc'><em>,</em></span> <span class='ocrx_word' id='word_1_431' title='bbox 3325 1893 3410 1956; x_wconf 79' lang='grc' dir='ltr'><strong>οὓς</strong></span> <span class='ocrx_word' id='word_1_432' title='bbox 3454 1894 3621 1962; x_wconf 65' lang='grc' dir='ltr'><strong>μάλιστα</strong></span> 
     </span>
    </p>
   </div>
   <div class='ocr_carea' id='block_1_64' title="bbox 2147 1983 3621 2054">
    <p class='ocr_par' dir='ltr' id='par_1_64' title="bbox 2147 1983 3621 2054">
     <span class='ocr_line' id='line_1_64' title="bbox 2147 1983 3621 2054; baseline -0.001 -20"><span class='ocrx_word' id='word_1_433' title='bbox 2147 1983 2486 2038; x_wconf 79' lang='grc' dir='ltr'><strong>ἐπαινοῦσιν.</strong></span> <span class='ocrx_word' id='word_1_434' title='bbox 2543 1984 2690 2037; x_wconf 79' lang='grc' dir='ltr'><strong>Ἀλλ’</strong></span> <span class='ocrx_word' id='word_1_435' title='bbox 2740 1986 2859 2038; x_wconf 68' lang='grc' dir='ltr'><strong>ἐπεὶ</strong></span> <span class='ocrx_word' id='word_1_436' title='bbox 2898 1986 3125 2054; x_wconf 67' lang='grc' dir='ltr'><strong>ἀνόητόν</strong></span> <span class='ocrx_word' id='word_1_437' title='bbox 3157 1988 3270 2039; x_wconf 67' lang='grc' dir='ltr'><strong>ἔστι</strong></span> <span class='ocrx_word' id='word_1_438' title='bbox 3301 1985 3410 2037; x_wconf 80' lang='grc' dir='ltr'><strong>λίαν</strong></span> <span class='ocrx_word' id='word_1_439' title='bbox 3452 1985 3621 2050; x_wconf 70' lang='grc' dir='ltr'><strong>λογικῶς</strong></span> 
     </span>
    </p>
   </div>
   <div class='ocr_carea' id='block_1_65' title="bbox 2147 2072 3619 2149">
    <p class='ocr_par' dir='ltr' id='par_1_65' title="bbox 2147 2072 3619 2149">
     <span class='ocr_line' id='line_1_65' title="bbox 2147 2072 3619 2149; baseline -0.001 -25"><span class='ocrx_word' id='word_1_440' title='bbox 2147 2072 2491 2139; x_wconf 81' lang='grc' dir='ltr'><strong>διαλέγεσθαι</strong></span> <span class='ocrx_word' id='word_1_441' title='bbox 2518 2073 2789 2143; x_wconf 80' lang='grc' dir='ltr'><strong>ἀνθρώπῳ</strong></span> <span class='ocrx_word' id='word_1_442' title='bbox 2821 2076 3142 2149; x_wconf 85' lang='grc' dir='ltr'><strong>φρονήσεως</strong></span> <span class='ocrx_word' id='word_1_443' title='bbox 3165 2076 3486 2128; x_wconf 78' lang='grc' dir='ltr'><strong>παντάπασιν</strong></span> <span class='ocrx_word' id='word_1_444' title='bbox 3513 2073 3619 2124; x_wconf 75' lang='grc' dir='ltr'><strong>ἐστι·</strong></span> 
     </span>
    </p>
   </div>
   <div class='ocr_carea' id='block_1_66' title="bbox 2148 2161 3620 2232">
    <p class='ocr_par' dir='ltr' id='par_1_66' title="bbox 2148 2161 3620 2232">
     <span class='ocr_line' id='line_1_66' title="bbox 2148 2161 3620 2232; baseline 0.005 -19"><span class='ocrx_word' id='word_1_445' title='bbox 2148 2164 2388 2232; x_wconf 79' lang='grc' dir='ltr'><strong>ρημένῳ,</strong></span> <span class='ocrx_word' id='word_1_446' title='bbox 2415 2162 2616 2226; x_wconf 77' lang='grc' dir='ltr'><strong>ἐξέστω</strong></span> <span class='ocrx_word' id='word_1_447' title='bbox 2660 2165 3106 2232; x_wconf 77' lang='grc' dir='ltr'><strong>συνανοηταίνειν</strong></span> <span class='ocrx_word' id='word_1_448' title='bbox 3150 2165 3345 2229; x_wconf 81' lang='grc' dir='ltr'><strong>αὐτοῖς,</strong></span> <span class='ocrx_word' id='word_1_449' title='bbox 3372 2166 3454 2216; x_wconf 73' lang='grc' dir='ltr'><strong>καὶ</strong></span> <span class='ocrx_word' id='word_1_450' title='bbox 3477 2161 3620 2225; x_wconf 78' lang='grc' dir='ltr'><strong>λέγειν,</strong></span> 
     </span>
    </p>
   </div>
   <div class='ocr_carea' id='block_1_67' title="bbox 2147 2251 3621 2325">
    <p class='ocr_par' dir='ltr' id='par_1_67' title="bbox 2147 2251 3621 2325">
     <span class='ocr_line' id='line_1_67' title="bbox 2147 2251 3621 2325; baseline -0.003 -19"><span class='ocrx_word' id='word_1_451' title='bbox 2147 2254 2207 2306; x_wconf 77' lang='grc' dir='ltr'><strong>ΕΞ</strong></span> <span class='ocrx_word' id='word_1_452' title='bbox 2233 2255 2290 2307; x_wconf 84' lang='grc' dir='ltr'><strong>ἐν</strong></span> <span class='ocrx_word' id='word_1_453' title='bbox 2318 2254 2543 2318; x_wconf 83' lang='grc' dir='ltr'><strong>ταύταις</strong></span> <span class='ocrx_word' id='word_1_454' title='bbox 2588 2257 2706 2316; x_wconf 82' lang='grc' dir='ltr'><strong>ταῖς</strong></span> <span class='ocrx_word' id='word_1_455' title='bbox 2739 2256 3036 2324; x_wconf 78' lang='grc' dir='ltr'><strong>ἐνεργείαις</strong></span> <span class='ocrx_word' id='word_1_456' title='bbox 3061 2257 3095 2325; x_wconf 82' lang='grc' dir='ltr'>ἡ</span> <span class='ocrx_word' id='word_1_457' title='bbox 3139 2256 3332 2324; x_wconf 69' lang='grc' dir='ltr'><strong>ἐσχάτη</strong></span> <span class='ocrx_word' id='word_1_458' title='bbox 3360 2252 3440 2305; x_wconf 82' lang='grc' dir='ltr'><strong>τοῦ</strong></span> <span class='ocrx_word' id='word_1_459' title='bbox 3473 2251 3621 2317; x_wconf 75' lang='grc' dir='ltr'><strong>ἀνθρὼο</strong></span> 
     </span>
    </p>
   </div>
   <div class='ocr_carea' id='block_1_68' title="bbox 2147 2341 3622 2419">
    <p class='ocr_par' dir='ltr' id='par_1_68' title="bbox 2147 2341 3622 2419">
     <span class='ocr_line' id='line_1_68' title="bbox 2147 2341 3622 2419; baseline -0.005 -23"><span class='ocrx_word' id='word_1_460' title='bbox 2147 2362 2247 2396; x_wconf 85' lang='grc' dir='ltr'><strong>που</strong></span> <span class='ocrx_word' id='word_1_461' title='bbox 2292 2345 2607 2419; x_wconf 81' lang='grc' dir='ltr'><strong>εὐδαιμονία</strong></span> <span class='ocrx_word' id='word_1_462' title='bbox 2635 2346 2773 2409; x_wconf 76' lang='grc' dir='ltr'><strong>ἐστὶ,</strong></span> <span class='ocrx_word' id='word_1_463' title='bbox 2802 2345 2854 2398; x_wconf 92' lang='grc' dir='ltr'><strong>τί</strong></span> <span class='ocrx_word' id='word_1_464' title='bbox 2907 2347 3130 2416; x_wconf 86' lang='grc' dir='ltr'><strong>ποιήσει</strong></span> <span class='ocrx_word' id='word_1_465' title='bbox 3156 2348 3264 2415; x_wconf 79' lang='grc' dir='ltr'><strong>ἄρα</strong></span> <span class='ocrx_word' id='word_1_466' title='bbox 3304 2348 3334 2414; x_wconf 80' lang='grc' dir='ltr'>ἡ</span> <span class='ocrx_word' id='word_1_467' title='bbox 3373 2341 3622 2414; x_wconf 71' lang='grc' dir='ltr'><strong>χωρισθείαα</strong></span> 
     </span>
    </p>
   </div>
   <div class='ocr_carea' id='block_1_69' title="bbox 2145 2432 3622 2505">
    <p class='ocr_par' dir='ltr' id='par_1_69' title="bbox 2145 2432 3622 2505">
     <span class='ocr_line' id='line_1_69' title="bbox 2145 2432 3622 2505; baseline -0.012 -9"><span class='ocrx_word' id='word_1_468' title='bbox 2145 2434 2289 2504; x_wconf 73' lang='grc' dir='ltr'><strong>ψυχὴ</strong></span> <span class='ocrx_word' id='word_1_469' title='bbox 2344 2435 2450 2505; x_wconf 75' lang='grc' dir='ltr'><strong>πρὸ</strong></span> <span class='ocrx_word' id='word_1_470' title='bbox 2503 2437 2602 2504; x_wconf 82' lang='grc' dir='ltr'><strong>τῆς</strong></span> <span class='ocrx_word' id='word_1_471' title='bbox 2653 2437 3087 2505; x_wconf 82' lang='grc' dir='ltr'><strong>ἀναστάσεως,ή</strong></span> <span class='ocrx_word' id='word_1_472' title='bbox 3127 2439 3263 2505; x_wconf 81' lang='grc' dir='ltr'><strong>μήτε</strong></span> <span class='ocrx_word' id='word_1_473' title='bbox 3319 2434 3495 2488; x_wconf 80' lang='grc' dir='ltr'><strong>ἐσθίειν</strong></span> <span class='ocrx_word' id='word_1_474' title='bbox 3517 2432 3622 2483; x_wconf 72' lang='lat' dir='ltr'><strong>6m-</strong></span> 
     </span>
    </p>
   </div>
   <div class='ocr_carea' id='block_1_70' title="bbox 2148 2524 3620 2596">
    <p class='ocr_par' dir='ltr' id='par_1_70' title="bbox 2148 2524 3620 2596">
     <span class='ocr_line' id='line_1_70' title="bbox 2148 2524 3620 2596; baseline -0.004 -17"><span class='ocrx_word' id='word_1_475' title='bbox 2148 2527 2304 2596; x_wconf 83' lang='grc' dir='ltr'><strong>μένη,</strong></span> <span class='ocrx_word' id='word_1_476' title='bbox 2341 2527 2477 2596; x_wconf 84' lang='grc' dir='ltr'><strong>μήτε</strong></span> <span class='ocrx_word' id='word_1_477' title='bbox 2511 2527 2890 2594; x_wconf 76' lang='grc' dir='ltr'><strong>ἀσελγαίνεινς</strong></span> <span class='ocrx_word' id='word_1_478' title='bbox 2948 2528 3092 2580; x_wconf 84' lang='grc' dir='ltr'>Ἀλλ’</span> <span class='ocrx_word' id='word_1_479' title='bbox 3120 2528 3227 2582; x_wconf 86' lang='grc' dir='ltr'><strong>οὐδ’</strong></span> <span class='ocrx_word' id='word_1_480' title='bbox 3250 2529 3296 2580; x_wconf 85' lang='grc' dir='ltr'><strong>οί</strong></span> <span class='ocrx_word' id='word_1_481' title='bbox 3339 2524 3522 2594; x_wconf 56' lang='grc' dir='ltr'><strong>ἄγγελοί</strong></span> <span class='ocrx_word' id='word_1_482' title='bbox 3559 2539 3620 2573; x_wconf 73' lang='grc' dir='ltr'><strong>πθ·</strong></span> 
     </span>
    </p>
   </div>
   <div class='ocr_carea' id='block_1_71' title="bbox 2145 2613 3621 2688">
    <p class='ocr_par' dir='ltr' id='par_1_71' title="bbox 2145 2613 3621 2688">
     <span class='ocr_line' id='line_1_71' title="bbox 2145 2613 3621 2688; baseline -0.005 -17"><span class='ocrx_word' id='word_1_483' title='bbox 2145 2636 2204 2671; x_wconf 90' lang='grc' dir='ltr'><strong>τε</strong></span> <span class='ocrx_word' id='word_1_484' title='bbox 2239 2619 2559 2686; x_wconf 83' lang='grc' dir='ltr'><strong>δυνήσονται</strong></span> <span class='ocrx_word' id='word_1_485' title='bbox 2609 2615 2748 2671; x_wconf 71' lang='grc' dir='ltr'><strong>εἶναι</strong></span> <span class='ocrx_word' id='word_1_486' title='bbox 2777 2619 3119 2688; x_wconf 87' lang='grc' dir='ltr'><strong>εὐδαίμονες,</strong></span> <span class='ocrx_word' id='word_1_487' title='bbox 3149 2618 3258 2671; x_wconf 88' lang='grc' dir='ltr'><strong>τῶν</strong></span> <span class='ocrx_word' id='word_1_488' title='bbox 3304 2617 3523 2670; x_wconf 74' lang='grc' dir='ltr'><strong>τοιούτων</strong></span> <span class='ocrx_word' id='word_1_489' title='bbox 3542 2613 3621 2679; x_wconf 67' lang='grc' dir='ltr'><strong>ἠὼ-</strong></span> 
     </span>
    </p>
   </div>
   <div class='ocr_carea' id='block_1_72' title="bbox 2146 2707 3622 2779">
    <p class='ocr_par' dir='ltr' id='par_1_72' title="bbox 2146 2707 3622 2779">
     <span class='ocr_line' id='line_1_72' title="bbox 2146 2707 3622 2779; baseline -0.002 -20"><span class='ocrx_word' id='word_1_490' title='bbox 2146 2709 2249 2761; x_wconf 87' lang='grc' dir='ltr'><strong>νῶν</strong></span> <span class='ocrx_word' id='word_1_491' title='bbox 2271 2709 2547 2775; x_wconf 85' lang='grc' dir='ltr'><strong>ἄγευστοι.</strong></span> <span class='ocrx_word' id='word_1_492' title='bbox 2585 2709 2705 2761; x_wconf 85' lang='grc' dir='ltr'><strong>Ἔτι</strong></span> <span class='ocrx_word' id='word_1_493' title='bbox 2754 2710 2802 2762; x_wconf 89' lang='grc' dir='ltr'><strong>εί</strong></span> <span class='ocrx_word' id='word_1_494' title='bbox 2846 2709 2904 2760; x_wconf 79' lang='grc' dir='ltr'><strong>ἒν</strong></span> <span class='ocrx_word' id='word_1_495' title='bbox 2951 2709 3031 2779; x_wconf 83' lang='grc' dir='ltr'><strong>τῷ</strong></span> <span class='ocrx_word' id='word_1_496' title='bbox 3084 2709 3282 2771; x_wconf 85' lang='grc' dir='ltr'><strong>πολλὰς</strong></span> <span class='ocrx_word' id='word_1_497' title='bbox 3315 2711 3402 2778; x_wconf 82' lang='grc' dir='ltr'><strong>μὲν</strong></span> <span class='ocrx_word' id='word_1_498' title='bbox 3429 2707 3540 2775; x_wconf 73' lang='grc' dir='ltr'><strong>ἔχειν</strong></span> <span class='ocrx_word' id='word_1_499' title='bbox 3559 2720 3622 2768; x_wconf 69' lang='grc' dir='ltr'><strong>γ)-</strong></span> 
     </span>
    </p>
   </div>
   <div class='ocr_carea' id='block_1_73' title="bbox 2144 2795 3609 2870">
    <p class='ocr_par' dir='ltr' id='par_1_73' title="bbox 2144 2795 3609 2870">
     <span class='ocr_line' id='line_1_73' title="bbox 2144 2795 3609 2870; baseline -0.001 -17"><span class='ocrx_word' id='word_1_500' title='bbox 2144 2802 2353 2861; x_wconf 82' lang='grc' dir='ltr'><strong>ναῖκας,</strong></span> <span class='ocrx_word' id='word_1_501' title='bbox 2385 2798 2785 2870; x_wconf 81' lang='grc' dir='ltr'><strong>ἀναριθμήτους</strong></span> <span class='ocrx_word' id='word_1_502' title='bbox 2829 2801 2885 2853; x_wconf 82' lang='grc' dir='ltr'><strong>δὲ</strong></span> <span class='ocrx_word' id='word_1_503' title='bbox 2937 2800 3223 2863; x_wconf 76' lang='grc' dir='ltr'><strong>παλλακὰς</strong></span> <span class='ocrx_word' id='word_1_504' title='bbox 3279 2800 3365 2852; x_wconf 77' lang='grc' dir='ltr'><strong>καὶ</strong></span> <span class='ocrx_word' id='word_1_505' title='bbox 3392 2795 3609 2864; x_wconf 69' lang='grc' dir='ltr'><strong>νεωτέρας.</strong></span> 
     </span>
    </p>
   </div>
   <div class='ocr_carea' id='block_1_74' title="bbox 2142 2879 3622 2964">
    <p class='ocr_par' dir='ltr' id='par_1_74' title="bbox 2142 2879 3622 2964">
     <span class='ocr_line' id='line_1_74' title="bbox 2142 2879 3622 2964; baseline -0.014 -13"><span class='ocrx_word' id='word_1_506' title='bbox 2142 2893 2177 2964; x_wconf 82' lang='grc' dir='ltr'>ἡ</span> <span class='ocrx_word' id='word_1_507' title='bbox 2223 2893 2423 2963; x_wconf 82' lang='grc' dir='ltr'><strong>ἐσχάτη</strong></span> <span class='ocrx_word' id='word_1_508' title='bbox 2471 2908 2582 2944; x_wconf 86' lang='grc' dir='ltr'><strong>των</strong></span> <span class='ocrx_word' id='word_1_509' title='bbox 2629 2892 2837 2960; x_wconf 83' lang='grc' dir='ltr'><strong>ἀνδρῶν</strong></span> <span class='ocrx_word' id='word_1_510' title='bbox 2865 2891 3184 2961; x_wconf 72' lang='grc' dir='ltr'><strong>εὐδαιμονία</strong></span> <span class='ocrx_word' id='word_1_511' title='bbox 3215 2891 3343 2955; x_wconf 71' lang='grc' dir='ltr'><strong>ἐστὶ,</strong></span> <span class='ocrx_word' id='word_1_512' title='bbox 3367 2887 3463 2948; x_wconf 84' lang='grc' dir='ltr'><strong>πῶς</strong></span> <span class='ocrx_word' id='word_1_513' title='bbox 3497 2884 3546 2936; x_wconf 79' lang='grc' dir='ltr'><strong>ἂν</strong></span> <span class='ocrx_word' id='word_1_514' title='bbox 3563 2879 3622 2933; x_wconf 73' lang='grc' dir='ltr'><strong>δύο</strong></span> 
     </span>
    </p>
   </div>
   <div class='ocr_carea' id='block_1_75' title="bbox 2147 2975 3618 3053">
    <p class='ocr_par' dir='ltr' id='par_1_75' title="bbox 2147 2975 3618 3053">
     <span class='ocr_line' id='line_1_75' title="bbox 2147 2975 3618 3053; baseline -0.003 -17"><span class='ocrx_word' id='word_1_515' title='bbox 2147 3001 2334 3038; x_wconf 91' lang='grc' dir='ltr'><strong>ναιντο</strong></span> <span class='ocrx_word' id='word_1_516' title='bbox 2365 2985 2421 3037; x_wconf 82' lang='grc' dir='ltr'><strong>αἱ</strong></span> <span class='ocrx_word' id='word_1_517' title='bbox 2455 2986 2712 3051; x_wconf 88' lang='grc' dir='ltr'><strong>γυναῖκες</strong></span> <span class='ocrx_word' id='word_1_518' title='bbox 2757 2978 2900 3036; x_wconf 76' lang='grc' dir='ltr'><strong>εἶναι</strong></span> <span class='ocrx_word' id='word_1_519' title='bbox 2951 2983 3292 3053; x_wconf 86' lang='grc' dir='ltr'><strong>εὐδαίμονες,</strong></span> <span class='ocrx_word' id='word_1_520' title='bbox 3321 2981 3366 3032; x_wconf 86' lang='grc' dir='ltr'><strong>εί</strong></span> <span class='ocrx_word' id='word_1_521' title='bbox 3406 2977 3468 3045; x_wconf 79' lang='grc' dir='ltr'><strong>μὴ</strong></span> <span class='ocrx_word' id='word_1_522' title='bbox 3501 2975 3618 3040; x_wconf 69' lang='grc' dir='ltr'><strong>ἔχοιεν</strong></span> 
     </span>
    </p>
   </div>
   <div class='ocr_carea' id='block_1_76' title="bbox 2147 3060 3616 3144">
    <p class='ocr_par' dir='ltr' id='par_1_76' title="bbox 2147 3060 3616 3144">
     <span class='ocr_line' id='line_1_76' title="bbox 2147 3060 3616 3144; baseline -0.017 -4"><span class='ocrx_word' id='word_1_523' title='bbox 2147 3075 2366 3137; x_wconf 74' lang='grc' dir='ltr'><strong>πλείους</strong></span> <span class='ocrx_word' id='word_1_524' title='bbox 2421 3074 2661 3144; x_wconf 79' lang='grc' dir='ltr'><strong>ἄνδρας;</strong></span> <span class='ocrx_word' id='word_1_525' title='bbox 2714 3073 2876 3126; x_wconf 80' lang='grc' dir='ltr'>Ἀλλὰ</span> <span class='ocrx_word' id='word_1_526' title='bbox 2947 3073 3119 3127; x_wconf 77' lang='grc' dir='ltr'><strong>πάλιν</strong></span> <span class='ocrx_word' id='word_1_527' title='bbox 3175 3072 3292 3134; x_wconf 79' lang='grc' dir='ltr'><strong>πῶς</strong></span> <span class='ocrx_word' id='word_1_528' title='bbox 3340 3066 3523 3122; x_wconf 76' lang='grc' dir='ltr'><strong>δυνατὸν</strong></span> <span class='ocrx_word' id='word_1_529' title='bbox 3559 3060 3616 3110; x_wconf 67' lang='grc' dir='ltr'><strong>τὸν</strong></span> 
     </span>
    </p>
   </div>
   <div class='ocr_carea' id='block_1_77' title="bbox 2148 3153 3619 3236">
    <p class='ocr_par' dir='ltr' id='par_1_77' title="bbox 2148 3153 3619 3236">
     <span class='ocr_line' id='line_1_77' title="bbox 2148 3153 3619 3236; baseline -0.001 -18"><span class='ocrx_word' id='word_1_530' title='bbox 2148 3165 2316 3236; x_wconf 80' lang='grc' dir='ltr'><strong>ἄνδρα</strong></span> <span class='ocrx_word' id='word_1_531' title='bbox 2343 3160 2483 3218; x_wconf 79' lang='grc' dir='ltr'><strong>εἶναι</strong></span> <span class='ocrx_word' id='word_1_532' title='bbox 2521 3166 2816 3236; x_wconf 82' lang='grc' dir='ltr'><strong>μακάριον,</strong></span> <span class='ocrx_word' id='word_1_533' title='bbox 2847 3158 3062 3228; x_wconf 74' lang='grc' dir='ltr'><strong>οὗτινος</strong></span> <span class='ocrx_word' id='word_1_534' title='bbox 3111 3167 3143 3235; x_wconf 83' lang='grc' dir='ltr'>ἡ</span> <span class='ocrx_word' id='word_1_535' title='bbox 3181 3163 3312 3232; x_wconf 82' lang='grc' dir='ltr'><strong>γυνὴ</strong></span> <span class='ocrx_word' id='word_1_536' title='bbox 3347 3159 3533 3216; x_wconf 70' lang='grc' dir='ltr'><strong>πολλοὺς</strong></span> <span class='ocrx_word' id='word_1_537' title='bbox 3556 3153 3619 3206; x_wconf 65' lang='grc' dir='ltr'><strong>ἀλ·</strong></span> 
     </span>
    </p>
   </div>
   <div class='ocr_carea' id='block_1_78' title="bbox 2147 3247 3617 3326">
    <p class='ocr_par' dir='ltr' id='par_1_78' title="bbox 2147 3247 3617 3326">
     <span class='ocr_line' id='line_1_78' title="bbox 2147 3247 3617 3326; baseline -0.005 -18"><span class='ocrx_word' id='word_1_538' title='bbox 2147 3258 2271 3319; x_wconf 76' lang='grc' dir='ltr'><strong>λους</strong></span> <span class='ocrx_word' id='word_1_539' title='bbox 2308 3257 2505 3326; x_wconf 84' lang='grc' dir='ltr'><strong>ἄνδρας</strong></span> <span class='ocrx_word' id='word_1_540' title='bbox 2566 3257 2714 3326; x_wconf 79' lang='grc' dir='ltr'><strong>ἔχει;</strong></span> <span class='ocrx_word' id='word_1_541' title='bbox 2764 3257 3002 3324; x_wconf 82' lang='grc' dir='ltr'><strong>Ἀνάγκη</strong></span> <span class='ocrx_word' id='word_1_542' title='bbox 3055 3256 3240 3310; x_wconf 85' lang='grc' dir='ltr'><strong>τοίνυν</strong></span> <span class='ocrx_word' id='word_1_543' title='bbox 3273 3255 3302 3323; x_wconf 81' lang='grc' dir='ltr'>ἢ</span> <span class='ocrx_word' id='word_1_544' title='bbox 3331 3255 3416 3316; x_wconf 75' lang='grc' dir='ltr'><strong>τὴν</strong></span> <span class='ocrx_word' id='word_1_545' title='bbox 3451 3247 3617 3316; x_wconf 71' lang='grc' dir='ltr'><strong>γυναῖκα</strong></span> 
     </span>
    </p>
   </div>
   <div class='ocr_carea' id='block_1_79' title="bbox 2146 3334 3617 3420">
    <p class='ocr_par' dir='ltr' id='par_1_79' title="bbox 2146 3334 3617 3420">
     <span class='ocr_line' id='line_1_79' title="bbox 2146 3334 3617 3420; baseline 0.001 -19"><span class='ocrx_word' id='word_1_546' title='bbox 2146 3345 2287 3402; x_wconf 80' lang='grc' dir='ltr'><strong>εἶναι</strong></span> <span class='ocrx_word' id='word_1_547' title='bbox 2315 3351 2624 3419; x_wconf 83' lang='grc' dir='ltr'><strong>εὐδαίμονα,</strong></span> <span class='ocrx_word' id='word_1_548' title='bbox 2668 3352 2761 3402; x_wconf 69' lang='grc' dir='ltr'><strong>καὶ</strong></span> <span class='ocrx_word' id='word_1_549' title='bbox 2789 3350 2878 3404; x_wconf 81' lang='grc' dir='ltr'><strong>τδν</strong></span> <span class='ocrx_word' id='word_1_550' title='bbox 2916 3349 3086 3420; x_wconf 79' lang='grc' dir='ltr'><strong>ἄνδρα</strong></span> <span class='ocrx_word' id='word_1_551' title='bbox 3113 3348 3360 3416; x_wconf 86' lang='grc' dir='ltr'><strong>δυστυχῆ,</strong></span> <span class='ocrx_word' id='word_1_552' title='bbox 3404 3345 3430 3412; x_wconf 81' lang='grc' dir='ltr'>ἢ</span> <span class='ocrx_word' id='word_1_553' title='bbox 3461 3341 3526 3393; x_wconf 67' lang='grc' dir='ltr'><strong>τὸν</strong></span> <span class='ocrx_word' id='word_1_554' title='bbox 3552 3334 3617 3402; x_wconf 58' lang='grc' dir='ltr'><strong>μὲν</strong></span> 
     </span>
    </p>
   </div>
   <div class='ocr_carea' id='block_1_80' title="bbox 2147 3428 3617 3511">
    <p class='ocr_par' dir='ltr' id='par_1_80' title="bbox 2147 3428 3617 3511">
     <span class='ocr_line' id='line_1_80' title="bbox 2147 3428 3617 3511; baseline -0.01 -16"><span class='ocrx_word' id='word_1_555' title='bbox 2147 3443 2312 3511; x_wconf 70' lang='grc' dir='ltr'><strong>ἄνδρα</strong></span> <span class='ocrx_word' id='word_1_556' title='bbox 2351 3442 2642 3511; x_wconf 82' lang='grc' dir='ltr'><strong>μακάριον,</strong></span> <span class='ocrx_word' id='word_1_557' title='bbox 2679 3441 2768 3504; x_wconf 75' lang='grc' dir='ltr'><strong>τὰς</strong></span> <span class='ocrx_word' id='word_1_558' title='bbox 2809 3442 2865 3494; x_wconf 81' lang='grc' dir='ltr'><strong>δὲ</strong></span> <span class='ocrx_word' id='word_1_559' title='bbox 2890 3443 3161 3509; x_wconf 84' lang='grc' dir='ltr'><strong>γυναῖκας</strong></span> <span class='ocrx_word' id='word_1_560' title='bbox 3191 3439 3283 3492; x_wconf 68' lang='grc' dir='ltr'><strong>καὶ</strong></span> <span class='ocrx_word' id='word_1_561' title='bbox 3309 3438 3396 3497; x_wconf 75' lang='grc' dir='ltr'><strong>τὰς</strong></span> <span class='ocrx_word' id='word_1_562' title='bbox 3421 3428 3617 3496; x_wconf 71' lang='grc' dir='ltr'><strong>νεωτέρας</strong></span> 
     </span>
    </p>
   </div>
   <div class='ocr_carea' id='block_1_81' title="bbox 2148 3516 3613 3600">
    <p class='ocr_par' dir='ltr' id='par_1_81' title="bbox 2148 3516 3613 3600">
     <span class='ocr_line' id='line_1_81' title="bbox 2148 3516 3613 3600; baseline -0.008 -16"><span class='ocrx_word' id='word_1_563' title='bbox 2148 3531 2325 3584; x_wconf 80' lang='grc' dir='ltr'><strong>αὐτῶν</strong></span> <span class='ocrx_word' id='word_1_564' title='bbox 2354 3532 2774 3600; x_wconf 83' lang='grc' dir='ltr'><strong>κακοδαίμονας.</strong></span> <span class='ocrx_word' id='word_1_565' title='bbox 2809 3531 2930 3594; x_wconf 84' lang='grc' dir='ltr'><strong>Πῶς</strong></span> <span class='ocrx_word' id='word_1_566' title='bbox 2963 3531 3017 3582; x_wconf 80' lang='grc' dir='ltr'><strong>δὲ</strong></span> <span class='ocrx_word' id='word_1_567' title='bbox 3047 3529 3272 3584; x_wconf 73' lang='grc' dir='ltr'><strong>δυνατὸν</strong></span> <span class='ocrx_word' id='word_1_568' title='bbox 3323 3522 3441 3578; x_wconf 73' lang='grc' dir='ltr'><strong>εἶναι</strong></span> <span class='ocrx_word' id='word_1_569' title='bbox 3490 3516 3613 3588; x_wconf 73' lang='grc' dir='ltr'><strong>μακάο</strong></span> 
     </span>
    </p>
   </div>
   <div class='ocr_carea' id='block_1_82' title="bbox 2149 3611 3619 3691">
    <p class='ocr_par' dir='ltr' id='par_1_82' title="bbox 2149 3611 3619 3691">
     <span class='ocr_line' id='line_1_82' title="bbox 2149 3611 3619 3691; baseline -0.011 -17"><span class='ocrx_word' id='word_1_570' title='bbox 2149 3638 2284 3691; x_wconf 85' lang='grc' dir='ltr'><strong>ριον,</strong></span> <span class='ocrx_word' id='word_1_571' title='bbox 2318 3615 2377 3674; x_wconf 78' lang='grc' dir='ltr'><strong>οὐ</strong></span> <span class='ocrx_word' id='word_1_572' title='bbox 2421 3622 2571 3672; x_wconf 84' lang='grc' dir='ltr'><strong>πᾶσα</strong></span> <span class='ocrx_word' id='word_1_573' title='bbox 2599 3621 2631 3688; x_wconf 86' lang='grc' dir='ltr'>ἡ</span> <span class='ocrx_word' id='word_1_574' title='bbox 2666 3620 2812 3672; x_wconf 89' lang='grc' dir='ltr'><strong>οίκία</strong></span> <span class='ocrx_word' id='word_1_575' title='bbox 2847 3621 2912 3689; x_wconf 79' lang='grc' dir='ltr'><strong>ἣν</strong></span> <span class='ocrx_word' id='word_1_576' title='bbox 2962 3621 3180 3689; x_wconf 82' lang='grc' dir='ltr'>ἀγαπᾷ,</span> <span class='ocrx_word' id='word_1_577' title='bbox 3223 3616 3377 3671; x_wconf 75' lang='grc' dir='ltr'><strong>ἀθλία</strong></span> <span class='ocrx_word' id='word_1_578' title='bbox 3398 3611 3475 3666; x_wconf 81' lang='grc' dir='ltr'><strong>καὶ</strong></span> <span class='ocrx_word' id='word_1_579' title='bbox 3505 3617 3619 3660; x_wconf 68' lang='grc' dir='ltr'><strong>κακο-</strong></span> 
     </span>
    </p>
   </div>
   <div class='ocr_carea' id='block_1_83' title="bbox 2148 3694 3615 3780">
    <p class='ocr_par' dir='ltr' id='par_1_83' title="bbox 2148 3694 3615 3780">
     <span class='ocr_line' id='line_1_83' title="bbox 2148 3694 3615 3780; baseline -0.007 -18"><span class='ocrx_word' id='word_1_580' title='bbox 2148 3711 2356 3778; x_wconf 80' lang='grc' dir='ltr'><strong>δαίμων</strong></span> <span class='ocrx_word' id='word_1_581' title='bbox 2388 3711 2536 3764; x_wconf 82' lang='grc' dir='ltr'><strong>ἐστίν</strong></span> <span class='ocrx_word' id='word_1_582' title='bbox 2560 3728 2578 3775; x_wconf 90' lang='grc'><em>;</em></span> <span class='ocrx_word' id='word_1_583' title='bbox 2615 3709 2996 3780; x_wconf 68' lang='grc' dir='ltr'><strong>Εὐὶογώτερον</strong></span> <span class='ocrx_word' id='word_1_584' title='bbox 3023 3710 3209 3763; x_wconf 86' lang='grc' dir='ltr'><strong>τοίνυν</strong></span> <span class='ocrx_word' id='word_1_585' title='bbox 3232 3710 3395 3774; x_wconf 74' lang='grc' dir='ltr'><strong>λέγειν</strong></span> <span class='ocrx_word' id='word_1_586' title='bbox 3419 3701 3495 3754; x_wconf 68' lang='grc' dir='ltr'><strong>καὶ</strong></span> <span class='ocrx_word' id='word_1_587' title='bbox 3533 3694 3615 3750; x_wconf 61' lang='grc' dir='ltr'><strong>τοὺς</strong></span> 
     </span>
    </p>
   </div>
   <div class='ocr_carea' id='block_1_84' title="bbox 2147 3794 3616 3871">
    <p class='ocr_par' dir='ltr' id='par_1_84' title="bbox 2147 3794 3616 3871">
     <span class='ocr_line' id='line_1_84' title="bbox 2147 3794 3616 3871; baseline -0.01 -15"><span class='ocrx_word' id='word_1_588' title='bbox 2147 3804 2347 3871; x_wconf 85' lang='grc' dir='ltr'><strong>ἄνδρας</strong></span> <span class='ocrx_word' id='word_1_589' title='bbox 2403 3803 2497 3857; x_wconf 71' lang='grc' dir='ltr'><strong>καὶ</strong></span> <span class='ocrx_word' id='word_1_590' title='bbox 2546 3803 2642 3865; x_wconf 86' lang='grc' dir='ltr'><strong>τὰς</strong></span> <span class='ocrx_word' id='word_1_591' title='bbox 2681 3805 2942 3871; x_wconf 88' lang='grc' dir='ltr'><strong>γυναῖκας</strong></span> <span class='ocrx_word' id='word_1_592' title='bbox 2986 3801 3184 3865; x_wconf 79' lang='grc' dir='ltr'><strong>ἀθλίας</strong></span> <span class='ocrx_word' id='word_1_593' title='bbox 3222 3797 3353 3853; x_wconf 75' lang='grc' dir='ltr'><strong>εἶναι</strong></span> <span class='ocrx_word' id='word_1_594' title='bbox 3393 3794 3472 3850; x_wconf 77' lang='grc' dir='ltr'><strong>καὶ</strong></span> <span class='ocrx_word' id='word_1_595' title='bbox 3505 3802 3616 3843; x_wconf 69' lang='lat' dir='ltr'><strong>xm-</strong></span> 
     </span>
    </p>
   </div>
   <div class='ocr_carea' id='block_1_85' title="bbox 2145 3893 2429 3961">
    <p class='ocr_par' dir='ltr' id='par_1_85' title="bbox 2145 3893 2429 3961">
     <span class='ocr_line' id='line_1_85' title="bbox 2145 3893 2429 3961; baseline 0 -14"><span class='ocrx_word' id='word_1_596' title='bbox 2145 3893 2429 3961; x_wconf 82' lang='grc' dir='ltr'><strong>δαίμονας.</strong></span> 
     </span>
    </p>
   </div>
   <div class='ocr_carea' id='block_1_86' title="bbox 2231 3966 3612 4052">
    <p class='ocr_par' dir='ltr' id='par_1_86' title="bbox 2231 3966 3612 4052">
     <span class='ocr_line' id='line_1_86' title="bbox 2231 3966 3612 4052; baseline -0.003 -16"><span class='ocrx_word' id='word_1_597' title='bbox 2231 3982 2417 4036; x_wconf 81' lang='grc' dir='ltr'><strong>Ταῦτα</strong></span> <span class='ocrx_word' id='word_1_598' title='bbox 2479 3982 2663 4052; x_wconf 79' lang='grc' dir='ltr'><strong>ὥσπερ</strong></span> <span class='ocrx_word' id='word_1_599' title='bbox 2743 3984 2801 4035; x_wconf 77' lang='grc' dir='ltr'><strong>ὲν</strong></span> <span class='ocrx_word' id='word_1_600' title='bbox 2867 3984 3206 4052; x_wconf 81' lang='grc' dir='ltr'><strong>παρεκϐάσει</strong></span> <span class='ocrx_word' id='word_1_601' title='bbox 3268 3976 3493 4052; x_wconf 73' lang='grc' dir='ltr'><strong>εἰρημένα</strong></span> <span class='ocrx_word' id='word_1_602' title='bbox 3550 3966 3612 4032; x_wconf 65' lang='grc' dir='ltr'><strong>ἀρ’</strong></span> 
     </span>
    </p>
   </div>
   <div class='ocr_carea' id='block_1_87' title="bbox 2148 4055 3613 4145">
    <p class='ocr_par' dir='ltr' id='par_1_87' title="bbox 2148 4055 3613 4145">
     <span class='ocr_line' id='line_1_87' title="bbox 2148 4055 3613 4145; baseline -0.014 -15"><span class='ocrx_word' id='word_1_603' title='bbox 2148 4075 2312 4130; x_wconf 81' lang='grc' dir='ltr'><strong>κείτω</strong></span> <span class='ocrx_word' id='word_1_604' title='bbox 2352 4075 2487 4145; x_wconf 78' lang='grc' dir='ltr'><strong>πρὸς</strong></span> <span class='ocrx_word' id='word_1_605' title='bbox 2543 4074 2601 4126; x_wconf 81' lang='grc' dir='ltr'><strong>τὸ</strong></span> <span class='ocrx_word' id='word_1_606' title='bbox 2630 4074 2795 4138; x_wconf 79' lang='grc' dir='ltr'><strong>δεῖξαι</strong></span> <span class='ocrx_word' id='word_1_607' title='bbox 2839 4075 3030 4141; x_wconf 82' lang='grc' dir='ltr'><strong>ἄλογον</strong></span> <span class='ocrx_word' id='word_1_608' title='bbox 3075 4071 3216 4129; x_wconf 78' lang='grc' dir='ltr'><strong>εῖναι</strong></span> <span class='ocrx_word' id='word_1_609' title='bbox 3251 4075 3333 4126; x_wconf 76' lang='grc' dir='ltr'><strong>τὸν</strong></span> <span class='ocrx_word' id='word_1_610' title='bbox 3355 4073 3489 4138; x_wconf 72' lang='grc' dir='ltr'><strong>νόμον</strong></span> <span class='ocrx_word' id='word_1_611' title='bbox 3520 4055 3613 4112; x_wconf 62' lang='grc' dir='ltr'><strong>κατὰ</strong></span> 
     </span>
    </p>
   </div>
   <div class='ocr_carea' id='block_1_88' title="bbox 2147 4146 3613 4236">
    <p class='ocr_par' dir='ltr' id='par_1_88' title="bbox 2147 4146 3613 4236">
     <span class='ocr_line' id='line_1_88' title="bbox 2147 4146 3613 4236; baseline -0.005 -17"><span class='ocrx_word' id='word_1_612' title='bbox 2147 4168 2207 4219; x_wconf 84' lang='grc' dir='ltr'><strong>τὸ</strong></span> <span class='ocrx_word' id='word_1_613' title='bbox 2242 4166 2392 4229; x_wconf 81' lang='grc' dir='ltr'><strong>τέλος</strong></span> <span class='ocrx_word' id='word_1_614' title='bbox 2444 4166 2536 4220; x_wconf 71' lang='grc' dir='ltr'><strong>καὶ</strong></span> <span class='ocrx_word' id='word_1_615' title='bbox 2580 4166 2640 4218; x_wconf 77' lang='grc' dir='ltr'><strong>τὸ</strong></span> <span class='ocrx_word' id='word_1_616' title='bbox 2679 4161 2838 4218; x_wconf 73' lang='grc' dir='ltr'><strong>ἆθλον</strong></span> <span class='ocrx_word' id='word_1_617' title='bbox 2901 4167 2927 4218; x_wconf 88' lang='grc' dir='ltr'><strong>ὃ</strong></span> <span class='ocrx_word' id='word_1_618' title='bbox 2984 4168 3338 4236; x_wconf 75' lang='grc' dir='ltr'><strong>ὑπισχνεῖται.</strong></span> <span class='ocrx_word' id='word_1_619' title='bbox 3376 4161 3552 4222; x_wconf 62' lang='grc' dir='ltr'><strong>’.ὶλογον</strong></span> <span class='ocrx_word' id='word_1_620' title='bbox 3579 4146 3613 4198; x_wconf 59' lang='grc' dir='ltr'><strong>δὲ</strong></span> 
     </span>
    </p>
   </div>
   <div class='ocr_carea' id='block_1_89' title="bbox 2150 4241 3608 4325">
    <p class='ocr_par' dir='ltr' id='par_1_89' title="bbox 2150 4241 3608 4325">
     <span class='ocr_line' id='line_1_89' title="bbox 2150 4241 3608 4325; baseline -0.003 -17"><span class='ocrx_word' id='word_1_621' title='bbox 2150 4258 2242 4310; x_wconf 67' lang='grc' dir='ltr'><strong>καὶ</strong></span> <span class='ocrx_word' id='word_1_622' title='bbox 2298 4241 2432 4308; x_wconf 50' lang='grc' dir='ltr'><strong>καθ’</strong></span> <span class='ocrx_word' id='word_1_623' title='bbox 2471 4256 2633 4325; x_wconf 76' lang='grc' dir='ltr'><strong>ἕτερα</strong></span> <span class='ocrx_word' id='word_1_624' title='bbox 2688 4257 2854 4308; x_wconf 72' lang='grc' dir='ltr'><strong>πολλὰ</strong></span> <span class='ocrx_word' id='word_1_625' title='bbox 2900 4256 2966 4308; x_wconf 71' lang='grc' dir='ltr'><strong>τὰ</strong></span> <span class='ocrx_word' id='word_1_626' title='bbox 2994 4258 3050 4308; x_wconf 81' lang='grc' dir='ltr'><strong>ὲν</strong></span> <span class='ocrx_word' id='word_1_627' title='bbox 3083 4256 3266 4325; x_wconf 82' lang='grc' dir='ltr'><strong>τούτῳ</strong></span> <span class='ocrx_word' id='word_1_628' title='bbox 3315 4247 3608 4320; x_wconf 72' lang='grc' dir='ltr'><strong>περιεχόμεν²”</strong></span> 
     </span>
    </p>
   </div>
   <div class='ocr_carea' id='block_1_90' title="bbox 2151 4326 3611 4414">
    <p class='ocr_par' dir='ltr' id='par_1_90' title="bbox 2151 4326 3611 4414">
     <span class='ocr_line' id='line_1_90' title="bbox 2151 4326 3611 4414; baseline -0.01 -18"><span class='ocrx_word' id='word_1_629' title='bbox 2151 4344 2339 4414; x_wconf 81' lang='grc' dir='ltr'><strong>ὥσπερ</strong></span> <span class='ocrx_word' id='word_1_630' title='bbox 2365 4345 2557 4398; x_wconf 83' lang='grc' dir='ltr'><strong>αὐτόθι</strong></span> <span class='ocrx_word' id='word_1_631' title='bbox 2586 4343 2822 4413; x_wconf 78' lang='grc' dir='ltr'><strong>συνεχῶς</strong></span> <span class='ocrx_word' id='word_1_632' title='bbox 2853 4343 3293 4414; x_wconf 69' lang='grc' dir='ltr'><strong>παρεμϐάλλεται</strong></span> <span class='ocrx_word' id='word_1_633' title='bbox 3325 4341 3349 4392; x_wconf 88' lang='grc' dir='ltr'>ὁ</span> <span class='ocrx_word' id='word_1_634' title='bbox 3377 4335 3482 4395; x_wconf 73' lang='grc' dir='ltr'><strong>Θεὸς</strong></span> <span class='ocrx_word' id='word_1_635' title='bbox 3503 4326 3611 4396; x_wconf 63' lang='grc' dir='ltr'><strong>ὀμνὺς</strong></span> 
     </span>
    </p>
   </div>
   <div class='ocr_carea' id='block_1_91' title="bbox 483 4413 2046 4504">
    <p class='ocr_par' dir='ltr' id='par_1_91' title="bbox 483 4430 2044 4503">
     <span class='ocr_line' id='line_1_91' title="bbox 483 4430 2044 4503; baseline 0.003 -19"><span class='ocrx_word' id='word_1_636' title='bbox 483 4430 628 4499; x_wconf 86' lang='lat' dir='ltr'><strong>quod</strong></span> <span class='ocrx_word' id='word_1_637' title='bbox 659 4431 801 4484; x_wconf 84' lang='lat' dir='ltr'><strong>Deus</strong></span> <span class='ocrx_word' id='word_1_638' title='bbox 828 4432 980 4500; x_wconf 90' lang='lat' dir='ltr'><strong>jurat</strong></span> <span class='ocrx_word' id='word_1_639' title='bbox 1002 4448 1096 4499; x_wconf 90' lang='lat' dir='ltr'><strong>per</strong></span> <span class='ocrx_word' id='word_1_640' title='bbox 1125 4433 1336 4488; x_wconf 84' lang='lat' dir='ltr'><strong>fidelem</strong></span> <span class='ocrx_word' id='word_1_641' title='bbox 1371 4434 1587 4498; x_wconf 90' lang='lat' dir='ltr'><strong>urbem,</strong></span> <span class='ocrx_word' id='word_1_642' title='bbox 1617 4445 1672 4488; x_wconf 90' lang='lat' dir='ltr'><strong>et</strong></span> <span class='ocrx_word' id='word_1_643' title='bbox 1708 4450 1802 4503; x_wconf 83' lang='lat' dir='ltr'><strong>per</strong></span> <span class='ocrx_word' id='word_1_644' title='bbox 1829 4436 2044 4490; x_wconf 86' lang='lat' dir='ltr'><strong>ficetum</strong></span> 
     </span>
    </p>
   </div>
   <div class='ocr_carea' id='block_1_92' title="bbox 2147 4413 3612 4504">
    <p class='ocr_par' dir='ltr' id='par_1_92' title="bbox 2152 4429 3612 4504">
     <span class='ocr_line' id='line_1_92' title="bbox 2152 4429 3612 4504; baseline -0.012 -15"><span class='ocrx_word' id='word_1_645' title='bbox 2152 4437 2291 4489; x_wconf 79' lang='grc' dir='ltr'><strong>κατὰ</strong></span> <span class='ocrx_word' id='word_1_646' title='bbox 2317 4437 2416 4504; x_wconf 81' lang='grc' dir='ltr'><strong>τῆς</strong></span> <span class='ocrx_word' id='word_1_647' title='bbox 2453 4434 2689 4496; x_wconf 83' lang='grc' dir='ltr'><strong>πίστεως</strong></span> <span class='ocrx_word' id='word_1_648' title='bbox 2735 4435 2961 4499; x_wconf 84' lang='grc' dir='ltr'><strong>πόλεως,</strong></span> <span class='ocrx_word' id='word_1_649' title='bbox 2994 4437 3090 4488; x_wconf 78' lang='grc' dir='ltr'><strong>καὶ</strong></span> <span class='ocrx_word' id='word_1_650' title='bbox 3138 4437 3272 4487; x_wconf 66' lang='grc' dir='ltr'><strong>κατὰ</strong></span> <span class='ocrx_word' id='word_1_651' title='bbox 3301 4429 3386 4483; x_wconf 82' lang='grc' dir='ltr'><strong>τοῦ</strong></span> <span class='ocrx_word' id='word_1_652' title='bbox 3425 4429 3612 4477; x_wconf 61' lang='lat' dir='ltr'><strong>suasuri;</strong></span> 
     </span>
    </p>
   </div>
   <div class='ocr_carea' id='block_1_93' title="bbox 482 4521 2048 4594">
    <p class='ocr_par' dir='ltr' id='par_1_93' title="bbox 482 4521 2048 4594">
     <span class='ocr_line' id='line_1_93' title="bbox 482 4521 2048 4594; baseline 0.003 -19"><span class='ocrx_word' id='word_1_653' title='bbox 482 4530 538 4575; x_wconf 91' lang='lat' dir='ltr'><strong>et</strong></span> <span class='ocrx_word' id='word_1_654' title='bbox 565 4521 828 4576; x_wconf 87' lang='lat' dir='ltr'><strong>olivetum</strong></span> <span class='ocrx_word' id='word_1_655' title='bbox 858 4538 871 4575; x_wconf 87' lang='lat'>:</span> <span class='ocrx_word' id='word_1_656' title='bbox 897 4523 1040 4592; x_wconf 91' lang='lat' dir='ltr'><strong>quod</strong></span> <span class='ocrx_word' id='word_1_657' title='bbox 1061 4524 1236 4592; x_wconf 87' lang='lat' dir='ltr'><strong>palam</strong></span> <span class='ocrx_word' id='word_1_658' title='bbox 1267 4533 1490 4594; x_wconf 86' lang='lat' dir='ltr'><strong>apparet</strong></span> <span class='ocrx_word' id='word_1_659' title='bbox 1519 4525 1571 4577; x_wconf 89' lang='lat' dir='ltr'><strong>in</strong></span> <span class='ocrx_word' id='word_1_660' title='bbox 1599 4527 1837 4593; x_wconf 86' lang='lat' dir='ltr'><strong>capitulo</strong></span> <span class='ocrx_word' id='word_1_661' title='bbox 1863 4527 2048 4588; x_wconf 86' lang='lat' dir='ltr'><strong>Eltim,</strong></span> 
     </span>
    </p>
   </div>
   <div class='ocr_carea' id='block_1_94' title="bbox 487 4612 2053 4686">
    <p class='ocr_par' dir='ltr' id='par_1_94' title="bbox 487 4612 2053 4686">
     <span class='ocr_line' id='line_1_94' title="bbox 487 4612 2053 4686; baseline 0.003 -22"><span class='ocrx_word' id='word_1_662' title='bbox 487 4613 633 4681; x_wconf 87' lang='lat' dir='ltr'><strong>quod</strong></span> <span class='ocrx_word' id='word_1_663' title='bbox 691 4612 1089 4682; x_wconf 87' lang='lat' dir='ltr'><strong>interpretatur</strong></span> <span class='ocrx_word' id='word_1_664' title='bbox 1140 4613 1291 4681; x_wconf 78' lang='lat' dir='ltr'><strong>ﬁcus.</strong></span> <span class='ocrx_word' id='word_1_665' title='bbox 1358 4615 1618 4669; x_wconf 82' lang='lat' dir='ltr'><strong>Homines</strong></span> <span class='ocrx_word' id='word_1_666' title='bbox 1668 4632 1764 4684; x_wconf 89' lang='lat' dir='ltr'><strong>per</strong></span> <span class='ocrx_word' id='word_1_667' title='bbox 1819 4618 2053 4686; x_wconf 84' lang='lat' dir='ltr'><strong>majores</strong></span> 
     </span>
    </p>
   </div>
   <div class='ocr_carea' id='block_1_95' title="bbox 482 4703 2047 4774">
    <p class='ocr_par' dir='ltr' id='par_1_95' title="bbox 482 4703 2047 4774">
     <span class='ocr_line' id='line_1_95' title="bbox 482 4703 2047 4774; baseline 0.001 -17"><span class='ocrx_word' id='word_1_668' title='bbox 482 4717 617 4757; x_wconf 78' lang='lat' dir='ltr'><strong>suos</strong></span> <span class='ocrx_word' id='word_1_669' title='bbox 660 4703 872 4771; x_wconf 88' lang='lat' dir='ltr'><strong>jurant,</strong></span> <span class='ocrx_word' id='word_1_670' title='bbox 926 4703 1070 4759; x_wconf 85' lang='lat' dir='ltr'><strong>sicut</strong></span> <span class='ocrx_word' id='word_1_671' title='bbox 1130 4719 1228 4772; x_wconf 89' lang='lat' dir='ltr'><strong>per</strong></span> <span class='ocrx_word' id='word_1_672' title='bbox 1281 4705 1476 4772; x_wconf 89' lang='lat' dir='ltr'><strong>Deum,</strong></span> <span class='ocrx_word' id='word_1_673' title='bbox 1519 4707 1604 4758; x_wconf 85' lang='lat' dir='ltr'><strong>vel</strong></span> <span class='ocrx_word' id='word_1_674' title='bbox 1655 4722 1751 4774; x_wconf 89' lang='lat' dir='ltr'><strong>per</strong></span> <span class='ocrx_word' id='word_1_675' title='bbox 1803 4718 2047 4770; x_wconf 75' lang='lat' dir='ltr'><strong>sanatos;</strong></span> 
     </span>
    </p>
   </div>
   <div class='ocr_carea' id='block_1_96' title="bbox 482 4794 2050 4866">
    <p class='ocr_par' dir='ltr' id='par_1_96' title="bbox 482 4794 2050 4866">
     <span class='ocr_line' id='line_1_96' title="bbox 482 4794 2050 4866; baseline 0.001 -18"><span class='ocrx_word' id='word_1_676' title='bbox 482 4794 628 4850; x_wconf 89' lang='lat' dir='ltr'><strong>Deus</strong></span> <span class='ocrx_word' id='word_1_677' title='bbox 664 4805 848 4849; x_wconf 88' lang='lat' dir='ltr'><strong>autem</strong></span> <span class='ocrx_word' id='word_1_678' title='bbox 901 4811 1012 4849; x_wconf 89' lang='lat' dir='ltr'><strong>non</strong></span> <span class='ocrx_word' id='word_1_679' title='bbox 1062 4795 1268 4850; x_wconf 87' lang='lat' dir='ltr'><strong>habens</strong></span> <span class='ocrx_word' id='word_1_680' title='bbox 1315 4797 1588 4866; x_wconf 85' lang='lat' dir='ltr'><strong>majorem</strong></span> <span class='ocrx_word' id='word_1_681' title='bbox 1623 4813 1720 4865; x_wconf 89' lang='lat' dir='ltr'><strong>per</strong></span> <span class='ocrx_word' id='word_1_682' title='bbox 1759 4812 1918 4865; x_wconf 83' lang='lat' dir='ltr'><strong>quem</strong></span> <span class='ocrx_word' id='word_1_683' title='bbox 1960 4798 2050 4866; x_wconf 84' lang='lat' dir='ltr'><strong>ju-</strong></span> 
     </span>
    </p>
   </div>
   <div class='ocr_carea' id='block_1_97' title="bbox 485 4888 2052 4958">
    <p class='ocr_par' dir='ltr' id='par_1_97' title="bbox 485 4888 2052 4958">
     <span class='ocr_line' id='line_1_97' title="bbox 485 4888 2052 4958; baseline 0.003 -19"><span class='ocrx_word' id='word_1_684' title='bbox 485 4902 606 4940; x_wconf 85' lang='lat' dir='ltr'><strong>rare</strong></span> <span class='ocrx_word' id='word_1_685' title='bbox 633 4888 824 4956; x_wconf 85' lang='lat' dir='ltr'><strong>possit,</strong></span> <span class='ocrx_word' id='word_1_686' title='bbox 873 4888 1159 4942; x_wconf 87' lang='lat' dir='ltr'><strong>consuevit</strong></span> <span class='ocrx_word' id='word_1_687' title='bbox 1196 4903 1293 4958; x_wconf 88' lang='lat' dir='ltr'><strong>pcr</strong></span> <span class='ocrx_word' id='word_1_688' title='bbox 1335 4889 1575 4956; x_wconf 89' lang='lat' dir='ltr'><strong>scipsum</strong></span> <span class='ocrx_word' id='word_1_689' title='bbox 1616 4889 1828 4958; x_wconf 85' lang='lat' dir='ltr'><strong>jurare,</strong></span> <span class='ocrx_word' id='word_1_690' title='bbox 1855 4900 1912 4942; x_wconf 90' lang='lat' dir='ltr'><strong>ut</strong></span> <span class='ocrx_word' id='word_1_691' title='bbox 1939 4891 2052 4958; x_wconf 88' lang='lat' dir='ltr'><strong>ipse</strong></span> 
     </span>
    </p>
   </div>
   <div class='ocr_carea' id='block_1_98' title="bbox 484 4977 2048 5051">
    <p class='ocr_par' dir='ltr' id='par_1_98' title="bbox 484 4977 2048 5051">
     <span class='ocr_line' id='line_1_98' title="bbox 484 4977 2048 5051; baseline 0.003 -20"><span class='ocrx_word' id='word_1_692' title='bbox 484 4977 550 5031; x_wconf 90' lang='lat' dir='ltr'><strong>ad</strong></span> <span class='ocrx_word' id='word_1_693' title='bbox 576 4978 846 5032; x_wconf 84' lang='lat' dir='ltr'><strong>Abraham</strong></span> <span class='ocrx_word' id='word_1_694' title='bbox 865 4980 1088 5051; x_wconf 87' lang='lat' dir='ltr'><strong>juravit,</strong></span> <span class='ocrx_word' id='word_1_695' title='bbox 1117 4981 1256 5034; x_wconf 87' lang='lat' dir='ltr'><strong>sicut</strong></span> <span class='ocrx_word' id='word_1_696' title='bbox 1283 4980 1454 5034; x_wconf 86' lang='lat' dir='ltr'><strong>fertur</strong></span> <span class='ocrx_word' id='word_1_697' title='bbox 1479 4980 1532 5033; x_wconf 89' lang='lat' dir='ltr'><strong>in</strong></span> <span class='ocrx_word' id='word_1_698' title='bbox 1553 4979 2048 5048; x_wconf 56' lang='lat' dir='ltr'><strong>primo&#39;Gcncseos.</strong></span> 
     </span>
    </p>
   </div>
   <div class='ocr_carea' id='block_1_99' title="bbox 484 5053 2050 5138">
    <p class='ocr_par' dir='ltr' id='par_1_99' title="bbox 484 5053 2050 5138">
     <span class='ocr_line' id='line_1_99' title="bbox 484 5053 2050 5138; baseline -0.001 -14"><span class='ocrx_word' id='word_1_699' title='bbox 484 5069 590 5124; x_wconf 84' lang='lat' dir='ltr'><strong>Per</strong></span> <span class='ocrx_word' id='word_1_700' title='bbox 624 5053 855 5124; x_wconf 31' lang='lat' dir='ltr'><strong>[ficetum</strong></span> <span class='ocrx_word' id='word_1_701' title='bbox 905 5079 1089 5125; x_wconf 90' lang='lat' dir='ltr'><strong>autem</strong></span> <span class='ocrx_word' id='word_1_702' title='bbox 1150 5072 1230 5125; x_wconf 82' lang='lat' dir='ltr'><strong>vel</strong></span> <span class='ocrx_word' id='word_1_703' title='bbox 1281 5071 1540 5124; x_wconf 88' lang='lat' dir='ltr'><strong>olivetum</strong></span> <span class='ocrx_word' id='word_1_704' title='bbox 1593 5071 1800 5138; x_wconf 83' lang='lat' dir='ltr'><strong>jurare,</strong></span> <span class='ocrx_word' id='word_1_705' title='bbox 1854 5086 2050 5122; x_wconf 89' lang='lat' dir='ltr'><strong>vanum</strong></span> 
     </span>
    </p>
   </div>
   <div class='ocr_carea' id='block_1_100' title="bbox 484 5161 2054 5230">
    <p class='ocr_par' dir='ltr' id='par_1_100' title="bbox 484 5161 2054 5230">
     <span class='ocr_line' id='line_1_100' title="bbox 484 5161 2054 5230; baseline -0.001 -16"><span class='ocrx_word' id='word_1_706' title='bbox 484 5167 570 5214; x_wconf 87' lang='lat' dir='ltr'><strong>est</strong></span> <span class='ocrx_word' id='word_1_707' title='bbox 606 5168 663 5214; x_wconf 90' lang='lat' dir='ltr'><strong>et</strong></span> <span class='ocrx_word' id='word_1_708' title='bbox 709 5163 1025 5215; x_wconf 88' lang='lat' dir='ltr'><strong>irrationale</strong></span> <span class='ocrx_word' id='word_1_709' title='bbox 1058 5161 1304 5216; x_wconf 88' lang='lat' dir='ltr'><strong>omnino.</strong></span> <span class='ocrx_word' id='word_1_710' title='bbox 1354 5163 1484 5215; x_wconf 88' lang='lat' dir='ltr'><strong>item</strong></span> <span class='ocrx_word' id='word_1_711' title='bbox 1519 5161 1634 5230; x_wconf 88' lang='lat' dir='ltr'><strong>ipse</strong></span> <span class='ocrx_word' id='word_1_712' title='bbox 1682 5161 1935 5229; x_wconf 87' lang='lat' dir='ltr'><strong>prohibet</strong></span> <span class='ocrx_word' id='word_1_713' title='bbox 1978 5161 2054 5212; x_wconf 82' lang='lat' dir='ltr'><strong>vi-</strong></span> 
     </span>
    </p>
   </div>
   <div class='ocr_carea' id='block_1_101' title="bbox 485 5250 2054 5320">
    <p class='ocr_par' dir='ltr' id='par_1_101' title="bbox 485 5250 2054 5320">
     <span class='ocr_line' id='line_1_101' title="bbox 485 5250 2054 5320; baseline 0 -18"><span class='ocrx_word' id='word_1_714' title='bbox 485 5264 642 5315; x_wconf 87' lang='lat' dir='ltr'><strong>num,</strong></span> <span class='ocrx_word' id='word_1_715' title='bbox 676 5260 899 5320; x_wconf 76' lang='lat' dir='ltr'><strong>propter</strong></span> <span class='ocrx_word' id='word_1_716' title='bbox 934 5250 1217 5306; x_wconf 88' lang='lat' dir='ltr'><strong>ebrietatis</strong></span> <span class='ocrx_word' id='word_1_717' title='bbox 1268 5252 1604 5314; x_wconf 81' lang='lat' dir='ltr'><strong>evasionem,</strong></span> <span class='ocrx_word' id='word_1_718' title='bbox 1643 5252 1786 5305; x_wconf 89' lang='lat' dir='ltr'><strong>sicut</strong></span> <span class='ocrx_word' id='word_1_719' title='bbox 1826 5251 1878 5303; x_wconf 90' lang='lat' dir='ltr'><strong>in</strong></span> <span class='ocrx_word' id='word_1_720' title='bbox 1937 5252 2054 5319; x_wconf 81' lang='lat' dir='ltr'><strong>plu-</strong></span> 
     </span>
    </p>
   </div>
   <div class='ocr_carea' id='block_1_102' title="bbox 487 5340 2056 5412">
    <p class='ocr_par' dir='ltr' id='par_1_102' title="bbox 487 5340 2056 5412">
     <span class='ocr_line' id='line_1_102' title="bbox 487 5340 2056 5412; baseline 0 -16"><span class='ocrx_word' id='word_1_721' title='bbox 487 5340 644 5396; x_wconf 86' lang='lat' dir='ltr'><strong>ribus</strong></span> <span class='ocrx_word' id='word_1_722' title='bbox 679 5342 822 5398; x_wconf 82' lang='lat' dir='ltr'><strong>locis</strong></span> <span class='ocrx_word' id='word_1_723' title='bbox 838 5341 992 5396; x_wconf 88' lang='lat' dir='ltr'><strong>dicit.</strong></span> <span class='ocrx_word' id='word_1_724' title='bbox 1028 5341 1133 5397; x_wconf 87' lang='lat' dir='ltr'><strong>Sed</strong></span> <span class='ocrx_word' id='word_1_725' title='bbox 1160 5358 1282 5396; x_wconf 87' lang='lat' dir='ltr'><strong>cum</strong></span> <span class='ocrx_word' id='word_1_726' title='bbox 1319 5343 1502 5396; x_wconf 88' lang='lat' dir='ltr'><strong>vinum</strong></span> <span class='ocrx_word' id='word_1_727' title='bbox 1531 5357 1629 5411; x_wconf 91' lang='lat' dir='ltr'><strong>per</strong></span> <span class='ocrx_word' id='word_1_728' title='bbox 1657 5345 1894 5412; x_wconf 84' lang='lat' dir='ltr'><strong>seipsum</strong></span> <span class='ocrx_word' id='word_1_729' title='bbox 1942 5358 2056 5396; x_wconf 87' lang='lat' dir='ltr'><strong>ma-</strong></span> 
     </span>
    </p>
   </div>
   <div class='ocr_carea' id='block_1_103' title="bbox 488 5433 2052 5498">
    <p class='ocr_par' dir='ltr' id='par_1_103' title="bbox 488 5433 2052 5498">
     <span class='ocr_line' id='line_1_103' title="bbox 488 5433 2052 5498; baseline 0.001 -11"><span class='ocrx_word' id='word_1_730' title='bbox 488 5433 602 5488; x_wconf 84' lang='lat' dir='ltr'><strong>lum</strong></span> <span class='ocrx_word' id='word_1_731' title='bbox 635 5448 743 5490; x_wconf 90' lang='lat' dir='ltr'><strong>non</strong></span> <span class='ocrx_word' id='word_1_732' title='bbox 774 5437 868 5498; x_wconf 90' lang='lat' dir='ltr'><strong>sit,</strong></span> <span class='ocrx_word' id='word_1_733' title='bbox 915 5435 1116 5490; x_wconf 77' lang='lat' dir='ltr'><strong>suflicit</strong></span> <span class='ocrx_word' id='word_1_734' title='bbox 1145 5436 1314 5489; x_wconf 90' lang='lat' dir='ltr'><strong>solam</strong></span> <span class='ocrx_word' id='word_1_735' title='bbox 1339 5436 1661 5490; x_wconf 83' lang='lat' dir='ltr'><strong>ebrietatem</strong></span> <span class='ocrx_word' id='word_1_736' title='bbox 1696 5451 1908 5490; x_wconf 88' lang='lat' dir='ltr'><strong>cavere.</strong></span> <span class='ocrx_word' id='word_1_737' title='bbox 1947 5435 2052 5489; x_wconf 89' lang='lat' dir='ltr'><strong>Sed</strong></span> 
     </span>
    </p>
   </div>
   <div class='ocr_carea' id='block_1_104' title="bbox 491 5523 2052 5595">
    <p class='ocr_par' dir='ltr' id='par_1_104' title="bbox 491 5523 2052 5595">
     <span class='ocr_line' id='line_1_104' title="bbox 491 5523 2052 5595; baseline 0.003 -19"><span class='ocrx_word' id='word_1_738' title='bbox 491 5523 704 5578; x_wconf 87' lang='lat' dir='ltr'><strong>videtur</strong></span> <span class='ocrx_word' id='word_1_739' title='bbox 727 5541 920 5580; x_wconf 90' lang='lat' dir='ltr'><strong>omnes</strong></span> <span class='ocrx_word' id='word_1_740' title='bbox 970 5528 1275 5581; x_wconf 86' lang='lat' dir='ltr'><strong>Saracenos</strong></span> <span class='ocrx_word' id='word_1_741' title='bbox 1318 5534 1603 5595; x_wconf 88' lang='lat' dir='ltr'><strong>suspectos</strong></span> <span class='ocrx_word' id='word_1_742' title='bbox 1652 5526 1876 5592; x_wconf 86' lang='lat' dir='ltr'><strong>habere,</strong></span> <span class='ocrx_word' id='word_1_743' title='bbox 1907 5527 2052 5595; x_wconf 89' lang='lat' dir='ltr'><strong>quod</strong></span> 
     </span>
    </p>
   </div>
   <div class='ocr_carea' id='block_1_105' title="bbox 489 5611 2056 5684">
    <p class='ocr_par' dir='ltr' id='par_1_105' title="bbox 489 5611 2056 5684">
     <span class='ocr_line' id='line_1_105' title="bbox 489 5611 2056 5684; baseline 0.003 -20"><span class='ocrx_word' id='word_1_744' title='bbox 489 5611 674 5666; x_wconf 90' lang='lat' dir='ltr'><strong>nullus</strong></span> <span class='ocrx_word' id='word_1_745' title='bbox 711 5629 900 5668; x_wconf 89' lang='lat' dir='ltr'><strong>eorum</strong></span> <span class='ocrx_word' id='word_1_746' title='bbox 940 5617 1108 5684; x_wconf 86' lang='lat' dir='ltr'><strong>possit</strong></span> <span class='ocrx_word' id='word_1_747' title='bbox 1149 5618 1232 5670; x_wconf 92' lang='lat' dir='ltr'><strong>vel</strong></span> <span class='ocrx_word' id='word_1_748' title='bbox 1264 5616 1636 5680; x_wconf 87' lang='lat' dir='ltr'><strong>mediocriter,</strong></span> <span class='ocrx_word' id='word_1_749' title='bbox 1673 5617 1755 5671; x_wconf 76' lang='lat' dir='ltr'><strong>vel</strong></span> <span class='ocrx_word' id='word_1_750' title='bbox 1804 5632 1928 5672; x_wconf 90' lang='lat' dir='ltr'><strong>cum</strong></span> <span class='ocrx_word' id='word_1_751' title='bbox 1971 5631 2056 5670; x_wconf 88' lang='lat' dir='ltr'><strong>so-</strong></span> 
     </span>
    </p>
   </div>
   <div class='ocr_carea' id='block_1_106' title="bbox 487 5702 2045 5780">
    <p class='ocr_par' dir='ltr' id='par_1_106' title="bbox 487 5702 2045 5780">
     <span class='ocr_line' id='line_1_106' title="bbox 487 5702 2045 5780; baseline 0.004 -24"><span class='ocrx_word' id='word_1_752' title='bbox 487 5702 717 5756; x_wconf 84' lang='lat' dir='ltr'><strong>brietate</strong></span> <span class='ocrx_word' id='word_1_753' title='bbox 750 5705 874 5759; x_wconf 79' lang='lat' dir='ltr'><strong>vino</strong></span> <span class='ocrx_word' id='word_1_754' title='bbox 924 5706 1024 5772; x_wconf 84' lang='lat' dir='ltr'><strong>uti,</strong></span> <span class='ocrx_word' id='word_1_755' title='bbox 1077 5708 1217 5764; x_wconf 86' lang='lat' dir='ltr'><strong>unde</strong></span> <span class='ocrx_word' id='word_1_756' title='bbox 1258 5710 1373 5780; x_wconf 75' lang='lat' dir='ltr'><strong>ejus</strong></span> <span class='ocrx_word' id='word_1_757' title='bbox 1422 5707 1732 5763; x_wconf 75' lang='lat' dir='ltr'><strong>dehortatiu</strong></span> <span class='ocrx_word' id='word_1_758' title='bbox 1758 5725 1822 5763; x_wconf 76' lang='lat' dir='ltr'><strong>cx</strong></span> <span class='ocrx_word' id='word_1_759' title='bbox 1858 5724 2045 5764; x_wconf 75' lang='lat' dir='ltr'><strong>ncces-</strong></span> 
     </span>
    </p>
   </div>
   <div class='ocr_carea' id='block_1_107' title="bbox 2153 4507 3609 4594">
    <p class='ocr_par' dir='ltr' id='par_1_107' title="bbox 2153 4507 3609 4594">
     <span class='ocr_line' id='line_1_107' title="bbox 2153 4507 3609 4594; baseline -0.001 -17"><span class='ocrx_word' id='word_1_760' title='bbox 2153 4526 2244 4578; x_wconf 70' lang='lat' dir='ltr'><strong>xa‘t</strong></span> <span class='ocrx_word' id='word_1_761' title='bbox 2280 4525 2370 4577; x_wconf 79' lang='grc' dir='ltr'><strong>τοῦ</strong></span> <span class='ocrx_word' id='word_1_762' title='bbox 2406 4523 2677 4586; x_wconf 66' lang='grc' dir='ltr'><strong>ἐλαιῶνος</strong></span> <span class='ocrx_word' id='word_1_763' title='bbox 2712 4522 2740 4574; x_wconf 85' lang='grc' dir='ltr'><strong>ὃ</strong></span> <span class='ocrx_word' id='word_1_764' title='bbox 2769 4521 3018 4590; x_wconf 82' lang='grc' dir='ltr'><strong>φαίνεται</strong></span> <span class='ocrx_word' id='word_1_765' title='bbox 3045 4523 3327 4594; x_wconf 68' lang='grc' dir='ltr'><strong>διαρῥήδην</strong></span> <span class='ocrx_word' id='word_1_766' title='bbox 3377 4519 3423 4568; x_wconf 76' lang='grc' dir='ltr'><strong>ὲν</strong></span> <span class='ocrx_word' id='word_1_767' title='bbox 3468 4507 3525 4576; x_wconf 73' lang='grc' dir='ltr'>τῷ</span> <span class='ocrx_word' id='word_1_768' title='bbox 3552 4515 3609 4553; x_wconf 64' lang='grc' dir='ltr'><strong>κί’</strong></span> 
     </span>
    </p>
   </div>
   <div class='ocr_carea' id='block_1_108' title="bbox 2154 4597 3609 4692">
    <p class='ocr_par' dir='ltr' id='par_1_108' title="bbox 2154 4597 3609 4692">
     <span class='ocr_line' id='line_1_108' title="bbox 2154 4597 3609 4692; baseline -0.006 -25"><span class='ocrx_word' id='word_1_769' title='bbox 2154 4616 2366 4684; x_wconf 75' lang='grc' dir='ltr'><strong>φαλαίῳ</strong></span> <span class='ocrx_word' id='word_1_770' title='bbox 2419 4615 2493 4683; x_wconf 81' lang='grc' dir='ltr'><strong>τῷ</strong></span> <span class='ocrx_word' id='word_1_771' title='bbox 2551 4613 2762 4681; x_wconf 76' lang='grc' dir='ltr'><strong>Ἐλτὶμ,</strong></span> <span class='ocrx_word' id='word_1_772' title='bbox 2807 4614 2835 4664; x_wconf 80' lang='grc' dir='ltr'><strong>ὃ</strong></span> <span class='ocrx_word' id='word_1_773' title='bbox 2885 4613 3246 4684; x_wconf 69' lang='grc' dir='ltr'><strong>ἑρμηνεύεται</strong></span> <span class='ocrx_word' id='word_1_774' title='bbox 3273 4600 3517 4692; x_wconf 46' lang='grc' dir='ltr'><strong>συκῆο-Οί</strong></span> <span class='ocrx_word' id='word_1_775' title='bbox 3541 4597 3609 4692; x_wconf 48' lang='lat' dir='ltr'><strong>iit“</strong></span> 
     </span>
    </p>
   </div>
   <div class='ocr_carea' id='block_1_109' title="bbox 2152 4687 3608 4775">
    <p class='ocr_par' dir='ltr' id='par_1_109' title="bbox 2152 4687 3608 4775">
     <span class='ocr_line' id='line_1_109' title="bbox 2152 4687 3608 4775; baseline -0.017 -15"><span class='ocrx_word' id='word_1_776' title='bbox 2152 4708 2428 4775; x_wconf 80' lang='grc' dir='ltr'><strong>ἄνθρωποι</strong></span> <span class='ocrx_word' id='word_1_777' title='bbox 2461 4708 2602 4757; x_wconf 80' lang='grc' dir='ltr'><strong>κατὰ</strong></span> <span class='ocrx_word' id='word_1_778' title='bbox 2651 4703 2742 4755; x_wconf 82' lang='grc' dir='ltr'><strong>τοῦ</strong></span> <span class='ocrx_word' id='word_1_779' title='bbox 2797 4703 3039 4775; x_wconf 77' lang='grc' dir='ltr'><strong>μείζονος</strong></span> <span class='ocrx_word' id='word_1_780' title='bbox 3084 4703 3378 4773; x_wconf 79' lang='grc' dir='ltr'><strong>ὀμνύουσιν,</strong></span> <span class='ocrx_word' id='word_1_781' title='bbox 3407 4687 3494 4747; x_wconf 74' lang='grc' dir='ltr'><strong>οἷον</strong></span> <span class='ocrx_word' id='word_1_782' title='bbox 3519 4693 3608 4738; x_wconf 66' lang='grc' dir='ltr'><strong>κατι</strong></span> 
     </span>
    </p>
   </div>
   <div class='ocr_carea' id='block_1_110' title="bbox 2153 4777 3609 4866">
    <p class='ocr_par' dir='ltr' id='par_1_110' title="bbox 2153 4777 3609 4866">
     <span class='ocr_line' id='line_1_110' title="bbox 2153 4777 3609 4866; baseline -0.014 -16"><span class='ocrx_word' id='word_1_783' title='bbox 2153 4797 2244 4850; x_wconf 73' lang='grc' dir='ltr'><strong>τοῦ</strong></span> <span class='ocrx_word' id='word_1_784' title='bbox 2275 4796 2427 4859; x_wconf 80' lang='grc' dir='ltr'><strong>Θεοῦ,</strong></span> <span class='ocrx_word' id='word_1_785' title='bbox 2520 4795 2627 4847; x_wconf 80' lang='grc' dir='ltr'><strong>τῶν</strong></span> <span class='ocrx_word' id='word_1_786' title='bbox 2663 4794 2853 4860; x_wconf 84' lang='grc' dir='ltr'><strong>ἁγίων.</strong></span> <span class='ocrx_word' id='word_1_787' title='bbox 2897 4794 2958 4848; x_wconf 82' lang='grc'><strong>’0</strong></span> <span class='ocrx_word' id='word_1_788' title='bbox 2983 4795 3037 4846; x_wconf 83' lang='grc' dir='ltr'><strong>δὲ</strong></span> <span class='ocrx_word' id='word_1_789' title='bbox 3064 4795 3192 4856; x_wconf 73' lang='grc' dir='ltr'><strong>Θεὸς</strong></span> <span class='ocrx_word' id='word_1_790' title='bbox 3218 4793 3288 4860; x_wconf 78' lang='grc' dir='ltr'><strong>μὴ</strong></span> <span class='ocrx_word' id='word_1_791' title='bbox 3312 4789 3431 4857; x_wconf 75' lang='grc' dir='ltr'><strong>ἔχων</strong></span> <span class='ocrx_word' id='word_1_792' title='bbox 3456 4777 3609 4866; x_wconf 45' lang='grc' dir='ltr'><strong>μεξξίιξι</strong></span> 
     </span>
    </p>
   </div>
   <div class='ocr_carea' id='block_1_111' title="bbox 2153 4871 3606 4960">
    <p class='ocr_par' dir='ltr' id='par_1_111' title="bbox 2153 4871 3606 4960">
     <span class='ocr_line' id='line_1_111' title="bbox 2153 4871 3606 4960; baseline -0.019 -23"><span class='ocrx_word' id='word_1_793' title='bbox 2153 4886 2274 4937; x_wconf 70' lang='grc' dir='ltr'><strong>καθ’</strong></span> <span class='ocrx_word' id='word_1_794' title='bbox 2308 4880 2364 4935; x_wconf 68' lang='lat'><strong>&quot;:5</strong></span> <span class='ocrx_word' id='word_1_795' title='bbox 2407 4883 2471 4935; x_wconf 80' lang='grc' dir='ltr'><strong>ἂν</strong></span> <span class='ocrx_word' id='word_1_796' title='bbox 2504 4883 2770 4950; x_wconf 76' lang='grc' dir='ltr'><strong>ὀμόσειεν,</strong></span> <span class='ocrx_word' id='word_1_797' title='bbox 2824 4880 3012 4932; x_wconf 75' lang='grc' dir='ltr'><strong>εἴωθεν</strong></span> <span class='ocrx_word' id='word_1_798' title='bbox 3060 4881 3284 4948; x_wconf 82' lang='grc' dir='ltr'><strong>ὀμνύναι</strong></span> <span class='ocrx_word' id='word_1_799' title='bbox 3326 4871 3606 4960; x_wconf 62' lang='grc' dir='ltr'><strong>καθ’ὲαυτιν.</strong></span> 
     </span>
    </p>
   </div>
   <div class='ocr_carea' id='block_1_112' title="bbox 2152 4960 3610 5045">
    <p class='ocr_par' dir='ltr' id='par_1_112' title="bbox 2152 4960 3610 5045">
     <span class='ocr_line' id='line_1_112' title="bbox 2152 4960 3610 5045; baseline -0.025 -5"><span class='ocrx_word' id='word_1_800' title='bbox 2152 4977 2226 5039; x_wconf 82' lang='grc' dir='ltr'><strong>ὡς</strong></span> <span class='ocrx_word' id='word_1_801' title='bbox 2261 4978 2422 5038; x_wconf 72' lang='grc' dir='ltr'><strong>αὐτὸς</strong></span> <span class='ocrx_word' id='word_1_802' title='bbox 2457 4976 2559 5044; x_wconf 66' lang='grc' dir='ltr'><strong>ἔφη</strong></span> <span class='ocrx_word' id='word_1_803' title='bbox 2587 4975 2663 5044; x_wconf 82' lang='grc' dir='ltr'><strong>τῷ</strong></span> <span class='ocrx_word' id='word_1_804' title='bbox 2707 4974 2974 5043; x_wconf 78' lang='grc' dir='ltr'><strong>Ἀϐραὰμ,</strong></span> <span class='ocrx_word' id='word_1_805' title='bbox 3007 4975 3079 5034; x_wconf 84' lang='grc' dir='ltr'><strong>ὡς</strong></span> <span class='ocrx_word' id='word_1_806' title='bbox 3121 4974 3329 5038; x_wconf 78' lang='grc' dir='ltr'><strong>λέγεται</strong></span> <span class='ocrx_word' id='word_1_807' title='bbox 3353 4968 3402 5018; x_wconf 78' lang='grc' dir='ltr'><strong>ὲν</strong></span> <span class='ocrx_word' id='word_1_808' title='bbox 3421 4960 3481 5029; x_wconf 78' lang='grc' dir='ltr'><strong>τῷ</strong></span> <span class='ocrx_word' id='word_1_809' title='bbox 3511 4970 3610 5045; x_wconf 57' lang='lat' dir='ltr'><strong>ego):</strong></span> 
     </span>
    </p>
   </div>
   <div class='ocr_carea' id='block_1_113' title="bbox 2159 5047 3607 5145">
    <p class='ocr_par' dir='ltr' id='par_1_113' title="bbox 2159 5047 3607 5145">
     <span class='ocr_line' id='line_1_113' title="bbox 2159 5047 3607 5145; baseline -0.012 -24"><span class='ocrx_word' id='word_1_810' title='bbox 2159 5087 2236 5138; x_wconf 81' lang='grc' dir='ltr'><strong>τῳ</strong></span> <span class='ocrx_word' id='word_1_811' title='bbox 2269 5068 2365 5137; x_wconf 77' lang='grc' dir='ltr'><strong>τῆς</strong></span> <span class='ocrx_word' id='word_1_812' title='bbox 2405 5068 2697 5127; x_wconf 71' lang='grc' dir='ltr'><strong>Γενέσεως.</strong></span> <span class='ocrx_word' id='word_1_813' title='bbox 2729 5065 2802 5117; x_wconf 75' lang='grc' dir='ltr'>Τὸ</span> <span class='ocrx_word' id='word_1_814' title='bbox 2843 5065 2902 5117; x_wconf 78' lang='grc' dir='ltr'><strong>δὲ</strong></span> <span class='ocrx_word' id='word_1_815' title='bbox 2951 5066 3092 5118; x_wconf 81' lang='grc' dir='ltr'><strong>κατὰ</strong></span> <span class='ocrx_word' id='word_1_816' title='bbox 3121 5063 3213 5115; x_wconf 84' lang='grc' dir='ltr'><strong>τοῦ</strong></span> <span class='ocrx_word' id='word_1_817' title='bbox 3248 5056 3474 5113; x_wconf 68' lang='grc' dir='ltr'><strong>συκεῶνος</strong></span> 
     </span>
    </p>
   </div>
   <div class='ocr_carea' id='block_1_114' title="bbox 2153 5140 3606 5236">
    <p class='ocr_par' dir='ltr' id='par_1_114' title="bbox 2153 5149 3606 5236">
     <span class='ocr_line' id='line_1_114' title="bbox 2153 5149 3606 5236; baseline -0.017 -22"><span class='ocrx_word' id='word_1_818' title='bbox 2153 5161 2407 5220; x_wconf 78' lang='grc' dir='ltr'><strong>ὲλαιῶνος</strong></span> <span class='ocrx_word' id='word_1_819' title='bbox 2433 5158 2659 5227; x_wconf 72' lang='grc' dir='ltr'><strong>ὀμνύναι</strong></span> <span class='ocrx_word' id='word_1_820' title='bbox 2688 5157 2916 5225; x_wconf 79' lang='grc' dir='ltr'><strong>μάταιόν</strong></span> <span class='ocrx_word' id='word_1_821' title='bbox 2939 5161 3052 5209; x_wconf 74' lang='grc' dir='ltr'><strong>ἐστι</strong></span> <span class='ocrx_word' id='word_1_822' title='bbox 3074 5159 3168 5209; x_wconf 78' lang='grc' dir='ltr'><strong>καὶ</strong></span> <span class='ocrx_word' id='word_1_823' title='bbox 3191 5155 3365 5219; x_wconf 74' lang='grc' dir='ltr'><strong>ἄλογον</strong></span> <span class='ocrx_word' id='word_1_824' title='bbox 3385 5149 3606 5236; x_wconf 39' lang='lat' dir='ltr'><strong>antiis-0;-</strong></span> 
     </span>
    </p>
   </div>
   <div class='ocr_carea' id='block_1_115' title="bbox 2158 5231 3608 5322">
    <p class='ocr_par' dir='ltr' id='par_1_115' title="bbox 2158 5237 3608 5322">
     <span class='ocr_line' id='line_1_115' title="bbox 2158 5237 3608 5322; baseline -0.003 -19"><span class='ocrx_word' id='word_1_825' title='bbox 2158 5253 2278 5303; x_wconf 79' lang='grc' dir='ltr'><strong>Ἔτι</strong></span> <span class='ocrx_word' id='word_1_826' title='bbox 2328 5252 2487 5314; x_wconf 66' lang='grc' dir='ltr'><strong>αὐτὸς</strong></span> <span class='ocrx_word' id='word_1_827' title='bbox 2530 5249 2725 5302; x_wconf 74' lang='grc' dir='ltr'><strong>κωλύει</strong></span> <span class='ocrx_word' id='word_1_828' title='bbox 2799 5250 2889 5301; x_wconf 82' lang='grc' dir='ltr'><strong>τὸν</strong></span> <span class='ocrx_word' id='word_1_829' title='bbox 2932 5243 3070 5300; x_wconf 77' lang='grc' dir='ltr'><strong>οἶνον</strong></span> <span class='ocrx_word' id='word_1_830' title='bbox 3114 5247 3201 5298; x_wconf 71' lang='grc' dir='ltr'><strong>διὰ</strong></span> <span class='ocrx_word' id='word_1_831' title='bbox 3241 5244 3332 5315; x_wconf 74' lang='grc' dir='ltr'><strong>τὴν</strong></span> <span class='ocrx_word' id='word_1_832' title='bbox 3366 5240 3448 5306; x_wconf 79' lang='grc' dir='ltr'><strong>τῆς</strong></span> <span class='ocrx_word' id='word_1_833' title='bbox 3490 5237 3608 5322; x_wconf 62' lang='grc' dir='ltr'><strong>μευηξ</strong></span> 
     </span>
    </p>
   </div>
   <div class='ocr_carea' id='block_1_116' title="bbox 2155 5324 3606 5412">
    <p class='ocr_par' dir='ltr' id='par_1_116' title="bbox 2155 5324 3606 5412">
     <span class='ocr_line' id='line_1_116' title="bbox 2155 5324 3606 5412; baseline -0.019 -15"><span class='ocrx_word' id='word_1_834' title='bbox 2155 5343 2462 5412; x_wconf 76' lang='grc' dir='ltr'><strong>ἀποφυγὴν,</strong></span> <span class='ocrx_word' id='word_1_835' title='bbox 2510 5342 2583 5404; x_wconf 73' lang='grc' dir='ltr'><strong>ὣς</strong></span> <span class='ocrx_word' id='word_1_836' title='bbox 2623 5358 2787 5412; x_wconf 86' lang='grc' dir='ltr'><strong>φησιν</strong></span> <span class='ocrx_word' id='word_1_837' title='bbox 2830 5345 2886 5395; x_wconf 82' lang='grc' dir='ltr'><strong>ὲν</strong></span> <span class='ocrx_word' id='word_1_838' title='bbox 2919 5339 3126 5392; x_wconf 80' lang='grc' dir='ltr'><strong>πλείοσι</strong></span> <span class='ocrx_word' id='word_1_839' title='bbox 3159 5337 3349 5394; x_wconf 75' lang='grc' dir='ltr'><strong>τόποις.</strong></span> <span class='ocrx_word' id='word_1_840' title='bbox 3396 5324 3606 5412; x_wconf 33' lang='grc' dir='ltr'><strong>Ἀλλὰ-τω</strong></span> 
     </span>
    </p>
   </div>
   <div class='ocr_carea' id='block_1_117' title="bbox 2155 5408 3607 5506">
    <p class='ocr_par' dir='ltr' id='par_1_117' title="bbox 2155 5408 3607 5506">
     <span class='ocr_line' id='line_1_117' title="bbox 2155 5408 3607 5506; baseline -0.013 -19"><span class='ocrx_word' id='word_1_841' title='bbox 2155 5408 2300 5487; x_wconf 76' lang='grc' dir='ltr'><strong>οἴνου</strong></span> <span class='ocrx_word' id='word_1_842' title='bbox 2352 5408 2438 5503; x_wconf 74' lang='grc' dir='ltr'><strong>μὴ</strong></span> <span class='ocrx_word' id='word_1_843' title='bbox 2476 5434 2594 5487; x_wconf 80' lang='grc' dir='ltr'><strong>καθ’</strong></span> <span class='ocrx_word' id='word_1_844' title='bbox 2636 5408 2841 5484; x_wconf 36' lang='grc' dir='ltr'><strong>-ὲαυῖδν</strong></span> <span class='ocrx_word' id='word_1_845' title='bbox 2875 5433 3026 5494; x_wconf 79' lang='grc' dir='ltr'><strong>ὄντος</strong></span> <span class='ocrx_word' id='word_1_846' title='bbox 3073 5425 3274 5490; x_wconf 83' lang='grc' dir='ltr'><strong>κακοῦ,</strong></span> <span class='ocrx_word' id='word_1_847' title='bbox 3312 5423 3447 5492; x_wconf 69' lang='grc' dir='ltr'><strong>ἢρκει</strong></span> <span class='ocrx_word' id='word_1_848' title='bbox 3491 5408 3607 5506; x_wconf 53' lang='grc' dir='ltr'><strong>μόλεῇν</strong></span> 
     </span>
    </p>
   </div>
   <div class='ocr_carea' id='block_1_118' title="bbox 2156 5507 3605 5603">
    <p class='ocr_par' dir='ltr' id='par_1_118' title="bbox 2156 5507 3605 5603">
     <span class='ocr_line' id='line_1_118' title="bbox 2156 5507 3605 5603; baseline -0.034 -4"><span class='ocrx_word' id='word_1_849' title='bbox 2156 5529 2255 5597; x_wconf 64' lang='grc' dir='ltr'><strong>τὴν</strong></span> <span class='ocrx_word' id='word_1_850' title='bbox 2301 5526 2471 5595; x_wconf 77' lang='grc' dir='ltr'><strong>μέθην</strong></span> <span class='ocrx_word' id='word_1_851' title='bbox 2531 5521 2890 5592; x_wconf 81' lang='grc' dir='ltr'><strong>φυλάξασθαι.</strong></span> <span class='ocrx_word' id='word_1_852' title='bbox 2933 5522 3092 5577; x_wconf 79' lang='grc' dir='ltr'><strong>Ἀλλὰ</strong></span> <span class='ocrx_word' id='word_1_853' title='bbox 3141 5517 3282 5572; x_wconf 80' lang='grc' dir='ltr'><strong>δοκεῖ</strong></span> <span class='ocrx_word' id='word_1_854' title='bbox 3327 5507 3605 5603; x_wconf 38' lang='lat' dir='ltr'><strong>viavia-tor;</strong></span> 
     </span>
    </p>
   </div>
   <div class='ocr_carea' id='block_1_119' title="bbox 2156 5597 3605 5698">
    <p class='ocr_par' dir='ltr' id='par_1_119' title="bbox 2156 5601 3605 5698">
     <span class='ocr_line' id='line_1_119' title="bbox 2156 5601 3605 5698; baseline 0.026 -31"><span class='ocrx_word' id='word_1_855' title='bbox 2156 5615 2549 5687; x_wconf 65' lang='grc' dir='ltr'><strong>Σαρῤακηνούς</strong></span> <span class='ocrx_word' id='word_1_856' title='bbox 2583 5613 2935 5678; x_wconf 80' lang='grc' dir='ltr'><strong>ὑποπτεύειν,</strong></span> <span class='ocrx_word' id='word_1_857' title='bbox 2979 5611 3052 5672; x_wconf 72' lang='grc' dir='ltr'><strong>ὡς</strong></span> <span class='ocrx_word' id='word_1_858' title='bbox 3082 5607 3294 5679; x_wconf 53' lang='grc' dir='ltr'><strong>μηδενὸς</strong></span> <span class='ocrx_word' id='word_1_859' title='bbox 3328 5601 3478 5698; x_wconf 35' lang='lat' dir='ltr'><strong>“om?</strong></span> <span class='ocrx_word' id='word_1_860' title='bbox 3501 5601 3605 5696; x_wconf 39' lang='lat' dir='ltr'><strong>eam.</strong></span> 
     </span>
    </p>
   </div>
   <div class='ocr_carea' id='block_1_120' title="bbox 2158 5693 3606 5779">
    <p class='ocr_par' dir='ltr' id='par_1_120' title="bbox 2158 5693 3606 5779">
     <span class='ocr_line' id='line_1_120' title="bbox 2158 5693 3606 5779; baseline -0.016 0"><span class='ocrx_word' id='word_1_861' title='bbox 2158 5709 2319 5779; x_wconf 62' lang='grc' dir='ltr'><strong>μένεν</strong></span> <span class='ocrx_word' id='word_1_862' title='bbox 2355 5709 2387 5779; x_wconf 79' lang='grc' dir='ltr'><strong>ἢ</strong></span> <span class='ocrx_word' id='word_1_863' title='bbox 2427 5707 2658 5778; x_wconf 68' lang='grc' dir='ltr'><strong>μετρίως</strong></span> <span class='ocrx_word' id='word_1_864' title='bbox 2690 5707 2718 5778; x_wconf 74' lang='grc' dir='ltr'>ἢ</span> <span class='ocrx_word' id='word_1_865' title='bbox 2755 5707 2894 5779; x_wconf 75' lang='grc' dir='ltr'><strong>μετά</strong></span> <span class='ocrx_word' id='word_1_866' title='bbox 2933 5706 3137 5777; x_wconf 53' lang='lat' dir='ltr'><strong>“Nam;</strong></span> <span class='ocrx_word' id='word_1_867' title='bbox 3165 5696 3375 5764; x_wconf 70' lang='grc' dir='ltr'><strong>γρῆσθαι</strong></span> <span class='ocrx_word' id='word_1_868' title='bbox 3400 5693 3464 5758; x_wconf 66' lang='grc' dir='ltr'>τῷ</span> <span class='ocrx_word' id='word_1_869' title='bbox 3497 5693 3606 5742; x_wconf 60' lang='lat'><strong>0“&quot;3&quot;</strong></span> 
     </span>
    </p>
   </div>
   <div class='ocr_carea' id='block_1_121' title="bbox 2623 5865 2652 5889">
    <p class='ocr_par' dir='ltr' id='par_1_121' title="bbox 2623 5865 2652 5889">
     <span class='ocr_line' id='line_1_121' title="bbox 2623 5865 2652 5889; baseline 0 0"><span class='ocrx_word' id='word_1_870' title='bbox 2623 5865 2652 5889; x_wconf 66' lang='grc' dir='ltr'><strong><em>ο*</em></strong></span> 
     </span>
    </p>
   </div>
  </div>
