3862 6220
296 311 432 379 1089

294 421 460 483 Ὅθεν
507 433 762 498 ήτούτου
810 438 1095 512 ἁπιτροπὴ
1153 446 1208 511 ἐξ
1263 448 1505 519 ἀνάγκης
1565 456 1594 505 ὁ

301 613 569 679 ρακηνοὺς
617 617 878 684 ἀκρατεῖς
917 622 1184 694 ὑπάρχειν
1226 631 1480 686 καθόλου.

292 723 373 778 ϐ’.
400 723 528 778 Ὀτι
554 730 586 779 0'
603 728 721 781 τῶν
739 734 1140 819 Στιρῤαρςηνῶιζ
1162 743 1342 819 ιῇέιος
1371 748 1865 819 ὁμολογουμένως

805 805 1062 871 περιέχει
1101 812 1179 875 ψε
1189 805 1353 877 ῐνδοςῖ.

366 882 621 935 Ἐννατον
650 887 732 938 δεῖ
761 887 1003 960 θεωρεῖν,
1023 895 1102 946 ὅτι
1138 899 1164 948 ό
1195 901 1355 967 νόμος
1388 895 1548 966 οὗτος
1575 907 1674 960 οὐκ
1709 908 1855 962 ἔστιν

1445 336 1738 396 CONTRA
1779 342 2263 412 MAHOMETEM

3398 370 3533 435 1090

1603 457 1863 523 ναγκάζει
1895 472 1934 522 Α
1968 465 2126 521 sitatc
2157 470 2299 539 engit
2329 471 2410 525 vel
2456 473 2657 527 malum
2702 490 2823 529 esse
2848 477 3032 531 vinum
3076 481 3417 551 simpliciter,
3448 490 3534 544 vel

291 517 468 586 λέγειν
501 523 531 591 ἢ
582 526 749 578 κακὸν
778 525 915 581 εἶναι
949 534 1036 586 τὸν
1085 531 1226 589 οἶνον
1263 517 1470 604 ἁπλῶς,
1503 544 1536 612 ἢ
1573 517 1695 608 τοὺς
1728 517 1866 619 Σαρ-

1969 555 2272 614 Saracenos
2307 561 2691 619 universaliter
2738 568 3143 626 incontinentes
3180 588 3321 627 esse.

2035 756 2123 811 IX.
2157 757 2306 823 Quod
2337 761 2420 814 lea:
2449 763 2840 888 Saracenogwn
2881 770 3160 838 manifesta
3199 772 3465 828 contineat

2596 852 2710 888 men
2752 855 2889 888 (τινα.

2596 852 2889 890 menancta.

2030 918 2185 971 Nono
2211 929 2430 988 oportet
2461 925 2832 991 considerare,
2867 931 3011 997 quod
3050 933 3134 986 lex
3167 933 3280 988 haec
3310 951 3417 988 non
3447 945 3533 991 est

290 973 454 1040 νόμος
483 975 638 1041 Θεοῦ,
673 980 792 1032 ἐπεὶ
839 983 1246 1054 ὁμολογούμενα
1283 996 1530 1064 περιέχει
1561 997 1752 1068 ψεύδη.
1801 1003 1825 1049 ’4

2250 973 2264 988 _
2298 973 2305 974 ,
2469 973 2832 991 _-___-_--.-.-,
2869 973 3011 997 νη..
3051 973 3134 986 .....
3167 973 3280 988 ..ιη
3310 973 3417 988 ην..
3447 973 3527 991 ιο.

1957 1008 2041 1062 lex
2104 1010 2216 1072 Dei,
2265 1014 2524 1080 quoniam
2584 1019 2872 1072 manifesta
2931 1023 3176 1077 continet
3225 1027 3527 1082 mendacia.

288 1062 397 1130 γὰρ
453 1064 582 1126 Θεὸς
639 1069 828 1138 πρώτη
867 1073 958 1122 καὶ
999 1074 1144 1144 ἄκρα
1177 1080 1323 1130 ἐστὶν
1354 1082 1603 1151 ἀλήθεια,
1637 1089 1768 1158 παρ’
1797 1084 1857 1142 οὗ

285 1143 541 1220 λεχθῆναί
563 1173 612 1206 τι
635 1156 826 1224 ψεῦδος
849 1143 1104 1217 ἀδύνατον
1147 1166 1235 1218 Ἐν
1260 1170 1336 1239 τῷ
1381 1173 1679 1245 Ἁλκοράνῳ
1717 1143 1772 1230 δὲ
1800 1181 1857 1233 ἐν

286 1241 362 1309 τῷ
395 1239 672 1314 κεφαλαίῳ
716 1247 809 1299 τοῦ
848 1250 1000 1304 Ἰωνᾶ
1032 1271 1185 1323 φησι,
1221 1259 1314 1320 Τίς
1351 1262 1427 1322 εἰς
1472 1239 1566 1333 τὴν
1597 1239 1856 1335 ἀλήθειαν

284 1330 442 1397 ἄγεις
489 1334 595 1384 Καὶ
629 1338 1069 1408 ἀποκρινόμενος,
1113 1341 1264 1398 εἶπεν
1289 1389 1304 1413 ,
1339 1349 1394 1402 '0
1427 1330 1554 1415 Θεὸς
1595 1330 1855 1427 κατεροῦ-

280 1438 364 1472 νει
394 1422 491 1490 τὴν
517 1425 798 1493 ἀλήθειαν
830 1433 922 1483 καὶ
973 1435 999 1484 ὁ
1052 1437 1401 1492 κατευθύνων
1449 1443 1546 1512 τὴν
1593 1447 1852 1516 ἀλήθειάν

280 1513 426 1564 ἐστιν
452 1515 831 1584 ἀλήθεια,ζ’καὶ
862 1526 1126 1594 προσήκει
1152 1531 1340 1582 τοῦτον
1363 1513 1694 1603 ’μιμεῖσθαιξ
1733 1542 1842 1594 Καὶ

284 1603 425 1670 μετὰ
463 1609 638 1660 ταῦτα
695 1609 912 1680 ἀληθῶς
960 1615 1057 1684 οὐχ
1116 1618 1346 1690 ἁρμόζει
1378 1622 1505 1692 θείῳ
1537 1628 1683 1696 νόμῳ
1729 1631 1846 1684 τόδε

279 1693 534 1760 λέγεσθαί
573 1715 625 1750 τι
661 1700 790 1752 ἄνευ
849 1701 1024 1756 Θεοῦ*
1076 1707 1212 1762 ἀλλὰ
1270 1712 1329 1764 τὸ
1383 1693 1731 1783 ψεῦδος-καὶ
1785 1723 1846 1776 τὸ

1960 1097 2103 1151 Deus
2134 1103 2278 1153 enim
2310 1117 2521 1157 summa
2557 1115 2613 1159 et
2643 1107 2817 1175 prima
2852 1118 2936 1162 est
2968 1111 3190 1176 veritas,
3220 1129 3250 1166 a
3283 1130 3392 1183 quo
3420 1117 3530 1172 dici

1955 1188 2175 1258 aliquod
2225 1194 2568 1250 mendacium
2615 1206 2696 1252 est
2752 1200 3110 1269 impossibile.
3154 1204 3211 1256 ln
3237 1191 3526 1272 hleorano,

1957 1279 2011 1332 in
2063 1296 2182 1350 cap.
2228 1281 2400 1348 .Ionae,
2439 1286 2572 1342 dicit
2607 1307 2620 1341 :
2669 1291 2804 1354 Quis
2833 1292 2886 1344 in
2920 1296 3205 1349 veritatem
3256 1297 3443 1354 ducit?
3467 1310 3527 1354 et

1954 1377 2295 1441 respondens
2335 1377 2505 1433 dicit:
2538 1381 2679 1434 Deus
2727 1382 2914 1452 dirigit
2975 1387 3288 1451 veritatem,
3335 1399 3390 1443 et
3429 1391 3523 1460 qui

1951 1463 2135 1532 dirigit
2165 1467 2446 1521 veritatem
2488 1479 2573 1523 est
2603 1469 2821 1533 veritas,
2858 1483 2912 1527 et
2939 1478 3197 1531 convenit
3241 1494 3365 1533 eum
3400 1483 3524 1534 rmi-

1953 1554 2073 1608 tari.
2112 1555 2178 1608 Et
2209 1567 2330 1624 post
2384 1557 2496 1614 haec
2524 1576 2649 1616 vere
2682 1579 2788 1616 non
2835 1568 3086 1640 congruit
3135 1569 3334 1623 disina:
3389 1572 3516 1640 legi,

1949 1644 2058 1698 dici
2107 1646 2312 1715 aliquid
2350 1649 2467 1703 sine
2515 1650 2648 1717 Deo,
2696 1653 2788 1707 sed
2832 1657 3172 1709 mendacium
3208 1668 3262 1711 et
3297 1658 3522 1728 ﬁgmen-

1950 1745 2060 1788 tum
2096 1738 2300 1806 absque
2338 1740 2446 1793 Dco
2483 1741 2704 1797 dicitur.
2755 1742 2911 1799 Sicut
2940 1747 3086 1800 enim
3125 1749 3298 1815 inquit
3332 1752 3521 1822 Augu-

280 1785 505 1856 πλάσμα
553 1788 679 1862 ᾄνευ
730 1791 863 1845 Θεοῦ
891 1795 1129 1864 λέγεται.
1169 1802 1258 1866 Ὠς
1307 1807 1414 1876 γάρ
1439 1826 1604 1877 φησιν
1636 1813 1825 1881 Αὐγουι

1952 1785 2060 1788 ___"
2096 1785 2298 1806 πη--
2338 1785 2444 1793 ,νυ
2755 1785 2911 1799 ww...
3332 1785 3516 1822 ηυδυ-

1945 1826 2124 1881 slinus
2156 1843 2170 1880 :
2217 1829 2272 1882 Si
2308 1829 2361 1884 in
2410 1832 2702 1902 Evangelia
2754 1850 2922 1898 unum
2959 1838 3134 1892 solum
3173 1831 3516 1898 mendacium

280 1877 483 1944 στίνος,
516 1880 576 1932 Et
604 1883 664 1934 ἐν
713 1882 790 1952 τῷ
823 1885 1144 1960 Εὐαγγελίῳ
1176 1891 1234 1945 ἓν
1270 1896 1432 1962 μόνον
1463 1900 1659 1967 ψεῦδος
1689 1877 1841 1975 sopi-

278 1983 466 2034 σκετο,
502 1971 622 2024 ὅλον
653 1974 720 2028 ἂν
745 1976 804 2028 τὸ
830 1977 1160 2047 Εὑαγγέλιον
1183 1985 1324 2039 κατὰ
1357 1987 1448 2041 τὸν
1489 1991 1651 2045 αὑτὸν
1684 1971 1842 2062 λόνον

275 2054 520 2110 ὕποπτον
559 2056 626 2130 ἦν
656 2065 749 2116 καὶ
794 2064 988 2134 ψεῦδος
1033 2071 1616 2148 ἀποδεδοκιμασμένον.
1669 2054 1841 2140 Tia-6s

286 2147 612 2220 Ἀλκορὰνον
647 2155 816 2208 πολλά
841 2158 942 2226 μὲν
976 2159 1154 2232 ἀληθῆ
1185 2147 1450 2237 περιέχει,
1483 2170 1539 2224 ιν
1569 2190 1626 2225 τε
1660 2176 1842 2246 secty-

271 2238 440 2310 γελίῳ
492 2242 589 2294 καὶ
623 2244 701 2314 τῷ
731 2248 880 2317 νόμῳ
923 2252 1171 2317 Μωσέως
1225 2259 1321 2310 καὶ
1373 2263 1486 2324 τοῖς
1533 2238 1840 2337 προφήταις

268 2335 633 2405 περιεχόμενα
657 2353 672 2369 ·
701 2340 814 2392 ἀλλ’
849 2343 1008 2408 αὐτὸς
1048 2347 1077 2398 ὁ
1129 2349 1433 2419 Μαχούμετ
1482 2335 1723 2414 τοσαῦτα
1774 2365 1839 2416 ὲκ

268 2423 380 2477 τῶν
413 2425 556 2479 ἰδίων
582 2431 874 2498 περιέὅαλε
896 2433 1090 2508 ψεύδη,
1113 2437 1246 2494 ὥσθ’
1270 2443 1392 2497 ὅλον
1451 2447 1668 2518 ἀληθῶς
1710 2453 1840 2508 ὓπο-

278 2532 418 2568 πτον
449 2520 544 2572 καὶ
586 2523 779 2589 ψεῦδος
814 2527 1020 2594 ὀφείλει
1051 2533 1388 2600 νομίζεσθαι,
1415 2540 1508 2592 καὶ
1542 2541 1704 2612 ἔργον
1744 2545 1836 2599 τοῦ

263 2607 500 2676 ψεύστου
541 2615 636 2666 κει.)⁸
661 2614 755 2667 τοῦ
781 2621 982 2688 πατρὸς
1011 2623 1201 2678 αὐτοῦ.
1247 2627 1564 2697 ’Λνάγονται
1591 2635 1648 2687 δὲ
1679 2639 1746 2689 sit
1779 2639 1836 2690 ἐν

260 2701 458 2770 ἐκείνῳ
502 2703 671 2781 ψεύδη
721 2709 848 2777 περὶ
896 2711 1115 2778 ἑαυτοῦ,
1149 2719 1277 2784 περὶ
1311 2721 1420 2772 τῶν
1466 2719 1832 2794 Χριστιανῶν,

259 2794 393 2863 περὶ
441 2795 548 2848 τῶν
588 2798 872 2866 Ἰουδαίων,
908 2805 1035 2873 περὶ
1065 2807 1173 2859 τῶν
1203 2810 1534 2877 ἀποστόλων,
1571 2819 1699 2885 περὶ
1729 2821 1835 2873 τῶν

259 2887 636 2956 πατριαρχῶν,
666 2891 793 2961 περὶ
826 2893 933 2946 τῶν
957 2894 1246 2966 δαιμόνων,
1271 2905 1396 2972 περὶ
1427 2905 1533 2959 τῶν
1559 2910 1829 2979 ἀγγέλων,

259 2976 391 3044 περὶ
431 2976 532 3045 τῆς
588 2979 861 3050 Παρθένου
915 2987 1178 3057 Μαρίας,
1228 2995 1355 3064 περὶ
1417 2996 1513 3049 τοῦ
1572 2976 1828 3071 Χριστοῦ,

258 3083 327 3118 πε
337 3071 391 3136 pl.
423 3068 518 3120 τοῦ
545 3070 698 3124 Θεοῦ.
1197 3103 1202 3109 ·
1429 3077 1446 3090 ’“

332 3157 446 3210 Καὶ
469 3161 594 3240 περὶ
653 3163 846 3218 ἑαυτοῦ
910 3170 1014 3238 μέν
1063 3190 1247 3244 φησιν,
1275 3179 1356 3232 ὃτι
1388 3181 1507 3236 ἐστὶ
1533 3186 1705 3255 τέλοῖ,
1737 3191 1830 3244 καὶ

259 3252 516 3316 σφραγὶς,
550 3254 642 3306 καὶ
706 3258 885 3343 σιωπὴ
941 3262 1160 3317 πάντων
1211 3267 1318 3321 τῶν
1375 3252 1698 3343 προφητῶν.⁷
1721 3282 1829 3333 Καὶ

253 3339 970 3406 προστάττειάποκτιννῦναι
994 3352 1170 3407 πάντα
1193 3357 1282 3410 τὸν
1303 3361 1421 3427 μετ’
1440 3363 1602 3417 αὑτὸν
1625 3367 1828 3437 διισχυ-

235 3417 537 3496 ’ριζόμενον
567 3430 706 3510 εἷναί
734 3453 857 3490 τινα
891 3444 1202 3514 προφήτην.
1257 3417 1417 3504 ’Ᾰλλὰ
1447 3456 1521 3524 μὴ
1575 3417 1828 3513 συνεστός

247 3518 319 3588 λη
346 3521 376 3590 ἡ
407 3522 526 3592 χεὶρ
569 3525 798 3596 Κυρίου,
835 3530 974 3584 ὥστε
1025 3536 1100 3606 μὴ
1157 3538 1416 3593 δύνασθαι
1449 3518 1588 3613 ’μετ’
1621 3551 1826 3605 ἐκεῖνον

244 3609 432 3664 δοῦναι
467 3613 560 3665 καὶ
589 3616 758 3686 ἑτέρῳ
810 3621 1026 3691 πνεῦμα
1074 3628 1432 3697 προφητείας.
1469 3609 1579 3687 Καὶ
1643 3639 1724 3692 ὅτι
1760 3642 1820 3694 οὐ

245 3703 410 3772 μόνον
439 3705 487 3757 oi
515 3708 830 3776 Χριστιανοὶ
871 3716 962 3766 καὶ
1013 3717 1061 3768 οξ
1129 3720 1373 3774 Ἰουδαῖοι
1435 3725 1650 3794 λέγουσι
1691 3748 1820 3802 παρ’

242 3795 430 3858 αὐτοῖς
454 3791 589 3851 εἶναι
622 3803 902 3870 προφήτας
935 3808 1052 3873 μετ’
1074 3808 1301 3875 ἐκεῖνον,
1338 3816 1556 3884 πνεῦμα
1609 3837 1822 3892 προφη-

239 3887 393 3947 τείας
422 3889 742 3956 ἐσχηκότας,
774 3894 909 3946 ἀλλὰ
938 3899 1030 3948 καὶ
1063 3899 1217 3976 αὐτοὶ
1246 3903 1493 3968 ἐδέξαντο
1533 3911 1589 3960 ὲν
1644 3887 1818 3966 Βαϐυ-

240 3975 376 4028 λῶνι
431 3983 712 4051 προφήτην
763 3986 884 4036 τινὰ
938 3988 1112 4057 Σόλεμ
1145 3991 1561 4065 ὀνομαζόμενον,
1587 4001 1614 4053 ὃ
1646 4005 1816 4074 ἑρμη-

235 4065 452 4120 νεύεται
511 4073 751 4140 κλίμαξ,
802 4075 860 4128 ὃν
915 4079 963 4130 οἱ
1025 4081 1294 4151 Τάρταροι
1341 4065 1688 4157 ἀπέκτειναν,
1714 4065 1815 4148 -καὶ

241 4156 366 4222 μετ’
399 4159 558 4212 αὐτοῦ
581 4164 678 4214 οὐκ
710 4165 888 4232 ὀλίγον
923 4168 1122 4237 πλῆθος
1174 4174 1562 4247 Σαρρακηνῶν.
1610 4184 1731 4238 Ἔτι
1757 4186 1812 4238 δὲ

239 4247 369 4312 περὶ
424 4248 618 4300 ἑαυτοῦ
685 4269 873 4320 φησιν,
935 4259 1176 4328 ἐπαίρων
1230 4265 1439 4333 ἑαυτὸν,
1493 4263 1680 4341 ὥσπερ
1747 4276 1809 4327 ὲκ

234 4333 528 4401 προσώπου
555 4340 646 4391 τοῦ
683 4342 841 4406 Θεοῦ,
906 4346 989 4398 ὅτι
1036 4349 1095 4400 Εἰ
1131 4353 1329 4416 πάντες
1359 4357 1633 4426 ἄνθρωποι
1681 4379 1806 4416 συν-

215 4424 470 4499 ιαχθεῖεν,
512 4431 604 4480 καὶ
627 4432 798 4485 πάντα
825 4435 891 4487 τὰ
937 4440 1218 4508 πνεύματα
1253 4445 1284 4513 ἢ
1319 4447 1559 4514 ἄγγελοι,
1590 4452 1688 4505 οῦκ
1735 4454 1802 4506 ἂν

1945 1917 2305 1994 inveniretur,
2342 1929 2516 1975 totum
2548 1925 2900 1994 Evangelium
2931 1930 3233 1984 secundum
3268 1934 3514 1988 eamdem

1944 1990 2210 2063 ratidnem
2260 2022 2576 2080 suspectum
2612 2025 2757 2070 esset
2810 2028 2864 2070 et
2916 2019 3129 2073 lalsum.
3188 2023 3512 2079 Alcorauum

1940 2111 2121 2154 autem
2181 2104 2348 2158 multa
2379 2106 2599 2172 quidem
2637 2123 2763 2162 vera
2788 2109 3052 2174 continet,
3089 2127 3210 2179 quae
3237 2114 3290 2166 in
3341 2115 3516 2170 EVan-

1940 2189 2082 2259 gelio
2111 2203 2166 2246 et
2192 2193 2308 2263 lege
2339 2193 2507 2264 Moysi
2559 2208 2613 2250 ct
2653 2198 2940 2266 prOphetis
2989 2201 3373 2270 continentur;
3416 2207 3512 2260 sed

1942 2282 2057 2352 ipse
2085 2283 2426 2340 Mahometus
2456 2297 2533 2341 tot
2581 2305 2645 2343 ex
2694 2292 2934 2360 prapriis
2987 2294 3271 2348 manifesta
3318 2297 3512 2353 inserit

1940 2376 2240 2442 mendacia,
2277 2387 2336 2432 ut
2371 2388 2544 2432 totum
2579 2380 2694 2436 fere
2739 2393 3052 2453 suspectum
3103 2394 3157 2440 et
3190 2386 3387 2442 falsum
3419 2388 3513 2443 de-

1938 2462 2066 2519 beat
2090 2467 2408 2531 existimari,
2439 2479 2492 2523 et
2513 2484 2650 2539 opus
2674 2471 2820 2527 illius
2843 2473 2936 2542 qui
2972 2477 3201 2529 mendax
3228 2485 3310 2530 est
3337 2486 3393 2530 et
3418 2492 3514 2546 pa-

1939 2565 2019 2608 ter
2063 2560 2202 2626 ejus.
2253 2559 2614 2616 Reducuntur
2643 2573 2824 2617 autem
2875 2581 2994 2634 qua:
3034 2567 3088 2620 in
3118 2581 3186 2621 eo
3225 2568 3508 2623 mendacia

1933 2650 2308 2715 continentur,
2371 2654 2436 2707 ad
2491 2655 2678 2709 decem
2727 2673 2926 2726 genera
2975 2659 3509 2727 principalia.‘Dicit

1936 2739 2082 2792 enim
2130 2743 2412 2797 mendacia
2465 2745 2533 2798 de
2562 2747 2766 2815 selpso,
2801 2748 2868 2799 de
2898 2746 3246 2812 Christianis,
3291 2750 3359 2803 de
3406 2749 3516 2822 Ju-,

1934 2828 2085 2893 daais,
2119 2831 2188 2884 de
2229 2835 2510 2902 apostolis,
2565 2836 2632 2890 de
2661 2838 3009 2906 patriarchis,
3049 2840 3503 2907 dedaamonibus,

1933 2919 2000 2973 de
2032 2923 2258 2992 angelis,
2291 2925 2357 2978 de
2397 2926 2618 2995 Virgine
2651 2926 2838 2995 Maria,
2871 2928 2938 2984 de
2969 2928 3208 2995 Christo,
3240 2930 3307 2987 de
3337 2933 3468 2988 Deo.

2005 3197 2069 3252 Et
2098 3197 2167 3252 de
2194 3187 2373 3268 seipso
2404 3201 2627 3269 quidem
2673 3201 2828 3267 dicit,
2873 3205 3021 3272 quod
3055 3214 3139 3260 est
3179 3206 3304 3262 ﬁnis
3341 3220 3397 3263 et
3424 3209 3501 3264 si-

1929 3285 2114 3354 gillum
2141 3296 2192 3342 et
2231 3286 2510 3345 silentium
2545 3298 2790 3348 omnium
2832 3296 3246 3364 prophetarum.
3297 3299 3364 3353 Et
3405 3301 3497 3370 ju-

1928 3377 2019 3432 bet
2048 3380 2308 3444 iuterimi,
2343 3386 2656 3454 quicunque
2697 3395 2819 3454 post
2873 3401 2999 3440 eum
3053 3402 3112 3440 se
3174 3389 3493 3457 prophetam

1923 3485 2046 3524 esse
2081 3474 2400 3528 asserucrit.
2433 3475 2538 3530 Sed
2568 3492 2677 3530 non
2713 3478 2793 3530 sic
2844 3486 3123 3531 tontracta
3171 3486 3255 3532 est
3301 3495 3494 3535 manus

1924 3560 2160 3626 Domini,
2191 3574 2381 3617 utnon
2431 3574 2619 3634 posset
2650 3578 2775 3638 post
2825 3566 2973 3620 illum
3035 3567 3166 3621 dare
3226 3578 3283 3622 et
3333 3569 3492 3623 alteri

1921 3651 2171 3720 spiritum
2203 3656 2518 3722 prophetiae.
2549 3655 2616 3709 Et
2649 3657 2794 3726 quod
2846 3674 2954 3710 non
2985 3659 3163 3712 solum
3191 3657 3491 3741 Christiani

1919 3751 1973 3796 et
2005 3740 2176 3797 Judaai
2210 3745 2403 3799 dicunt
2427 3747 2567 3816 apud
2599 3762 2694 3801 eos
2726 3763 2848 3802 esse
2892 3751 3207 3818 prophetas,
3246 3753 3338 3820 qui
3369 3740 3490 3822 post

1919 3834 2069 3888 illum
2101 3836 2352 3904 spiritum
2397 3839 3074 3907 prophetiaahabuerunt,
3126 3842 3223 3896 sed
3271 3851 3328 3897 et
3384 3844 3487 3912 ipsi

1915 3938 2273 3998 susceperunt
2300 3930 2445 3998 apud
2477 3931 2747 4000 Babylona
2796 3933 3120 4002 prophetam
3167 3934 3484 4002 quemdam,

1915 4016 2008 4084 qui
2049 4017 2228 4072 Solem
2281 4020 2678 4088 appellabatur,
2711 4022 2858 4090 quod
2891 4023 3284 4092 interpretatur
3311 4025 3482 4091 scala,

1913 4122 2071 4176 quem
2103 4107 2314 4163 Tartari
2350 4110 2770 4176 interemerunt,
2807 4121 2862 4166 et
2907 4128 3028 4166 cum
3080 4129 3147 4168 eo
3194 4130 3302 4169 non
3348 4131 3486 4185 pau-

1910 4213 2028 4252 cam
2057 4201 2463 4256 multitudinem
2519 4202 2941 4258 Saracenorum.
2983 4205 3134 4259 .ltem
3184 4207 3251 4260 de
3303 4209 3484 4277 seipso

1909 4292 2060 4354 dicit,
2101 4293 2338 4361 seipsum
2376 4296 2673 4362 extollens,
2713 4307 2969 4367 tanquam
3003 4315 3065 4352 ex
3089 4315 3316 4367 persona
3365 4300 3479 4366 Dei,

1907 4381 2060 4447 Quod
2095 4383 2139 4435 si
2174 4400 2364 4439 omnes
2394 4386 2643 4441 homines
2676 4400 3158 4458 congregarentur,
3202 4400 3257 4444 et
3287 4406 3481 4446 omnes

1546 4492 1559 4515 ν
1590 4468 1688 4505 ουκ
1735 4466 1802 4506 ἀν
1838 4466 1876 4520 D
1907 4475 2132 4542 spiritus
2164 4477 2245 4529 vel
2283 4478 2481 4547 angeli,
2528 4494 2636 4532 non
2677 4491 2901 4551 pOSseut
2949 4481 3128 4536 facere
3169 4484 3271 4537 tale
3322 4484 3483 4539 Alco-

231 4513 479 4569 δύναιντο
546 4521 770 4588 ποιῆσαι
824 4527 1062 4581 τοιοῦτον
1093 4529 1435 4603 ’Δλκοράνον,
1485 4537 1595 4592 οἷον
1643 4543 1798 4598 τοῦτό

230 4604 404 4655 ἐστιν.
434 4606 500 4657 Ἦ
530 4608 706 4662 τοίνυν
738 4610 879 4666 οὕτω
916 4617 1072 4670 τοῦτο
1103 4621 1232 4687 νόει,
1255 4623 1330 4686 ὡς
1374 4629 1447 4695 μὴ
1499 4629 1798 4704 δυνησομέ-

231 4713 342 4746 νων
375 4698 593 4750 ἐκείνων
632 4705 849 4770 ποιῆσαι
893 4707 1021 4760 ἄνευ
1069 4711 1167 4780 τῆς
1222 4719 1313 4767 τοῦ
1344 4717 1476 4770 Θεοῦ
1512 4721 1794 4791 βοηθείας·

227 4788 321 4835 καὶ
354 4788 403 4836 τί
440 4787 762 4856 θαυμαστὸν,
798 4797 844 4846 εἰ
875 4797 948 4866 μὴ
970 4797 1280 4869 δυνήσονται
1310 4807 1483 4872 τοῦτο,
1521 4811 1656 4881 ὅπερ
1703 4821 1795 4871 καὶ

1904 4576 2094 4614 ranum
2132 4563 2273 4617 sicut
2308 4577 2392 4619 est
2427 4566 2550 4620 hoc.
2593 4565 2688 4621 Vel
2735 4569 2899 4638 igitur
2929 4572 3009 4625 sic
3056 4572 3160 4626 hoc
3212 4573 3477 4643 intellige,

1900 4651 2043 4719 quod
2079 4669 2184 4706 non
2220 4665 2478 4723 poterunt
2508 4658 2583 4711 illi
2623 4658 2799 4713 facere
2835 4663 3043 4732 absque
3088 4664 3293 4717 auxilio
3327 4664 3419 4717 Dei
3457 4681 3473 4717 :

1897 4749 1951 4793 et
1983 4743 2111 4810 quid
2144 4745 2338 4798 mirum
2375 4748 2418 4800 si
2449 4763 2556 4802 non
2603 4759 2859 4817 poterunt
2897 4753 3018 4813 hoc,
3067 4754 3211 4821 quod
3257 4763 3312 4807 et
3360 4753 3474 4820 ipse

1899 4847 2006 4884 non
2037 4833 2154 4887 sine
2187 4835 2296 4889 Deo
2342 4853 2400 4892 se
2443 4839 2636 4894 fecisse
2690 4843 2859 4895 dicit?
2915 4844 2996 4896 vel
3047 4844 3149 4896 hoc
3206 4844 3469 4913 intelligo,

222 4876 389 4938 αὐτὸς
421 4881 516 4930 οὐκ
543 4883 667 4932 ἄνευ
724 4884 858 4936 θεοῦ
910 4892 1264 4957 πεποιηκέναι
1302 4898 1498 4964 (pqr-35v;
1553 4899 1586 4968 ἢ
1641 4901 1795 4958 τοῦτο

222 4967 332 4995 ωλι.
398 4969 468 4995 ι’.-
528 4972 621 4995 -.¹,--
657 4973 715 4995 1‘.-.
754 4976 786 4995 (αν
848 4978 939 4995 ,nr
1112 4984 1122 4994 ι
1209 4984 1221 4995 ι
1453 4987 1475 4995 -
1666 4993 1674 4995 -
1773 4993 1778 4995 Α

1941 4876 2006 4884 ν..
2037 4876 2154 4887 ...ην
2187 4876 2296 4889 νυν
2342 4876 2400 4892 σν
2443 4876 2636 4894 ιιιιοον
2690 4876 2854 4895 unus;
2920 4876 2996 4896 vc:
3047 4876 3149 4896 uuu
3206 4876 3469 4913 ιιιιςιιιδιῖο

1938 4923 2042 4976 uod
2073 4941 2250 4992 neque
2301 4943 2370 4995 po
2401 4931 2606 4983 uissent
2657 4933 2731 4983 illi
2776 4933 2974 4992 lacere.
3046 4935 3260 4988 etiamsi
3299 4951 3328 4988 a
3358 4937 3470 4990 Dco

218 4967 354 5030 νόει,
397 4969 468 5030 ὡς
525 4972 622 5023 οὐκ
651 4973 716 5024 ἂν
748 4976 1082 5045 δυνηθέντων
1109 4984 1328 5036 ἐκείνων
1356 4987 1600 5056 ποιῆσαι,
1630 4993 1676 5043 εί
1700 4993 1792 5045 καὶ

219 5058 330 5095 ﬁeri.
361 5059 493 5095 Θεαιιῖ
526 5061 799 5095 Ωηντιλῒυ-λ
879 5069 959 5095 ’Δὶ
982 5073 1036 5095 1'.
1088 5072 1238 5095 --πμ
1302 5092 1367 5095 ,μί
1419 5094 1424 5095 ,
1486 5079 1495 5095 1
1553 5081 1598 5095 m

1941 4967 2042 4976 ..ν-
2073 4967 2250 4992 -..μί-,ν
2301 4967 2370 4995 ru
2403 4967 2606 4983 ιιιειῡιιιι
2657 4967 2731 4983 un
2776 4967 2974 4992 ιαιιιυ,
3046 4967 3260 4988 unauna:
3299 4967 3328 4988 ιι
3358 4967 3406 4988 Ut

1930 5015 2065 5082 αλιιιὶ
2093 5029 2298 5070 essent.
2343 5018 2447 5073 Sed
2479 5025 2582 5075 hoc
2617 5023 2903 5078 manifesta
2939 5025 3271 5095 blaSptzcmia
3301 5039 3406 5083 est.

219 5058 330 5108 07:3
361 5059 493 5110 Θεοῦ
525 5061 821 5130 βοηθοίντο.
879 5069 1038 5123 Ἀλλὰ
1087 5072 1246 5126 τοῦτο
1297 5079 1507 5146 φανερὰ
1549 5081 1794 5154 βλασφη-

223 5147 328 5212 μία
355 5151 490 5203 ἐστί.

297 5237 430 5306 Περὶ
466 5241 520 5293 δὲ
553 5242 660 5295 τῶν
686 5246 1024 5313 Χριστιανῶν
1074 5270 1254 5324 φησιν,
1292 5257 1365 5320 ὡς
1409 5259 1656 5316 διδόντων
1715 5267 1792 5335 τῷ

213 5325 341 5396 Θεῷ
379 5335 652 5384 κοινωνόν·
691 5335 718 5386 ὃ
740 5341 988 5408 φανερῶς
1015 5345 1130 5396 ἐστι
1159 5345 1372 5415 ψεῦδος.
1399 5351 1534 5403 Φασὶ
1584 5355 1690 5425 γὰρ
1740 5359 1788 5409 οἱ

209 5417 535 5486 Χριστιανοὶ
569 5426 688 5474 καθ’
723 5426 846 5480 ὅλου
873 5431 966 5483 τοῦ
1000 5433 1228 5504 κόσμου.
1286 5439 1366 5490 ὅτι
1431 5444 1456 5493 ό
1480 5417 1608 5506 Θεός
1659 5417 1789 5501 ’ἐστι

210 5508 454 5577 μάλιστα
482 5506 561 5576 εἷς
596 5517 685 5585 καὶ
725 5519 1115 5588 ἁπλούστατος.
1158 5528 1304 5586 Μετὰ
1340 5534 1515 5588 ταῦτά
1545 5554 1711 5606 φησιν
1732 5543 1789 5594 ἐν

202 5597 288 5667 τῷ
367 5603 643 5676 κεφαλαίῳ
726 5610 800 5681 τῷ
876 5613 1265 5688 Τελτεούμπε,
1330 5623 1357 5674 ὃ
1424 5627 1786 5698 ἑρμηνεύεται

199 5688 514 5757 μετάνοια,
535 5695 616 5748 ὅτι
645 5701 693 5751 οί
723 5699 1038 5764 Χριστιανοὶ
1064 5707 1364 5765 θεοποιοῦσι
1389 5719 1513 5779 τοὺς
1564 5720 1786 5775 ἐπισκό-

1966 5279 2038 5331 De
2087 5280 2412 5338 Christianis
2445 5298 2628 5342 autem
2680 5292 2832 5358 dicit,
2876 5298 3019 5362 quod
3054 5298 3185 5352 dant
3241 5301 3347 5355 Deo
3379 5317 3467 5356 so—

1893 5368 2036 5422 cium
2076 5388 2089 5423 :
2123 5375 2266 5438 quod
2318 5379 2664 5434 manifestum
2718 5395 2801 5439 est
2855 5381 3224 5460 mendacium,
3266 5393 3463 5448 Dicunt

1890 5461 2035 5511 enim
2067 5461 2361 5518 Christiani
2412 5469 2575 5522 totius
2629 5476 2839 5540 mundi,
2872 5479 3017 5543 quod
3063 5480 3202 5534 Deus
3232 5490 3314 5535 est
3342 5496 3461 5536 ma-

1889 5549 2032 5600 xime
2063 5566 2202 5607 unus
2236 5565 2290 5607 et
2344 5558 2804 5626 simplicissimus.
2862 5568 2992 5622 POst
3053 5569 3166 5624 lucc
3222 5571 3357 5627 dicit
3404 5573 3460 5629 in

1889 5641 2130 5706 capitulo
2167 5643 2196 5696 Ἰ
2213 5646 2507 5718 clteumpe,
2541 5657 2682 5721 quod
2712 5657 3102 5728 interpretatur
3132 5668 3456 5732 paenitentia,

1887 5729 2031 5791 quod
2061 5729 2358 5792 Christiani
2391 5740 2644 5799 deiticaut
2679 5749 2966 5807 episeooos
2999 5769 3150 5810 suos.
3181 5765 3236 5809 et
3277 5757 3457 5827 ponti-
