3862 6220
220 295 343 360 1093

1333 299 1630 360 CONTRA
1679 297 2166 360 MAIIOMETEM
2188 346 2201 360 .

3305 299 3440 361 1094

217 428 295 464 νεν
319 413 344 461 ὁ
373 409 605 478 Χριστῖις
634 409 729 462 καὶ
774 407 822 460 οί
859 407 1166 462 ἀπόστολοι.
1193 408 1301 476 καὶ
1337 409 1454 472 πῶς
1503 408 1762 477 ὴδύναντο

1883 411 2145 478 ιιιοιηοόο
2174 410 2404 479 apostoli
2432 417 2727 479 potuerunt
2760 409 3014 464 Saraceni
3048 422 3190 470 esse,
3221 417 3276 460 et
3321 409 3442 460 imi-

215 503 262 554 oi
311 500 594 554 ἀπόστολοι
622 495 793 566 ,εἶναι
825 484 1188 570 Σαρῤακηνοὶ,
1244 502 1338 555 καὶ
1388 503 1622 570 μιμηταὶ
1669 501 1764 554 τοῦ

215 593 518 663 Μαχούμετ,
567 585 611 658 ᾧ
660 598 726 645 ἐκ
778 593 1072 661 προσώπου
1131 592 1224 646 τοῦ
1282 592 1419 644 Θεοῦ
1487 593 1767 646 ἐντέταλτο

219 683 317 753 (ὡς
348 681 504 742 αὑτός
530 697 696 749 φησιν
725 682 782 733 ὲν
803 681 880 749 τῷ
917 680 1242 751 Ἀλκοράνῳ,
1269 681 1326 732 ἐν
1358 680 1436 750 τῷ
1491 682 1768 750 κεφαλαίῳ

170 789 177 795 ·
225 776 286 844 τῷ
313 771 685 842 Ἐλκανιμὰρ).
705 768 844 826 εἶναι
879 773 1246 842 Σαῤῥακηνιξη
1280 773 1338 825 Ὀ
1369 773 1572 842 πρῶτος
1593 773 1769 824 τοίνυν

219 865 547 936 Σαρρακηνδς
569 865 676 917 ἀπὸ
701 864 795 917 τοῦ
820 864 1110 934 Μαχούμετ
1135 865 1359 936 ήρξατο.
1397 865 1458 918 0i
1484 863 1770 919 ἀπόστολοι

215 953 312 1021 ἄρα
339 952 460 1004 οὔτε
484 953 826 1024 Σαρῤακηνοὶ
893 947 1033 1006 εἶναι
1078 954 1360 1022 ἠδύναντο,
1420 952 1531 1006 οὒτ’
1561 955 1770 1007 ἐκείνου

113 1093 134 1116 ε
219 1045 459 1116 μιμηταὶ,
527 1038 587 1095 οὗ
644 1043 945 1108 ἑξακοσίοις
1001 1044 1178 1096 ἐτεσιν
1238 1047 1532 1114 ἡγήσαντο.
1591 1045 1682 1102 ἾΙ,
1724 1046 1772 1096 εί

217 1134 545 1203 Σαῤῥακηνοὶ
571 1127 710 1204 ἦσαν
740 1136 960 1199 ἐκεῖνοι,
992 1135 1154 1189 αὐτὸν
1184 1135 1445 1189 ἀδύνατον
1469 1131 1606 1188 εῖναι
1629 1135 1778 1205 πρῶ-

214 1242 316 1280 τον.

283 1319 409 1387 Περὶ
435 1318 490 1370 δὲ
519 1317 626 1370 τῶν
662 1317 1013 1388 πατριαρχῶν
1066 1317 1124 1369 τὸ
1180 1318 1311 1369 αὐτὸ
1363 1317 1775 1388 διισχυρίζεται.

215 1411 343 1478 Φησὶ
369 1411 477 1478 γὰρ
513 1410 569 1461 ὲν
598 1409 804 1461 πλείοσι
857 1412 1041 1470 τόποις
1090 1407 1184 1460 τοῦ
1229 1410 1577 1478 Ἀλκοράνου,
1615 1411 1695 1463 ὅτι
1751 1413 1780 1463 ὁ

227 1502 488 1572 Ἀϐραὰμ,
524 1501 618 1555 καὶ
664 1504 692 1555 ὁ
727 1502 935 1567 Ἰσαὰκ,
965 1500 1058 1555 καὶ
1107 1503 1134 1553 ὁ
1177 1499 1391 1566 Ἰακὼϐ,
1448 1505 1542 1556 καὶ
1574 1504 1622 1555 ot
1677 1502 1781 1554 υἱοὶ

215 1595 451 1656 ἐκείνων,
479 1595 827 1664 Σαρῤακηνοὶ
855 1590 1017 1664 ἦσαν.
1047 1593 1119 1646 Τὸ
1149 1592 1194 1645 δ’
1218 1593 1349 1646 αὐτό
1372 1610 1504 1662 φησι
1531 1594 1625 1646 καὶ
1654 1596 1781 1664 περὶ

213 1683 302 1736 τοῦ
333 1684 473 1745 Νῶε,
519 1687 600 1736 ὅτι
654 1680 722 1754 ἦν
782 1685 1152 1754 Σαῤῥακηνὺς,
1222 1684 1314 1736 καὶ
1353 1684 1434 1735 ὅτι
1489 1683 1577 1734 διὰ
1625 1681 1782 1735 τοῦτο

1869 508 2070 554 tatores
2120 501 2433 562 Mahometi,
2469 501 2557 555 cui
2607 517 2670 554 ex
2721 515 2949 570 persona
2985 499 3076 552 Dei
3125 498 3441 554 mandatum

1869 599 1953 644 est
1985 590 2152 660 (sicut
2183 593 2296 660 ipse
2327 593 2462 647 dicit
2503 593 2559 646 in
2591 593 2879 654 Alcorano,
2920 593 2972 645 in
3011 593 3250 660 capitulo
3283 591 3441 645 Elea—

1869 681 2068 751 minar)
2107 683 2251 752 quod
2287 683 2358 738 sit
2395 685 2509 752 ipse
2560 685 2768 753 primus
2823 683 3164 737 Saracenus?
3227 682 3444 736 Primus

1872 772 2039 842 igitur
2069 774 2483 830 Saracenismus
2512 792 2538 828 a
2578 775 2884 828 Mahometo
2917 775 3138 843 incepit.
3204 776 3445 843 Apostoli

1875 864 2042 932 igitur
2072 881 2248 933 neque
2282 864 2538 918 Saraceni
2578 879 2700 919 esse
2733 874 3050 932 pottteruut,
3095 879 3271 932 neque
3303 864 3446 918 illius

1876 955 2182 1008 imitatores
2241 971 2402 1023 quem
2478 957 2753 1009 sexcentis
2813 955 2972 1006 annis
3033 963 3446 1022 prazcesserunt.

1878 1047 1973 1099 Vel
2015 1047 2057 1099 si
2109 1045 2362 1099 Saraceni
2419 1036 2577 1099 éant
2634 1045 2733 1111 illi,
2794 1043 3130 1113 impossibile
3185 1058 3270 1100 est
3321 1059 3449 1098 eum

1877 1138 2043 1194 fuisse
2071 1141 2308 1208 primum
2340 1138 2694 1194 Saraccttum.

1954 1319 2030 1372 De
2070 1318 2397 1387 patriarchis
2445 1317 2586 1373 idem
2623 1318 2837 1372 asserit.
2874 1319 3013 1373 Dicit
3049 1320 3192 1374 enim
3225 1319 3278 1373 in
3327 1321 3450 1389 plu-

1883 1409 2038 1464 ribus
2063 1411 2194 1464 locis
2222 1409 2498 1473 Alcorani,
2541 1410 2683 1478 quod
2712 1409 2984 1462 Abraham
3016 1418 3071 1464 et
3100 1410 3248 1464 Isaac
3281 1419 3335 1463 et
3362 1408 3454 1464 Ja-

1882 1501 1985 1554 cob
2019 1509 2075 1554 et
2117 1499 2210 1554 lilii
2271 1501 2488 1554 illorum
2542 1502 2798 1555 Saraceni
2847 1509 3024 1557 erant.
3075 1501 3220 1555 Idem
3272 1510 3499 1556 autem'

1883 1592 2015 1646 dicit
2061 1601 2114 1647 et
2161 1592 2228 1647 de.
2273 1593 2407 1655 Noe,
2463 1593 2608 1662 quod
2654 1593 2756 1648 fuit
2797 1593 3123 1649 Saracenos.
3184 1591 3249 1646 Et
3303 1593 3452 1663 quod

1888 1693 2175 1753 propterea
2213 1681 2478 1737 diluvium
2514 1685 2666 1754 venit
2715 1699 2881 1754 super
2926 1696 3148 1748 terram,
3180 1684 3306 1754 quia
3340 1685 3454 1754 ipse

211 1777 436 1844 ἐπῆλθεν
461 1776 489 1827 ὁ
520 1747 1005 1843 καταιῖλυσμδςείς
1028 1747 1126 1826 τὸν
1145 1774 1370 1842 κόσμον,
1399 1771 1486 1825 διὰ
1525 1773 1585 1826 τὸ
1637 1773 1775 1826 ἐκεῖ·

1888 1747 2220 1840 praedicabat
2267 1747 2617 1837 hominibus:
2646 1747 2801 1844 quod
2850 1775 3042 1829 ﬁerent
3091 1747 3374 1837 saraeeni,
3399 1782 3456 1829 et

212 1883 296 1918 νον
322 1869 414 1920 καὶ
440 1866 727 1936 παραινεῖν
756 1866 879 1927 τοὺς
910 1864 1230 1935 ἀνθρώπους
1274 1865 1525 1932 γενέσθαι
1560 1867 1775 1937 Σαῤῥα-

213 1960 428 2024 κηνοῦς,
467 1957 660 2019 αὐτοὺς
685 1956 742 2008 δὲ
770 1955 1149 2027 ἀπαρνεῖσθαι.
1177 1955 1347 2008 Τοῦτο
1383 1956 1438 2008 δὲ
1497 1958 1773 2022 παντελῶς

210 2051 322 2100 ὲστι
373 2047 586 2117 ψεῦδος.
634 2047 758 2110 Πῶς
793 2048 901 2115 γὰρ
948 2047 1176 2116 ἠδύνατο
1213 2044 1351 2100 εἶναι
1402 2048 1771 2120 Σαρῤακηνὸς,

207 2141 266 2203 δς
289 2141 635 2210 προηγήσατο
659 2139 753 2193 τοῦ
778 2139 1023 2207 Μωάμεθ
1087 2138 1366 2208 δισχιλίοις
1399 2140 1772 2204 πεντακοσίοις

209 2235 416 2297 ἐτεσιν,
467 2231 638 2283 ἔτιδὲ
676 2231 770 2284 καὶ
828 2231 992 2284 αὐτοῦ
1024 2231 1121 2282 τοῦ
1169 2230 1466 2299 Μαχούμετ
1524 2231 1773 2299 λέγοντος

209 2325 394 2378 ἑαυτὸν
415 2323 665 2391 γενέσθαι
691 2321 905 2392 πρῶτον
935 2322 1284 2392 Σαρῤακηνδν
1313 2323 1368 2374 ἐν
1418 2321 1498 2391 τῷ
1560 2323 1769 2392 κόσμῳ.

219 2415 498 2469 ⁹Ἀδύνατον
518 2413 573 2466 δὲ
598 2414 775 2479 λέγειν
801 2414 892 2464 τὸν
921 2412 1043 2464 Νῶε
1069 2413 1161 2465 καὶ
1190 2413 1280 2464 τὸν
1322 2411 1571 2482 ’Λϐραὰμ
1631 2411 1772 2469 εῖναι

207 2506 608 2578 Σαρρακηνοῦς,
627 2504 701 2565 ὠς
725 2504 904 2556 αὐτῶν
919 2506 1042 2566 τοὺς
1061 2504 1444 2574 Σαρρακηνοὺς
1478 2507 1772 2573 γεννησάν-

205 2616 332 2652 των.
364 2596 512 2666 Αὕτη
538 2595 647 2665 γὰρ
674 2597 706 2663 ὴ
737 2594 997 2662 ἐξήγησις
1024 2595 1236 2646 ἐναντία
1265 2597 1380 2647 ἐστὶ
1408 2595 1486 2664 τῷ
1515 2595 1773 2666 Ἀλκορά-

205 2703 304 2757 νῳ,
337 2685 466 2737 ὅπου
487 2682 706 2750 λέγεται
738 2682 826 2734 τὸν
854 2681 1107 2751 ’Δϐραὰμ
1128 2681 1202 2751 μὴ
1233 2682 1484 2748 γενέσθαι
1513 2683 1772 2752 Χριστια-

205 2776 315 2840 νὸῆ
386 2774 519 2843 μηδὲ
581 2773 852 2842 Ἰουδαῖον,
909 2772 1043 2825 ἀλλὰ
1109 2773 1461 2842 Σαρῤακηνδν
1545 2772 1768 2842 ἀκριϐῆ.

163 2897 174 2904 ν
218 2868 453 2935 Ἀνάγκη
478 2865 560 2931 δὲ,
587 2864 776 2931 ὥσπερ
831 2865 895 2916 ἐκ
928 2863 1020 2916 τοῦ
1098 2863 1349 2933 Ἀϐραὰμ
1405 2864 1692 2932 γεγόνασιν
1720 2865 1769 2917 oi

207 2957 570 3029 Σερρακηνοὶ,
600 2954 770 3016 οὕτως
790 2955 847 3020 ἐξ
869 2953 1031 3007 αὑτοῦ
1065 2957 1156 3007 καὶ
1181 2953 1273 3006 τοῦ
1291 2954 1417 3006 Νῶε
1447 2955 1496 3007 0i
1526 2954 1769 3008 Ἰουδαῖοι

206 3050 303 3102 καὶ
326 3051 374 3100 oi
397 3045 718 3116 Χριστιανοὶ
737 3046 1127 3114 ἐγεννήθησαν.
1160 3044 1268 3096 Καὶ
1307 3043 1462 3097 τοῦτο
1507 3045 1563 3097 δέ
1609 3061 1770 3114 φασιν

207 3141 262 3193 οἱ
288 3139 650 3209 Σαρῤακη-νοὶ,
682 3137 758 3199 ὡς
786 3137 815 3187 ὁ
856 3135 988 3198 Θεὸς
1016 3135 1094 3205 τῷ
1144 3135 1446 3206 Μαχούμετ
1504 3136 1773 3204 ὑπέσχετο

210 3229 412 3298 μηδένα
463 3227 721 3281 εἰσελθεῖν
777 3229 857 3289 είς
897 3227 992 3279 τὸν
1039 3227 1366 3296 παράδεισον
1429 3226 1534 3295 πρὸ
1597 3225 1780 3277 αὐτοῦ.

205 3322 318 3373 Καὶ
340 3320 475 3390 μετὰ
495 3319 666 3372 ταῦτα
683 3317 940 3372 ἀνέλαϐεν
955 3317 1115 3371 αὐτὸν
1142 3319 1169 3368 ὁ
1185 3317 1336 3384 Θεὸς,
1363 3318 1452 3370 καὶ
1479 3317 1688 3388 ἢγαγεν
1710 3316 1788 3378 είς

202 3413 300 3465 τὸν
319 3413 662 3482 παράδεισον,
689 3411 783 3463 καὶ
810 3406 950 3463 εἶδεν
975 3408 1160 3462 αὐτόθι
1185 3409 1383 3479 ἄνδρας
1407 3425 1466 3461 τε
1493 3410 1583 3461 καὶ
1605 3409 1790 3474 γυναῖ-

200 3519 309 3566 κας
330 3502 549 3567 πολλὰς,
577 3502 672 3554 καὶ
700 3498 843 3566 εἷπε,
875 3500 937 3553 Τί
963 3503 1104 3566 ἐστι,
1138 3499 1341 3568 Rupta;
1387 3499 1442 3550 Ὀ
1495 3501 1550 3552 δὲ
1578 3502 1780 3571 Κύριος

200 3594 342 3662 πρὸς
374 3593 556 3657 αὑτὸν,
591 3592 682 3661 Μὴ
709 3590 998 3661 θαυμάσῃς
1022 3606 1034 3619 ⁸
1073 3591 1168 3641 καὶ
1197 3583 1343 3642 οὗτοι
1386 3592 1496 3660 γὰρ
1548 3593 1784 3662 μιμηταί

200 3683 304 3739 σού
333 3683 790 3736 είσιν.Ἀδύνατον
813 3682 869 3734 δὲ
904 3681 1146 3751 μιμητὰς
1179 3675 1316 3736 εἶναι
1339 3682 1433 3733 τοῦ
1463 3682 1781 3752 Μαχούμετ,

197 3778 252 3828 ει
287 3775 364 3844 μὴ
384 3774 472 3826 διὰ
495 3773 587 3826 τοῦ
610 3772 967 3841 Ἀλκοράνου.
1002 3771 1164 3824 Ἀλλὰ
1189 3769 1348 3824 τοῦτο
1377 3775 1476 3824 οὐκ
1516 3768 1586 3840 ἦν
1644 3773 1780 3825 ἀπο-

197 3865 623 3935 κεκαλυμμένον
679 3867 786 3934 πρὸ
853 3863 963 3916 τῶν
1027 3863 1234 3931 χρόνων
1293 3862 1388 3915 τοῦ
1462 3864 1782 3933 Μαχούμετ,

196 3957 396 4024 ὥσπερ
417 3958 476 4007 ὲν
513 3956 723 4006 πλείοσι
753 3955 936 4014 τόπος
962 3951 1128 4005 αὐτοῦ
1179 3952 1515 4021 περιέχεται,
1543 3955 1636 4007 καὶ
1674 3956 1780 4024 μά-

194 4044 362 4096 λιστα
383 4044 439 4094 ἐν
464 4043 531 4110 τῇ
553 4042 718 4111 ἀρχῇ.
738 4041 939 4092 Τούτου
967 4039 1022 4092 δὲ
1049 4037 1144 4091 τοῦ
1169 4039 1484 4108 πλάσματος
1503 4041 1562 4092 τὸ
1585 4041 1781 4110 ψεῦδος

197 4136 316 4195 πᾶς
363 4131 489 4184 νοῦν
533 4131 673 4200 ἔχων
724 4130 946 4184 δύναται
1010 4129 1366 4197 κατανοῆσαι,
1391 4131 1482 4182 καὶ
1510 4130 1597 4183 διὰ
1625 4130 1780 4184 τοῦτο

195 4227 262 4276 ἐν
282 4225 398 4285 τοῖς
433 4221 692 4284 τοιούτοις
721 4221 1014 4290 διατρίϐειν
1047 4220 1107 4272 οὐ
1143 4219 1242 4272 δεῖ.

273 4315 413 4383 Περὶ
441 4314 498 4366 δὲ
527 4314 634 4366 τῶν
660 4313 924 4382 δαιμόνων
969 4313 1134 4364 ίδικόν
1171 4329 1224 4365 τι
1267 4313 1560 4379 κεφάλαιον
1596 4315 1654 4366 ὲν
1699 4314 1778 4384 τῷ

1879 1862 1985 1932 ipsi
2019 1871 2343 1918 renuerunt.
2371 1864 2484 1918 lloc
2513 1873 2695 1918 autem
2727 1864 2952 1918 omnino
2979 1875 3063 1919 est
3087 1863 3450 1919 mendacium.

1880 1954 2166 2019 Quomodo
2206 1955 2351 2008 enim
2403 1955 2582 2024 potuit
2632 1956 2747 2009 Noe
2802 1971 2923 2010 esse
2983 1955 3306 2018 Sarat-cnus,
3359 1955 3454 2024 qui

1880 2047 2164 2116 praecessit
2194 2047 2557 2101 Mabometum
2593 2046 2809 2100 duobus
2849 2047 3091 2100 millibus
3141 2046 3456 2116 quingentis

1877 2139 2036 2192 annis
2073 2138 2257 2192 ?Ilem
2311 2147 2366 2193 et
2416 2139 2532 2208 ipse
2597 2122 2935 2191 Mahometus
2990 2136 3147 2199 dicit,
3215 2137 3453 2203 seipsum

1882 2227 2052 2283 fuisse
2091 2231 2327 2298 primum
2373 2229 2706 2284 Saracenqu
2744 2229 2800 2282 in
2849 2229 3075 2283 mundo.
3117 2227 3455 2296 lmpossibile

1876 2331 2060 2375 autem
2090 2332 2196 2386 est,
2231 2321 2433 2387 dicere,
2456 2322 2567 2397 Noe
2595 2331 2651 2374 tt
2679 2320 2952 2375 Abraham
2983 2335 3102 2374 esse
3130 2319 3451 2381 Saracenos,

1877 2412 2024 2482 quod
2038 2413 2154 2481 «ipsi
2187 2415 2492 2466 Saracenos
2517 2412 2856 2482 genuissent.
2884 2409 3007 2464 Πωο
3037 2410 3183 2463 enim
3236 2409 3456 2477 exposi-

1877 2505 1958 2558 tio
1987 2502 2262 2557 contraria
2299 2509 2381 2554 est
2419 2487 2713 2563 Alcorano,
2757 2500 2848 2553 ubi
2899 2499 3103 2552 dicitur
3136 2516 3150 2550 :
3180 2497 3455 2552 Abt-aliam

1877 2612 1985 2650 non
2013 2596 2177 2649 fuisse
2201 2593 2600 2654 Christianum,
2631 2605 2808 2660 neque
2828 2582 3098 2653 Judaeum,
3131 2590 3223 2643 sed
3257 2605 3455 2666 purum

1875 2687 2228 2743 Saracenum.
2262 2687 2492 2741 Necesse
2527 2685 2711 2755 igitur,
2753 2686 2894 2737 sicut
2925 2698 2991 2736 ex
3020 2681 3292 2736 Abraham
3336 2689 3457 2743 nati

1875 2789 2003 2834 sunt
2054 2779 2333 2840 Saraceni,
2381 2779 2460 2832 sic
2493 2793 2556 2831 ex
2596 2793 2659 2831 eo
2712 2785 2766 2830 et
2817 2775 2930 2830 Noe
2979 2773 3150 2829 Judaei
3207 2783 3261 2827 et
3293 2772 3455 2828 Cbri~

1875 2872 2041 2927 stiaui
2089 2871 2201 2923 nati
2247 2877 2393 2922 sunt.
2443 2869 2506 2921 Et
2541 2869 2735 2922 dicunt
2772 2867 2937 2920 etiam
2988 2864 3269 2927 Saraceni,
3305 2864 3452 2934 quod

1874 2965 2018 3019 Deus
2048 2961 2303 3033 promisit
2341 2961 2671 3024 Maliometo,
2707 2968 2764 3013 ut
2793 2957 2974 3012 nullus
3006 2958 3240 3030 introeat
3272 2957 3327 3011 in
3363 2972 3456 3026 pa»-

1880 3055 2118 3109 radisum
2155 3064 2282 3107 ante
2331 3067 2480 3105 eum.
2538 3051 2604 3104 Et
2650 3058 2774 3119 post
2823 3048 2938 3102 haec
2995 3046 3294 3115 assumpsit
3334 3061 3458 3100 eum

1895 3146 2057 3210 Deus,
2088 3153 2142 3198 et
2190 3145 2346 3199 duxit
2385 3144 2438 3196 in
2467 3142 2799 3212 paradisum.
2837 3140 2901 3194 Et
2925 3139 3062 3194 vidit
3090 3139 3198 3192 illic
3224 3141 3372 3192 viros
3405 3145 3460 3192 et

1893 3239 2152 3292 mulieres
2205 3238 2426 3300 multas,
2483 3246 2540 3290 et
2596 3235 2732 3288 dixit
2775 3253 2788 3286 :
2824 3233 2965 3300 Quid
3021 3242 3124 3295 est,
3193 3233 3460 3286 Domine?

1895 3329 2152 3384 Dominus
2183 3337 2365 3382 autem
2407 3327 2546 3380 dixit
2579 3327 2644 3380 ad
2678 3341 2804 3380 eum
2855 3345 2868 3378 :
2905 3324 2983 3378 Ne
3026 3325 3266 3387 mireris,
3311 3334 3365 3377 «ιι
3401 3324 3456 3376 hi

1888 3422 2034 3474 enim
2069 3420 2373 3474 imitatores
2413 3417 2489 3471 tui
2544 3425 2690 3472 sunt.
2742 3416 3051 3470 lmitatores
3099 3430 3278 3468 autem
3335 3428 3456 3467 esse

1889 3509 2182 3562 Mabometi
2234 3507 2598 3579 impossibile,
2649 3504 2757 3560 nisi
2799 3521 2895 3574 per
2943 3503 3302 3570 Alcoranum;
3360 3503 3455 3556 sed

1888 3600 1992 3653 hoc
2031 3612 2140 3651 non
2196 3597 2297 3651 fuit
2332 3595 2631 3650 revelatum
2681 3601 2805 3647 ante
2843 3601 3084 3662 tempora
3140 3590 3453 3652 Mahometi,

1886 3687 2028 3742 sicut
2057 3687 2112 3738 in
2145 3685 2396 3755 pluribus
2427 3683 2545 3753 ejus
2576 3682 2712 3737 locis
2740 3682 3074 3744 continetur,
3120 3690 3176 3734 et
3220 3681 3455 3732 maxime

1884 3777 1940 3830 in
1988 3776 2280 3845 principio.
2323 3774 2497 3843 Hujus
2553 3782 2759 3827 autem-
2800 3772 3041 3841 ﬁgmenti
3108 3771 3452 3825 mendacium

1884 3869 2203 3938 quicunque
2254 3867 2593 3923 intellectum
2644 3865 2830 3928 habet,
2869 3873 3047 3933 potest
3086 3863 3222 3917 bene
3271 3862 3456 3916 consi-

1882 3960 2098 4025 derare,
2130 3968 2186 4013 et
2218 3967 2441 4028 propter
2469 3957 2571 4011 hoc
2599 3955 2655 4009 in
2684 3955 2884 4009 talibus
2913 3954 3120 4009 versari
3154 3969 3263 4008 non
3292 3969 3455 4023 opor-

1882 4057 1980 4104 tet.

1949 4332 2024 4387 De
2057 4332 2396 4386 daemon.ous
2423 4343 2606 4388 autem
2638 4334 2875 4402 speetale
2910 4331 3184 4402 quoddam
3245 4334 3456 4403 capitu-

196 4406 524 4477 Ἀλκορὰνῳ
559 4407 729 4469 ἐστὶν,
760 4406 893 4457 ὅπου
919 4404 1216 4475 διαρρήδην
1271 4405 1508 4472 λέγεται,
1545 4405 1619 4468 ὡς
1667 4406 1775 4460 δαι-

1883 4423 1992 4477 lum
2025 4425 2079 4478 in
2115 4425 2386 4478 Alcorano
2415 4433 2521 4490 est,
2565 4424 2656 4478 ubi
2696 4426 2873 4494 palam
2905 4425 3126 4488 dicitur,
3152 4426 3302 4495 quod.
3348 4427 3454 4480 da:-

199 4498 392 4563 μένων
446 4496 648 4566 πλῆθος
700 4495 858 4560 πολὺ,
919 4496 1252 4557 ἀκούσαντες
1315 4496 1380 4547 τὸ
1430 4495 1775 4567 ’Λλκοράνον,

194 4589 508 4657 ἐχάρησαν,
536 4589 630 4641 καὶ
658 4587 1048 4657 ἐμαρτύρησαν
1075 4587 1160 4649 ab;
1177 4585 1438 4654 ἠδύναντο
1465 4586 1552 4638 διὰ
1587 4585 1776 4642 τούτου

195 4679 476 4749 σωθῆναι.
525 4681 775 4734 ’Δνεῖπον
824 4679 880 4732 δὲ
934 4680 1028 4733 καὶ
1085 4681 1309 4742 ἑαυτοὺς
1366 4681 1773 4752 Σαρρακηνοὺς,

189 4774 302 4825 καὶ
332 4773 637 4844 ἐσώθησαν.
672 4772 842 4825 Τοῦτο
875 4771 932 4822 δὲ
959 4775 1080 4823 ὅσον
1111 4773 1354 4841 περιέχει
1410 4772 1629 4841 ψεῦδος,
1677 4774 1777 4825 οὐκ

184 4869 508 4933 ἀναγκαῖον
537 4867 922 4937 ἐπιχειρήματι
950 4883 1053 4919 τινι
1101 4864 1537 4918 ἀποδείκνυσθαι.

271 5043 420 5112 Περὶ
450 5043 506 5096 δὲ
525 5043 634 5096 τῶν
665 5045 911 5112 ἀγγέλων
936 5044 1120 5113 φησιν,
1141 5043 1215 5106 ὡς
1262 5044 1461 5109 πάντες
1512 5047 1777 5116 προσεκύ-

185 5147 380 5201 νησαν
440 5132 518 5200 τῷ
544 5131 736 5200 Ἀδὰμ,
773 5132 913 5200 πλὴν
973 5131 1066 5184 τοῦ
1123 5131 1390 5186 διαϐόλου.
1443 5134 1564 5186 Ἔτι
1611 5137 1775 5204 φησὶν

182 5223 494 5287 αὐτὸ;,ώς
542 5225 630 5277 ὅτε
689 5226 824 5295 πρὸς
891 5225 982 5278 τὸν
1041 5226 1173 5278 Θεὸν
1225 5226 1435 5294 ἀπῆλθε
1495 5231 1631 5297 μετὰ
1679 5228 1773 5282 τοῦ

178 5317 230 5369 Γ
234 5317 474 5389 αϐριὴλ,
499 5315 637 5372 εἶδεν
670 5321 728 5372 ὲν
756 5319 835 5388 τῷ
863 5318 1077 5390 οὐρανῷ
1102 5319 1329 5387 ἄγγελον
1364 5320 1460 5374 ἕνα
1517 5322 1774 5390 μυριάκις

174 5409 432 5478 μείζονα
460 5411 554 5463 τοῦ
581 5411 784 5481 κόσμου
819 5413 1040 5476 παντὸς,
1087 5411 1385 5480 θρηνοῦντα
1433 5413 1531 5473 τὰς
1578 5411 1771 5463 ἑαυτοῦ

71 5507 82 5510 ”
167 5499 567 5572 insumi-1;”;
599 5505 932 5574 συγγνώμην
964 5505 1067 5572 ἰδίᾳ
1097 5505 1277 5576 δεήσει
1311 5507 1469 5569 αὐτὸς
1513 5507 1776 5579 ἐξῃτήσα-

161 5612 273 5648 το.
318 5597 428 5649 Καὶ
459 5599 628 5652 πολλὰ
656 5599 790 5654 ἄλλα
818 5599 1158 5668 ψευδέστατά
1183 5616 1334 5670 φησι,
1374 5603 1501 5670 περὶ
1525 5596 1598 5655 ὦν
1630 5603 1771 5662 διεξ-

161 5689 524 5760 οδικώτερον
564 5692 1029 5762 ἐπεξελευσόμεθα
1054 5694 1188 5762 πρὸς
1226 5692 1301 5763 τῷ
1333 5694 1470 5746 τέλει
1501 5695 1594 5764 τῆς
1632 5713 1770 5765 παρ-

1880 4530 2102 4569 tnonunt
2138 4517 2432 4570 multitudo
2465 4516 2634 4570 multa
2666 4517 2954 4572 audientes
2986 4519 3338 4579 Alcoranum,
3362 4535 3455 4589 ga-

1881 4607 1980 4662 visi
2007 4617 2158 4671 sunt,
2191 4616 2246 4662 et
2274 4608 2457 4662 testati
2491 4617 2638 4673 sunt,
2679 4608 2824 4678 quod
2854 4625 2953 4679 per
2982 4609 3156 4678 ipsum
3198 4618 3452 4678 poterant

1879 4699 2100 4752 salvari.
2134 4699 2404 4752 Dixerunt
2444 4711 2626 4752 autem
2655 4707 2709 4753 et
2753 4699 2969 4768 seipsos
3019 4699 3343 4758 Saracenos.
3394 4709 3450 4753 et

1879 4791 2068 4844 salvati
2102 4800 2249 4844 sunt.
2287 4791 2399 4845 lloc
2424 4799 2604 4844 autem
2637 4800 2898 4858 quantum
2940 4789 3286 4842 mendacium
3318 4803 3448 4843 con-

1880 4879 2035 4941 tinet,
2074 4895 2180 4932 non
2231 4887 2317 4933 est
2370 4881 2741 4932 neceSsarium
2786 4878 3262 4948 argumentatione
3314 4893 3449 4947 qua-

1877 4971 1999 5023 dam
2040 4969 2426 5023 demonstrari.

1946 5061 2021 5114 De
2051 5059 2258 5128 angelis
2284 5068 2464 5112 autem
2489 5059 2641 5121 dicit,
2678 5058 2822 5128 quod
2863 5073 3051 5113 omnes
3080 5059 3447 5116 adoraverunt

1876 5145 2069 5212 Adam,
2125 5159 2319 5218 praeter
2377 5151 2676 5204 diabolum.
2728 5151 2860 5204 Item
2910 5151 3042 5203 dicit
3104 5151 3240 5220 ipse,
3297 5154 3446 5222 quod

1876 5242 2096 5310 quando
2129 5241 2193 5294 ad
2222 5243 2388 5295 Deum
2421 5242 2571 5295 venit
2602 5257 2726 5294 cum
2751 5242 3024 5304 Gabrielc,
3051 5243 3187 5296 vidit
3221 5247 3272 5296 in
3303 5245 3444 5299 cmlo

1877 5333 2128 5402 angelum
2167 5350 2333 5386 ttnum
2376 5333 2470 5402 qui
2523 5335 2723 5389 millies
2769 5335 2940 5404 major
2969 5344 3088 5388 erat
3131 5335 3356 5401 mundo,
3388 5346 3446 5391 et

1877 5423 2043 5476 ﬂebat
2081 5425 2161 5476 sui
2204 5425 2374 5492 ipsius
2405 5435 2647 5494 peccata.
2685 5426 2750 5480 Et
2789 5427 2904 5496 ipse
2943 5429 3156 5480 veniam
3183 5428 3294 5480 snis
3316 5444 3441 5497 pre-

1873 5514 2026 5568 cibus
2066 5515 2168 5566 sibi
2213 5517 2544 5584 impetrarit.
2581 5518 2646 5570 Et
2678 5518 2846 5570 multa
2885 5517 2988 5570 alia
3023 5518 3309 5572 falsissima
3357 5517 3444 5572 εἰ·

1875 5607 1971 5665 ιίι.
2001 5606 2067 5660 de
2103 5609 2300 5677 quibus
2339 5609 2501 5663 latius
2530 5611 2876 5664 narrabimus
2924 5611 2976 5664 in
3024 5611 3129 5665 line
3161 5611 3446 5681 praesentis

1876 5703 2073 5766 operis,
2113 5717 2235 5753 cum
2277 5703 2521 5758 dicemus
2565 5703 2828 5758 visionem
2883 5704 3128 5758 maximae
3185 5703 3440 5768 lictionis,
