3862 6220
250 288 387 351 1097

1455 293 1751 351 CONTRA
1796 294 2305 358 MAI‘lOMETEM.

3351 305 3486 369 1098

250 397 462 467 Ἕφησε
488 398 545 450 δὲ
573 399 766 453 ἑαυτὸν
796 401 891 454 καὶ
933 402 1045 456 ίσεν
1079 398 1217 457 εἶναι
1247 403 1385 473 Θεῷ,
1422 408 1514 456 καὶ
1567 405 1762 473 ἀρχὴν,
1790 408 1795 450 ἐ

1923 408 2023 463 soli
2055 410 2165 463 Deo
2192 412 2424 465 maxime
2456 423 2539 464 est
2569 413 2848 481 protirium
2881 434 2892 477 ;
2930 415 3174 485 dixitque
3202 434 3215 469 :
3255 417 3313 471 Si
3367 436 3488 472 ver-

249 486 485 553 μάλιστα
514 487 633 556 Θεῷ
660 489 806 560 μόνῳ
828 491 974 544 ἐστιν
1007 493 1203 545 οἰκεῖον
1221 508 1235 521 °
1271 497 1363 545 καὶ
1412 489 1585 555 εἶπεν,
1618 494 1676 543 El
1705 496 1813 555 τοῖς

245 577 426 644 λόγοις
461 595 562 646 μου
604 579 678 648 μὴ
710 580 891 633 Θέλετε
924 582 1218 645 πιστεύειν,
1256 585 1367 643 τοῖς
1394 581 1572 650 ἔργοις
1596 583 1815 635 πιστεύ-

245 687 396 724 σατε.
435 672 928 741 Προαποδέδεικται
962 676 1019 726 δὲ
1079 677 1136 726 ὲν
1198 677 1277 746 τῷ
1311 676 1478 744 τρίτῳ
1530 678 1813 745 κεφαλαίῳ

242 762 319 823 ὡς
343 762 605 837 ἀδύνατον
644 763 823 830 λέγειν
857 766 983 825 τοὺς
1035 767 1420 836 Σαρῤακηνοὺς
1470 768 1811 837 ἐφθαρμένον

241 848 381 905 εἶναι
411 853 471 905 τὸ
495 853 823 921 Εὐαγγέλιον
850 871 863 885 ο
902 857 996 907 καὶ
1024 858 1105 909 ὃτι
1138 857 1199 908 τὸ
1229 857 1361 925 παρ’
1384 859 1515 927 ἡμῖν
1570 859 1811 926 Εὐαγγέ-

239 944 354 996 λιον
382 946 474 997 καὶ
497 944 594 1013 τὴν
622 945 860 999 παλαιὰν
914 946 1187 1016 Διαθήκην
1214 948 1491 1017 ὀφείλουσι
1541 949 1808 1017 δέχεσθαι.

251 1032 416 1085 Ἀλλὰ
449 1035 541 1086 καὶ
568 1034 728 1097 αὐτὸς
776 1038 804 1089 6
860 1037 1160 1107 Μαχούμετ
1196 1039 1253 1089 ἐν
1290 1038 1367 1107 τῷ
1421 1039 1701 1108 κεφαλαίῳ
1733 1038 1811 1107 τῷ

251 1123 495 1192 Ὲλακὰφ
525 1124 680 1195 ζητεῖ
709 1125 984 1197 δειχθῆναι
1014 1127 1162 1197 αὑτῷ
1184 1128 1245 1181 τδ
1274 1130 1435 1198 ῥητὸν
1460 1131 1554 1182 τοῦ
1607 1130 1807 1199 βιϐλίου

236 1214 266 1266 6
294 1216 605 1285 γέγραπται
635 1216 743 1287 πρὸ
774 1216 869 1270 τοῦ
899 1217 1250 1288 ’Δλκοράνου.
1279 1220 1431 1272 Μετά
1462 1218 1644 1273 ταῦτά
1675 1237 1808 1289 φησι

236 1305 489 1375 περὶτοῦ
516 1308 777 1377 Χριστοῦ,
801 1308 875 1370 ὡς
906 1306 1070 1371 ἀὐτὸς
1124 1310 1247 1363 οὔτε
1279 1311 1640 1381 ἐσταύρωται,
1683 1311 1808 1364 οὔτε

233 1393 527 1460 ἀπέθανεν,
570 1395 685 1447 ἀλλ’
714 1398 742 1449 6
767 1397 898 1458 Θεὸς
956 1399 1095 1468 πρὸς
1145 1401 1222 1469 τῷ
1251 1402 1395 1455 τέλει
1455 1400 1553 1454 τοῦ
1584 1400 1806 1471 ’κόσμου

236 1487 453 1553 ποιήσει
480 1484 667 1538 τοῦτον
697 1486 990 1540 ἀποθανεῖν
1009 1505 1023 1521 ’
1066 1492 1158 1542 καὶ
1212 1491 1345 1545 ἄλλα
1375 1493 1575 1562 ἄπειρα
1613 1492 1802 1563 ψεύδη,

176 1643 186 1650 ~
232 1569 311 1626 ὧν
364 1574 626 1627 τάναντία
662 1576 721 1626 ἐν
754 1576 865 1637 τοῖς
894 1576 1265 1646 Εὐαγγελίοις,
1304 1582 1400 1634 καὶ
1454 1584 1574 1643 ταῖς
1620 1584 1807 1647 ἄλλαις

234 1666 482 1734 Γραφαῖς
513 1668 854 1734 περιέχονται
879 1684 895 1703 ο
934 1667 969 1720 ἃ
1001 1671 1209 1739 μακρὸν
1243 1672 1308 1723 ἂν
1335 1674 1417 1742 εἴη
1451 1676 1800 1739 καταλέγειν.
1876 1737 1880 1742 ,

1922 497 2008 552 bis
2036 501 2171 553 meis
2202 517 2307 555 non
2349 502 2515 555 vultis
2557 505 2802 567 credere,
2854 505 3092 559 credatis
3135 507 3394 575 operibus
3419 509 3484 564 ".

1920 591 2060 644 Ante
2093 594 2749 649 autem.demonstratum
2795 607 2875 651 est
2932 598 2986 650 in
3030 600 3193 653 tertio
3226 600 3484 668 capitulo,

1919 682 2063 749 quod
2113 683 2450 750 impossibile
2490 697 2571 741 est
2616 688 2759 755 quod
2807 688 3065 744 Saraceni
3111 690 3323 753 dicunt,
3358 707 3486 745 cor-

1920 783 2139 840 ruptum
2196 789 2318 828 esse
2381 775 2757 845 Evangelium,
2813 788 2869 831 et
2926 780 3071 847 quod
3130 780 3485 851 Evangeliqu

1917 863 2063 926 quod
2094 874 2179 919 est
2206 867 2349 935 apud
2383 883 2501 931 nos,
2542 879 2597 921 et
2627 870 2795 924 Vetus
2822 872 3252 935 Testamentum,
3284 874 3487 928 debent

1917 956 2217 1024 suscipere.
2262 956 2366 1011 Sed
2409 968 2462 1012 rt
2492 960 2606 1028 ipse
2641 961 2975 1015 Mahometus
3015 965 3065 1016 in
3099 965 3337 1033 capitulo
3365 965 3487 1018 Ela-

1915 1044 2051 1111 caph
2102 1047 2296 1113 quaerit
2347 1048 2711 1103 demonstrari
2785 1052 2833 1105 ei
2891 1054 3269 1115 auctoritatem
3352 1056 3480 1107 libri

1915 1133 2007 1199 qui
2045 1136 2279 1205 scriptus
2308 1148 2391 1191 εει
2427 1150 2554 1194 ante
2597 1141 2947 1195 Alcoranum.
2980 1142 3227 1199 Posthzec
3251 1144 3385 1198 dicit
3413 1145 3481 1198 de

1913 1222 2150 1289 Christo,
2213 1229 2359 1296 quod
2414 1231 2529 1298 ipse
2574 1248 2750 1301 neque
2795 1234 3090 1289 cruciﬁxus
3140 1248 3245 1300 est,
3304 1252 3484 1306 neque

1914 1326 2182 1383 mortuus,
2222 1321 2317 1375 sed
2343 1321 2488 1375 Deus
2511 1322 2561 1375 in
2592 1324 2696 1377 [ine
2728 1325 2916 1377 mundi
2946 1327 3107 1380 faciet
3153 1326 3300 1380 hunc
3321 1330 3481 1386 mori.

1912 1417 1969 1461 et
2009 1409 2111 1463 alia
2174 1411 2386 1466 infinita
2451 1414 2757 1476 mendacia,
2804 1432 3039 1483 quorum
3098 1420 3374 1473 contraria
3425 1421 3483 1473 in

1915 1498 2222 1572 Evangeliis
2282 1513 2339 1557 et
2386 1505 2510 1559 aliis
2574 1505 2875 1576 Scripturis
2928 1511 3305 1578 continentur,
3363 1529 3484 1581 quae

1912 1590 2132 1661 longum
2168 1603 2314 1649 esset
2347 1612 2630 1651 enarrare.

306 1759 443 1825 Περὶ
466 1756 524 1809 δὲ
555 1759 651 1810 τοῦ
686 1759 819 1811 Θεοῦ
843 1759 1032 1823 ἁπλῶς
1063 1761 1475 1831 διισχυρίζεται,
1513 1768 1588 1829 ὡς
1619 1769 1795 1822 οὐδένα

1987 1762 2061 1817 De
2107 1764 2219 1818 Deo
2263 1776 2444 1821 autem
2508 1770 2833 1839 simpliciter
2882 1779 3097 1843 asserit,
3142 1784 3286 1851 quod
3330 1786 3482 1839 nullo

230 1849 433 1918 τρόπον
458 1849 684 1902 δυνατὸν
714 1851 872 1903 αὑτὸν
903 1851 1048 1921 ἔχειν
1076 1854 1214 1917 υἱὸν,
1266 1856 1351 1908 ὅτι
1380 1858 1513 1925 μηδὲ
1576 1864 1807 1925 γυναῖκα

230 1939 370 2008 ἔχει·
404 1940 499 1993 καὶ
547 1939 705 1992 τοῦτο
758 1942 998 2011 συνεχῶς
1061 1944 1429 1998 ἐπανακυκλοί
1477 1951 1595 2000 ἀντὶ
1647 1950 1806 2003 ἄλλου

229 2031 375 2093 τινὸς
418 2032 843 2101 ἐπιχειρήματος
871 2033 1116 2105 ἰσχυροῦ.
1146 2035 1315 2091 Τοῦτο
1340 2037 1397 2090 δὲ
1420 2038 1481 2091 τὸ
1523 2041 1806 2112 ἐπιχείρη-

232 2122 513 2191 μαόμοιον
553 2122 743 2193 ὥσπερ
786 2124 931 2177 εἴποι
956 2126 1047 2178 τὸν
1097 2126 1230 2181 Θεὸν
1282 2129 1358 2199 μὴ
1405 2125 1541 2184 εἶναι
1594 2134 1805 2194 οὐσίαν.

226 2212 312 2266 ὃτι
337 2211 411 2280 μὴ
438 2211 551 2281 ἔχει
578 2213 945 2285 συμϐεϐηκὸς,
987 2216 1021 2284 ἢ
1053 2217 1125 2288 μὴ
1185 2217 1303 2289 ζῇν,
1337 2222 1419 2273 ὅτι
1454 2222 1529 2293 μὴ
1558 2223 1722 2277 ἐσθίει
1770 2225 1803 2295 ἢ

230 2306 749 2375 ἀναπνεί.Ἀνόητος
779 2311 1056 2381 ἡτοιαύτη
1084 2316 1372 2382 φαντασία,
1394 2318 1489 2371 καὶ
1518 2319 1804 2389 ἀνθρώπου

227 2395 593 2467 ἐστερημένου
649 2397 914 2469 λογισμοῦ
947 2405 1039 2455 καὶ
1090 2405 1203 2458 νοῦ.
1230 2408 1291 2458 Οἱ
1346 2408 1454 2477 γὰρ
1490 2410 1805 2478 Χριστιανοὶ

227 2487 326 2555 οὐχ
351 2486 427 2549 ὡς
456 2488 520 2540 ἐκ
552 2491 809 2555 γυναικὸς
862 2491 1099 2546 διδόασιν
1161 2495 1287 2548 Υίὸν
1351 2498 1429 2568 τῷ
1497 2501 1635 2572 Θεῷ,
1689 2502 1805 2554 ἀλλ’

228 2577 417 2647 ὥσπερ
447 2580 510 2631 ὲκ
541 2579 643 2649 μὲν
668 2580 762 2632 τοῦ
817 2584 988 2654 πυρὸς
1022 2585 1120 2655 τὴν
1189 2587 1419 2658 θέρμην,
1454 2590 1515 2653 ἐξ
1566 2592 1717 2661 ἡλίου
1746 2594 1803 2646 δὲ

227 2669 288 2720 τὸ
322 2670 682 2741 ἀπαύγασμα,
722 2675 815 2725 καὶ
846 2677 936 2726 τὸν
986 2676 1140 2746 λόγον
1170 2680 1276 2731 ἀπὸ
1304 2682 1399 2735 τοῦ
1454 2683 1698 2751 λέγοντος
1719 2701 1733 2715 ⁸
1765 2684 1801 2738 ἀ

228 2763 407 2815 πάντα
460 2762 674 2832 ἀληθῶς
712 2764 959 2833 λέγονται
1012 2772 1321 2837 γεννᾶσθαι,
1359 2776 1408 2825 εί
1470 2776 1673 2846 καὶμὴ
1736 2780 1797 2829 ὲκ

228 2853 507 2918 γυναικός.
542 2856 601 2907 Ὀ
627 2856 733 2925 γὰρ
762 2857 889 2921 Υίὸς
945 2860 1039 2913 τοῦ
1072 2861 1213 2914 Θεοῦ
1282 2865 1625 2935 ἀπαύγασμὰ
1678 2869 1795 2921 ἐστι

227 2945 323 2995 καὶ
350 2945 521 3011 Λόγος
559 2947 649 2998 τοῦ
683 2948 854 3000 ἀϊδίου
888 2950 1120 3018 Πατρός,
1153 2954 1419 3017 συναΐδιος
1452 2957 1545 3009 καὶ
1591 2939 1797 3027 ’ὁμοούο

228 3052 363 3098 σιος,
398 3038 490 3088 καὶ
518 3038 574 3088 ἐν
608 3040 673 3107 τῇ
722 3041 857 3109 αὐτῇ
915 3041 1135 3111 ἰσότητι.
1173 3043 1382 3115 Ὠσπερ
1442 3045 1498 3098 δὲ
1536 3049 1568 3117 ή
1618 3048 1793 3120 θέρμη

226 3123 321 3174 καὶ
348 3123 409 3174 τὸ
430 3124 769 3195 ἀπαύγασμα
795 3128 852 3177 οὺ
895 3128 1216 3197 χωρίζονται
1240 3131 1334 3183 τοῦ
1364 3131 1554 3201 πυρὸς.
1578 3134 1637 3186 τὸ
1679 3135 1795 3205 πῦρ

230 3211 416 3280 μέντοι
477 3213 647 3266 ἐνίοτε
710 3214 803 3266 τοῦ
846 3216 1282 3286 ἁπαυγάσματος
1333 3221 1465 3289 ἡμῖν
1524 3223 1651 3275 ἄνευ
1695 3225 1795 3293 τῆς

226 3300 433 3369 θέρμης
464 3305 727 3365 κοινωνεῖ,
750 3303 937 3372 ὥσπερ
963 3306 1054 3356 ἐπὶ
1079 3305 1174 3358 τοῦ
1201 3306 1301 3375 τῆς
1348 3307 1627 3376 λαμπάδος
1683 3312 1796 3379 φω-

222 3392 334 3453 τός*
368 3392 535 3443 ἐνίοτε
569 3392 624 3444 δὲ
644 3395 739 3461 τῆς
763 3393 971 3464 θέρμης
1028 3395 1157 3449 ἄνευ
1182 3396 1276 3449 τοῦ
1333 3399 1790 3469 ἀπαυγάσματος,

219 3482 413 3551 ὥσπερ
440 3487 497 3535 ἐν
515 3483 591 3552 τῷ
615 3487 998 3555 πεπυρωμένῳ
1047 3487 1275 3557 σιδήρῳο
1295 3488 1436 3542 οὕτω
1468 3492 1562 3543 καὶ
1607 3491 1634 3542 ὁ
1666 3492 1792 3553 Υἱὸς

219 3577 319 3629 τοῦ
350 3576 482 3630 Θεοῦ
501 3578 731 3647 ἠδύνατο
749 3582 1097 3651 σαρκωθῆναι
1121 3584 1213 3636 καὶ
1256 3583 1383 3637 ἄνευ
1416 3584 1511 3637 τοῦ
1544 3585 1635 3638 τὸν
1687 3586 1796 3639 Ila-

216 3673 356 3737 τέρα
415 3670 447 3737 ἢ
496 3671 556 3723 τὸ
608 3670 831 3741 Πνεῦμα
887 3674 948 3726 τὸ
995 3674 1149 3741 ἅγιον
1194 3676 1567 3745 σαρκωθῆναι,
1600 3680 1652 3730 εἰ
1700 3679 1793 3733 καὶ

215 3761 505 3832 ἀδιαίρετα
526 3764 630 3816 είσι
662 3763 731 3816 τὰ
778 3752 916 3834 ἔργα
947 3767 1043 3835 τῆς
1098 3765 1346 3835 Τριάδος.
1380 3768 1538 3822 Οὕτω
1568 3770 1729 3824 πάλιν
1763 3774 1792 3825 6

217 3854 347 3917 Υἱὸς
386 3855 479 3908 τοῦ
537 3855 725 3910 Θεοῦό
753 3856 846 3911 τοῦ
899 3857 1032 3910 Θεοῦ
1088 3860 1280 3927 Λόγος,
1332 3861 1391 3912 τὸ
1428 3859 1525 3913 τοῦ
1578 3862 1793 3932 Πατρὸς

217 3944 593 4016 ἀπαύγασμα,
629 3947 867 4016 ⁴Ιιδύνατο
896 3950 954 4002 ὲν
991 3950 1234 4020 αἰσθητῷ
1264 3951 1451 4021 βιϐλίῳ
1492 3954 1790 4023 γραφῆναι,

210 4031 359 4088 ὥστε
392 4034 486 4086 ὑπ’
510 4034 813 4103 ἀνθρώπων
861 4036 1373 4107 ἀναγινώσκεσθαι,
1401 4041 1493 4091 καὶ
1520 4042 1792 4108 αἰσθητῶς

210 4123 285 4175 τὰ
332 4122 469 4192 ἔργα
504 4122 669 4175 αὑτοῦ
702 4126 957 4192 ὁρᾶσθαι,
984 4127 1076 4177 καὶ
1117 4122 1257 4178 εἶναι
1294 4128 1458 4198 σαρκὶ
1489 4131 1787 4197 ἡνωμένον.

210 4214 326 4266 Καὶ
354 4214 415 4267 τὸ
447 4213 547 4282 μὲν
584 4212 787 4283 βιϐλίον
844 4216 904 4268 τὸ
953 4220 1372 4286 γεγραμμένον,
1430 4223 1705 4273 τουτέστιν
1754 4223 1788 4293 ή

213 4307 375 4376 σὰρξ,
401 4305 632 4374 ἠδύνατο
660 4307 1101 4378 διαρῤήσεσθαι,ι
1137 4310 1164 4360 6
1187 4309 1242 4361 δὲ
1273 4311 1365 4361 τοῦ
1394 4312 1596 4381 Κυρίου
1617 4315 1790 4380 Λόγος

216 4399 371 4465 μένει
403 4398 480 4458 είς
527 4397 619 4450 τὸν
678 4399 870 4452 αἰῶνα·
916 4417 934 4449 ι
960 4398 1148 4470 ὥσπερ
1180 4401 1273 4454 καὶ
1303 4402 1361 4453 τὸ
1402 4402 1789 4473 τοῦεβασιλέως

213 4488 568 4559 πρόσταγμα,
624 4488 831 4557 τοῦτον
867 4490 1025 4556 λόγον
1054 4490 1219 4543 αὑτοῦ
1244 4492 1324 4555 είς
1377 4494 1476 4554 τὴν
1516 4493 1783 4549 ὑπἀὑτδν

211 4574 319 4643 γῆν
350 4576 404 4626 ὲν
428 4576 621 4645 βιϐλίῳ
648 4577 981 4644 πέμποντος,
1016 4575 1172 4639 αὐτὸς
1201 4577 1300 4645 μὲν
1323 4579 1420 4631 οὐκ
1445 4580 1511 4633 ἂν
1531 4581 1782 4651 καυθείη,

207 4666 272 4719 τὸ
292 4665 352 4719 δὲ
384 4664 589 4733 βιϐλίον
622 4664 846 4718 δύναται
885 4663 1161 4718 καίεσθαι.
1191 4667 1331 4719 Φασὶ
1359 4664 1540 4723 τοίνύν
1573 4671 1623 4723 οι
1648 4670 1784 4738 Χρι-

209 4757 425 4810 στιανοὶ
473 4756 565 4808 τὸν
599 4756 838 4826 Χριστὸν
891 4757 1066 4822 Λόγον
1118 4755 1247 4809 ὂντα
1293 4756 1428 4811 Θεοῦ
1484 4758 1611 4812 Υίδν
1641 4746 1779 4813 εἶναι

204 4847 370 4902 Θεοῦ.
405 4847 566 4901 Τοῦτ’
600 4848 730 4901 αὐτὸ
767 4848 825 4901 δὲ
874 4850 968 4901 καὶ
1015 4849 1042 4901 6
1091 4847 1392 4925 ngoépst
1442 4852 1570 4919 περὶ
1608 4850 1775 4904 αὐτοῦ

202 4942 436 5010 ἔφησεν,
466 4941 514 4991 εἰ
540 4939 633 4991 καὶ
672 4941 812 5009 μήτε
839 4926 1225 5009 ἐπιστάμενος,
1248 4940 1412 5010 μήτε
1452 4941 1606 4996 νοῶν.
1640 4943 1779 5011 Φησὶ

204 5034 319 5103 γὰρ
361 5035 421 5084 ὲν
463 5032 541 5101 τῷ
584 5032 893 5101 Ἀλκορὰνῳ
929 5034 986 5083 ἐν
1018 5031 1096 5101 τῷ
1124 5032 1397 5101 κεφαλαίῳ
1419 5032 1497 5103 τῷ
1532 5023 1776 5096 Ἐλνεσᾶ,

203 5122 233 5174 ὃ
286 5120 657 5190 ἑρμηνεύεται
702 5119 1014 5187 γυναῖκες,
1064 5119 1145 5170 ὅτι
1203 5120 1233 5170 6
1277 5120 1511 5188 Χριστὸς
1572 5118 1775 5189 Ἰησοῦς

208 5210 327 5271 υίὸς
358 5208 459 5277 τῆς
507 5206 724 5275 Μαρίας
762 5206 921 5274 λόγος
951 5206 1067 5258 ἐστὶ
1106 5205 1199 5257 τοῦ
1231 5204 1391 5270 Θεοῦ,
1422 5206 1517 5259 καὶ
1562 5205 1781 5267 πνεῦμά

205 5300 327 5353 ἔστι
358 5298 515 5353 Θεοῦ.
544 5298 695 5350 Διατί
724 5298 904 5351 τοίνυν
935 5298 1035 5349 οὐκ
1069 5296 1255 5364 ἔλεγεν
1286 5299 1315 5348 6
1347 5297 1670 5366 Μαχούμετ,
1698 5297 1780 5349 ὅτι

206 5389 473 5444 ἀδύνατον
503 5388 596 5440 τὸν
625 5387 756 5441 Θεὸν
784 5389 931 5457 ἔχειν
963 5388 1120 5456 λόγον
1154 5388 1187 5461 ἢ
1217 5387 1454 5456 πνεῦμα,
1492 5390 1613 5440 ἐπεὶ
1646 5388 1780 5458 μηδὲ

204 5481 448 5549 γυναῖκα
477 5478 628 5548 ἔχεις
663 5479 936 5553 Ζητητέον
967 5481 1148 5534 τοίνυν
1193 5482 1322 5550 περὶ
1349 5480 1458 5533 τῶν
1493 5480 1781 5551 Σαρρακη-

282 5635 326 5666 ”
362 5635 525 5691 Joan.
558 5650 616 5699 ι,
646 5634 738 5688 '58.
816 5636 860 5666 ¹⁶
887 5633 1053 5689 Hebr.
1084 5653 1122 5701 ι,
1149 5639 1211 5692 5.

486 5736 753 5793 Ριτιιοι..
798 5736 913 5793 Gn.
954 5731 1152 5793 CLIV.

1284 5640 1327 5669 ¹¹
1364 5640 1508 5694 Psal.
1547 5656 1690 5707 cavi,
1714 5643 1767 5695 Ξ.

1915 1853 2075 1905 modo
2110 1854 2367 1919 possibile
2418 1866 2502 1910 est
2532 1873 2659 1913 eum
2714 1861 2917 1933 habere
2953 1866 3172 1933 Filium,
3220 1876 3480 1941 quoniam

1912 1956 2140 1996 uxorem
2173 1959 2280 1997 non
2312 1945 2500 2002 habet.
2527 1950 2590 2001 Et
2618 1949 2722 2006 hoc
2752 1956 3014 2012 continue
3048 1964 3269 2029 repetit,
3293 1965 3483 2021 dicens

1909 2047 2009 2100 pro
2033 2032 2137 2086 alia
2170 2035 2404 2102 quadam
2434 2037 2561 2094 forti
2608 2048 3099 2111 argumentatione.
3147 2052 3270 2108 [hec
3300 2068 3478 2112 autem

1907 2131 2312 2193 argumentatio
2342 2130 2538 2185 similis
2570 2142 2674 2197 est,
2705 2135 2847 2189 sicut
2875 2137 2919 2191 si
2955 2142 3077 2207 quis
3098 2144 3265 2207 dicat,
3310 2149 3478 2206 Deum

1908 2230 2017 2267 non
2061 2230 2183 2270 esse
2231 2218 2615 2289 substantiam,
2667 2227 2925 2293 quoniam
2976 2246 3083 2284 non
3129 2234 3291 2290 habet
3337 2243 3481 2295 acci-

1906 2306 2060 2371 dens,
2109 2308 2193 2362 vel
2234 2325 2343 2363 non
2381 2312 2586 2378 vivere,
2640 2318 2898 2384 quoniam
2949 2338 3057 2375 non
3117 2329 3354 2382 comedit
3393 2336 3475 2386 γει

1907 2399 2160 2466 respirat.
2206 2401 2374 2456 Fatua
2399 2413 2483 2458 est
2515 2406 2637 2459 talis
2685 2408 2992 2476 phantasia,
3025 2424 3080 2467 et
3123 2418 3361 2475 hominis
3389 2438 3479 2477 ca—

1906 2490 2081 2544 rentis
2126 2493 2405 2549 intellectu
2450 2506 2507 2551 et
2558 2501 2794 2557 ratione.
2841 2504 3138 2563 Christiani
3173 2515 3319 2567 enim
3367 2533 3474 2571 non

1906 2586 2162 2647 tanquam
2190 2598 2255 2635 ex
2293 2587 2521 2643 muliere
2544 2590 2675 2642 dant
2712 2590 2908 2647 Filium
2956 2597 3084 2661 Deo,
3124 2602 3218 2655 sed
3243 2603 3383 2659 sicut
3410 2623 3473 2660 ex

1905 2668 2028 2737 igne
2078 2673 2437 2751 caliditatem,
2492 2695 2557 2732 ex
2608 2683 2723 2735 sole
2777 2696 2957 2739 autem
3008 2690 3377 2757 splendorem,
3422 2708 3478 2751 et

1901 2760 2131 2815 verbum
2164 2766 2233 2818 ah
2265 2782 2330 2819 eo
2361 2769 2452 2837 qui
2492 2772 2773 2840 loquitur;
2831 2792 2949 2844 qua:
2990 2782 3172 2834 omnia
3222 2800 3348 2839 vere
3392 2788 3477 2841 di-

1900 2864 2102 2907 cuntur
2132 2856 2301 2926 gigni,
2348 2864 2453 2914 etsi
2519 2879 2628 2917 non
2678 2881 2745 2919 ex
2800 2868 3049 2924 muliere.
3105 2874 3273 2928 Filius
3327 2880 3471 2934 enim

1898 2944 1995 2999 Dei
2042 2948 2300 3016 splendor
2357 2963 2459 3017 est,
2512 2965 2567 3008 et
2624 2958 2860 3013 Verbum
2905 2966 3224 3032 sempiterni
3272 2969 3471 3035 Patris,

1899 3046 2230 3093 coaeternum
2274 3052 2331 3096 et
2369 3047 2865 3111 consubstantiale,
2911 3060 2966 3104 et
2996 3053 3047 3107 in
3078 3057 3264 3111 eadem
3294 3076 3475 3130 aequa-

1897 3128 2049 3184 litate
2070 3133 2141 3185 ὀ.
2169 3133 2321 3188 Sicut
2349 3147 2528 3191 autem
2556 3139 2803 3195 caliditas
2832 3154 2885 3197 et
2928 3147 3185 3214 splendor
3226 3167 3333 3205 non
3359 3128 3471 3208 ⁷εε-

1894 3232 2160 3288 parantur
2207 3225 2276 3278 ab
2308 3226 2451 3294 igne,
2490 3229 2631 3297 ignis
2680 3241 2858 3287 tamen
2890 3237 3186 3305 aliquando
3229 3260 3257 3296 a
3289 3246 3471 3312 splen.

1894 3310 2022 3365 dore
2056 3314 2342 3369 nobiscum
2369 3318 2490 3371 sine
2516 3321 2792 3377 caliditate
2825 3332 3286 3399 communicatur,
3322 3310 3471 3391 sicut

1894 3399 1949 3453 in
1977 3401 2099 3456 luce
2124 3405 2409 3473 lampadis,
2476 3409 2773 3478 aliquando
2796 3430 2975 3470 autem
2996 3421 3244 3475 caliditas
3262 3427 3467 3494 absque

1893 3490 2181 3558 splendore
2215 3506 2319 3559 est,
2353 3498 2494 3551 sicut
2537 3500 2589 3553 in
2634 3517 2864 3558 accenso
2896 3507 3079 3562 ferro:
3114 3512 3193 3565 sic
3222 3524 3276 3567 et
3301 3515 3467 3571 Filius

1895 3581 1987 3635 Dei
2017 3584 2190 3651 potuit
2228 3585 2524 3654 incarnari,
2574 3602 2630 3646 et
2659 3595 2864 3662 absque
2905 3614 3013 3666 quo
3042 3601 3361 3659 incarnatus
3383 3624 3469 3661 es-

1894 3680 1978 3726 set
2011 3673 2172 3728 Pater
2234 3678 2321 3731 vel
2366 3679 2604 3751 Spiritus
2661 3697 2902 3750 sanctus,
2956 3690 3059 3743 etsi
3112 3691 3467 3751 indivisibilia

1893 3772 2020 3818 sunt
2050 3779 2216 3833 opera
2252 3768 2536 3827 Trinitatis
2568 3775 2682 3829 :sic
2717 3792 2903 3832 rursus
2930 3781 3101 3836 Filius
3128 3785 3217 3839 Dei
3248 3798 3304 3841 et
3334 3790 3469 3844 Ver-

1891 3852 2021 3907 bum
2058 3855 2151 3910 Dei
2195 3857 2371 3914 Patris
2421 3864 2598 3930 potuit
2640 3866 2692 3919 iu
2734 3871 2977 3924 sensibili
3011 3873 3149 3927 libro
3183 3879 3370 3943 scribi,
3407 3892 3466 3936 ut

1892 3944 1961 3997 ab
1996 3945 2311 4003 hominibus
2358 3951 2650 4020 legeretur,
2691 3967 2748 4010 et
2781 3961 3118 4018 sensibiliter
3150 3963 3315 4035 opera
3345 3973 3464 4041 ejus

1891 4035 2229 4105 viderentur,
2262 4050 2317 4095 et
2362 4056 2481 4097 esse
2512 4046 2662 4099 carni
2715 4049 2921 4103 unitus.
2958 4052 3022 4105 Et
3054 4055 3193 4111 liber
3239 4035 3462 4127 quidem

1891 4126 2128 4196 scriptus
2181 4130 2362 4197 potuit
2392 4130 2717 4204 interrumpi
2758 4155 2771 4190 :
2815 4157 2832 4187 ι
2876 4137 3116 4195 Verbum
3149 4126 3327 4199 autem
3361 4151 3465 4203 Do-

1895 4218 2025 4271 mini
2060 4230 2245 4274 manet
2280 4222 2331 4275 in
2358 4232 2621 4278 aeternum
2653 4227 2719 4278 ".
2761 4245 2779 4278 ι
2817 4228 2969 4284 Sicut
2996 4242 3049 4285 et
3075 4237 3215 4303 regis
3243 4240 3463 4293 manda-

1894 4316 2030 4371 tum,
2066 4312 2159 4379 qui
2209 4312 2377 4369 mittit
2412 4316 2639 4370 verbum
2678 4333 2836 4373 suum
2868 4320 2921 4373 in
2956 4323 3095 4377 libro
3144 4328 3210 4379 ad
3259 4336 3459 4384 terram

1892 4415 2012 4468 qua:
2050 4402 2151 4455 sub
2184 4419 2249 4457 eo
2301 4414 2405 4470 est,
2458 4407 2633 4475 ipsum
2685 4420 2868 4465 autem
2919 4418 3144 4468 verbum
3182 4434 3461 4490 nunquam

1889 4491 2135 4545 comburi
2166 4502 2363 4560 potest,
2411 4497 2551 4551 liber
2577 4509 2759 4552 autem
2814 4502 3064 4557 comburi
3118 4518 3315 4574 potest.
3375 4512 3461 4565 Di-

1886 4590 2018 4632 cunt
2064 4581 2229 4649 igitur
2276 4582 2594 4653 Christiani,
2622 4588 2922 4655 Christum,
2958 4610 3084 4647 cum
3118 4598 3188 4649 sit
3221 4599 3460 4654 Verbum

1886 4666 2003 4728 Dei.
2036 4668 2233 4724 Filium
2266 4688 2386 4728 esse
2416 4674 2532 4729 Dei.
2559 4676 2674 4731 Hoc
2704 4678 2847 4733 idem
2893 4690 2950 4735 et
2998 4683 3340 4741 Mahomct'us
3390 4692 3459 4743 de

1883 4772 1950 4811 eo
1986 4758 2140 4821 dixit,
2212 4763 2316 4816 etsi
2371 4780 2549 4834 neque
2599 4768 2823 4832 sciebat,
2876 4785 3052 4840 neque
3100 4775 3457 4845 intelligebat.

1882 4848 2021 4903 Dicit
2073 4852 2217 4905 enim
2253 4854 2306 4907 in
2339 4856 2608 4911 Alcorano
2652 4858 2703 4911 in
2753 4860 2993 4928 capitulo
3038 4863 3257 4930 Elnesa,
3310 4870 3459 4935 quod

1885 4937 2279 5007 interpretatur
2318 4945 2579 5009 mulieres,
2621 4948 2766 5015 quod
2815 4950 3066 5007 Christus
3106 4954 3268 5010 Jesus
3308 4958 3454 5011 (ilius

1885 5026 2090 5092 Mariaz,
2132 5031 2359 5085 verbum
2392 5044 2472 5087 est
2512 5035 2628 5095 Dei.
2659 5049 2725 5089 et
2760 5038 2987 5106 spiritus
3013 5052 3098 5095 est
3124 5044 3244 5098 Dei.
3274 5046 3455 5112 Quare

1886 5117 2053 5185 igitur
2076 5134 2181 5172 non
2209 5121 2354 5175 dixit
2381 5123 2742 5188 Mahometus,
2787 5130 2931 5195 quod
2988 5131 3324 5201 impossibile
3372 5150 3456 5192 est

1889 5208 2057 5262 Deum
2096 5210 2298 5265 habere
2331 5214 2558 5267 verbum
2600 5216 2682 5268 vel
2712 5219 2984 5285 spiritum,
3014 5225 3273 5291 quoniam
3315 5244 3453 5282 uxo-

1888 5316 2000 5354 rem
2034 5316 2143 5355 non
2180 5302 2386 5359 habet?
2412 5305 2775 5370 Quaerendum
2810 5309 2973 5379 igitur
3005 5328 3035 5367 a
3064 5313 3367 5382 Saracenis,
3398 5331 3457 5374 ut

1886 5403 2133 5463 quaerant
2170 5395 2274 5465 ipsi
2313 5414 2342 5450 a
2397 5397 2725 5464 Mahemeto,
2758 5404 2975 5470 quando
3008 5405 3143 5461 dicit
3176 5408 3453 5467 Christum

1888 5484 2114 5540 verbum
2146 5502 2267 5542 esse
2296 5488 2412 5554 Dei,
2453 5498 2507 5543 et
2540 5489 2794 5557 spiritum
2842 5507 2907 5547 ex
2962 5495 3092 5563 Deo,
3148 5507 3331 5555 utrum
3383 5505 3452 5561 de

2991 5727 3065 5793 35
