3862 6220
494 289 630 353 1099

1741 290 2123 352 DEMETRII
2165 288 2479 349 CYDONII

3521 282 3620 346 1100

486 404 683 470 spiritu
726 404 809 461 vel
852 404 1021 459 verbo
1065 405 1217 468 dicit,
1249 405 1316 458 de
1360 403 1680 458 accidentali
1733 402 1877 472 quod
1926 417 2051 471 pro-

2164 401 2277 463 tth,
2308 399 2447 451 ὥστε
2492 394 2723 466 ζητῆσαι
2750 393 2946 456 αὐτοὺς
2976 392 3127 462 παρὰ
3154 390 3247 447 τοῦ
3280 392 3511 459 Μωὰμεο,
3536 394 3622 448 ὅταν

376 514 385 523 ί
482 493 681 558 fertur,
728 494 811 547 vel
859 494 925 548 de
973 494 1273 557 essentiali,
1319 494 1374 549 id
1410 502 1494 548 est
1542 505 1747 548 creato.
1799 493 1888 547 Sic
1941 507 2048 545 non

487 586 664 640 solum
694 586 919 639 verbum
945 592 1001 637 et
1042 585 1267 652 spiritus
1318 586 1410 638 Dei
1458 594 1542 639 est
1581 599 1611 637 a
1667 584 1798 647 Deo,
1854 582 1951 637 sed
1996 590 2052 634 et

486 678 652 731 verba
680 686 737 731 et
762 675 988 745 spiritus
1027 676 1260 729 aliorum
1292 678 1703 744 prophetarum,
1738 685 1793 730 et
1822 676 2054 729 aliorum

490 766 773 819 hominum
806 765 1115 822 beatorum.
1149 765 1212 817 Et
1251 766 1549 819 secundum
1584 766 1688 820 hoc
1721 781 1831 819 non
1860 779 2054 832 magna

487 858 732 925 quaedam
774 858 893 912 laus
944 866 1027 912 est
1073 860 1185 911 haec
1214 858 1281 911 de
1310 856 1550 921 Christo,
1582 870 1744 925 quem
1780 856 2057 909 Mahome-

488 961 576 1004 tus
606 949 823 1017 proprie
850 958 905 1002 et
943 964 1108 1017 supra
1155 964 1344 1003 omnes
1390 949 1641 1003 homines
1688 949 1803 1003 vult
1845 948 2055 1004 consti-

489 1049 667 1093 tuere.
698 1038 803 1095 Sed
845 1055 1022 1106 neque
1061 1050 1283 1109 propter
1320 1039 1479 1093 talem
1516 1039 1780 1093 rationem
1810 1048 1866 1093 et
1894 1038 2053 1092 talem

489 1130 740 1198 spiritum
776 1131 1060 1198 pluraliter
1106 1132 1251 1186 Deus
1290 1132 1355 1183 de
1385 1131 1567 1198 scipso
1606 1130 1870 1198 loquitur,
1914 1130 2057 1183 sicut

491 1222 828 1275 inducuntur
859 1222 912 1274 in
947 1204 1060 1276 toto
1105 1222 1395 1275 Alcorano.
1458 1222 1515 1275 Si
1577 1231 1759 1275 autem
1812 1221 1947 1277 dicit
1991 1220 2058 1275 dc

492 1314 735 1369 increate
779 1322 834 1366 et
878 1313 1155 1366 essentiali
1204 1313 1373 1365 verbo
1424 1312 1519 1366 Dei
1575 1322 1630 1366 et
1692 1312 1909 1380 spiritu,
1978 1311 2059 1366 sic

456 1402 682 1470 -utique
733 1402 1020 1455 nobiscum
1076 1401 1320 1454 sentiunt
1381 1412 1486 1455 tam
1546 1401 1612 1455 de
1658 1401 2055 1466 incarnatione,

493 1510 653 1561 quam
690 1493 759 1546 de
787 1493 1044 1562 mysterio
1078 1493 1380 1547 Trinitatis.
1408 1494 1541 1547 llem
1565 1493 1696 1547 dicit
1722 1493 2062 1548 Maltometus

493 1588 559 1637 de
597 1585 707 1637 Deo
744 1585 794 1636 in
836 1583 1073 1651 capitulo
1102 1584 1353 1636 Eltniuim
1382 1600 1396 1637 :
1430 1584 1583 1649 Quod
1632 1585 1677 1637 si
1709 1585 1849 1637 Deus
1898 1582 2063 1637 habe-

493 1683 580 1729 ret
625 1674 819 1738 filium,
856 1676 909 1726 iu
965 1674 1211 1742 periculo
1256 1676 1367 1740 jam
1420 1682 1565 1727 totus
1609 1673 1848 1727 mundus
1889 1682 2054 1730 esset.

493 1766 649 1819 Esset
694 1765 840 1818 enim
875 1764 1111 1818 schisma
1146 1764 1288 1817 inter
1317 1780 1433 1819 eos.
1469 1765 1592 1818 Haec
1639 1774 1821 1819 autem
1855 1779 2055 1833 suppo-

494 1858 623 1911 sitio
653 1857 809 1911 valde
839 1856 972 1911 falsa
1011 1867 1112 1911 est.
1150 1858 1421 1926 Supponit
1458 1858 1624 1922 enim,
1664 1873 1768 1911 non
1802 1857 2055 1926 possibile

494 1962 614 2002 esse
650 1948 819 2002 Deum
853 1948 1057 2001 habere
1110 1948 1300 2012 tilium,
1336 1948 1440 2001 nisi
1490 1949 1737 2017 iniquum
1788 1957 1841 2001 et
1890 1948 2058 2002 auda-

494 2052 611 2091 cem
646 2049 703 2092 et
743 2038 1169 2092 iuobedientcm.
1214 2039 1324 2093 Nos
1374 2049 1556 2093 autem
1595 2040 1850 2102 dicimus,
1910 2037 2055 2108 quod

495 2129 669 2184 Filius
698 2127 788 2181 Dei
819 2137 904 2182 est
930 2128 1165 2182 Verbum
1200 2130 1317 2194 Dei,
1349 2139 1405 2183 et
1450 2130 1677 2183 scientia
1730 2128 1924 2195 Patris,
1962 2144 2059 2198 per

495 2223 869 2291 quatnomuia
898 2231 1175 2289 operatur.
1220 2219 1452 2276 Verbum
1485 2231 1665 2275 autem
1699 2210 2060 2291 comprehcn-

497 2329 615 2366 sum
653 2313 705 2365 in
738 2322 941 2375 mente,
1001 2322 1057 2365 et
1108 2312 1334 2365 artiﬁcis
1383 2313 1630 2374 scientia,
1680 2328 1957 2381 nunquam
2003 2315 2056 2367 in

498 2406 718 2460 homine
758 2412 1043 2473 separatur
1092 2419 1120 2456 a
1188 2405 1529 2473 concipiente
1586 2405 1885 2459 intellectu.
1943 2407 2056 2460 Nisi

498 2496 701 2549 alicubi
755 2496 1136 2565 blasphemaus
1191 2495 1527 2549 Maltometus
1569 2496 1727 2560 dicat,
1765 2497 2057 2552 dissentire

497 2584 565 2637 ad
602 2586 839 2651 seipsum
875 2586 1066 2646 Deum,
1110 2592 1165 2637 et
1218 2586 1491 2639 contraria
1537 2586 1717 2639 dicere
1760 2589 1842 2640 sui
1888 2588 2059 2656 ipsius

500 2675 803 2729 intellectui
853 2686 908 2728 et
960 2676 1298 2745 cogitationi.
1337 2676 1479 2730 Idem
1538 2678 1879 2732 Mahoutetus
1929 2680 2060 2733 dicit

500 2768 554 2820 in
588 2765 826 2834 capitulo
866 2764 1071 2829 Elezat,
1117 2766 1262 2835 quod
1298 2768 1440 2821 Deus
1469 2778 1523 2822 et
1553 2770 1725 2837 angeli
1753 2772 1875 2838 ejus
1904 2779 2060 2824 orant

502 2875 599 2928 pro
631 2857 936 2913 Mahometo
966 2868 1020 2912 et
1055 2860 1358 2913 Saracenis.
1398 2861 1552 2925 Quod
1590 2862 1810 2929 quidem
1844 2872 1925 2917 est
1959 2879 2060 2915 an-

501 2948 769 3015 gelorum,
802 2955 884 3001 est
911 2946 1292 3001 omittendum.
1323 2949 1467 3001 Deus
1498 2957 1677 3001 autem
1713 2950 1931 3017 quando
1962 2966 2061 3019 pro

500 3040 582 3092 eis
634 3038 785 3091 orat?
816 3030 992 3102 Quem
1027 3038 1185 3091 orat?
1237 3037 1489 3107 Angelos,
1526 3038 1609 3092 vel
1659 3038 1927 3104 homines,
1975 3040 2059 3093 vel

502 3131 782 3200 seipsum?
814 3128 920 3185 Sed
952 3130 1057 3184 hoc
1087 3140 1171 3184 est
1218 3130 1581 3195 mendacium,
1612 3140 1741 3183 ‘Orat
1768 3131 2007 3199 seipsutn
2044 3149 2061 3185 :

501 3235 557 3277 et
596 3223 829 3276 maxime
877 3223 1176 3278 secundum
1224 3223 1612 3285 Maltomctum,
1665 3224 1756 3291 qui
1792 3221 1952 3277 Verbi
1984 3225 2065 3281 itt-

502 3316 871 3369 carnationem
925 3322 1102 3384 negat,
1154 3326 1208 3368 et
1252 3330 1818 3383 nequevpersouarum
1856 3316 2060 3370 discreo

504 3408 708 3461 tionem
742 3408 894 3476 ponit
924 3408 976 3461 in
1012 3407 1235 3461 divinis.
1272 3407 1428 3461 Ponit
1480 3417 1659 3461 autent
1692 3418 1747 3462 et
1783 3409 1886 3462 alia
1917 3424 2067 3462 men-

502 3502 655 3555 dacia
687 3501 953 3570 quaedam,
995 3510 1051 3554 et
1098 3500 1474 3569 impossibilia,
1528 3500 1669 3554 sicut
1723 3500 1775 3553 in
1828 3500 2065 3569 capitulo

501 3593 714 3648 Elasiar
760 3593 962 3646 dicitur
991 3593 1148 3660 quasi
1180 3607 1243 3645 ex
1276 3606 1503 3659 persona
1540 3590 1632 3644 Dei
1664 3609 1677 3644 :
1721 3592 1775 3643 Si
1813 3591 1915 3645 hoc
1960 3592 2063 3644 nti-

503 3684 737 3737 serituus
786 3683 1114 3736 Alcorauum
1150 3697 1314 3750 super
1345 3698 1511 3735 unum
1553 3691 1815 3747 montem,
1849 3682 2064 3736 videres

498 3776 610 3842 jam
641 3789 763 3827 eum
799 3777 988 3841 utique
1036 3774 1268 3828 scissum
1321 3789 1349 3826 a
1408 3773 1713 3827 reverentia
1764 3782 1820 3827 et
1872 3774 2065 3827 timore

506 3866 619 3918 Dei.
656 3866 726 3919 Et
754 3866 895 3920 sicut
944 3865 997 3918 in
1048 3866 1287 3934 capitulo
1333 3865 1661 3927 Elcatuinar,
1699 3865 1845 3934 quod
1895 3865 2065 3919 inter-

490 3965 750 4024 pretatur
783 3956 934 4019 luna,
969 3955 1121 4016 dicit,
1168 3956 1311 4022 quod
1375 3955 1501 4007 luna
1555 3958 1789 4008 contrita
1847 3964 1950 4013 est.
2009 3963 2064 4008 et

504 4050 672 4100 multa
701 4047 828 4110 alia,
859 4062 979 4113 qua:
1017 4046 1234 4113 longum
1263 4058 1407 4098 esset
1430 4061 1708 4102 enarrare.

2153 491 2286 559 λέγῃ
2330 490 2421 540 τὸν
2455 485 2689 556 Χριστὸν
2715 484 2873 551 λόγον
2903 478 3043 536 εἶναι
3068 481 3159 534 τοῦ
3182 481 3332 547 Θεοῦ,
3361 482 3445 535 καὶ
3466 483 3621 551 πνεῦμα

2154 580 2219 632 ἐκ
2249 575 2408 639 Θεοῦ,
2435 576 2661 643 πότερον
2685 572 2815 641 περὶ
2846 571 2938 625 τοῦ
2965 572 3270 649 πνεῦματος
3300 572 3387 625 καὶ
3415 570 3492 625 τοῦ
3514 573 3623 645 λέγω

2156 671 2291 739 φησὶ
2315 667 2409 721 τοῦ
2441 667 2802 739 προφορικοῦ,
2847 664 2879 733 ἢ
2911 664 3042 733 περὶ
3089 662 3180 717 τοῦ
3212 661 3496 727 οὐσιώδους,
3519 679 3625 715 mt-

2156 763 2271 815 ἐστι
2298 763 2428 831 περὶ
2456 759 2549 814 τοῦ
2584 758 2825 823 κτιστοῦ,
2856 757 2890 827 ἢ
2928 756 3021 815 τοῦ
3052 756 3327 810 ἀκτίστου.
3356 755 3410 807 Εί
3438 754 3521 822 μὲν
3543 758 3626 823 περὶ

2154 855 2249 907 τοῦ
2286 852 2635 923 ἑξωτερικοῦ,
2673 851 2793 921 ἦτοι
2828 849 2922 901 τοῦ
2948 847 3188 911 κτιστοῦ,
3230 846 3390 907 οὕτως
3429 847 3481 897 οὐ
3521 844 3626 912 μόνον

2157 950 2185 1000 6
2244 946 2398 1013 λόγος
2453 945 2548 998 καὶ
2595 942 2657 995 τὸ
2712 940 2932 1007 πνεῦμα
2977 937 3072 990 τοῦ
3109 936 3244 990 Θεοῦ
3305 938 3438 987 ἐστιν
3484 938 3534 988 ὲκ
3569 934 3627 985 τοῦ

2156 1037 2291 1090 Θεοῦ
2320 1077 2334 1100 ,
2374 1035 2511 1088 ἀλλὰ
2570 1034 2665 1087 καὶ
2706 1035 2752 1087 οἱ
2805 1032 2953 1097 λόγοι
3007 1029 3096 1081 καὶ
3146 1027 3216 1080 τὰ
3276 1025 3528 1093 πνεύματα
3562 1025 3629 1076 τῶν

2158 1128 2332 1183 ἄλλων
2358 1126 2671 1195 προφητῶν,
2713 1124 2806 1175 καὶ
2833 1127 2943 1177 τῶν
2982 1121 3156 1174 ἄλλων
3200 1117 3467 1187 μακαρίων
3491 1116 3630 1183 ἀνθρώ

2161 1238 2295 1274 πων.
2347 1220 2457 1272 Καὶ
2504 1218 2645 1271 κατὰ
2683 1217 2841 1269 τοῦτο
2887 1215 2948 1267 οὐ
2984 1214 3153 1283 μέγας
3189 1211 3272 1271 τίς
3303 1210 3438 1263 ἐστιν
3479 1208 3631 1268 ἔπαινος

2159 1312 2319 1365 τοῦτο
2363 1312 2493 1379 περὶ
2524 1309 2619 1361 τοῦ
2659 1305 2923 1376 Χριστοῦ,
2964 1305 3023 1357 ὃν
3059 1308 3086 1357 6
3118 1301 3409 1371 Μαχοῦμετ
3437 1300 3552 1357 ἰδίως
3574 1298 3633 1348 tu".

2161 1404 2298 1473 ὑπὲρ
2334 1401 2540 1462 πάντας
2571 1398 2893 1467 ἀνθρώπους
2924 1395 3170 1464 βούλεται
3203 1390 3511 1445 συνιστάναι.
3546 1387 3634 1441 Ἀλλ’

2161 1490 2281 1542 οὐδὲ
2313 1489 2399 1540 διὰ
2435 1487 2526 1539 τὸν
2573 1486 2816 1539 τοιοῦτον
2849 1483 3007 1551 λόγον
3035 1484 3129 1537 καὶ
3168 1482 3231 1534 τὸ
3270 1481 3491 1533 τοιοῦτον
3532 1476 3637 1529 mti-

2166 1599 2241 1651 p.a.
2298 1578 2677 1651 πληθυντικῶς
2735 1579 2763 1631 6
2810 1576 2943 1637 Θεὸς
2991 1574 3121 1643 περὶ
3182 1571 3375 1626 ἑαυτοῦ
3420 1570 3635 1636 διελέγετο,

2164 1650 2351 1740 ὥσπερ
2383 1650 2661 1741 εῖῖτάγδται
2690 1668 2750 1718 ὲν
2775 1665 2881 1735 ὅλῳ
2912 1665 2991 1733 τῷ
3029 1663 3361 1731 Ἀλκορὰνῳ.
3386 1661 3441 1712 Εἰ
3467 1662 3514 1712 δὲ
3544 1660 3636 1724 λέγει

2161 1763 2292 1832 περὶ
2324 1760 2419 1813 τοῦ
2450 1759 2710 1812 ἀκτίστου
2744 1758 2852 1809 καὶ
2899 1753 3192 1816 οὐσιώδους
3225 1754 3394 1819 Λόγου
3433 1751 3511 1804 τοῦ
3549 1750 3635 1801 Θεοῦ

2162 1855 2258 1907 καὶ⁸
2297 1854 2635 1921 Πνεῦματος,
2690 1848 2831 1902 οὕτω
2890 1847 3283 1916 συμῦαίνουσιν
3336 1847 3453 1939 ἡμῖν
3497 1844 3567 1897 ἐπί
3604 1860 3637 1895 τε

2163 1947 2262 2015 τῆς
2298 1944 2625 2015 σαρκώσεως
2678 1941 2773 1994 καὶ
2828 1939 2921 1992 τοῦ
2970 1938 3071 2007 τῆς
3119 1935 3638 2009 Τριὰδοςμυστηρίον.

2171 2040 2294 2092 Ἔτι
2327 2038 2490 2107 φησιν
2521 2038 2550 2088 6
2582 2032 2876 2104 Μαχούμετ
2907 2032 3033 2101 περὶ
3064 2031 3159 2083 τοῦ
3195 2030 3328 2084 Θεοῦ
3354 2032 3405 2083 ὲν
3432 2031 3497 2096 τῷ
3523 2046 3637 2095 :29:-

2166 2130 2302 2198 λαίῳ
2331 2129 2409 2197 τῷ
2454 2128 2855 2196 Ἐλμουμηνὶμ,
2890 2126 2973 2178 ὅτι
3017 2127 3067 2178 εί
3101 2127 3129 2176 6
3170 2122 3303 2186 Θεὸς
3328 2118 3459 2192 εἷχεν
3487 2121 3636 2181 aitait

2166 2222 2398 2291 κινδύνῳ
2428 2222 2491 2274 ἂν
2521 2217 2588 2290 ἦν
2618 2221 2734 2281 ὅλος
2762 2222 2789 2271 6
2840 2219 3065 2285 κόσμος.
3098 2211 3210 2270 Ἦν
3235 2217 3337 2284 γὰρ
3363 2214 3422 2267 ἂν
3446 2215 3491 2267 ὲν
3517 2211 3636 2267 nimi;

2166 2321 2399 2387 σχίσμα.
2450 2314 2597 2383 Αὕτη
2644 2312 2701 2365 δὲ
2760 2312 2793 2380 ἡ
2846 2309 3102 2370 ὑπόθεσις
3165 2308 3287 2361 λίαν
3344 2308 3445 2361 ἐστὶ
3485 2302 3637 2372 ψευδής.

2179 2409 2507 2476 ’Υποτίθησι
2541 2407 2646 2474 γὰρ
2680 2403 2764 2472 -μὴ
2811 2396 2921 2455 οἶόν
2970 2417 3029 2455 τε
3092 2395 3234 2454 εἶναι
3291 2400 3377 2450 τὸν
3413 2398 3520 2449 Θεὸν
3545 2394 3637 2462 ἔχειν

2169 2501 2305 2564 υἱὸν,
2349 2503 2395 2551 εί
2453 2499 2526 2567 μὴ
2564 2496 2802 2564 πονηρὸν
2838 2493 2932 2545 καὶ
2969 2491 3174 2559 αὐθάδη
3217 2491 3308 2541 καὶ
3336 2489 3637 2540 ἀνυπότακτον.

2182 2590 2367 2661 Ἡμεῖς
2418 2590 2473 2642 δέ
2525 2604 2726 2659 φαμεν,
2780 2587 2864 2637 ὅτι
2897 2583 2925 2635 ὁ
2960 2583 3087 2642 m;
3123 2582 3217 2634 τοῦ
3255 2581 3381 2633 Θεοῦ
3405 2580 3542 2643 Λόγος
3566 2575 3637 2626 ἐστὶ

2169 2684 2261 2737 τοῦ
2295 2682 2452 2747 Θεοῦ,
2498 2682 2591 2733 καὶ
2638 2681 2918 2748 ἐπιστήμη
2964 2676 3057 2729 τοῦ
3110 2668 3499 2745 Πατρὶς,δι’ἦ;
3524 2668 3637 2720 πάντα

2171 2775 2485 2844 ἐργάζεται.
2525 2772 2583 2823 Ὀ
2604 2771 2661 2825 δὲ
2710 2770 2866 2837 λόγος
2910 2771 2939 2821 6
2962 2766 3290 2836 συλληφθεὶς
3317 2768 3370 2817 ἐν
3398 2767 3452 2831 τῇ
3480 2758 3634 2824 διανοίᾳ,

2171 2868 2265 2918 καὶ
2305 2868 2336 2933 ἡ
2393 2864 2486 2916 τοῦ
2530 2863 2772 2931 τεχνίτου
2804 2860 3103 2929 ἐπιστήμη,
3137 2859 3386 2912 οὐδέποτε
3418 2855 3507 2909 οὐδ’
3531 2850 3633 2917 ἐντῷ

2172 2958 2440 3027 ἀνθρώπῳ
2496 2954 2798 3009 διίστανται
2862 2952 2956 3006 τοῦ
3031 2951 3479 3020 συλλαμϐάνοντος
3535 2944 3628 2995 νοῦ·

2092 3074 2133 3131 C
2168 3052 2215 3103 εί
2269 3051 2341 3119 μή
2398 3066 2499 3100 που
2537 3047 2873 3118 βλασφημῶν
2928 3048 2955 3097 6
2990 3044 3293 3114 Μαχούμετ
3336 3046 3437 3112 ἐρεῖ
3456 3036 3635 3131 διχονοεῖν

2169 3141 2303 3209 πρὸς
2332 3142 2525 3194 ἑαυτὸν
2561 3141 2652 3192 τὸν
2683 3139 2834 3203 Θεὸν,
2867 3140 2960 3191 καὶ
2991 3139 3295 3204 ἀντιλέγειν
3319 3137 3389 3204 τῷ
3421 3129 3568 3186 ἑαυτοῦ
3590 3129 3635 3191 νῷ

2170 3234 2266 3287 καὶ
2321 3234 2411 3302 vol;
2424 3250 2575 3302 ματι.
2620 3233 2742 3284 Ἐτι
2776 3232 2803 3282 6
2830 3230 3142 3300 Μαχούμετ
3179 3231 3341 3301 φησὶν
3366 3231 3416 3280 ὲν
3446 3225 3505 3293 τῷ
3528 3235 3636 3284 κενα-

2169 3324 2306 3393 λαίῳ
2334 3323 2410 3392 τῷ
2444 3322 2699 3387 Ἐλεζὰπ,
2738 3323 2817 3374 ὅτι
2864 3323 2891 3374 6
2934 3323 3064 3384 Θεὸς
3104 3323 3201 3375 καὶ
3231 3324 3279 3375 οἱ
3308 3320 3499 3387 ἄγγελοι
3525 3308 3634 3364 αὑτοῦ

2169 3414 2416 3483 εὔχονται
2450 3415 2591 3482 ὑπὲρ
2621 3413 2714 3466 τοῦ
2755 3412 3000 3482 Μωὰμεθ
3034 3413 3130 3466 καὶ
3168 3414 3276 3466 τῶν
3310 3412 3462 3464 ἄλλων
3494 3406 3635 3474 £1,691-

2171 3506 2372 3572 χηνῶν.
2413 3507 2483 3558 Τὸ
2520 3508 2618 3574 μὲν
2663 3506 2757 3558 οῦν
2811 3508 2916 3557 τῶν
2946 3507 3197 3573 ἀγγέλων
3225 3503 3509 3573 παρεατέον.
3542 3492 3632 3545 Ὀδὲ

2092 1742 2131 1797 Β

2171 3598 2303 3659 Θεὸς
2348 3598 2435 3649 ὅτε
2482 3597 2624 3666 ὑπὲρ
2657 3597 2837 3649 αὐτῶν
2870 3596 3087 3665 εὔχεται
3115 3639 3129 3662 ,
3176 3598 3279 3648 τίνι
3332 3585 3633 3660 εῦχεται;ἵοῐς

2172 3686 2446 3754 ἀγγέλοις,
2490 3686 2521 3756 ἢ
2554 3690 2666 3749 τοῖς
2698 3686 3026 3755 ἀνθρώποις,
3073 3690 3107 3755 ἣ
3144 3682 3354 3755 ἑαυτῷ;
3391 3680 3517 3733 Ἀλλὰ
3540 3670 3632 3727 τοῦτ’

2171 3778 2531 3847 ἐστὶψεῦδος,
2566 3782 2626 3831 τὴ
2662 3779 2919 3850 εὔχεσθαι
2953 3781 3157 3850 ἑαυτῷ·
3196 3783 3287 3833 καὶ
3326 3778 3520 3846 μάλιστα
3542 3766 3630 3817 κατὰ

2169 3867 2259 3923 τὸν
2288 3870 2603 3938 Μαχούμετ,
2637 3870 2695 3932 ὃς
2725 3872 2819 3925 καὶ
2855 3871 2951 3941 τὴν
3000 3870 3093 3923 τοῦ
3140 3873 3311 3938 Λόγου
3336 3867 3556 3935 σάρκωσιν
3574 3857 3631 3919 di”

2170 3963 2373 4019 νεῖται.
2426 3963 2520 4017 καὶ
2577 3962 2697 4015 οὐδὲ
2747 3963 3022 4033 διάκρισιν
3073 3962 3377 4033 προσώπων
3413 3948 3629 4021 etiam”

2168 4054 2280 4113 τοῖς
2307 4052 2494 4116 θείοις.
2534 4054 2727 4123 Τίθησι
2772 4054 2828 4107 δὲ
2888 4056 2981 4108 καὶ
3025 4055 3161 4108 ἄλλα
3212 4056 3341 4108 ἄττα
3393 4047 3525 4119 ψεύδη
3572 4038 3628 4089 κειἱ

503 4138 763 4201 ἀδύνατα,
800 4136 990 4205 ὥσπερ
1039 4140 1098 4189 ὲν
1131 4136 1210 4205 τῷ
1252 4137 1532 4206 κεφαλαίῳ
1571 4138 1648 4208 τῷ
1699 4137 1967 4208 Ἐλαστὰρ
2000 4139 2216 4206 λέγεται
2243 4142 2431 4214 ὥσπερ
2472 4147 2535 4197 ὲκ
2602 4148 2895 4214 προσώπου
2939 4146 3030 4199 τοῦ
3071 4148 3239 4211 Θεοῦ,
3296 4150 3351 4201 El
3395 4138 3628 4210 ἐπέμψαμεν

502 4228 659 4282 τοῦτο
692 4228 749 4280 τὸ
791 4229 1110 4297 ’Δλκοράνον
1130 4234 1209 4293 είς
1233 4231 1289 4284 ἓν
1323 4231 1432 4284 τῶν
1461 4232 1625 4300 ὀρῶν,
1658 4228 1798 4296 εἶδες
1831 4232 1897 4285 ἂν
1929 4234 2079 4303 αὐτῷ
2115 4236 2333 4305 σλισθὲν
2360 4238 2466 4290 ἀπὸ
2514 4239 2610 4307 τῆς
2654 4240 2936 4303 εὐλαϐείας
3003 4242 3094 4295 καὶ
3124 4242 3219 4296 τοῦ
3248 4243 3396 4311 φόϐου
3432 4235 3504 4290 τοῦ
3526 4225 3624 4282 Θεοῦ·

504 4326 598 4376 καὶ
639 4322 828 4393 ὥσπερ
859 4327 915 4374 ἐν
960 4323 1037 4392 τῷ
1078 4325 1353 4394 κεφαλαίῳ
1418 4326 1493 4394 τῷ
1544 4325 1847 4395 Ἐλκαμὰρ,
1912 4324 1941 4378 6
2013 4327 2378 4397 ἑρμηνεύεται
2427 4328 2686 4396 σελήνη,
2742 4333 2926 4400 φησιν,
2963 4334 3042 4385 ὅτι
3101 4336 3145 4405 ἠ·
3176 4336 3361 4403 σελήνη
3401 4320 3623 4393 συνετρίδη·

503 4414 612 4465 Καὶ
646 4413 815 4464 πολλὰ
849 4413 1005 4477 ἄλλα,
1036 4414 1071 4466 ἃ
1111 4416 1317 4484 μακρὸν
1352 4413 1417 4468 ἂν
1445 4417 1530 4483 εἴη
1564 4416 1915 4485 ἀπαριθμεῖν.

581 4501 737 4557 Unde
776 4512 955 4570 potest
1012 4504 1267 4557 omnibus
1316 4504 1655 4574 sapientibus
1715 4503 2065 4559 manifestum
2096 4506 2146 4565 D

506 4611 647 4658 esse,
685 4595 854 4663 legem
878 4594 1023 4647 illam
1065 4608 1172 4646 non
1203 4609 1324 4649 esse
1354 4612 1382 4648 a
1416 4596 1564 4657 Deo,
1621 4611 1742 4663 qum
1777 4605 1855 4648 tot
1907 4604 1962 4649 et
1985 4596 2065 4650 sic

503 4686 790 4742 manifesta
824 4684 1072 4739 continet
1106 4684 1407 4738 mendacia.
1460 4685 1821 4739 Inveniuntur
1880 4696 2062 4740 autem

503 4787 627 4849 post
661 4777 777 4832 haec
806 4784 864 4830 et
888 4776 995 4829 alia
1025 4774 1270 4845 quaedam
1326 4775 1527 4830 absona
1556 4815 1569 4840 ,
1630 4792 1750 4843 quae
1806 4784 2062 4843 tanquam

504 4872 659 4924 ﬁrma
690 4869 951 4925 Saraceni
986 4866 1274 4932 allirmant,
1313 4868 1569 4921 translata
1601 4882 1669 4920 ex
1710 4867 1980 4921 Alcorano
2009 4868 2064 4920 in

502 4962 724 5016 modum
752 4959 1132 5028 expositionis,
1166 4960 1520 5013 continentur
1562 4968 1744 5012 autem
1780 4959 1954 5026 palam
2010 4957 2064 5011 in

502 5053 643 5105 libro
657 5051 946 5105 Mahometi
964 5051 1031 5104 de
1057 5049 1491 5119 expositionibus
1510 5051 1606 5121 (l):
1626 5067 1688 5105 ex
1718 5050 1917 5118 quibus
1942 5064 2063 5102 cum

506 5143 673 5195 multa
702 5141 831 5204 sint,
866 5155 1039 5220 pauca
1084 5140 1174 5194 hic
1210 5141 1672 5194 commemorabo.
1741 5141 1922 5194 Unum
1980 5150 2064 5193 est

502 5232 647 5303 quod
700 5231 856 5293 dicit,
887 5231 1034 5299 quod
1089 5241 1335 5286 creatum
1393 5232 1495 5285 fuit
1544 5232 1742 5285 caelum
1786 5246 1851 5283 ex
1891 5232 2065 5295 fumo,

504 5325 686 5379 fumus
715 5333 897 5377 autem
928 5338 996 5376 ex
1026 5323 1375 5376 exhalatione
1416 5322 1610 5382 maris,
1678 5337 1826 5375 mare
1880 5332 2064 5375 autem

453 5474 459 5481 _
502 5432 569 5469 ex
603 5416 841 5485 quodam
876 5422 1060 5468 monte
1090 5414 1181 5481 qui
1215 5413 1365 5482 Caph
1397 5414 1720 5482 appellatur,
1768 5423 1821 5467 et
1864 5413 1911 5466 is
1962 5414 2071 5466 cir-

505 5508 681 5559 cumit
710 5516 885 5561 totum
922 5508 1111 5561 orbem
1141 5514 1431 5571 terrarum,
1480 5515 1532 5558 et
1578 5506 1814 5559 sustinet
1842 5505 2063 5559 cmlum.

2246 4506 2409 4559 Ὅθεν
2453 4505 2673 4559 δύναται
2724 4509 2856 4559 πᾶσι
2905 4512 3085 4577 σοφοῖς
3132 4511 3369 4577 γενέσθαι
3408 4500 3626 4570 καταξαιίὲς

2174 4596 2263 4649 τὸν
2293 4598 2457 4665 νόμον
2489 4601 2692 4650 ἐκεῖνον
2725 4598 2798 4668 μὴ
2831 4596 2967 4652 εἶναι
3000 4604 3151 4669 παρὰ
3179 4601 3338 4662 Θεοῦ,
3366 4597 3549 4651 τοσαῦτα
3569 4588 3624 4641 καὶ

2171 4687 2316 4741 οὓτω
2355 4688 2488 4756 δῆλα
2531 4689 2849 4758 περιέχοντα
2887 4689 3079 4759 ψεύδη.
3116 4694 3445 4761 Εὑρίσχονται
3472 4687 3513 4739 δὲ
3539 4676 3624 4751 μετᾶ

2171 4780 2341 4831 ταῦτα
2371 4780 2462 4831 καί
2486 4779 2769 4833 τιναᾶλλα
2800 4782 3072 4853 ἀπᾴδοντα
3093 4825 3106 4849 ,
3137 4786 3273 4854 ἅπερ
3301 4785 3367 4844 ὡς
3394 4781 3545 4849 ﬂiam
3577 4771 3624 4820 δι’

2175 4870 2540 4938 ισχυρίζονται
2565 4872 2611 4922 όὶ
2657 4873 3028 4944 Σαρῤακηνοὶ,
3074 4876 3456 4947 μεταφερόμενα
3493 4872 3539 4920 ὲκ
3568 4859 3623 4913 τοῦ

2186 4962 2509 5031 Ἀλκοράνου
2540 4964 2849 5032 ἐξηγήσεως
2875 4968 3062 5037 τρόπῳ
3085 4985 3099 4998 ο
3132 4971 3443 5036 περιέχονται
3467 4962 3507 5012 δὲ
3529 4954 3625 5020 Eu?-

2176 5054 2342 5125 ρήδην
2384 5057 2441 5105 έν
2478 5055 2554 5122 τῷ
2595 5057 2722 5124 περὶ
2762 5055 3065 5126 διηγήσεων
3102 5058 3193 5109 τοῦ
3230 5054 3445 5123 Μωάμεο
3482 5045 3623 5119 βιϐλίῳ.

2176 5142 2265 5206 Ἐξ
2295 5136 2369 5194 ὧν
2400 5141 2609 5193 πολλῶν
2636 5140 2823 5206 ὄντων,
2857 5144 3053 5209 ὀλίγων
3086 5146 3308 5198 ἐνταῦθα
3338 5134 3623 5211 μνημονεύσω.

2167 5232 2264 5283 Ἕν
2295 5234 2441 5285 ἐστιν
2473 5233 2500 5285 ὅ
2532 5251 2715 5302 φησιν.
2748 5235 2829 5286 ὅτι
2861 5238 2888 5288 6
2921 5238 3132 5299 κτιστὸς
3161 5237 3370 5306 οὐρανὸς
3396 5235 3566 5299 γέγονεν
3585 5221 3623 5267 ἐκ

2167 5319 2373 5373 καπνοῦ
2399 5337 2414 5353 ο
2446 5323 2472 5373 6
2503 5320 2558 5373 δὲ
2593 5323 2798 5382 καπνὸς
2832 5327 2896 5375 ὲκ
2928 5325 3025 5393 τῆς
3060 5323 3440 5393 ἀναθυμιάσεως
3466 5314 3539 5380 τῆς
3564 5306 3622 5357 ⁸⁸³

2165 5412 2367 5481 λάσσης
2393 5428 2407 5441 ο
2442 5414 2472 5479 ἡ
2504 5412 2559 5464 δὲ
2590 5413 2831 5468 θάλασσα
2857 5415 2921 5468 ἐκ
2948 5433 3090 5479 τινος
3118 5416 3271 5485 ὅρους
3299 5414 3407 5479 Κὺφ
3434 5395 3622 5465 καλουμέ⁶

2166 5522 2278 5569 νου,
2310 5504 2337 5557 ὃ
2366 5504 2754 5574 περιζώννυσιν
2782 5507 2909 5577 ὅλην
2937 5508 3032 5577 τὴν
3059 5506 3373 5575 οίκουμένηυο,
3402 5501 3473 5551 δίιῖ
3500 5491 3620 5555 ἀνέχει

580 5663 654 5730 (1)
697 5664 743 5715 Ιε
774 5673 857 5715 est
887 5665 976 5730 qui
1007 5662 1347 5726 inscribitur,
1396 5661 1470 5715 De
1503 5659 1749 5714 docttiua
1789 5660 2113 5715 Machutuet.
