3862 6220
292 290 427 354 lldt

1501 288 1801 347 CONTRA
1842 284 2345 346 ΜΑΗΟΜΕΤΕΜ.

3384 274 3521 343 1102

290 414 384 465 τὸν
413 405 661 478 οὐρανόν.
694 404 832 473 Φησὶ⁵
864 403 920 458 δὲ
956 404 1049 456 καὶ
1077 401 1166 456 τὸν
1196 402 1345 470 ἣλιον
1376 400 1470 452 καὶ
1501 401 1600 465 τὴν
1630 399 1859 467 σελήνην

1967 396 2213 465 Dicitque
2246 397 2503 450 solem‘et
2538 395 2722 449 lunam
2773 391 2999 461 aequalis
3032 390 3171 447 lucis
3219 401 3276 446 et
3305 392 3524 448 virtutis

296 507 417 557 [σου
451 500 631 568 φωτὸς
664 500 759 551 xal
790 497 1073 565 δυνάμεως
1106 493 1397 559 γενέσθαι,
1428 491 1522 541 καὶ
1590 488 1857 558 μηδεμίαν

289 596 563 661 διάκρισιν
595 576 734 643 εἷναι
773 589 975 659 μεταξὺ
1009 585 1203 646 νυκτὸς
1237 583 1329 637 καὶ
1360 581 1597 652 ἡμέρας.
1632 578 1769 645 um
1800 579 1859 632 δὲ

292 684 597 750 πετομένου
642 679 735 731 ⁸ι·οῦ
789 677 1051 748 Γαϐριὴλ,
1100 674 1298 741 συνέϐη
1342 673 1402 725 τὸ
1454 672 1650 739 πτερὸν
1691 668 1857 722 αὐτοῦ

291 772 536 842 ἅψασθαι
578 770 678 837 τῆς
728 769 980 838 σελήνης,
1026 766 1061 836 ἢ
1107 766 1199 817 καὶ
1247 762 1437 830 ὥσπερ
1482 762 1696 832 ὁρῶμεν
1739 760 1859 823 νῦν,

288 862 604 931 ἀσκοτίσθη.
633 862 754 912 Ἔτι
790 859 927 926 φησι
953 858 1045 909 τὸν
1078 855 1176 925 μὲν
1207 855 1303 907 σῦν
1333 854 1423 907 τὸν
1453 853 1643 923 ἄγριον
1670 854 1733 903 ὲκ
1762 852 1859 917 τῆς

289 955 497 1021 κόπρου
523 953 617 1004 τοῦ
645 951 932 1018 ἐλέφαντος
958 948 1304 1017 γεννηθῆναι,
1333 944 1425 999 τὸν
1449 942 1506 995 δὲ
1535 941 1640 1013 μῦν
1668 943 1731 995 ἐκ
1758 941 1859 1009 τῆς

289 1046 500 1111 κόπρου
526 1043 620 1095 τοῦ
648 1043 848 1112 χοίρου.
874 1040 971 1109 τὴν
994 1040 1049 1092 δὲ
1075 1037 1247 1106 γαλῆν
1275 1039 1337 1089 ὲκ
1361 1034 1456 1089 τοῦ
1486 1032 1738 1103 μετώπου
1765 1028 1858 1082 τοῦ

287 1136 519 1196 λέοντος.
553 1133 752 1185 Τοῦτον
784 1133 837 1184 δὲ
867 1133 957 1183 τὸν
985 1130 1184 1199 τρόπον
1212 1127 1504 1196 ἐξηγεῖται.
1534 1125 1722 1184 Ὄντος
1751 1122 1859 1191 γὰρ

288 1226 382 1279 τοῦ
412 1226 533 1277 Νῶε
562 1227 618 1276 ἐν
643 1227 706 1293 τῇ
736 1222 952 1291 κιϐωτῷ
978 1221 1117 1291 μετά
1141 1220 1247 1272 τῶν
1271 1218 1401 1271 υἱῶν
1424 1217 1515 1269 καὶ
1538 1214 1646 1267 τῶν
1669 1211 1858 1297 ζώωὶί,

288 1316 379 1367 ὅτε
427 1312 559 1380 πρὸς
604 1312 881 1362 ἀπόπατον
927 1309 1192 1379 ἐχώρουν,
1240 1305 1484 1357 ἐκλίνετο
1528 1305 1561 1371 ή
1607 1301 1859 1365 κιϐωτὸς,

293 1406 387 1457 καὶ
421 1378 649 1473 μάλιστα
679 1403 764 1454 ὅτε
794 1402 822 1452 ὁ
848 1400 1044 1466 ἐλέφας
1076 1397 1254 1467 ἐπῄει.
1286 1398 1393 1450 Kal
1417 1394 1504 1447 διὰ
1532 1395 1592 1446 τὸ
1620 1392 1741 1445 λίαν
1770 1409 1863 1459 φο-

291 1492 520 1551 ϐεῖσθαι,
543 1490 827 1559 ἠρώτησεν
850 1489 877 1539 ὁ
899 1487 1020 1539 Νῶε
1043 1486 1131 1538 τὸν
1154 1485 1306 1538 Θεόηι.
1332 1485 1426 1545 Ὃς
1449 1481 1574 1552 ἔφη,
1599 1480 1858 1543 Ἀπελθε,

290 1583 388 1635 καὶ
423 1582 801 1651 προσκύνησον
833 1578 923 1630 τὸν
958 1577 1208 1646 πρωκτὸν
1241 1573 1406 1628 αὑτοῦ
1446 1573 1579 1644 πρὸς
1614 1574 1680 1641 τῇ
1715 1572 1821 1640 ὁπῇ
1843 1610 1858 1635 ,

294 1674 354 1739 ἐξ
399 1670 467 1743 ἧς
515 1662 760 1742 πρόεισιν
804 1671 837 1737 ἠ
887 1669 1113 1738 κόπρος.
1158 1660 1234 1721 Οὗ
1284 1665 1597 1733 γενομένου,
1643 1662 1758 1731 ἅμα
1797 1677 1858 1712 τε

1959 489 2151 555 fuisse,
2186 497 2241 543 et
2263 488 2464 542 nullam
2495 487 2879 542 discretionem
2909 500 3029 540 esse
3055 486 3196 539 inter
3226 493 3442 539 noctem
3469 498 3522 541 et

1962 582 2131 636 diem.
2168 580 2477 649 Aliquando
2506 590 2689 634 autem
2725 579 2944 643 accidit,
2981 578 3126 645 quod
3156 577 3285 631 dum
3314 577 3530 633 volaret

1960 668 2201 731 Gabriel,
2230 668 2313 722 ala
2341 669 2461 739 ejus
2494 669 2679 741 lunam
2706 668 2964 736 tetigerit,
2996 682 3117 736 qua:
3139 675 3194 720 et
3215 667 3359 720 sicut
3381 679 3527 720 nunc

1964 758 2234 819 videmus,
2286 759 2579 813 obscurata
2604 767 2709 814 est.
2738 759 2870 812 Item
2904 758 3061 818 dicit.
3089 767 3145 812 et
3174 772 3328 812 suem
3366 771 3527 827 agre-

1959 858 2099 904 stem
2135 864 2201 903 ex
2249 859 2492 903 stercore
2543 850 2852 918 elephantis
2880 860 3067 903 natum
3098 863 3222 904 esse
3244 888 3259 914 ,
3310 862 3524 903 murem

1963 951 2145 996 autem
2172 956 2235 995 ex
2281 950 2523 997 stercore
2551 941 2727 1011 porci,
2780 950 2986 995 cattum
3015 950 3199 996 autem
3246 955 3316 994 ex
3345 940 3525 995 fronte

1961 1034 2159 1089 leonis.
2196 1031 2309 1087 Hoc
2335 1048 2518 1088 autem
2552 1035 2657 1088 isto
2680 1034 2841 1087 modo
2865 1034 3182 1103 exponitur.
3209 1033 3345 1089 Cum
3378 1034 3523 1088 enim

1961 1122 2075 1177 Noe
2103 1133 2248 1178 esset
2274 1124 2327 1177 in
2355 1139 2482 1178 arca
2514 1139 2639 1177 cum
2670 1124 2798 1178 ﬁliis
2827 1132 2883 1177 et
2916 1123 3270 1187 animalibus,
3301 1124 3526 1192 quando

1962 1214 2031 1268 ad
2055 1215 2311 1269 latrinam
2342 1223 2713 1280 secesserunt,
2750 1214 3014 1268 inclinata
3047 1222 3133 1268 est
3156 1229 3302 1277 arca,
3329 1224 3385 1269 et
3410 1228 3532 1268 ma-

1965 1306 2110 1359 xime
2156 1305 2378 1374 quando
2404 1305 2629 1375 elephas
2655 1305 2866 1360 aderat.
2926 1305 2991 1358 Et
3044 1314 3331 1373 propterea
3381 1304 3528 1373 quod

1963 1394 2117 1448 valde
2146 1394 2349 1459 timuit,
2382 1394 2661 1447 consuluit
2690 1393 2804 1447 Noe
2841 1394 3031 1447 Deum.
3077 1393 3179 1460 Qui
3210 1394 3349 1447 dixit
3378 1412 3390 1446 :
3426 1395 3533 1448 Re-

1962 1486 2117 1547 cede,
2164 1494 2219 1540 et
2256 1485 2423 1540 adora
2458 1486 2707 1553 podicem
2742 1485 2861 1554 ejus
2888 1483 2953 1538 ad
2980 1484 3247 1547 foramen,
3303 1500 3367 1538 ex
3418 1499 3529 1553 quo

1962 1576 2215 1646 provenit
2254 1586 2487 1631 stercus.
2523 1575 2643 1642 Quo
2673 1576 2816 1629 facto
2872 1576 3035 1630 simul
3068 1574 3235 1630 exivit
3291 1584 3528 1641 stercus,

1962 1676 2018 1722 et
2049 1682 2173 1721 cum
2193 1684 2259 1722 eo
2288 1684 2486 1737 porcus
2516 1668 2673 1722 valde
2700 1681 2950 1737 magnus,
2982 1668 3139 1737 cujus
3174 1675 3351 1721 rostro
3389 1676 3531 1721 ster-

532 1728 765 1833 κόπρος,
797 1728 891 1814 καὶ
919 1728 1015 1813 σὺν
1042 1728 1179 1829 αὐτῇ
1209 1728 1391 1827 χοῖρος
1416 1728 1859 1824 ’μέγιστος-λίαν,

1967 1774 2094 1813 cora
2123 1758 2286 1827 (sicut
2315 1760 2623 1829 consuevit)
2648 1761 2962 1822 etfodiente,
2992 1774 3113 1814 mus
3145 1770 3307 1812 natus
3340 1767 3446 1823 est,
3474 1768 3532 1812 et

287 1852 349 1909 οῦ
382 1856 455 1924 τῷ
492 1854 681 1924 ῥύγχει
711 1854 805 1915 τὰς
832 1852 1071 1921 κόπρους
1106 1849 1215 1920 (ὡς
1243 1844 1469 1915 εἴωθεν)
1501 1844 1825 1915 ὁρύσσοντος
1844 1882 1860 1908 ,

289 1950 317 2000 ὁ
354 1948 456 2015 μῦς
488 1944 751 2013 ἐγεννήθη
773 1982 788 2005 ,
821 1944 914 1994 καὶ
946 1940 1149 2011 ήρξατο
1178 1937 1487 1992 κατεσθίειν
1518 1936 1614 1997 τὰς
1646 1932 1863 1994 σανίδας

291 2040 395 2107 τῆς
446 2036 705 2090 κιϐωτοῦ.
753 2036 862 2088 Kal
904 2035 1025 2085 τότε
1074 2032 1306 2101 μάλιστα
1350 2026 1717 2097 ἐφοϐήθησαν.
1759 2022 1864 2077 Kal

290 2131 648 2200 ἐπερωτήσας
682 2130 708 2180 ὁ
740 2126 863 2178 Νῶε
896 2125 989 2177 τὸν
1022 2122 1249 2192 Κύριον,
1281 2119 1517 2182 ἐπάταξε
1552 2121 1643 2169 τὸν
1674 2116 1862 2169 λέοντα

290 2226 349 2275 ὲν
378 2221 453 2291 τῷ
489 2221 745 2289 μετώπῳ.
776 2219 884 2270 Kal
916 2215 1106 2284 ἐξῆλθε
1140 2213 1280 2282 γαλῆ
1313 2212 1399 2263 διὰ
1428 2212 1535 2261 τῶν
1569 2212 1863 2278 μυκτήρων

290 2314 479 2367 αὑτοῦ.
517 2311 625 2363 Kal
658 2309 861 2376 ταύτην
894 2305 1033 2360 εἷναί
1071 2323 1203 2374 φησι
1239 2306 1338 2373 τὴν
1372 2303 1572 2362 αἰτίαν,
1605 2300 1673 2353 δι’
1696 2301 1762 2369 ἢν
1795 2300 1864 2353 τά

288 2401 386 2455 τοῦ
415 2402 599 2471 χοίρου
628 2403 763 2471 κρέα
791 2398 1075 2467 ἀκάθαρτα
1104 2394 1242 2448 εἶναι
1272 2395 1422 2463 φασί.
1451 2393 1588 2462 Φησὶ
1616 2394 1671 2446 δὲ
1701 2392 1862 2446 πάλιν

290 2495 351 2545 ἐν
386 2495 462 2563 τῷ
503 2491 684 2561 αύτῷ,
721 2493 800 2543 ὅτι
838 2492 865 2542 ὁ
898 2490 1031 2550 Θεὸς
1066 2489 1200 2558 πρὸς
1236 2487 1313 2556 τῷ
1348 2486 1491 2539 τέλει
1524 2485 1617 2537 τοῦ
1654 2485 1862 2554 κόσμου

292 2583 582 2635 ἀποκτενεῖ
610 2581 794 2632 πᾶσαν
826 2577 1000 2630 κτίσιν
1022 2618 1036 2640 ,
1068 2578 1161 2627 καὶ
1189 2576 1313 2636 τοὺς
1341 2573 1605 2641 ἀγγέλους
1638 2573 1732 2625 καὶ
1762 2575 1861 2641 ἀρ-

293 2673 593 2742 χαγγέλους
614 2707 634 2739 ,
662 2668 757 2722 καὶ
786 2669 940 2721 οὐδὲν
970 2665 1433 2735 ὑπολειφθήσεται
1466 2665 1573 2728 ζῶν
1602 2664 1739 2734 πλὴν
1768 2661 1862 2716 τοῦ

292 2765 430 2817 Θεοῦ
464 2764 557 2816 καὶ
586 2762 678 2814 τοῦ
711 2761 963 2814 θανάτου⁶
996 2760 1055 2825 ὃς
1081 2760 1229 2810 ἐστιν
1260 2756 1490 2825 ἄγγελός
1518 2772 1601 2818 τις
1632 2754 1863 2824 λεγόμε-

292 2874 381 2918 νος
419 2854 652 2924 Ἀδριήλ.
682 2853 790 2905 Kal
820 2852 941 2904 τότε
976 2851 1269 2902 ἐντελεῖται
1306 2849 1507 2917 Κύριος
1536 2847 1613 2917 τῷ
1648 2846 1865 2917 Ἀδριὴλ

295 2950 617 3002 ἀποκτεῖναι
652 2945 864 2999 ἑαυτόν.
900 2937 973 2997 Ob
1014 2944 1309 3010 γενομένου
1331 2980 1347 3007 ,
1383 2941 1625 3011 φωνήσει
1663 2939 1866 3009 Κύριος

296 3045 449 3110 φωνῇ
484 3040 693 3110 μεγάλῃ
715 3080 730 3104 ,
763 3037 859 3089 καὶ
890 3038 1005 3107 ὲρεῑ
1028 3051 1041 3065 ο
1078 3033 1185 3087 Ποῦ
1221 3036 1357 3087 εἰσιν
1388 3034 1435 3084 οἱ
1468 3032 1741 3103 σατράπαι
1769 3030 1862 3084 τοῦ
1890 3074 1933 3133 c

298 3134 506 3202 κόσμου
533 3132 623 3183 καὶ
652 3132 699 3182 οἱ
732 3130 1026 3198 άρχοντες;
1058 3128 1169 3179 Kal
1203 3124 1339 3194 μετά
1369 3124 1541 3177 ταῦτα
1572 3124 1863 3194 ἀναστήσει

300 3223 496 3275 πάντα.
525 3220 694 3281 Αὐτός
724 3235 782 3271 τε
812 3217 972 3270 πάλιν
999 3220 1025 3269 ὁ
1054 3213 1349 3285 Μαχούμετ
1381 3217 1603 3283 ἐποίησε
1636 3213 1861 3283 βιϐλίον,

298 3314 432 3365 ὅπου
484 3310 687 3379 ἔγραψε
737 3305 1235 3375 δώδεκαθχιλιάδας
1285 3305 1460 3373 λόγων
1511 3302 1861 3374 θαυμαστῶν.

299 3400 695 3469 Θαυμαζόντων
738 3398 795 3450 δὲ
838 3398 932 3451 καὶ
977 3395 1314 3466 ζητούντων,
1362 3398 1409 3446 εί
1460 3395 1637 3445 πάντα
1683 3395 1865 3445 ἐκεῖνα

299 3495 473 3562 ἀληθῆ
505 3491 645 3555 εἶεν,
679 3490 1012 3559 ἀπεκρίνατο
1044 3488 1177 3557 μόνα
1205 3488 1271 3539 τὰ
1302 3485 1574 3556 τρισχίλια
1606 3484 1865 3550 ἀλήθειαν

298 3591 465 3658 ἔχειν,
510 3587 578 3639 τὰ
619 3585 663 3638 δ’
691 3584 822 3638 ἄλλα
861 3582 1033 3652 ψευδῆ
1078 3577 1237 3634 εἶναι.
1268 3580 1437 3631 Ὅταν
1478 3577 1654 3629 τοίνυν
1694 3579 1751 3629 ὲν
1788 3576 1865 3645 τῷ

299 3680 682 3747 προειρημένῳ
716 3674 901 3744 βιϐλίῳ
931 3673 1121 3739 ψευδές
1147 3688 1199 3722 τι
1231 3668 1734 3737 καταλαμϐάνηται,
1765 3683 1866 3735 φα-

304 3771 388 3822 σὶν
421 3768 471 3818 οἱ
505 3763 847 3836 Σαρῤακηνοὶ
885 3762 979 3814 καὶ
1010 3759 1167 3813 τοῦτο
1204 3759 1294 3810 τὸν
1327 3756 1623 3826 Μαχούμετ
1655 3756 1862 3820 εἰπεῖν,

301 3862 379 3930 μὴ
421 3860 597 3911 πάντα
637 3855 776 3909 εἶναι
815 3852 1012 3921 ἀληθῆ,
1044 3847 1181 3903 εἶναι
1220 3850 1277 3902 δὲ
1317 3850 1410 3901 καὶ
1443 3848 1599 3901 τοῦτο
1639 3846 1696 3912 ἐξ
1735 3844 1885 3898 ὲκείν-

302 3970 411 4004 νων
437 3967 451 3982 ·
495 3952 552 4001 τὸ
593 3949 636 4002 δ’
668 3947 961 3999 ὑπόλοιπον
1001 3944 1121 3995 ὅλον
1160 3943 1219 3992 ὲν
1256 3942 1321 4009 τῇ
1361 3937 1553 3993 ἑαυτοῦ
1596 3936 1740 4007 ἰσχύϊ
1779 3937 1866 3990 ἀεὶ

299 4042 601 4109 διαμένειν.
637 4038 807 4091 Τοῦτο
840 4034 1080 4089 πιστεύω
1114 4033 1239 4095 τοὺς
1271 4030 1659 4101 Σαρρακηνοὺς
1693 4028 1868 4080 ποιεῖν

301 4139 400 4189 καὶ
445 4137 537 4186 ἐπὶ
579 4132 671 4186 τοῦ
709 4128 1048 4195 ’Λλκοράνου.
1094 4126 1157 4178 Εἰ
1201 4125 1310 4192 γὰρ
1354 4124 1445 4174 καὶ
1489 4120 1657 4173 πολλὰ
1697 4118 1865 4188 ψευδῆ

302 4224 816 4295 καταλαμϐάνονται
850 4224 905 4274 ὲν
938 4217 1087 4287 αὐτῷ
1112 4258 1126 4281 ,
1163 4216 1311 4284 ὅμως
1343 4213 1429 4267 διά
1460 4229 1578 4266 τινα
1612 4211 1868 4281 περιεχό-

308 4336 445 4389 μενα
471 4320 524 4370 ὲν
548 4315 695 4384 αύτῷ
719 4313 916 4384 ἀληθῆ,
943 4311 1131 4377 ὥσπερ
1153 4309 1287 4362 Θεοῦ
1313 4309 1466 4375 λόγος
1491 4304 1713 4370 τιμᾶται
1739 4298 1867 4372 παρ’

1962 1850 2171 1919 incepit
2190 1850 2383 1905 rodere
2406 1852 2621 1905 tabulas
2648 1848 2804 1906 arcte.
2830 1852 2897 1905 Et
2923 1862 3051 1907 tunc
3076 1852 3312 1905 maxime
3334 1853 3532 1905 timue-

1964 1951 2112 1996 runt.
2149 1944 2577 2013 hit-interrogans
2606 1944 2721 1998 Noe
2760 1944 3075 2008 Dominum,
3120 1946 3388 2014 percussit
3416 1944 3533 1998 leo-

1963 2049 2085 2087 nem
2133 2034 2185 2086 in
2216 2033 2416 2088 fronte.
2442 2034 2510 2088 Et
2533 2034 2701 2088 exivit
2729 2035 2961 2088 mustela
2980 2033 3056 2104 (l)
3080 2050 3178 2105 per
3204 2051 3362 2091 nares
3385 2038 3527 2107 ejus.

1963 2125 2030 2179 Et
2058 2125 2207 2178 hanc
2242 2125 2433 2178 dicunt
2463 2140 2585 2183 esse
2616 2140 2863 2186 causam,
2895 2134 3120 2194 propter
3147 2140 3309 2194 quam
3341 2139 3534 2180 carnes

1964 2216 2118 2284 porci
2155 2231 2265 2268 non
2299 2215 2479 2270 licitas
2508 2230 2632 2270 esse
2668 2215 2878 2269 dicunt.
2950 2215 3095 2269 Dicit
3129 2224 3311 2269 autem
3341 2231 3536 2271 rursus

1964 2307 2017 2360 in
2051 2307 2242 2360 eodem
2278 2307 2538 2374 capitulo,
2566 2309 2710 2376 quod
2745 2308 2888 2362 Deus
2910 2310 2965 2363 in
2998 2308 3102 2361 fine
3128 2306 3316 2360 mundi
3341 2306 3535 2361 interi-

1963 2411 2075 2455 met
2102 2415 2319 2454 omnem
2347 2409 2679 2468 creaturam,
2715 2410 2771 2455 et
2793 2402 3033 2471 angelos,
3075 2411 3132 2456 et
3156 2399 3532 2468 archangelos,

1962 2502 2018 2547 et
2048 2492 2186 2545 nihil
2215 2492 2493 2561 relinquet
2519 2493 2710 2547 vivens
2739 2503 2935 2561 praeter
2974 2493 3144 2546 Deum
3192 2502 3248 2545 et
3279 2501 3535 2555 mortem,

1964 2601 2087 2654 qua:
2113 2596 2197 2640 est
2222 2586 2448 2656 angelus
2477 2585 2723 2655 quidam,
2751 2587 2843 2655 qui
2867 2585 3069 2639 dicitur
3097 2584 3307 2637 Adriel.
3377 2582 3535 2637 Tunc

1966 2677 2252 2732 mandabit
2285 2678 2543 2732 dominus
2569 2678 2800 2741 Adrieli,
2869 2677 3238 2745 utintcrimat
3270 2675 3536 2743 seipsum.

1967 2769 2086 2835 Quo
2106 2769 2266 2834 facto,
2289 2770 2546 2824 clamabit
2566 2770 2830 2823 Dominus
2861 2783 2994 2823 voce
3018 2782 3232 2837 magna.
3262 2776 3319 2820 et
3347 2765 3493 2819 dicet
3520 2806 3533 2821 .

1966 2861 2069 2916 Ubi
2098 2870 2226 2914 sunt
2256 2869 2489 2929 satrapa:
2522 2861 2712 2913 mundi
2737 2870 2792 2913 et
2825 2858 3139 2928 principes?
3168 2857 3235 2911 Et
3268 2866 3391 2926 post
3422 2857 3540 2911 ιιιεο

1967 2960 2253 3021 resurgent
2288 2950 2495 3005 omnia.
2561 2950 2790 3019 Ipseque
2822 2964 3015 3003 rursus
3045 2948 3381 3001 Mahomctus
3410 2948 3539 3002 fecit

1968 3043 2192 3107 librum,
2227 3042 2282 3096 in
2313 3058 2422 3113 quo
2449 3042 2674 3112 scripsit
2704 3042 2999 3096 duodeclm
3035 3042 3205 3095 millia
3234 3041 3532 3095 verborum

1970 3136 2322 3189 mirabilium.
2355 3134 2682 3188 Mirantibus
2717 3143 2900 3187 autem
2928 3142 2983 3186 et
3011 3133 3385 3202 quaarentibus
3414 3134 3538 3201 qui-

1970 3225 2226 3285 busdam.
2270 3229 2315 3279 si
2350 3225 2531 3278 omnia
2582 3224 2674 3277 illa
2718 3240 2847 3278 vera
2898 3224 3062 3277 sunt?
3099 3224 3381 3291 respondit
3421 3223 3537 3276 sola

1968 3317 2078 3371 tria
2105 3316 2278 3375 millia
2303 3316 2587 3368 veritatem
2616 3313 2838 3377 habere,
2870 3315 2973 3366 alia
3008 3326 3190 3367 autem
3223 3314 3353 3367 falsa
3393 3329 3534 3367 esse.

1967 3408 2195 3473 Quando
2228 3406 2396 3475 igitur
2426 3410 2480 3458 in
2520 3404 2784 3473 praedicto
2836 3405 2975 3458 libro
3024 3406 3219 3458 falsum
3261 3406 3535 3473 quoddam

1967 3492 2420 3568 deprehenditur,
2470 3497 2662 3551 dicunt
2692 3497 2972 3555 Saraceni.
3023 3506 3079 3549 et
3124 3497 3227 3549 hoc
3258 3497 3538 3551 Malmme-

1972 3598 2090 3642 tum
2132 3587 2351 3647 dixisse,
2379 3602 2485 3640 non
2526 3595 2707 3640 tamen
2735 3587 2917 3639 omnia
2966 3601 3088 3639 esse
3124 3601 3275 3650 vera,
3335 3598 3387 3639 et
3431 3585 3537 3641 hoc

1968 3696 2036 3735 ex
2076 3680 2181 3733 illis
2209 3694 2368 3743 esse;
2404 3680 2677 3748 reliquum
2716 3687 3101 3731 autemtotum
3136 3679 3188 3731 in
3211 3694 3310 3733 suo
3340 3681 3552 3755 robore

1968 3786 2314 3841 permanere.
2347 3769 2525 3825 Credo
2548 3770 2711 3823 etiam
2748 3770 2890 3823 idem
2937 3771 3119 3841 facere
3154 3773 3452 3825 Saracenos
3481 3771 3537 3825 in

1966 3861 2257 3915 Alcorano.
2285 3859 2400 3913 Etsi
2424 3861 2568 3914 enim
2600 3860 2767 3912 multa
2807 3858 3086 3913 mendacia
3116 3859 3537 3928 deprehendun-

1971 3960 2059 4006 tur
2075 3954 2129 4006 in
2149 3968 2238 4017 eo,
2260 3960 2439 4007 tamen
2465 3960 2689 4021 propter
2709 3952 2978 4021 quamam,
3010 3969 3133 4021 qua:
3152 3954 3203 4006 in
3228 3953 3345 4021 ipso
3360 3952 3538 4031 conti-

1972 4053 2199 4110 nentur,
2223 4060 2374 4108 vera,
2402 4044 2545 4098 sicut
2594 4044 2689 4098 Dei
2718 4046 2968 4105 verbum,
3008 4047 3060 4098 in
3089 4046 3267 4114 pretio
3300 4046 3535 4100 habetur

1975 4137 2119 4207 apud
2145 4152 2261 4191 eos.
2305 4138 2519 4190 Dictum
2550 4145 2834 4190 estautem
2878 4121 3046 4191 nobis
3082 4132 3357 4206 superius,
3388 4139 3534 4207 quod

1974 4229 2119 4282 sicut
2180 4228 2311 4282 :Ilcit
2338 4228 2705 4297 Augustinus:
2767 4227 2822 4282 Si
2879 4244 3045 4281 unum
3080 4230 3257 4283 solum
3312 4230 3535 4283 verb‘um

1973 4313 2172 4368 falsum
2220 4315 2275 4367 in
2330 4315 2625 4384 Evangelio
2684 4317 3049 4382 inveniretur,
3101 4318 3310 4387 justum
3370 4328 3535 4386 esset,

309 4412 512 4470 αὐτοῖς.
548 4408 771 4476 Εἴρηται
807 4405 864 4459 δὲ
899 4405 1029 4472 ἡμῖν
1062 4401 1349 4470 ἀνωτέρω,
1380 4400 1461 4451 ὅτι
1492 4395 1669 4457 καθώς
1707 4410 1864 4464 φησιν

1975 4408 2120 4477 quod
2150 4416 2322 4462 totum
2380 4408 2732 4478 Evangelium
2788 4410 3043 4464 frivolum
3079 4420 3137 4466 et
3168 4427 3370 4466 vanum
3425 4413 3541 4468 exi-

308 4490 690 4569 Αὖγουστῖνος,
718 4497 781 4551 El
814 4496 972 4565 μόνον
995 4488 1072 4556 εἷς
1099 4493 1253 4560 λόγος
1282 4490 1483 4561 ψευδὴς
1510 4490 1567 4541 ὲν
1593 4487 1672 4557 τῷ
1698 4487 1871 4555 Εὐαγ-

309 4594 475 4664 γελὶῳ
504 4593 807 4665 εὑρίσκετο,
839 4585 907 4660 ἦν
938 4588 1003 4639 ἂν
1033 4584 1217 4638 δικαία
1247 4585 1395 4637 αἰτία
1424 4581 1516 4635 τοῦ
1546 4582 1606 4633 τὺ
1637 4580 1874 4648 Εὐαγγέ-

304 4689 421 4741 λιον
452 4688 571 4740 ὅλον
608 4686 831 4755 μάταιον
862 4678 1176 4748 λογίζεσθαι
1210 4678 1301 4729 καὶ
1338 4674 1600 4746 μυθῶδες.
1640 4672 1782 4741 Ἐγὼ
1814 4672 1872 4724 δὲ

305 4780 541 4853 βεϐαίως
572 4778 819 4847 ᾐσθόμην
841 4813 856 4838 ,
893 4775 974 4826 ὃτι
1007 4771 1114 4825 τῶν
1149 4768 1517 4838 ὣρῤακηνῶν
1549 4768 1596 4819 οἱ
1636 4765 1870 4835 μάλιστα

305 4871 463 4939 σοφοὶ
495 4869 587 4922 καὶ
615 4866 957 4937 γραμμάτων
988 4863 1203 4934 ἔχοντες
1234 4863 1429 4929 πεῖραν
1458 4860 1517 4911 οὐ
1551 4858 1866 4911 πιστεύουσι

301 4966 416 5025 τοῖς
444 4960 539 5013 τοῦ
572 4958 899 5029 Ἀλκοράνου
928 4955 1129 5025 λόγοις,
1158 4952 1291 5006 ἀλλὰ
1320 4952 1379 5003 τὸ
1409 4950 1633 5020 πλάσμα
1662 4949 1760 5018 τῆς
1790 4950 1867 5002 διο

307 5053 607 5115 δασκαλίας
637 5051 818 5111 αὐτοῖς
846 5044 1369 5115 ἀποκεκαλυμμένον
1393 5042 1530 5097 ἐστί.
1560 5043 1791 5112 Σημεῖόν
1815 5041 1870 5093 δὲ

307 5150 371 5204 τὸ
407 5149 521 5209 τοῖς
564 5144 745 5205 ἄλλοις
789 5142 972 5211 σοφοῖς
1017 5140 1212 5200 αὐτοὺς
1255 5135 1489 5207 δημοσίᾳ
1528 5133 1872 5202 διαλέγεσθαι

309 5236 723 5310 παραιτεῖσθαι,
778 5233 967 5304 ὥσπερ
1019 5231 1130 5299 εγὼ
1177 5228 1265 5282 διὰ
1311 5228 1409 5297 τῆς
1458 5227 1654 5297 πείρας
1704 5225 1876 5294 ἔγνων

311 5329 506 5397 αὐτῆς.
540 5328 648 5381 Kal
682 5325 814 5380 αὐτὸ
844 5318 901 5377 δὲ
932 5322 994 5376 τὸ
1024 5318 1347 5389 Ἀλκοράνον
1378 5320 1437 5370 οὐ
1474 5317 1751 5387 βούλονται
1786 5315 1877 5382 δη-

310 5418 695 5491 μοσιεύεσθαι·
742 5416 1078 5485 σφοδρότατα
1125 5412 1234 5483 γὰρ
1283 5410 1540 5480 ἄχθονται
1584 5405 1676 5459 ὑπ’
1703 5405 1876 5461 ἄλλων

308 5511 863 5582 ἀναγινωσκομένου,
896 5509 993 5563 καὶ
1023 5504 1277 5576 οὐδαμῶς
1316 5502 1592 5556 ἐθέλουσιν
1625 5501 1705 5561 εἰς
1739 5497 1877 5551 ἄλλα

1971 4499 2293 4552 stimaretur
2320 4508 2374 4554 et
2401 4498 2735 4554 fabulosum.
2764 4501 2877 4572 Ego
2905 4511 3087 4557 autem
3113 4504 3344 4560 firmiter
3368 4506 3537 4571 sensi,

1971 4591 2116 4660 quod
2153 4590 2555 4647 Saracenorum
2586 4593 2821 4647 maxime
2848 4596 3150 4664 sapientes,
3187 4608 3240 4651 et
3271 4598 3366 4667 qui
3392 4599 3539 4657 litte-

1971 4698 2155 4736 rarum
2192 4685 2444 4752 peritiam
2488 4685 2722 4749 habent,
2777 4687 2958 4745 verbis
3019 4689 3273 4743 Alcorani
3333 4691 3539 4744 nullam

1972 4776 2237 4832 adhibent
2260 4776 2444 4842 tidem,
2488 4780 2582 4832 sed
2639 4778 2915 4835 fictionem
2946 4781 3211 4834 doctrina:
3236 4782 3354 4851 ejus
3383 4796 3541 4836 aver-

1978 4873 2120 4922 tunt.
2146 4866 2372 4937 Signum
2403 4879 2585 4921 autem
2620 4869 2803 4939 hujus,
2837 4872 2981 4938 quod
3015 4885 3139 4924 cum
3173 4871 3294 4925 aliis
3326 4871 3540 4941 sapien-

1981 4957 2130 5009 tibus
2157 4957 2211 5009 hi
2249 4956 2463 5023 publice
2495 4957 2778 5026 disputare
2803 4968 3078 5021 recusant,
3129 4959 3274 5012 sicut
3314 4969 3415 5029 ego
3444 4971 3541 5029 per

1980 5044 2379 5113 experientiam
2434 5046 2603 5115 ipsam
2647 5048 2898 5117 cognovi.
2957 5049 3026 5103 Et
3083 5049 3261 5118 ipsum
3320 5050 3541 5105 Alcon-

1981 5152 2113 5191 num
2143 5137 2198 5191 in
2257 5138 2496 5193 medium
2548 5137 2734 5193 afferri
2784 5141 3016 5207 qplunt;
3062 5142 3541 5198 vehementissime

1974 5229 2120 5284 enim
2186 5230 2496 5295 tristantur,
2550 5244 2675 5284 eum
2731 5232 2801 5285 ab
2859 5233 2983 5287 aliis
3044 5233 3279 5304 legitur,
3332 5246 3386 5289 et
3440 5250 3540 5289 ne-

1975 5330 2245 5387 quaquam
2302 5316 2493 5371 volunt
2550 5317 2605 5371 in
2659 5316 2795 5372 alias
2861 5319 3075 5389 linguas
3129 5320 3309 5389 ipsum
3365 5332 3541 5374 trans-

1976 5410 2134 5465 ferri.
2188 5407 2404 5465 Scimus
2455 5418 2662 5478 autem,
2714 5413 2859 5481 quod
2884 5428 3081 5481 purum
3137 5427 3331 5467 aurum
3360 5426 3540 5484 neque

1978 5514 2175 5570 aquam
2207 5502 2399 5569 (timet,
2431 5515 2610 5573 neque
2637 5501 2838 5572 ignem.
2869 5502 2936 5557 Et
2977 5511 3200 5573 propter
3247 5504 3352 5558 hoc
3378 5501 3539 5561 Chri-

381 5700 463 5769 (l)
494 5697 705 5755 Cattus.
737 5697 819 5752 Ita
839 5690 989 5750 enim
1019 5690 1183 5746 habet
1209 5688 1359 5743 liber
1390 5686 1465 5742 De
1486 5687 1632 5742 dort.
1668 5685 1995 5741 Machumet.
