3862 6220
452 266 591 332 1103

1711 278 2088 337 DEMETRII
2130 276 2448 337 CYDONII

3517 282 3616 347 110i

447 384 618 440 sliani
650 383 866 441 veritati
894 385 989 440 Dei
1012 384 1374 444 confidentes.
1431 399 1552 453 qua:
1599 383 1904 439 fortissima
1938 397 2023 440 est

2142 386 2430 456 γράμματα
2458 387 2552 438 καὶ
2577 386 2889 450 διαλέκτους
2913 388 3047 442 αὐτὸ
3072 382 3618 459 μεταφέρεσθαι.’1σμεν

450 485 505 531 et
548 485 734 530 manet
768 476 821 529 in
847 486 1136 539 aeternum,
1172 476 1408 529 libenter
1461 476 1528 530 de
1559 474 1852 546 Evangelio
1898 494 2022 531 cum

452 564 576 619 aliis
634 567 953 620 nationibus
1007 566 1309 635 disputant,
1369 576 1423 620 et
1472 567 1710 635 gaudent
1746 582 1869 620 cum
1904 567 2027 620 aliis

454 658 776 712 nationibus
833 657 1135 725 disputare.
1198 667 1251 709 et
1302 660 1538 726 gaudent
1591 674 1713 712 cum
1780 659 1848 711 ab
1908 660 2028 713 aliis

457 748 773 801 nationibus
827 748 1045 817 legitur,
1092 746 1515 816 desiderantque
1542 748 1718 816 ipsum
1771 750 2026 803 omnibus
2072 734 2077 741 λ

454 838 751 908 publicari,
774 838 903 893 etin
937 838 1073 893 alias
1102 839 1316 909 linguas
1352 840 1657 901 transferri,
1698 848 1753 892 et
1777 855 1885 893 nen
1937 840 2028 893 lit-

455 926 592 985 teris
618 929 816 991 solum,
847 929 942 984 sed
975 929 1140 984 etiam
1174 931 1469 998 scripturis
1530 930 1766 998 publicis
1820 930 2025 985 Christi

452 1019 766 1088 passionem
802 1019 1122 1084 ostendunt,
1165 1019 1312 1087 quod
1346 1018 1415 1085 ab
1447 1019 1567 1073 aliis
1596 1019 1853 1088 gentibus
1886 1020 2021 1074 ludi-

452 1108 633 1163 brium
660 1118 714 1164 et
753 1110 1055 1180 ignominia
1089 1108 1325 1163 videtur.

2121 473 2198 537 δὲ,
2223 476 2306 525 ὃτι
2329 474 2387 526 τὸ
2413 472 2651 542 καθαρὸν
2675 474 2897 543 χρυσίον
2919 473 3043 527 οὔτε
3066 476 3125 527 τὸ
3149 475 3291 544 ὕδωρ
3314 476 3517 528 δέδοικεν
3534 477 3619 530 οὒτε

2124 564 2184 617 τὸ
2224 564 2354 633 πῦρ.
2393 565 2503 615 Καὶ
2543 563 2632 615 διὰ
2665 566 2826 617 τοῦτο
2858 566 2907 616 οἰ
2946 566 3296 634 Χριστιανοὶ,
3327 569 3387 634 τῇ
3418 566 3497 617 τοῦ
3527 568 3621 619 Θεοῦ

2127 656 2356 725 ἀληθείᾳ
2404 654 2756 727 θαρροῦντες,
2805 657 3129 726 ἰσχυροτάτῃ
3173 672 3232 708 τε
3282 654 3405 725 οὔσῃ
3448 658 3527 709 καὶ
3563 675 3625 726 με-

2132 748 2299 818 νούσῃ
2329 749 2406 808 εἰς
2434 748 2526 798 τὸν
2558 747 2729 800 αἰῶνα
2749 789 2764 812 ,
2796 748 3052 815 ἀσμένως
3084 748 3214 816 περὶ
3244 746 3333 798 τοῦ
3364 747 3625 813 Εὑαγγελίοο

2129 842 2241 901 τοῖς
2283 840 2465 902 ἄλλοις
2511 840 2693 906 γένεσι
2736 839 3099 906 διαλέγονται,
3144 841 3241 890 καὶ
3285 839 3532 906 χαίρουσιν
3565 840 3627 891 ὑπ’

2128 931 2306 984 ἄλλων
2342 932 2879 999 ἀναγινωσκομένου.
2924 929 3279 998 Ἐπιθυμοῦσί
3310 946 3366 980 τε
3401 930 3511 982 αὐτὸ
3536 935 3629 982 πίει

2125 1020 2571 1090 δημοσιεύεσθαι,
2607 1025 2703 1075 καὶ
2745 1024 2825 1085 είς
2864 1022 3033 1085 ἄλλας
3079 1022 3469 1092 μεταφέρεσθαι
3500 1024 3629 1075 διαλί-

2125 1131 2309 1179 κτους,
2352 1115 2441 1167 καὶ
2484 1116 2545 1167 ού
2595 1117 2887 1184 γράμμασι
2931 1117 3113 1183 μόνον,
3151 1116 3290 1169 ἀλλὰ
3332 1116 3419 1166 καὶ
3457 1120 3631 1183 γραφαῖς

451 1200 741 1271 δημοσίαις
774 1203 835 1254 τὸ
866 1201 961 1292 τοῦ
987 1203 1223 1271 Χριστοῦ
1247 1201 1415 1264 πάθος
1448 1201 1809 1268 δεικνύουσιν,
1834 1204 1968 1273 ὅπερ
1998 1204 2101 1256 ύπδ
2133 1206 2241 1276 ¹τῶν
2274 1206 2451 1260 ἄλλων
2485 1208 2654 1260 ἐθνῶν
2690 1207 3015 1274 παιγνιῶδες
3048 1209 3143 1261 καὶ
3177 1210 3365 1278 ἀτιμία
3396 1208 3628 1279 νομίζεται.

656 1321 721 1375 Χ.
751 1320 902 1386 Quod
934 1320 1165 1374 violenta
1193 1322 1259 1373 sit
1288 1321 1371 1373 lea:
1402 1318 1817 1392 Saracenorum.

528 1414 754 1467 Decimo
789 1414 1053 1467 debemus
1099 1413 1468 1477 considerare,
1519 1404 1665 1482 quod
1698 1413 2024 1468 Alcoranum

453 1522 565 1559 non
597 1515 683 1560 est
713 1506 803 1559 lex
831 1504 950 1568 Dei,
980 1506 1221 1558 violenta
1254 1505 1399 1557 enim
1434 1514 1538 1557 est.
1593 1504 1663 1557 Et
1696 1515 1755 1557 ut
1786 1505 2026 1558 breviter

2215 1324 2273 1377 I'.
2298 1323 2429 1378 Ὀτι
2462 1326 2527 1378 τὸ
2562 1325 2923 1391 Ἀλκοράνον
2950 1326 3062 1378 οὐκ
3092 1324 3228 1377 ἐστι
3260 1326 3433 1393 νόμος
3452 1324 3586 1377 Θεοῦ.

2208 1415 2446 1471 Δέκατον
2478 1418 2766 1487 ὀφείλομεν
2794 1421 3039 1483 σκοπεῖν,
3068 1420 3149 1470 ὅτι
3177 1417 3238 1469 τὸ
3267 1417 3551 1483 ’Λλκοράνον
3568 1418 3632 1467 οὐκ

2133 1509 2249 1562 ἔστι
2280 1511 2442 1579 νόμος
2473 1507 2607 1561 Θεοῦ
2628 1525 2642 1540 °
2676 1509 2848 1578 βίαιος
2879 1510 2985 1579 γάρ
3020 1513 3157 1562 ἐστι.
3193 1510 3301 1561 Καὶ
3330 1508 3566 1577 συντόμως
3584 1509 3633 1559 ti-

454 1599 657 1663 dicam,
709 1597 793 1651 lex
851 1596 963 1650 hate
1019 1596 1239 1665 proprie
1298 1595 1403 1648 diei
1437 1604 1613 1663 potest
1659 1595 1741 1648 lex
1779 1596 1941 1648 ctedis
1974 1604 2028 1648 et

2142 1608 2278 1663 πεῖν,
2306 1603 2332 1654 ὁ
2362 1603 2525 1670 νόμος
2554 1595 2706 1664 οὗτος
2736 1602 2943 1673 κυρίως
2971 1602 3038 1655 ἂν
3064 1601 3278 1669 λέγοιτο
3304 1601 3451 1670 νόμος
3477 1601 3631 1667 σφαγῆς

452 1692 671 1753 mortis,
715 1704 824 1741 non
884 1686 1059 1739 solum
1086 1686 1231 1755 quod
1260 1686 1325 1738 ad
1378 1697 1632 1739 aeternam
1670 1698 1899 1741 mortem
1929 1701 2028 1740 nos

456 1781 650 1845 mittit,
678 1779 771 1835 sed
802 1778 947 1848 quod
979 1780 1252 1848 corporali
1285 1779 1430 1833 eazde
1456 1778 1714 1832 homines
1742 1778 1887 1843 cogit
1909 1794 2026 1831 cre-

458 1872 589 1927 dere
626 1871 713 1925 his
752 1886 870 1940 quae
906 1869 974 1923 ab
1003 1884 1067 1923 eo
1096 1854 1215 1938 ipso
1249 1869 1533 1922 dicuntur.
1596 1868 1662 1920 Et
1700 1868 1753 1920 in
1788 1868 1907 1935 ipso
1937 1867 2028 1919 Al-

459 1978 664 2020 eorano
700 1965 754 2017 in
791 1961 1031 2031 capitulo
1063 1960 1379 2029 Emparaca,
1437 1957 1582 2028 quod
1645 1958 2032 2026 interpretatur

459 2073 637 2121 vacca,
675 2054 897 2115 dicitur,
931 2051 1074 2120 quod
1104 2052 1157 2104 in
1186 2052 1303 2120 lege
1334 2051 1424 2104 Dei
1449 2065 1556 2103 non
1583 2058 1665 2103 est
1699 2047 2028 2118 eompulsio,

461 2156 517 2201 et
546 2144 691 2215 quod
722 2145 829 2214 iam
861 2141 1143 2195 definitum
1179 2150 1259 2193 est
1292 2154 1507 2208 mquum
1544 2138 1612 2191 ab
1645 2138 1853 2205 iniquo.
1902 2136 2034 2202 Qua:

462 2239 608 2293 enim
646 2248 728 2292 est
762 2236 933 2305 major
965 2232 1293 2302 compulsio.
1325 2245 1486 2300 quam
1521 2229 1738 2283 caedes?
1790 2228 1899 2282 Lex
1929 2227 2032 2296 igi—

464 2342 554 2385 tur
582 2346 704 2400 quze
740 2343 836 2398 per
864 2328 1005 2380 hanc
1032 2325 1284 2378 homines
1316 2322 1614 2391 compellit,
1668 2337 1775 2375 non
1828 2329 1913 2374 est
1948 2321 2033 2373 lex

464 2424 578 2477 Dei.
617 2420 723 2491 Ipsi
750 2434 932 2474 autem
965 2416 1220 2471 Saraceni
1246 2424 1441 2469 vocant
1472 2429 1590 2466 eam
1628 2410 2033 2465 denontinative

462 2515 753 2576 Elesalem,
790 2511 933 2579 (μιυά
969 2512 1363 2578 interpretatur
1390 2506 1472 2559 lca:
1525 2505 1714 2558 salutis
1738 2503 1851 2567 Dei,
1914 2516 2035 2570 qua:

462 2607 679 2675 proprie
707 2604 869 2657 debet
910 2600 1015 2655 dici
1072 2600 1249 2668 (sicut
1278 2598 1487 2651 dictum
1519 2604 1603 2649 est
1630 2598 1648 2666 )
1676 2596 1761 2649 lex
1788 2594 1948 2647 caedis
1982 2600 2037 2646 et

462 2694 677 2749 mortis.
754 2693 822 2746 Et
864 2692 979 2744 [nec
1008 2692 1093 2744 via
1134 2688 1423 2743 commoda
1460 2686 1563 2739 fuit
1595 2685 1686 2738 tali
1720 2685 1824 2753 legi
1862 2692 1920 2735 et
1959 2681 2036 2735 le-

463 2785 734 2855 gislatori,
770 2794 828 2837 nt
867 2785 1062 2835 timore
1101 2780 1291 2833 mortis
1338 2777 1639 2846 corporalis
1695 2776 2038 2830 consentEazt

463 2879 566 2950 legi
593 2879 782 2932 mortis
802 2887 1049 2929 :t-ternre:
1084 2874 1227 2927 sicut
1255 2887 1284 2925 e
1308 2884 1576 2924 converso
1597 2862 1890 2921 ChriStiani
1917 2880 2038 2918 cor-

463 2972 708 3044 poralem
771 2976 1001 3021 mortem
1065 2972 1501 3022 contemnentes,
1543 2961 1707 3011 vitam
1770 2967 2028 3010 αξιοι-ηοω

464 3070 901 3132 consequuntur.
932 3058 1001 3114 Ut
1039 3056 1169 3110 vidit
1234 3056 1396 3125 igitur
1449 3050 1810 3113 Mahometus,
1853 3049 2031 3116 potius

466 3167 650 3212 autem
682 3154 937 3207 alumnus
964 3151 1081 3221 ejus
1108 3148 1382 3207 diabolus.
1421 3146 1592 3212 legem
1623 3141 1761 3194 hanc
1794 3156 1823 3194 a
1851 3141 2033 3193 divina

464 3246 587 3316 lege
648 3237 873 3297 oninitio
914 3240 1155 3300 differre,
1206 3248 1260 3290 et
1303 3234 1371 3288 ab
1420 3249 1483 3288 ea
1532 3247 1653 3302 quae
1684 3232 1737 3286 in
1778 3231 1956 3285 Veteri
1983 3237 2038 3284 et

462 3339 619 3395 Novo
648 3337 1023 3398 Testamento,
1052 3342 1107 3387 et
1151 3330 1215 3384 ad
1244 3329 1479 3399 seipsam
1505 3326 1817 3390 dissentire,
1836 3334 1891 3377 et
1917 3324 2039 3377 abs-

465 3447 575 3502 que
601 3430 752 3484 omni
782 3424 999 3481 ratione
1024 3433 1079 3479 et
1131 3423 1399 3476 miraculo
1432 3418 1721 3474 manifesta
1754 3415 2040 3470 mendacia

368 3510 379 3529 ’
468 3520 777 3577 continere.
808 3526 863 3572 et
888 3532 1011 3571 eum
1039 3514 1381 3569 existimaret
1426 3511 1627 3565 multos
1667 3517 1887 3577 propter
1925 3507 2041 3559 haac

470 3614 587 3666 lore
616 3611 711 3679 qui
748 3610 804 3663 ei
854 3604 1322 3667 conn-adicerent,
1381 3600 1535 3654 dedit
1588 3600 1690 3668 ipsi
1732 3598 2042 3652 Mahometo

472 3704 901 3758 instrumentum
958 3695 1263 3766 proprium,
1322 3691 1376 3746 id
1407 3701 1492 3745 est
1523 3704 1711 3744 ensem
1734 3689 1800 3741 ad
1850 3687 2040 3741 interi-

473 3792 757 3849 mendum.
788 3790 854 3844 Et
874 3789 989 3856 ipse
1012 3787 1163 3841 dedit
1186 3784 1504 3838 mandatum
1538 3784 1590 3834 in
1615 3781 1751 3850 lege,
1778 3788 1836 3832 ut
1861 3778 2045 3832 interi-

476 3893 756 3940 merentur
806 3881 1123 3951 quicunque
1162 3876 1291 3929 huic
1340 3874 1441 3944 legi
1492 3872 1941 3935 3d\'€l‘$3l‘ClllUf‘,
1991 3877 2045 3924 et

472 3992 582 4031 non
615 3974 928 4029 crederent.
964 3969 1028 4022 Et
1058 3975 1283 4037 propter
1312 3965 1416 4017 hoc
1452 3978 1558 4016 non
1589 3963 1641 4014 in
1675 3976 1784 4015 uno
1807 3959 2046 4028 capitulo

472 4071 652 4123 solum
683 4063 909 4127 dicitur,
968 4062 1058 4113 sed
1094 4073 1192 4127 per
1225 4065 1397 4110 totum
1430 4055 1655 4116 librum,
1722 4055 1864 4106 sicut
1897 4068 2048 4105 man-

475 4153 956 4225 datum‘quoddam
987 4147 1299 4203 universale
1322 4163 1335 4197 :
1375 4144 1701 4206 lnterimite,
1720 4143 2043 4197 interimite.

2132 1701 2223 1748 καὶ
2261 1695 2527 1755 Θανάτου,
2560 1696 2620 1748 οῦ
2661 1696 2820 1763 μόνον
2848 1695 2933 1747 ὅτι
2968 1695 3177 1764 αἰωνίῳ
3212 1694 3546 1763 παραπέμπει
3571 1694 3632 1746 θα·

2132 1789 2297 1857 νάτῳ,
2326 1787 2440 1840 ἀλλ’
2464 1789 2544 1839 ὅτι
2575 1790 2757 1856 σφαγῇ
2787 1789 3077 1857 σωματικῇ
3108 1788 3204 1839 καὶ
3231 1787 3433 1855 θανάτῳ
3456 1788 3557 1847 τοὺς
3576 1786 3632 1837 ἀν-

2133 1877 2386 1947 θρώπους
2413 1876 2658 1945 βιάζεται
2683 1875 2960 1931 πιστεύειν
2986 1880 3099 1940 τοῖς
3120 1879 3178 1929 ἐν
3202 1878 3348 1948 αῦτῷ
3370 1878 3631 1946 λεγομένοις.

2133 1968 2325 2022 Καίτοι
2362 1984 2426 2033 γε
2471 1971 2529 2020 ἐν
2566 1967 2715 2037 αὐτῷ
2749 1969 2826 2036 τῷ
2863 1970 3182 2040 Ἀλκοράνῳ
3223 1974 3279 2024 ὲν
3312 1970 3384 2041 τῷ
3421 1971 3633 2038 κεφαλαίῳ

2132 2060 2210 2130 τῷ
2247 2061 2617 2130 Ἐλμπακαρᾶ
2638 2101 2653 2125 ,
2685 2060 2711 2113 ὃ
2741 2061 3108 2130 ἑρμηνεύεται
3134 2062 3325 2128 βοῦς,
3353 2062 3565 2130 λέγεται,
3585 2062 3633 2122 ὡς

2135 2152 2192 2204 ὲν
2222 2150 2300 2220 τῷ
2333 2150 2484 2220 νόμῳ
2513 2150 2606 2202 τοῦ
2643 2149 2778 2205 Θεοῦ
2815 2153 2914 2203 ούκ
2952 2152 3067 2203 ἐστι
3105 2152 3196 2220 βία
3217 2193 3233 2216 ,
3266 2155 3358 2207 καὶ
3386 2155 3458 2206 ὅτι
3484 2153 3532 2204 τὸ
3558 2154 3634 2205 im

2135 2243 2193 2305 ἐξ
2224 2245 2394 2312 ἀρχῆς
2425 2242 2524 2312 ήδη
2552 2242 2855 2311 διώρισται.
2887 2244 2999 2295 Ούκ
3030 2244 3149 2296 ἔστι
3179 2244 3235 2296 δὲ
3270 2245 3455 2309 μείζων
3478 2244 3631 2309 ἀνάγκη

2135 2334 2231 2403 τῆς
2259 2334 2347 2386 διὰ
2376 2334 2474 2403 τῆς
2506 2334 2743 2402 σφαγῆς.
2777 2335 2834 2386 '0
2865 2336 2972 2399 ἄρα
3003 2337 3091 2388 διὰ
3119 2337 3325 2406 ταύτης
3349 2340 3462 2399 τοὺς
3488 2336 3634 2402 ἀνθρύ-

2136 2441 2271 2487 πους
2312 2424 2639 2492 ἀναγκάζων
2674 2427 2834 2495 νόμος
2871 2427 2970 2479 ούκ
3005 2428 3123 2479 ἐστι
3161 2430 3322 2497 νόμος
3356 2427 3495 2480 Θεοῦ.
3524 2426 3634 2477 Ain!

2136 2517 2190 2569 δὲ
2232 2518 2280 2568 οἱ
2325 2517 2671 2588 Σαρρακηνοὶ
2715 2518 2977 2572 καλοῦσιν
3017 2520 3183 2574 αὑτὸν
3229 2522 3539 2590 παρωνύμως
3571 2516 3633 2583 τὴν

2148 2604 2469 2673 Ἐλεσαλὲμ,
2517 2605 2545 2657 ὃ
2595 2607 2959 2676 ἑρμηνεύεται
3011 2610 3312 2678 σωτηρίας
3357 2611 3531 2677 νόμος.
3570 2607 3632 2656 καὶ

2133 2686 2324 2765 ’νόμος
2356 2696 2526 2761 Θεοῦ,
2554 2700 2757 2767 κυρίως
2794 2699 3023 2766 ὀφείλων
3049 2700 3327 2768 λέγεσθαι,
3355 2699 3508 2760 καθὼς
3533 2698 3634 2765 εἴρῃ·

2140 2806 2262 2851 ται,
2302 2788 2463 2857 νόμος
2502 2788 2882 2858 κατακρίσεως
2921 2792 3018 2842 καὶ
3061 2791 3318 2845 θανάτου.
3353 2792 3450 2844 Καὶ
3481 2788 3633 2854 αῦτηή

2143 2880 2255 2941 ὁδὸς
2282 2881 2456 2932 οἰκεία
2485 2881 2675 2947 γέγονε
2700 2882 2930 2953 τοιούτῳ
2956 2885 3108 2954 νόμῳ
3141 2886 3234 2937 καὶ
3262 2883 3516 2955 νομοθέτῃ,
3537 2880 3632 2933 ὥστε

2136 2974 2214 3043 τῷ
2253 2972 2348 3024 τοῦ
2393 2972 2709 3042 σωματικοῦ
2753 2975 2983 3027 θανάτου
3031 2977 3187 3047 φόϐῳ
3232 2972 3631 3045 συγκατατίθεσθαι

2135 3064 2212 3135 τῷ
2244 3065 2335 3117 τοῦ
2372 3066 2589 3118 αἰωνίου
2627 3065 2859 3119 Θανάτου
2896 3066 3046 3137 νόμῳ
3073 3083 3087 3096 ·
3128 3067 3314 3138 ὥσπερ
3346 3068 3399 3120 τὸ
3429 3064 3627 3119 ἀνάπαλιν

2137 3159 2184 3209 οἰ
2217 3158 2534 3229 Χριστιανοὶ
2563 3155 2656 3208 τοῦ
2690 3157 3007 3227 σωματικοῦ
3038 3159 3275 3211 θανάτου
3306 3154 3629 3226 καταφρονοῦν·

2138 3268 2264 3314 τες,
2302 3250 2634 3319 τυγχάνουσι
2678 3250 2777 3319 τῆς
2815 3250 3039 3303 αἰωνίου
3085 3250 3257 3321 ζωῆς.
3296 3251 3424 3305 Ἰδὼν
3458 3247 3631 3300 τοίνυνὸ

2139 3340 2385 3408 Μωάμεθ
2411 3378 2425 3403 ,
2462 3340 2663 3407 μᾶλλον
2693 3339 2749 3391 δὲ
2785 3342 2812 3392 ὁ
2844 3341 3075 3409 τροφεὺς
3116 3342 3283 3395 αὐτοῦ
3316 3341 3548 3400 διάὸολος,
3570 3335 3631 3385 τὸν

2139 3433 2302 3501 νόμον
2330 3430 2520 3485 τοῦτον
2553 3431 2643 3483 τοῦ
2679 3431 2827 3484 θείου
2860 3432 3023 3500 νόμου
3061 3433 3341 3494 παντελῶς
3369 3433 3628 3497 διιστάμενον

2141 3522 2234 3576 τοῦ
2260 3540 2319 3575 τε
2350 3525 2407 3575 ὲν
2432 3524 2498 3592 τῇ
2526 3521 2737 3592 Παλαιᾷ
2766 3523 2859 3577 καὶ
2889 3526 2946 3574 ἑν
2973 3525 3037 3590 τῇ
3071 3524 3273 3594 Καινῇ,
3303 3523 3422 3576 ἀλλᾶ
3448 3520 3520 3572 καὶ
3541 3515 3628 3583 πρὸς

2145 3615 2335 3669 ἑαυτὸν
2365 3614 2761 3683 διαφωνοῦντα,
2793 3615 2885 3667 καὶ
2916 3615 3042 3667 ἄνευ
3077 3618 3281 3679 παντὸς
3313 3616 3398 3669 καὶ
3422 3614 3547 3680 λόγου
3569 3607 3628 3660 κεῖ

2146 3708 2423 3775 θαύματος
2449 3708 2543 3759 καὶ
2570 3711 2781 3778 φανερά
2806 3708 3135 3776 περιέχοντα
3159 3709 3346 3777 ψεύδη,
3370 3706 3449 3759 καὶ
3472 3699 3628 3757 πολλοὺς

2147 3798 2435 3852 ὑπολαδὼν
2459 3798 2545 3851 διὰ
2568 3802 2742 3853 ταῦτα
2767 3799 2985 3853 ἔσεσθαι
3007 3800 3141 3863 τοὺς
3168 3798 3495 3871 ἀντεροῦντας
3514 3789 3625 3855 αὐτῷ.

2146 3890 2378 3944 δέδωκεν
2409 3885 2557 3960 αύτῒξ)
2583 3891 2661 3961 τῷ
2691 3890 2935 3961 Μωάμεθ
2968 3892 3205 3961 δργανον
3231 3894 3433 3955 οἰκεῖον,
3456 3884 3629 3938 τουτέττι

2150 3984 2300 4051 ξίφος
2332 3982 2467 4053 πρὸς
2498 3984 2558 4035 τὸ
2594 3982 2842 4051 φονεύειν
2863 3998 2877 4014 ο
2912 3986 3009 4038 καὶ
3042 3985 3209 4047 αὐτὸς
3242 3983 3451 4037 δέδωκεν
3476 3973 3627 4038 ἐντολὴν

2150 4075 2205 4125 ὲν
2231 4074 2308 4143 τῷ
2336 4075 2484 4145 νόμῳ
2513 4074 2837 4142 φονεύεσθαι
2867 4076 3077 4138 πάντας
3103 4077 3233 4140 τοὺς
3282 4068 3628 4138 ἐναντιουμένους

2153 4167 2244 4216 καὶ
2279 4166 2355 4235 μὴ
2390 4167 2765 4229 πιστεύοντας.
2794 4168 2904 4219 Καὶ
2933 4166 3023 4219 διὰ
3048 4167 3210 4221 τοῦτο
3239 4169 3333 4220 ούκ
3360 4169 3411 4218 ὲν
3433 4165 3496 4216 ἑνὶ
3519 4173 3627 4223 κεςν

477 4251 604 4304 Haec
637 4249 723 4315 via
756 4243 1043 4299 manifeste
1074 4240 1349 4294 contraria
1391 4247 1475 4292 est
1500 4237 1741 4301 Christo,
1774 4236 1864 4305 qui
1894 4250 2038 4287 man-

2150 4255 2286 4325 λαίῳ
2318 4257 2474 4326 μόνον
2504 4255 2744 4324 λέγεται,
2776 4258 2910 4311 ἁλλά
2940 4257 3006 4309 δι’
3028 4259 3150 4311 ὅλου
3169 4258 3261 4311 τοῦ
3281 4257 3479 4327 βιϐλίον,
3499 4251 3624 4311 citati?

474 4341 570 4396 dat
600 4353 655 4393 et
682 4337 932 4392 inimicos
956 4348 1162 4397 amare,
1183 4342 1236 4386 et
1254 4346 1353 4400 pro
1386 4327 1839 4399 persequentibus
1861 4340 2042 4390 orare,

477 4444 530 4488 et
564 4433 644 4485 eis
672 4430 765 4498 qui
801 4442 901 4482 nos
933 4425 1223 4483 olfendunt
1254 4423 1600 4478 benefacere.
1629 4420 1737 4474 Sed
1769 4419 2050 4473 Mahome-

481 4535 567 4579 tus
597 4519 917 4577 Antichristi
947 4531 1253 4587 praecursor
1299 4516 1598 4578 exsistens,
1642 4514 1786 4567 viam
1840 4527 2050 4582 prmpa-

479 4616 620 4671 ravit
649 4616 702 4668 in
735 4610 942 4666 mundo
972 4608 1080 4662 lilio
1106 4606 1457 4677 perditionis.
1499 4603 1631 4669 Qua:
1662 4605 1745 4655 via
1780 4610 2046 4671 quantum

478 4722 561 4769 est
593 4706 1007 4769 irrationabilis,
1038 4702 1390 4757 manifestum
1428 4700 1529 4753 fuit
1586 4700 1641 4752 in
1676 4708 1869 4751 octavo
1902 4696 2051 4763 capi-

481 4806 616 4860 tulo.
649 4802 863 4858 Etenim
893 4800 1036 4854 sicut
1061 4795 1197 4853 dicit
1226 4793 1563 4863 Augustinus
1592 4809 1604 4843 :
1633 4790 1902 4843 Caeterum
1932 4795 2051 4855 pot-

481 4907 567 4949 est
596 4894 760 4946 homo
791 4888 997 4943 invitus
1021 4883 1264 4947 credere,
1296 4890 1476 4952 potest
1496 4879 1657 4933 etiam
1683 4878 1931 4932 conlitcri
1956 4891 2050 4930 ore

481 4989 573 5058 qui
603 4987 818 5056 cogitur
840 4983 1105 5046 credere;
1141 4979 1306 5033 corde
1350 4988 1532 5031 autem
1564 4975 1788 5029 credere
1826 4971 2049 5026 minime

484 5081 602 5151 cogi
635 5089 836 5150 potest,
870 5091 993 5131 eum
1023 5076 1137 5144 ipse
1172 5071 1439 5126 Dominus
1469 5070 1703 5122 maxime
1731 5081 1827 5121 cor
1858 5066 1925 5120 ab
1954 5066 2052 5119 ho-

483 5173 629 5225 mine
660 5177 891 5238 quzerat,
918 5167 1070 5235 juxta
1106 5158 1239 5217 illud
1282 5181 1292 5214 :
1334 5180 1350 5211 ι
1390 5160 1511 5226 Fili,
1577 5158 1759 5228 praahe
1787 5158 1919 5210 mihi
1960 5171 2054 5210 cor

488 5263 749 5317 tuum".i
791 5256 1068 5312 Deductus
1101 5265 1284 5309 autem
1309 5252 1409 5305 fuit
1447 5251 1754 5304 Mahometo
1793 5257 1847 5301 et
1882 5262 2055 5301 avun-

485 5352 639 5407 culus
672 5350 790 5420 ejus
816 5346 1004 5402 dicens
1032 5364 1043 5400 :
1080 5345 1223 5411 Quid
1256 5343 1412 5406 mihi,
1467 5344 1513 5396 si
1563 5341 1667 5394 hoc
1697 5356 1805 5393 non
1843 5339 2051 5403 fecero,

488 5443 560 5495 tili
610 5441 796 5495 fratris
832 5438 983 5492 mei?
1035 5436 1135 5491 Cui
1181 5436 1292 5506 jam
1338 5434 1680 5487 Mahometus
1730 5430 2052 5499 respondit:

489 5534 806 5589 interimam
835 5539 907 5595 te,
933 5544 966 5584 o
987 5528 1275 5583 avuncule.
1309 5527 1404 5583 Hic
1432 5535 1615 5581 autem
1645 5524 1781 5579 dixit
1815 5540 1827 5578 :
1853 5525 2059 5594 impos-

557 5693 601 5723 "
636 5695 794 5746 l’rm'.
830 5706 983 5755 χχιιι,
1022 5689 1113 5743 26.

2151 4367 2233 4411 τις
2262 4350 2451 4421 ἐντολὴ
2478 4349 2730 4415 καθόλου,
2758 4353 3157 4421 Ἀποκτείνετε,
3185 4342 3623 4405 ἀποκτείνετε-Αὕτη

2154 4441 2186 4510 ἡ
2218 4441 2332 4503 ὁδὸς
2362 4442 2611 4511 φανερῶς
2641 4444 2858 4496 ἐναντία
2889 4445 3006 4497 ἐστὶ
3031 4443 3107 4513 τῷ
3139 4443 3367 4516 Χριστῷ,
3392 4441 3440 4502 ὃς
3465 4432 3627 4493 imi)?“

2153 4550 2244 4584 ται
2278 4534 2372 4585 καὶ
2400 4534 2526 4597 τοὺς
2554 4536 2782 4605 ἐχθροὺς
2809 4538 3049 4606 ἀγαπᾷν,
3081 4540 3178 4589 καὶ
3206 4536 3338 4605 ὑπὲρ
3364 4535 3455 4585 τῶν
3478 4523 3627 4581 διωκάν·

2153 4643 2262 4679 των
2291 4628 2566 4698 εῦχεσθαι,
2597 4631 2690 4683 καὶ
2715 4632 2839 4693 τοὺς
2869 4629 3206 4699 βλάπτοντας
3232 4613 3624 4696 εύεργετείν.“Ᾱὶλ’

2152 4719 2180 4769 ὁ
2206 4717 2450 4787 Μωάμεθ
2477 4718 2569 4771 τοῦ
2602 4719 2972 4789 ’Λντιχρίστου
2999 4722 3302 4790 πρόδρομος
3327 4720 3412 4782 ὢν,
3434 4712 3524 4767 ὀξὺν
3544 4718 3626 4773 ’τίδ’

2155 4806 2456 4874 ητοίμασεν
2487 4806 2542 4856 ὲν
2573 4805 2871 4876 τῷκόσμῳ
2897 4805 2973 4876 τῷ
3000 4806 3099 4876 τῆς
3129 4807 3391 4866 ἀπωλείας
3417 4800 3522 4867 νίῴ·
3546 4794 3623 4857 id“

2155 4898 2271 4959 ὁδὸς
2305 4898 2469 4950 πόσον
2499 4898 2642 4948 ἐστὶν
2674 4897 2886 4963 ἄλογος,
2920 4896 3078 4967 δῆλον
3109 4898 3324 4964 γέγονεν
3352 4897 3401 4948 ὲν
3427 4888 3488 4958 τῷ
3509 4878 3624 4948 δτδέφ

2158 4983 2458 5051 κεφαλαίῳ.
2490 4981 2596 5036 Καὶ
2623 4984 2753 5054 γὰρ,
2783 4982 2966 5047 καθώς
2993 4976 3155 5053 φησιν
3182 4984 3254 5034 Αύ
3268 4978 3519 5048 γουστῖνος,
3540 4966 3625 5018 ἄλη

2159 5076 2257 5144 μὲν
2293 5077 2357 5131 άν
2391 5092 2475 5139 τις
2517 5075 2768 5146 δυνηθείη
2815 5078 2907 5128 καὶ
2953 5079 3027 5144 μὴ
3071 5073 3397 5149 βουλόμενος,
3426 5057 3625 5149 mutabili

2158 5141 2213 5218 δὲ
2241 5167 2492 5236 ούδαμῶς
2521 5141 2660 5237 πλὴν
2688 5141 2874 5218 θέλων.
2909 5141 3057 5235 Ἐρεῖ
3073 5141 3250 5218 τοίνυν
3272 5141 3625 5230 ὁ’βιασ6είς’Τῴ

2164 5261 2262 5329 μὲν
2292 5258 2505 5327 “bi-{au
2534 5258 2796 5321 πιστεύων
2826 5255 3074 5325 οὐδαμῶς
3101 5256 3156 5308 δὲ
3181 5256 3244 5322 τῇ
3274 5247 3447 5318 καρδίᾳ
3472 5250 3626 5325 πιστειτ

2164 5361 2286 5407 σει,
2322 5343 2486 5396 αὐτοῦ
2522 5342 2612 5396 τοῦ
2658 5345 2865 5413 Κυρίου
2911 5344 3144 5413 μάλιστα
3180 5341 3273 5409 si}:
3306 5334 3498 5404 καρδίαν
3528 5331 3625 5386 :9.“

2160 5437 2252 5488 τοῦ
2283 5434 2569 5505 ἀνθρώπου
2600 5435 2909 5506 ζητοῦντος,
2942 5437 3082 5488 κατά
3112 5436 3168 5486 τό
3193 5450 3206 5462 ·
3243 5452 3260 5483 ι
3287 5431 3367 5483 re
3386 5467 3398 5491 ,
3424 5416 3625 5509 παράτκίξ

2168 5546 2258 5599 μοι
2287 5529 2387 5598 τὴν
2418 5529 2644 5597 καρδίαν
2679 5545 2791 5582 σου.
2829 5548 2846 5581 ι
2883 5529 3138 5599 Παρήχθη
3167 5527 3219 5579 δὲ
3248 5525 3315 5592 τῷ
3340 5509 3537 5581 nemo
3563 5512 3626 5553 και
