3862 6220
310 374 449 439 1105

1507 382 1809 443 CONTRA
1850 381 2356 445 MMlOMETEM.

3414 378 3550 445 1106

306 487 336 539 6
367 486 509 547 Θεῖος
537 484 702 539 αὺτοῦ
733 488 1078 557 Σαρῤακηνδς
1110 490 1387 558 ἐσόμενος,
1419 491 1513 543 καὶ
1544 487 1663 544 εἷπε
1684 508 1698 522 ·
1731 493 1795 544 Τί
1827 493 1877 545 δὲ

1984 494 2144 548 sibile
2201 505 2300 549 cst‘
2332 506 2450 547 esse
2484 491 2756 561 quoddam
2789 488 2983 543 aliud?
3032 487 3174 543 Nihil
3204 486 3348 541 aliud
3392 485 3550 542 dixit.

306 576 460 628 ἔσται
494 576 618 643 ἐμοὶ
653 577 726 647 μὴ
758 580 912 633 τοῦτο
946 583 1278 652 ποιήσαντι,
1313 583 1395 635 υἱὲ
1427 584 1522 636 τοῦ
1556 583 1693 653 ἐμοῦ
1724 584 1879 637 ἀδελ-

305 659 531 735 φοῦςᾯ
552 667 613 738 δὴ
646 670 671 720 ό
701 670 947 740 Μωάμεθ
973 672 1302 742 ἀπεκρίνατο
1333 689 1348 703 ο
1383 674 1695 727 Ἀποκτενῶ
1724 692 1803 740 σε,
1834 669 1879 727 ὦ

304 757 434 812 θεῖε.
478 758 535 811 Ὀ
578 760 634 812 δὲ
680 757 853 827 εἶπεν,
893 764 1178 819 Ἀδύνατον
1222 762 1365 818 εἷναί
1409 784 1461 819 τι
1506 767 1669 834 ἄλλος
1716 769 1881 822 Οὐδὲν

304 849 490 920 ἕτερον
520 851 647 922 ἔφη.
679 855 790 907 Kal.
820 853 972 910 εἶπεν
1002 861 1028 910 ό
1060 860 1201 919 θεῖος
1224 900 1239 924 ,
1279 860 1658 930 ’Λκολουθήσω
1690 880 1769 916 σοι
1802 865 1881 927 εἰς

302 943 439 1013 ὅπερ
472 944 538 997 ἂν
573 946 735 1017 θέλῃς
757 987 771 1012 ,
807 949 1027 1022 γλώσσῃ
1066 952 1258 1019 μόνον,
1295 952 1413 1005 ἀλλ’
1437 955 1496 1005 ού
1534 954 1764 1025 καρδίᾳ,
1801 955 1879 1024 τῷ

301 1034 408 1086 δέει
435 1035 527 1088 τοῦ
560 1035 769 1104 ξίφους.
803 1038 861 1091 '0
889 1040 943 1092 δὲ
978 1042 1153 1113 Ὀμὰρ
1180 1043 1209 1095 6
1238 1043 1352 1106 υἱὸς
1376 1043 1467 1096 τοῦ
1503 1046 1877 1116 Κατεμπααδῆ

304 1125 748 1196 ἀναγκαζόμενος
780 1124 902 1184 εἶπε
926 1173 938 1195 ,
976 1132 1147 1202 Κύριε
1170 1176 1183 1199 ,
1221 1134 1283 1186 σὺ
1320 1129 1468 1198 οἶδας
1501 1137 1582 1190 ὅτι
1622 1137 1768 1206 μόνῳ
1801 1138 1878 1207 τῷ

304 1214 413 1268 τοῦ.
437 1217 666 1271 θανάτου
704 1220 853 1289 φόϐῳ
889 1223 1114 1292 γίνομαι
1149 1225 1522 1296 Σαρῤακηνός.
1558 1229 1667 1283 Καὶ
1700 1231 1727 1282 6
1763 1230 1877 1293 υίὸς

303 1307 359 1359 δὲ
388 1308 481 1361 τοῦ
510 1311 860 1379 Ἐμπιασταᾶ
887 1317 963 1385 τῷ
992 1317 1142 1386 φόϐῳ
1171 1316 1266 1369 τοῦ
1297 1318 1482 1385 ξίφους
1511 1320 1703 1388 γέγονε
1737 1322 1877 1392 Σαρ-

1985 586 2052 639 Ει
2080 585 2211 638 dixil
2241 584 2547 638 avunculus
2587 601 2601 637 :
2628 584 2839 650 Sequar
2871 590 2921 635 te
2948 580 3016 635 ad
3048 579 3419 650 quodcunque
3450 595 3551 633 vo-

1986 676 2177 738 lueris,
2210 676 2394 747 lingua
2423 684 2654 738 tantum.
2692 675 2787 730 sed
2809 690 2917 729 non
2949 673 3136 738 corde,
3170 673 3365 728 timore
3382 671 3553 728 ensis.

1984 767 2348 824 Omarautem
2409 767 2553 822 (ilius
2583 767 2899 836 Catempadi
2958 774 3182 821 coactus
3239 763 3573 835 dixit:Do-v

1986 862 2156 923 mine,
2183 870 2239 915 tu
2274 861 2381 915 scis
2415 860 2563 930 quod
2597 860 2715 914 solo
2743 860 2941 914 timore
2993 858 3189 913 mortis
3226 857 3299 912 ilo
3330 856 3557 910 Sarace-

1984 971 2111 1009 nus.
2144 955 2209 1008 Et
2241 954 2385 1007 (ilius
2412 936 2595 1007 autem
2626 952 2945 1021 Empiascaa
2967 952 3161 1005 timore
3198 948 3348 1004 ensis
3379 947 3556 1002 factus

1983 1054 2067 1101 est
2101 1045 2432 1100 Saracenus.
2488 1042 2648 1098 Unde
2686 1043 2834 1096 misit
2885 1053 2941 1098 et
2994 1042 3206 1096 litteras
3253 1040 3319 1094 ad
3352 1039 3554 1099 Mesce.

1982 1152 2120 1207 quas
2140 1137 2337 1191 mulier
2350 1136 2597 1205 quaedam
2623 1133 3039 1190 occultavitsub
3065 1132 3313 1188 crinibus
3335 1131 3552 1200 capitis,

1981 1229 2244 1287 nuntians
2276 1228 2363 1282 his
2393 1228 2486 1296 qui
2513 1239 2642 1283 sunt
2674 1228 2728 1281 in
2752 1226 2887 1281 urbe
2912 1227 3206 1281 adventum
3237 1224 3553 1288 Mahometi,

1981 1329 2039 1375 ut
2068 1324 2326 1373 caverent
2366 1317 2467 1386 ipsi
2502 1319 2610 1369 vim
2637 1316 2898 1371 doctrina:
2933 1316 3098 1371 illius.

304 1401 558 1469 ρακηνός.
580 1402 741 1456 Ὅθεν
765 1404 976 1476 ἔπεμψε
1003 1410 1097 1461 καὶ
1124 1410 1422 1480 γράμματα
1450 1413 1528 1476 είς
1584 1412 1682 1482 τὴν
1740 1412 1947 1478 Μεσκὲ,
1980 1411 2015 1467 ἀ
2059 1412 2195 1482 γυνή
2239 1428 2321 1473 τις
2364 1409 2598 1479 ἔκρυψεν
2640 1408 2743 1461 ὖπδ
2779 1417 2877 1471 τὰς
2916 1408 3108 1477 τρίχας
3143 1407 3244 1476 τῆς
3285 1406 3555 1477 κεφαλῆς.

306 1492 525 1560 μηνύων
556 1497 667 1557 τοῖς
710 1497 767 1550 ὲν
799 1500 867 1570 τῇ
905 1499 1057 1553 πόλει
1091 1503 1190 1571 τὴν
1226 1503 1529 1572 παρουσίαν
1563 1506 1660 1558 τοῦ
1702 1505 1949 1575 Μωάμεθ
1972 1547 1987 1571 ,
2052 1504 2194 1557 ὥστε
2263 1500 2605 1570 φυλάξασθαι
2672 1501 2868 1563 αὐτοὺς
2899 1500 2997 1569 τὴν
3063 1498 3184 1568 βίαν
3216 1498 3315 1567 τῆς
3346 1497 3551 1551 ἐκείνου

300 1582 673 1651 διδασκαλίας.

386 1676 584 1730 ’ἰστέον
613 1679 668 1732 δὲ
698 1680 959 1751 τέτταρας
994 1677 1138 1737 εἶναι
1170 1686 1367 1756 μοίρας
1398 1687 1506 1741 τῶν
1532 1689 1876 1760 κατεχόντων

2050 1685 2368 1741 Notandum
2404 1691 2608 1746 autem,
2668 1692 2905 1753 quatuor
2952 1696 3073 1738 esse
3130 1691 3313 1751 partes
3362 1697 3552 1737 eorum

301 1769 401 1836 τὴν
461 1770 669 1840 πλάνην
712 1774 805 1825 τοῦ
851 1778 1094 1847 Μωάμεθ
1123 1794 1137 1809 ”
1176 1779 1365 1850 πρώτη
1419 1783 1582 1850 μοῖρα
1628 1781 1738 1834 τῶν
1785 1782 1876 1834 τόν

302 1860 758 1933 Σιρρακηνισμὸν
815 1866 1154 1921 ύπελθόντων
1211 1871 1301 1924 διὰ
1336 1870 1446 1924 τοῦ
1516 1871 1738 1940 ξίφους,
1802 1872 1877 1936 ὼς

301 1951 553 2021 εἴρηται·
596 1954 645 2006 οἳ
681 1956 777 2008 καὶ
806 1955 901 2008 νῦν
951 1958 1048 2029 τὴν
1089 1960 1298 2014 ἑαυτῶν
1330 1961 1694 2029 γινώσκοντες
1739 1961 1880 2015 πλάο

299 2058 421 2110 νην,
448 2045 794 2114 ἐξωμόσαντο
829 2050 894 2102 ἀν
931 2051 1113 2118 αὐτὸν,
1145 2054 1193 2106 εἰ
1220 2053 1294 2123 μὴ
1324 2054 1382 2107 τὸ
1415 2054 1569 2121 ξίφος
1614 2053 1874 2109 ἐδειλίων.

305 2131 479 2203 Ἀλλη
515 2136 681 2205 μοῖρά
725 2137 846 2189 ἐστι
895 2139 1002 2192 τῶν
1060 2140 1163 2193 ὑπὸ
1211 2141 1306 2193 τοῦ
1356 2142 1610 2195 διαϐόλου
1659 2144 1877 2213 ἠπατηο

306 2223 507 2291 μένων,
534 2229 903 2280 πιστευόντων
951 2229 1127 2301 ἀληθῆ
1179 2229 1318 2284 εἶναι
1362 2231 1430 2285 τὰ
1477 2232 1670 2303 ψευδῆ.
1703 2236 1875 2305 Τρίτη

304 2319 472 2386 μοῖρα
519 2317 628 2370 τῶν
672 2318 747 2390 μὴ
797 2320 1139 2391 βουλομένων
1186 2322 1489 2392 ἀποστῆναι
1536 2326 1637 2396 τῆς
1668 2326 1877 2395 πλάνης

301 2407 412 2457 τῶν
460 2409 740 2477 προγόνων
792 2412 998 2475 αὐτῶν,
1058 2413 1193 2468 ἀλλά
1248 2416 1514 2485 λεγόντων
1566 2422 1787 2487 κρατεῖν
1842 2419 1878 2473 ἃ

301 2497 558 2565 κατεῖχον
601 2498 695 2550 καὶ
744 2497 795 2550 ei
849 2502 1085 2571 πατέρες
1136 2502 1359 2555 αύτῶν’
1421 2498 1495 2565 ὧν
1550 2505 1877 2575 ἀφίστανται

305 2589 531 2655 μᾶλλον,
566 2590 616 2641 οἳ
663 2592 786 2644 ἀντὶ
839 2592 938 2661 τῆς
998 2593 1465 2666 εἱδωλολατρείας,
1610 2599 1877 2669 πρότερον

302 2680 641 2749 κατείχοντο,
674 2683 775 2751 τὴν
807 2682 903 2736 τοῦ
949 2684 1195 2755 Μωάμεθ
1232 2689 1470 2757 αἵρεσιν,
1500 2690 1576 2754 ὡς
1619 2690 1683 2743 ἂν
1715 2687 1878 2764 ἦττον

305 2774 569 2843 πονηρὰν,
599 2775 989 2845 ἀναμφιϐόλως
1032 2780 1364 2849 προείλοντο.
1396 2782 1672 2851 Τέταρτον
1714 2783 1878 2852 μέρος

304 2865 424 2916 ἐστὶ
452 2867 559 2918 τῶν
588 2868 675 2922 διὰ
709 2871 767 2923 τὸ
798 2872 985 2925 ἄνετον
1011 2874 1110 2941 τῆς
1141 2872 1282 2935 ὁδοῦ,
1320 2874 1412 2927 καὶ
1444 2873 1504 2926 τὸ
1537 2875 1644 2927 τῶν
1684 2892 1877 2944 γυναι-

306 2957 420 3011 κῶν
450 2959 673 3029 πλῆθος,
711 2963 806 3015 καὶ
858 2964 926 3017 τά
972 2964 1106 3019 ἀλλα
1153 2966 1429 3037 ἐνδόσιμα,
1463 2966 1663 3037 μᾶλλον
1697 2966 1794 3037 τὴν
1822 2971 1880 3021 ὲν

1985 1777 2078 1847 qui
2119 1777 2357 1831 retinent
2409 1789 2657 1829 errorem
2715 1772 3051 1833 Maliomcti.
3095 1773 3299 1837 Prima,
3360 1788 3553 1829 eorum

1985 1869 2074 1937 qui
2105 1867 2334 1937 ingressi
2378 1874 2505 1921 sunt
2540 1864 2976 1921 Saracenismum
3010 1881 3106 1936 per
3129 1882 3340 1931 ensem,
3369 1875 3428 1921 ut
3469 1868 3561 1922 di-

1984 1969 2135 2015 ctum
2158 1969 2278 2025 est;
2306 1959 2585 2029 quietiam
2620 1975 2767 2013 nunc
2794 1975 2987 2014 eorum
3020 1961 3263 2029 ipsorum
3310 1949 3554 2015 errorem

1985 2060 2404 2121 cognoscentes,
2432 2050 2824 2119 resipiscerent
2848 2051 3060 2120 utique,
3100 2050 3205 2104 nisi
3240 2067 3364 2106 eum
3392 2066 3559 2121 prop-

1984 2150 2069 2197 ter
2104 2157 2293 2195 ensem
2330 2141 2609 2195 timerent.
2644 2141 2768 2195 Alia
2808 2142 3077 2211 particula
3115 2157 3308 2196 eorum
3332 2153 3438 2206 est,
3464 2144 3555 2212 qui

1985 2230 2198 2299 decepti
2229 2239 2355 2284 sunt
2379 2244 2408 2283 a
2444 2229 2688 2294 diabolo,
2725 2232 3014 2285 credentes
3063 2248 3189 2285 vera
3253 2247 3373 2286 esse
3405 2250 3559 2288 men-

1986 2321 2161 2377 dacia.
2198 2321 2385 2377 Tertia
2412 2322 2678 2391 particula
2703 2330 2787 2377 est
2817 2338 3007 2376 eorum
3034 2323 3128 2392 qui
3158 2324 3351 2377 nolunt
3379 2324 3560 2380 disce-

1986 2414 2115 2467 dere
2138 2413 2206 2467 ab
2232 2428 2423 2467 errore
2460 2415 2729 2483 majorum
2758 2429 3007 2479 suorum,
3046 2416 3140 2470 sed
3168 2415 3384 2479 dicunt,
3416 2417 3558 2472 deti-

1988 2521 2118 2559 nere
2153 2521 2210 2559 se
2247 2521 2309 2560 ea
2343 2522 2461 2575 quae
2490 2521 2680 2559 eorum
2713 2516 2894 2573 patres
2937 2507 3274 2569 detinebant,
3298 2524 3327 2561 a
3356 2509 3559 2577 quibus

1986 2597 2223 2650 maxime
2246 2597 2577 2652 discedunt:
2612 2598 2704 2664 qui
2738 2612 2834 2666 pro
2860 2597 3186 2663 idololatria,
3217 2614 3378 2667 quam
3406 2599 3559 2667 prius

1986 2690 2327 2753 detinebant,
2362 2690 2662 2744 Maltometi
2696 2698 2901 2744 sectam
2934 2698 3193 2760 tanquam
3228 2691 3411 2744 minus
3444 2706 3558 2744 ma—

1990 2783 2093 2835 lam
2123 2782 2240 2835 siue
2288 2781 2459 2835 dubio
2496 2782 2800 2851 elegerunt.
2858 2780 3063 2847 Quarta
3088 2796 3218 2850 pars
3244 2796 3437 2836 eorum
3465 2784 3558 2851 qui

1988 2880 2210 2942 propter
2240 2873 2623 2927 remissionem
2662 2874 2808 2936 vita),
2848 2881 2904 2927 et
2936 2872 3223 2927 mulierum
3254 2874 3559 2928 multitudi-

1990 2979 2136 3024 nem,
2154 2972 2209 3019 et
2232 2964 2336 3018 alia
2364 2964 2738 3025 remissibilia,
2766 2964 2948 3031 potius
2971 2963 3027 3017 in
3050 2964 3137 3018 his
3154 2964 3554 3019 immunditiam

304 3051 519 3114 τούτοις
561 3054 902 3126 ἀκαθαρσίαν
951 3060 1049 3127 τῆς
1101 3059 1409 3129 ἀϊδιότητος
1447 3059 1540 3112 τοῦ
1593 3058 1877 3128 μέλλοντος

1984 3071 2145 3124 quam
2168 3055 2525 3110 teteruitatem
2556 3054 2725 3108 futuri
2753 3056 2933 3109 saeculi
2976 3066 3320 3118 amaverunt.
3354 3067 3409 3111 et
3432 3073 3554 3111 cum

306 3144 505 3208 αἰῶνος
544 3147 860 3217 ἠγάπησαν.
907 3151 1014 3229 καὶ
1068 3152 1278 3215 τούτοις
1325 3152 1433 3205 εἰσὶ
1488 3151 1801 3220 σύμφρονες
1832 3154 1881 3205 οἱ

306 3238 463 3309 παρά
504 3242 615 3302 τοῖς
664 3241 1038 3312 Σαῤῥακηνοῖς
1091 3244 1389 3313 σοφώτεροι
1434 3244 1741 3313 λεγόμενοι,
1791 3247 1883 3298 καὶ

308 3332 654 3401 γραμμάτων
697 3334 1063 3403 ἐπιστήμονες
1096 3335 1270 3399 ὄντες.
1308 3336 1382 3390 Ού
1420 3335 1527 3404 γὰρ
1561 3336 1880 3389 πιστεύουσι

304 3421 399 3471 τὸν
428 3421 589 3489 νόμον
623 3422 847 3475 ἐκείνων
885 3420 1063 3490 ἀληθῆ
1098 3417 1256 3483 εἶναι,
1305 3421 1337 3491 ἢ
1388 3422 1596 3489 ἀγαθὸν
1649 3422 1876 3485 ἀπλῶςο

304 3510 423 3563 ἀλλ’
451 3512 483 3582 ἠ
519 3514 809 3586 σφοδρότης
842 3513 947 3567 τῶν
971 3514 1175 3584 ἡδονῶν
1210 3514 1521 3566 καταπαύει
1554 3514 1653 3585 τὴν
1696 3514 1881 3584 κρίσιν

301 3604 399 3657 τοῦ
430 3604 615 3672 λόγου,
643 3605 718 3669 ὣς
762 3623 930 3677 φησιν
980 3609 1007 3659 6
1063 3608 1259 3675 σοφός·
1310 3605 1499 3669 ὥσπερ
1554 3605 1645 3657 καὶ
1693 3605 1882 3659 πολλοὶ

304 3697 652 3768 γραμμάτων
701 3698 958 3768 ἔμπειροι
1016 3698 1170 3768 παρά
1231 3699 1343 3760 τοῖς
1409 3698 1758 3768 Χριστιανοίς
1818 3698 1878 3751 ού

309 3791 643 3860 φυλάττουσι
691 3790 782 3844 τὸν
805 3790 899 3845 τοῦ
956 3789 1294 3858 Εὐαγγελίου
1346 3790 1531 3860 νόμον,
1562 3790 1739 3843 καίτοι
1785 3808 1881 3843 πι-

306 3884 592 3945 στεύοντες
639 3881 814 3952 ἀληθῆ
859 3876 1000 3935 εἶναι
1048 3883 1142 3934 ναὶ
1186 3880 1428 3949 ἀγαθόν’
1462 3878 1663 3951 μᾶλλον
1692 3883 1880 3954 δὲτὴν

303 3971 424 4025 ὁδὸν
459 3970 755 4041 μιμοῦνται
790 3970 883 4023 τοῦ
928 3969 1276 4037 Ἀλκοράνου,
1308 3970 1490 4023 καίτοι
1512 3958 1877 4036 ’πιστεύοντες

304 4065 394 4119 ἐπ’
440 4063 700 4134 ἀληθείας
752 4065 961 4118 ἐκεῖνον
1020 4063 1355 4119 πεπλάσθαι.
1400 4064 1510 4116 Καὶ
1558 4062 1751 4116 τούτου
1786 4081 1882 4133 ση-

306 4159 463 4230 μεῖον
520 4163 578 4213 ὲν
635 4144 1009 4230 ἀμφοτέροις’
1066 4157 1510 4228 μετατιθεμένων
1557 4157 1666 4226 γάρ
1718 4172 1879 4209 τινων

305 4252 678 4326 Σαρῤακηνῶν
726 4255 807 4316 είς
860 4251 1245 4322 Χριστιανοὺς,
1279 4252 1374 4303 καὶ
1414 4247 1759 4319 Χριστιανῶν
1793 4264 1880 4300 τι-

304 4355 414 4401 νων
464 4347 765 4417 γινομένων
821 4342 1232 4416 Σαρρακηνῶν,
1304 4342 1331 4394 6
1397 4342 1496 4411 μὲν
1551 4339 1878 4411 Χριστιανὸς

1989 3147 2077 3201 his
2108 3147 2414 3201 Concordes
2444 3158 2593 3210 sunt,
2622 3148 2715 3216 qui
2744 3147 2890 3216 apud
2944 3164 3039 3203 eos
3064 3150 3429 3219 sapientiores
3454 3168 3554 3223 ap-

1987 3239 2278 3307 pell.-.utur.
2307 3238 2372 3290 Et
2404 3238 2497 3305 qui
2529 3238 2844 3290 litterarum
2886 3239 3136 3309 peritiam
3163 3242 3391 3308 habent,
3443 3259 3554 3298 non

1985 3330 2216 3384 credunt
2247 3330 2420 3397 legem
2448 3328 2661 3381 illorum
2691 3344 2811 3383 esse
2842 3344 3048 3392 veram,
3080 3332 3165 3384 vel
3200 3333 3398 3386 bonam
3424 3337 3555 3389 sim-

1985 3422 2198 3491 pliciter
2231 3438 2246 3475 :
2279 3420 2374 3475 sed
2408 3420 2754 3474 vehementia
2796 3421 3140 3489 voluptatum
3192 3424 3351 3478 sedat
3406 3425 3557 3494 judi-

1983 3513 2129 3566 cium
2154 3512 2402 3577 rationis,
2440 3520 2605 3581 prout
2632 3511 2767 3565 dicit
2808 3512 3049 3581 sapiens.
3110 3513 3265 3568 Sicut
3292 3525 3367 3592 et.
3394 3518 3551 3573 multi

1982 3604 2289 3659 litterarum
2334 3606 2545 3673 experti
2598 3604 2739 3673 apud
2772 3603 3115 3661 Christianos
3176 3621 3284 3661 non
3330 3618 3553 3665 servant

1983 3695 2264 3765 Evangelii
2282 3696 2478 3765 legem,
2519 3694 2622 3749 etsi
2646 3696 2870 3749 credant
2894 3711 3076 3751 veram
3099 3712 3221 3752 esse
3244 3708 3299 3753 et
3330 3700 3550 3766 bonam,

1984 3790 2166 3859 potius
2201 3789 2487 3842 imitantur
2512 3788 2657 3841 viam
2688 3789 2941 3843 Alcorani
2968 3826 2984 3851 .
3045 3792 3296 3859 quamvis
3327 3794 3553 3849 credant

1984 3876 2041 3930 in
2076 3877 2306 3929 veritate
2336 3875 2490 3929 illum
2517 3890 2756 3930 errasse.
2816 3876 2884 3931 Et
2909 3877 3089 3949 hujus‘
3135 3880 3211 3934 rei
3245 3881 3459 3951 signum
3495 3884 3548 3938 in

1984 3968 2231 4038 utrisque
2258 3977 2360 4022 est.
2390 3968 2851 4023 Transmutantur
2881 3970 3023 4024 enim
3045 3970 3265 4040 quidam
3292 3973 3551 4030 Saraceni

1985 4058 2040 4111 in
2057 4056 2817 4121 Christianos,etChristiani
2850 4060 3070 4128 quidam
3107 4062 3242 4137 (iuut
3265 4063 3547 4120 Saraceni.

1982 4150 2331 4204 Christianus
2384 4149 2607 4219 quidem
2640 4166 2925 4221 nunquam
2964 4152 3019 4206 in
3055 4164 3230 4210 morte
3265 4155 3420 4210 ﬁeret
3449 4157 3547 4213 Sa-

1984 4255 2237 4301 raceuus,
2272 4240 2367 4293 sed
2403 4241 2456 4293 in
2515 4240 2659 4304 vita;
2712 4241 3022 4297 Saracenus
3068 4255 3251 4298 autem
3286 4245 3337 4298 in
3375 4256 3551 4302 morte

1984 4332 2167 4401 p0tius
2229 4330 2287 4385 ﬁt
2338 4330 2707 4397 Christianus,
2775 4348 2937 4401 quam
2990 4334 3045 4387 in
3100 4337 3230 4389 vita.
3310 4336 3548 4408 Uterque

303 4409 550 4491 οὐδέποτ’
590 4409 673 4490 ’ἂν
717 4435 775 4487 ὲν
831 4409 1179 4503 ’τῷ-’θανάτῳ
1236 4409 1446 4498 γένοιτο
1499 4409 1871 4499 Σαρρακηνος,

1984 4424 2153 4493 igitur
2200 4424 2396 4478 borum
2447 4425 2628 4493 potius
2659 4425 2811 4494 eligit
2843 4426 3186 4483 Christianus
3216 4432 3351 4486 mori
3391 4448 3554 4501 quam

306 4528 422 4581 ἀλλ’
460 4530 516 4582 ὲν
546 4529 613 4597 τῇ
658 4527 808 4597 ζωῇο
839 4527 866 4578 ό
906 4525 962 4579 δὲ
1010 4521 1365 4595 Σαρρακηνδς
1420 4523 1477 4573 ἐν
1529 4521 1607 4591 τῷ
1661 4520 1876 4588 θανάτῳ

310 4621 513 4693 μᾶλλον
542 4620 751 4689 γίνεται
785 4617 1110 4689 Χριστιανὸς
1143 4616 1176 4687 ἤ
1207 4617 1266 4668 ὲν
1308 4618 1371 4683 τῇ
1408 4613 1541 4683 ζωῇ.
1581 4612 1872 4681 Ἐκάτερος

1985 4514 2311 4579 Saraecnus,
2365 4514 2468 4568 nisi
2522 4515 2706 4585 aliquo
2742 4518 2903 4573 modo
2944 4520 3200 4589 praedicta
3246 4521 3297 4575 vi
3343 4525 3558 4581 abstra-

1983 4609 2195 4664 batur.

301 4718 412 4786 ἄρα
480 4715 803 4781 Χριστιανὸς
877 4713 1112 4783 αἱρεῖται
1189 4708 1391 4779 μᾶλλον
1452 4706 1745 4760 ἀποθανεῖν
1832 4703 2295 4775 ἢΣαρῤακηνός·
2352 4705 2401 4756 εἰ
2450 4704 2524 4774 μή
2574 4720 2677 4757 που
2717 4707 2782 4775 τῇ
2827 4707 3197 4777 προειρημένῃ
3230 4708 3339 4779 ’βίᾳ
3394 4710 3557 4778 ἀφέλ-

299 4825 472 4862 κοιτο.

371 4902 512 4971 Τρία
561 4899 618 4953 δέ
650 4900 755 4952 εἰσι
808 4896 1168 4965 φανερώτατα
1205 4895 1302 4963 τῆς
1334 4894 1455 4964 βίας
1486 4894 1580 4946 τοῦ
1614 4910 1878 4964 προειρη-

303 4996 468 5069 μένου
524 4994 688 5062 νόμου
714 4992 841 5045 ἄνευ
881 4989 974 5042 τοῦ
1028 4987 1454 5058 προρῤηθέντος,
1501 4987 1637 5054 ὅπερ
1686 4982 1754 5056 ἦν
1792 5002 1880 5037 το-

301 5086 572 5146 σαυτάκις
636 5083 815 5150 λέγειν
874 5079 970 5134 καὶ
1027 5080 1394 5147 προστάσσειν
1458 5075 1875 5131 ἀποκτιννύναι.

297 5178 527 5248 Πρῶτόν
562 5176 681 5228 ἐστι
714 5174 774 5228 τὸ
828 5173 918 5225 τὸν
951 5170 1249 5240 Μαχούμετ
1289 5170 1523 5231 ἐκείνοις
1574 5170 1751 5221 εἰπεῖν
1782 5167 1876 5220 ἐπὶ

299 5271 559 5325 τοσοῦτον
623 5269 898 5335 διαμενεῖν
950 5265 1042 5318 τὸν
1093 5266 1257 5332 νόμον
1308 5261 1493 5326 αὐτοῦ,
1526 5260 1612 5328 ἐφ’
1660 5260 1783 5313 ὅσον
1811 5259 1877 5312 ἂν

303 5366 490 5425 αὐτοῖς
525 5361 777 5431 διαμείνῃ
827 5360 921 5410 καὶ
958 5360 989 5429 ἡ
1025 5359 1083 5409 ἐν
1114 5358 1225 5418 τοῖς
1267 5354 1454 5417 ὅπλοις
1509 5354 1681 5422 ἰσχὺς,
1721 5353 1875 5421 καὶὴ

304 5457 641 5526 πρόσκαιρος
679 5451 990 5505 δυναστεία.
1054 5447 1193 5501 Ἀλλ’
1239 5446 1714 5514 ὁμολογουμένως,
1773 5462 1875 5496 κα-

303 5548 413 5612 θὼς
442 5563 607 5616 φησιν
658 5546 685 5597 6
733 5546 1137 5615 Χρυσόστομος,
1172 5538 1396 5607 τοιαύτη
1423 5539 1505 5598 τίς
1535 5538 1681 5588 ἐστιν
1718 5537 1749 5607 ἡ
1779 5535 1876 5599 τῆς

304 5638 563 5709 ἀληθείας
615 5636 797 5705 φύσις,
846 5634 985 5687 ὥστε
1027 5632 1121 5684 καὶ
1166 5629 1316 5700 παρά
1354 5629 1565 5681 πολλῶν
1605 5629 1873 5695 πολεμου-

308 5730 443 5799 μένη
494 5729 695 5799 μᾶλλον
751 5725 991 5795 ἰσχύειν·
1051 5721 1239 5790 ὥσπερ
1293 5719 1388 5771 καὶ
1446 5719 1760 5771 τούναντίον
1814 5718 1876 5771 τὸ

306 5821 499 5890 ψεῦδος
554 5819 660 5875 ὑπὸ
709 5819 921 5873 πολλῶν
975 5813 1361 5890 βοηθούμενον,
1395 5813 1450 5865 ὲν
1503 5809 1680 5878 ἐαυτῷ
1713 5810 1873 5863 ἀσθε-

2048 4889 2175 4945 Tria
2208 4901 2335 4946 sunt
2380 4892 2827 4948 manifestissima
2863 4892 3015 4961 signa
3052 4890 3321 4947 violentia)
3362 4898 3555 4965 prasti-

1975 4994 2075 5039 cue
2118 4983 2276 5052 legis,
2309 4984 2515 5052 absque
2546 4984 2630 5039 his
2672 5000 2792 5053 qua;
2834 4985 2995 5040 toties
3026 4994 3155 5041 ante
3198 4987 3343 5042 dicta
3384 4998 3553 5044 sunt:

1975 5074 2119 5144 quod
2149 5076 2369 5144 quidem
2401 5076 2525 5140 fuit,
2551 5076 2696 5144 quod
2731 5076 2893 5131 toties
2920 5078 3055 5133 dicit
3081 5089 3135 5132 et
3165 5081 3387 5135 mandat
3420 5084 3558 5138 inte-

1974 5166 2198 5220 timere.
2231 5167 2476 5221 Primum
2514 5168 2731 5237 signum
2763 5178 2870 5234 est,
2900 5170 3044 5240 quod
3080 5171 3424 5228 Mahometus
3451 5174 3558 5229 illis

1985 5259 2142 5321 dixit,
2167 5259 2222 5311 in
2257 5268 2463 5312 tantum
2490 5274 2814 5327 permanere
2839 5260 3013 5331 legem
3045 5262 3182 5332 ejus,
3212 5263 3265 5317 in
3292 5277 3553 5333 quantum

1984 5354 2065 5407 eis
2086 5360 2405 5421 permaneat
2433 5362 2487 5405 et
2517 5353 2571 5405 in
2608 5353 2777 5406 armis
2802 5353 2903 5411 vis.
2938 5364 2992 5407 et
3022 5356 3335 5423 temporalis
3366 5370 3559 5425 poten-

1979 5445 2074 5498 tia.
2103 5444 2207 5499 Sed
2240 5446 2382 5499 sicut
2412 5445 2546 5500 dicit
2575 5446 3018 5517 Chrysostomus,
3044 5448 3167 5501 talis
3190 5455 3275 5502 est
3308 5450 3554 5504 veritatis

1980 5546 2198 5603 natura,
2238 5546 2298 5590 ut
2348 5548 2560 5592 etcum
2611 5552 2638 5589 a
2688 5538 2878 5593 multis
2930 5548 3296 5609 oppugnatur,
3358 5541 3556 5597 fortius

1978 5629 2306 5693 invalescat;
2344 5640 2399 5684 et
2421 5645 2451 5684 e
2474 5644 2741 5685 converso
2766 5632 3132 5697 mendacium,
3160 5647 3283 5686 cum
3315 5649 3343 5685 a
3375 5634 3558 5688 multis

1978 5722 2289 5790 adiuvatur,
2324 5722 2377 5775 in
2415 5722 2595 5791 seipse
2625 5722 2967 5777 debilitatur.
3004 5722 3214 5777 Veritas
3248 5723 3415 5794 igitur
3449 5742 3552 5778 non

1975 5813 2188 5909 indiget
2232 5816 2435 5870 auxilio
2484 5831 2547 5870 ex
2586 5816 2873 5884 temporali
2926 5826 3191 5884 potentia,
3238 5826 3293 5871 et
3326 5818 3559 5871 maxime
