3862 6220
331 328 472 398 1109

1532 327 1848 409 CONTRA,
1873 348 2386 411 MAHOMETEM.

3417 357 3554 424 illi)

321 453 451 520 περὶ
479 447 573 504 τοῦ
609 451 724 521 βίου
756 457 850 508 καὶ
880 459 977 526 τῆς
1008 458 1360 523 διδασκαλίας
1399 464 1494 516 καὶ
1526 463 1634 514 τῶν
1662 462 1849 523 Θαυμά

1982 460 2204 524 Christi,
2239 463 2499 532 deinceps
2538 473 2719 518 autem
2754 465 2822 522 de
2854 466 2964 520 vita
3001 469 3056 521 et
3088 467 3336 523 doctrina
3365 471 3420 524 et
3452 475 3551 526 mi-

316 561 428 596 των
458 545 621 596 αὐτοῦ
650 559 664 574 ⁸
698 549 791 597 καὶ
821 550 960 615 μετὰ
989 536 1322 618 ταῦτα’περὶ
1361 553 1454 605 τοῦ
1500 553 1756 616 θανάτου,
1786 555 1878 606 καὶ

315 637 415 702 τῆς
461 634 831 699 ἀναστάσεως,
893 642 985 691 καὶ
1029 639 1133 707 τῆς
1177 641 1516 710 ἀναλήψεως.
1558 642 1646 693 Ἔν
1697 643 1754 694 δὲ
1801 643 1877 710 τῷ

325 725 634 795 Ἀλκοράνῳ
663 729 940 790 παντελῶς
988 734 1213 802 οὐδεμία
1243 735 1359 786 ἐστὶ
1390 734 1564 799 τάξις,
1589 734 1710 788 οὕτε
1752 737 1880 805 χρό-

310 834 427 879 νου,
463 817 584 870 οὐδὲ
641 819 750 888 γὰρ
800 822 946 889 λέγει
993 825 1084 876 ἐπὶ
1134 825 1296 877 τίνων
1342 827 1686 898 βασιλέων,ῆ
1732 829 1874 884 κατὰ

309 909 431 962 τίνα
459 911 666 978 καιρὸν,
705 910 830 963 οὔτε
865 914 1106 981 ἱστορίας
1136 903 1310 982 τάξις.
1349 917 1421 970 Τὸ
1449 918 1547 984 μὲν
1582 918 1691 987 γὰρ
1721 920 1875 987 πρῶ-

305 1013 422 1059 τον,
469 997 592 1050 ὅθεν
647 1001 870 1070 ἤρξατο,
922 1003 1142 1070 λέγεται
1187 1007 1554 1076 ἐπιγραφὴ,ἢ
1613 1008 1876 1074 διὰνοιξις

305 1087 402 1139 τοῦ
433 1087 662 1154 βιϐλίου,
699 1091 757 1140 ὲν
797 1082 842 1155 ᾧ
889 1090 1279 1160 ἀναμφιϐόλως
1319 1097 1536 1156 οἰκείως
1572 1097 1776 1166 ἧρξατο
1810 1099 1874 1151 ὲκ

309 1177 622 1244 προσευχῆς
680 1179 773 1230 καὶ
830 1178 999 1247 ὕμνου
1056 1183 1232 1235 Θεοῦο
1289 1184 1490 1252 ἐφεξῆς
1537 1187 1593 1239 δὲ
1653 1187 1874 1254 ἀμέσως

308 1267 448 1330 μετὰ
483 1268 740 1336 βραχεῖαν
770 1270 934 1340 εὐχὴν
957 1273 1160 1340 ἧρξατο
1185 1275 1283 1344 τῆς
1325 1276 1733 1346 πραγματείας.
1765 1279 1872 1330 Καὶ

304 1359 422 1409 ἐστι
455 1359 746 1426 κεφάλαιον
777 1362 1031 1433 δεύτερον
1071 1367 1199 1435 περὶ
1254 1372 1353 1438 τῆς
1383 1372 1598 1439 πυρρᾶς
1628 1370 1770 1440 βοὸς,
1804 1371 1870 1440 ἣν

302 1449 463 1500 ἔθυσε
515 1450 866 1523 Μωῦσῆς,ἦς
917 1456 1125 1523 ἱστορία
1169 1459 1318 1511 ἐστὶν
1351 1461 1407 1510 ὲν
1462 1459 1540 1529 τῷ
1574 1460 1866 1530 Λευῖτικῷ.

303 1537 500 1625 Τρίτον
530 1540 586 1592 δὲ
634 1544 928 1609 κεφάλαιον
953 1549 1080 1617 περὶ
1116 1548 1208 1602 τοῦ
1249 1549 1398 1603 οἴκου
1446 1552 1539 1604 τοῦ
1589 1552 1865 1625 Ἀϐραὰμ,

303 1627 360 1690 ὃς
389 1629 581 1696 γέγονε
631 1635 813 1703 πατὴρ
854 1637 1168 1701 Μωῦσὲωςο
1210 1642 1267 1692 ὲν
1313 1635 1357 1707 ᾧ
1385 1641 1556 1694 πολλὰ
1601 1645 1728 1710 περὶ
1772 1643 1866 1696 τοῦ

303 1721 537 1788 Χριστοῦ
562 1726 924 1793 παρενέϐαλε,
951 1730 1044 1782 καί
1065 1717 1198 1800 φησι
1220 1734 1317 1801 τὴν
1345 1733 1620 1802 Παρθένον
1644 1735 1865 1805 Μαρίαν

301 1811 538 1882 ἀδελφὴν
561 1815 812 1881 γενέσθαι
840 1817 1116 1886 Μωῡσέως
1146 1828 1238 1877 καὶ
1271 1827 1502 1896 ’Δαρὼν.
1539 1828 1643 1880 Καὶ
1668 1828 1864 1896 ἐφεξῆς

302 1898 496 1955 ἕπεται
528 1906 586 1957 τὸ
619 1906 876 1976 τέταρτον
912 1913 1206 1980 κεφάλαιον
1257 1919 1386 1986 περὶ
1417 1913 1524 1972 τῶν
1561 1923 1857 1986 γυναικῶν.

312 1993 548 2063 Ὁμοίως
581 1997 635 2048 δὲ
686 1999 776 2052 καί
826 2004 953 2071 περὶ
1007 2005 1115 2057 τῶν
1170 2007 1346 2060 ἄλλων
1382 2000 1551 2071 οθτως
1589 2014 1860 2076 ἀτάκτως,

293 2083 438 2137 ὥστε
488 2085 688 2154 μηδένα
721 2087 860 2144 εἶναι
909 2095 1196 2165 ἄνθρωπον
1247 2098 1305 2162 ὃς
1343 2100 1410 2153 ἂν
1443 2101 1657 2156 δύναιτο
1707 2106 1864 2170 λόγον

292 2176 587 2233 ἀποδοῦναι
612 2181 711 2252 τῆς
755 2185 960 2250 τάξεως
989 2188 1089 2256 τῆς
1132 2191 1372 2260 ἱστορίας
1422 2196 1515 2246 καί
1561 2194 1670 2247 τῶν
1697 2213 1864 2265 κεφα-

291 2268 483 2326 λαίων.
527 2273 667 2325 Ἀλλ’
697 2273 815 2328 οὐδὲ
847 2279 879 2345 ἡ
912 2278 1014 2345 τῆς
1040 2278 1173 2348 ὕλης
1204 2281 1352 2344 τάξις
1385 2285 1552 2336 ἐστίν.
1585 2286 1859 2340 Οὐδέποτε

293 2360 406 2430 γὰρ
438 2361 566 2430 μίαν
620 2366 974 2434 ἐπεξέρχεται
1003 2367 1133 2437 ὕλην
1172 2371 1468 2432 εὐτάκτως,
1509 2373 1624 2425 ἀλλ’
1665 2376 1862 2446 ἑφεξῆς

293 2451 404 2502 ἀπὸ
428 2455 556 2518 μιᾶς
589 2453 718 2524 ὕλης
747 2459 831 2526 ἐφ’
863 2461 1056 2530 ἑτέραν
1092 2464 1347 2514 ὑπόθεσιν
1378 2466 1651 2528 παντελῶς
1684 2468 1860 2538 ἀσύμ-

294 2540 461 2592 εατον
525 2547 911 2613 μεταφέρεται,
956 2550 1214 2619 ἄντικρυς
1272 2549 1461 2612 ὥσπερ
1531 2557 1857 2628 ἐξεστηκὼς.

305 2629 452 2682 Ἀλλ’
478 2632 599 2684 οὐδὲ
630 2635 780 2698 τάξιν
807 2637 921 2706 ἔχει
950 2640 1415 2708 ἐπιχειρημάτων,
1459 2643 1491 2712 ἦ
1534 2660 1678 2706 τινος
1727 2647 1860 2698 ἀπο-

290 2720 530 2788 δείξεως.
590 2725 731 2778 Ἀλλ’
784 2729 816 2795 ἡ
872 2729 1191 2785 διδασκαλία
1237 2734 1386 2786 πᾶσα
1442 2735 1499 2798 ἐξ
1549 2733 1860 2800 ὑποθέσεως

295 2814 534 2886 προεισι,
565 2819 660 2870 καὶ
689 2818 1018 2890 ὑποθέμενος
1048 2825 1169 2876 τινὰ
1209 2825 1468 2894 πρότασιν
1497 2826 1622 2878 καθ’
1659 2829 1858 2896 ἑαυτὴν

293 2905 494 2974 ἀληθῆ,
527 2907 584 2970 es
622 2909 834 2980 ἐκείνης
883 2914 1050 2983 ἄλλην
1100 2916 1221 2968 τινὰ
1272 2922 1651 2987 συμπεραίνει,
1691 2921 1858 2991 μηδὲν

292 2997 522 3064 ἔλουσαν
574 3002 748 3053 κοινὸν
811 3005 945 3073 πρὸς
1002 3007 1100 3076 τὴν
1147 3009 1392 3078 πρώτην.
1451 3006 1574 3062 Οἷόν
1627 3014 1744 3064 ἐστι
1799 3012 1860 3064 τὸ

295 3087 539 3159 συνεχῶς
581 3091 711 3162 παρ’
756 3096 922 3148 αὑτοῦ
960 3097 1271 3168 λεγόμενον,
1308 3103 1446 3154 ὃτιό
1490 3101 1620 3166 Θεὸς
1658 3095 1858 3174 bdelli;
1890 3120 1936 3177 α

291 3180 411 3234 ἐστι
461 3183 554 3234 καί
597 3185 822 3252 ἀγαθὸς,
881 3189 972 3240 καὶ
1026 3192 1098 3258 τὸ,
1147 3193 1468 3264 Ἀλκῡράνον
1516 3207 1677 3269 νόμος
1742 3205 1862 3255 ἐστὶ

291 3275 590 3343 σωτηρίας,
617 3277 709 3328 καὶ
733 3279 759 3329 6
788 3279 918 3341 Θεός
944 3283 1054 3331 ἐστι
1083 3282 1234 3346 Θεὸς,
1259 3287 1353 3336 καὶ
1394 3287 1472 3339 ὅτι
1505 3290 1681 3354 οὐδείς
1710 3292 1862 3344 ἐστιν

291 3364 446 3424 ἄλλος
473 3366 604 3426 Θεὸς
641 3369 778 3437 πλὴν
806 3369 900 3420 τοῦ
921 3371 1076 3434 Θεοῦ,
1111 3375 1201 3425 καὶ
1233 3378 1259 3426 6
1294 3377 1537 3446 Μωάμεθ
1572 3382 1688 3432 ἐστὶ
1729 3398 1864 3450 προο

289 3454 466 3522 φὴτης
511 3453 741 3524 ἀληθής.
799 3455 1013 3508 Ὀποῖον
1057 3457 1110 3512 δέ
1155 3461 1270 3513 ἐστι
1318 3461 1476 3514 τοῦτο
1537 3467 1596 3516 τὸ
1650 3470 1862 3535 συμπέ-

289 3559 500 3610 ρασμα,
527 3545 586 3597 τὸ
618 3548 710 3598 τὸν
734 3548 975 3615 Μωέιμεθ
1004 3544 1141 3602 εἶναι
1170 3552 1345 3620 ἁληθῆ
1379 3555 1471 3607 τοῦ
1497 3555 1629 3608 Θεοῦ
1654 3557 1860 3624 δοῦλον,

287 3633 374 3696 (ﬁt
405 3633 433 3683 6
466 3633 596 3695 Θεός
630 3637 745 3687 ἐστι
791 3636 956 3702 Θεὸς;
999 3642 1106 3692 Καὶ
1159 3638 1346 3711 ὥσπερ
1380 3642 1438 3693 ὲν
1477 3643 1552 3712 τῷ
1583 3645 1862 3716 κεφαλαίῳ

287 3724 367 3793 τῷ
408 3725 691 3793 Ἐλμαῖδᾶ,
740 3727 767 3780 6
809 3729 1174 3798 ἑρμηνεύεται
1230 3733 1502 3800 τράπεζα,
1546 3738 1699 3802 φησι,
1751 3739 1862 3791 Κα-

285 3812 552 3882 τέστησεν
582 3816 715 3885 ἡμῖν
745 3818 772 3867 6
800 3817 932 3876 Θεὸς
951 3819 1128 3870 οἰκίαν
1163 3819 1718 3890 Ἑλαραμ,τουτέστιν

288 3901 430 3970 αὕτη
482 3903 632 3956 ἔστιν
681 3902 828 3969 οίκος
870 3909 1093 3986 Meo-xy
1137 3912 1246 3978 μήν
1293 3913 1408 3963 ἐστι
1459 3913 1559 3980 τῆς
1601 3914 1857 3982 νηστείας

285 3996 383 4050 τοῦ
447 3998 928 4069 Σαρῥακηνισμοῦ.
982 4002 1089 4054 Καὶ
1141 4002 1462 4069 γινώσκετε,
1522 4005 1604 4057 ὅτι
1656 4008 1684 4059 6
1728 4007 1858 4063 Θεὸς

286 4090 467 4143 πάντα
507 4087 638 4150 οἵδε,
673 4092 743 4143 τὰ
772 4094 829 4143 ἐν
878 4093 1092 4164 οὐρανῷ
1140 4094 1234 4146 καὶ
1284 4095 1350 4146 τὰ
1399 4096 1490 4150 ἐπὶ
1541 4096 1662 4165 γῆς,
1694 4099 1787 4150 καὶ
1831 4098 1859 4151 6

283 4181 420 4243 Θεὸς
478 4177 585 4234 οἶδε
646 4184 755 4236 πᾶν
810 4184 947 4251 ὅπερ
1008 4184 1176 4238 ἐστίν.
1240 4184 1400 4237 ’Δλλὰ
1455 4185 1540 4246 τίς
1600 4187 1860 4240 τοσοῦτον

283 4273 537 4340 ἀνόητος,
569 4272 700 4326 ὥστ’
737 4274 1121 4342 ἀμφιϐάλλει-ι,
1162 4277 1208 4327 εἰ
1233 4276 1261 4327 6
1298 4277 1428 4338 Θεὸς
1464 4279 1642 4329 πάντα
1677 4274 1854 4338 οἷδεν;

286 4362 468 4415 Ἔστω
495 4362 554 4414 ,δὲ
609 4364 705 4416 καὶ
740 4363 865 4416 τινὰ
907 4365 1292 4433 ἀμφιὸἀὶλειν,
1324 4366 1488 4419 ποίαν
1533 4365 1858 4419 ἀκολουθίαν

1984 555 2183 608 raculis
2209 556 2344 625 ejus,
2379 562 2433 608 et
2461 563 2581 624 post
2611 555 2726 609 haec
2757 556 2826 610 de
2851 565 3024 611 morte
3053 563 3110 612 et
3143 561 3548 616 resurreCtione

1979 651 2034 696 et
2099 646 2471 712 assumptione
2525 646 2676 699 dicit.
2728 646 3000 702 Alcurano
3063 657 3246 703 autem
3324 650 3546 706 omnino

1978 734 2162 788 nullus
2191 742 2272 788 est
2303 737 2436 788 ordo
2469 736 2751 804 temporis.
2794 754 2966 807 neque
3004 738 3150 792 enim
3185 739 3316 796 dicit
3349 742 3549 808 quibus

1979 825 2220 893 regibus.
2252 824 2337 877 vel
2375 826 2672 880 secundum
2705 828 2848 896 quod
2882 839 3114 898 tempus,
3150 846 3330 900 neque
3362 831 3548 886 histo—

1977 915 2071 968 riae
2092 915 2227 969 ordo
2249 923 2350 970 est.
2373 916 2614 970 Primum
2649 918 2795 972 enim
2819 920 3119 988 capitulum
3145 922 3289 976 unde
3316 922 3541 991 incepit,

1976 1006 2178 1061 dicitur
2214 1007 2501 1076 inscriptio
2545 1009 2627 1062 vel
2668 1011 2900 1078 aperitio
2945 1011 3095 1076 libri,
3132 1012 3186 1065 in
3236 1028 3345 1082 quo
3386 1013 3546 1068 indu-

1975 1097 2146 1151 bitato
2181 1097 2399 1167 proprie
2435 1099 2639 1167 incepit
2666 1100 2732 1152 ab
2768 1101 3017 1154 oratione
3055 1111 3109 1157 et
3142 1103 3303 1158 laude
3335 1104 3450 1158 Dei.
3480 1106 3546 1158 Et

1974 1187 2178 1261 absque
2235 1188 2416 1242 medio
2467 1197 2587 1257 post
2631 1189 2854 1245 brevem
2905 1192 3208 1246 orationem
3253 1203 3539 1248 tractatum

1973 1278 2198 1347 incepit.
2238 1279 2303 1331 Et
2335 1288 2420 1332 e‘st
2450 1280 2750 1347 capitulum
2789 1283 3090 1335 secundum
3119 1283 3186 1335 de
3215 1282 3357 1335 l'n'lva'
3384 1283 3541 1344 bove,

1972 1386 2134 1439 quam
2162 1355 2359 1424 obtulit
2389 1369 2622 1440 Moyses.
2642 1373 2800 1438 cujus
2827 1373 3050 1427 historia
3078 1382 3162 1426 est
3196 1375 3246 1427 in
3273 1374 3537 1428 Levitico.

1972 1462 2215 1516 Tertium
2253 1471 2434 1517 autem
2468 1463 2770 1532 capit-nium
2802 1475 2886 1519 est
2923 1465 2990 1518 de
3037 1465 3200 1518 domo
3243 1464 3538 1524 Abraham.

1971 1554 2063 1619 qui
2096 1552 2198 1605 fuit
2223 1561 2375 1620 pater
2401 1552 2585 1622 Moysi,
2621 1554 2675 1606 in
2702 1568 2810 1622 quo
2837 1555 3004 1608 multa
3037 1555 3103 1608 de
3133 1555 3353 1608 Christo
3375 1557 3541 1608 inter-

1970 1642 2118 1706 serit,
2171 1654 2224 1696 et
2280 1642 2414 1696 dicit
2472 1644 2732 1712 virginem
2793 1644 3014 1698 Mariam
3072 1661 3318 1699 sererent
3372 1644 3537 1698 fuisse

1969 1729 2136 1802 Moysi
2185 1741 2239 1786 et
2295 1735 2500 1787 Aaron.
2551 1735 2617 1787 Et
2668 1735 2928 1803 deinceps
2982 1736 3231 1803 sequitur
3281 1747 3534 1801 quartum

1973 1824 2294 1893 capitulum,
2338 1824 2405 1877 de
2457 1825 2795 1880 mulieribus.
2841 1825 3102 1879 Similiter
3149 1836 3328 1881 autem
3374 1837 3427 1881 et
3471 1829 3538 1881 de

1971 1911 2092 1965 aliis
2133 1913 2212 1964 sic
2255 1911 2565 1966 inordinate
2598 1913 2862 1981 procedit.
2900 1913 3036 1968 adeo
3072 1916 3214 1983 quod
3268 1927 3426 1968 uelim
3457 1917 3540 1965 est

1970 2003 2062 2072 qui
2117 2002 2284 2070 possit
2331 2003 2555 2058 reddere
2605 2006 2870 2058 rationem
2922 2007 3132 2061 ordinis
3180 2007 3424 2060 historia)
3489 2013 3540 2056 et

1969 2091 2354 2160 capitulorum.
2387 2094 2448 2145 Et
2481 2109 2657 2162 neque
2686 2097 2929 2148 materize
2961 2097 3095 2149 ordo
3125 2104 3229 2149 est.
3250 2096 3535 2163 Nunquam

1967 2185 2112 2237 enim
2142 2198 2301 2236 unam
2336 2185 2617 2238 materiam
2647 2186 2784 2239 bene
2819 2187 3182 2256 ordinateque
3213 2188 3533 2256 pertransit,

1968 2274 2062 2328 sed
2093 2273 2351 2343 deinceps
2384 2275 2451 2328 ab
2481 2291 2584 2329 una
2633 2278 2856 2332 materia
2887 2279 2952 2331 ad
2998 2279 3224 2331 alteram
3271 2294 3366 2346 per
3409 2294 3537 2345 sup-

1970 2367 2292 2434 positionem
2321 2369 2543 2419 omnino
2572 2370 3010 2436 impertinentcm
3043 2370 3386 2431 transfertur,
3419 2380 3534 2422 lau-

1966 2471 2128 2524 quam
2190 2457 2516 2511 abstractus.
2569 2458 2672 2512 Sed
2721 2467 2776 2513 et
2825 2475 3003 2529 neque
3061 2461 3309 2514 ordinem
3367 2459 3530 2512 habet

1966 2547 2519 2614 argumentationum,
2542 2551 2620 2602 vel
2645 2549 2874 2617 alicujus
2897 2552 3397 2604 demonstrationis.
3425 2552 3527 2604 Sed

1967 2635 2146 2688 omnis
2177 2635 2422 2690 doctrina
2469 2653 2533 2689 ex
2582 2639 2958 2706 suppositione
3001 2639 3270 2706 procedit,
3321 2649 3374 2690 et
3405 2653 3534 2704 sup-

1965 2727 2264 2796 positioncs
2311 2727 2601 2796 quamdam
2655 2731 3085 2798 propositionem
3142 2746 3240 2797 per
3298 2730 3533 2796 seipsam

1966 2833 2254 2883 veram,ex
2287 2820 2374 2873 illa
2405 2822 2564 2874 aliam
2593 2822 2882 2892 quamdam
2916 2821 3209 2882 concludit,
3244 2836 3364 2889 quae
3396 2820 3532 2873 nihil

1966 2921 2254 2964 commune
2317 2913 2478 2965 habet
2511 2913 2578 2965 ad
2632 2913 2886 2981 primam.
2937 2911 3092 2966 Sicut
3138 2920 3222 2966 est
3274 2912 3533 2964 continue

1967 3000 2110 3069 quod
2147 3001 2214 3054 ab
2240 3017 2305 3055 eo
2337 3002 2562 3065 dicitur,
2597 3005 2743 3070 quod
2771 3005 2918 3058 Dens
2950 3013 3035 3057 est
3072 3003 3320 3057 excelsus
3352 3011 3407 3069 et
3437 3001 3532 3053 bo-

1968 3101 2093 3155 nus,
2117 3102 2169 3145 et
2195 3093 2335 3160 quod
2372 3093 2696 3147 Alcuranum
2729 3094 2816 3146 lex
2846 3104 2929 3148 est
2959 3093 3170 3157 salutis,
3199 3101 3252 3145 et
3285 3092 3427 3144 Deus
3451 3098 3536 3144 est

1969 3183 2129 3246 Deus,
2157 3191 2209 3236 et
2249 3185 2391 3251 (μιυά
2426 3185 2608 3254 nullus
2640 3194 2722 3236 est
2752 3184 2891 3237 alius
2927 3184 3068 3236 Deus
3102 3191 3302 3251 pr.eter
3340 3181 3529 3240 Deum,

1964 3285 2016 3326 et
2042 3273 2376 3326 Mahometus
2408 3284 2490 3327 est
2525 3275 2782 3342 propheta
2819 3289 2998 3326 verus.
3039 3274 3168 3337 Quae
3203 3281 3383 3324 autem
3418 3271 3533 3324 haec
3586 3327 3590 3332 ,

1963 3363 2268 3427 conclusio,
2310 3364 2674 3416 Mabmnetum
2710 3379 2828 3416 esse
2855 3379 3046 3416 verum
3080 3363 3171 3415 Dei
3201 3377 3443 3424 servum,
3479 3371 3534 3414 ct

1961 3453 2108 3522 quod
2137 3455 2280 3508 Dens
2304 3463 2387 3507 cst
2417 3453 2594 3506 Deus?
2616 3454 2681 3506 Et
2708 3453 2763 3506 in
2794 3455 3034 3522 capitulo
3056 3453 3356 3515 Elmaiada,
3387 3454 3532 3520 quod

1963 3545 2356 3613 interpretatur
2398 3561 2598 3609 mensa,
2639 3545 2774 3598 dicit
2809 3562 2821 3597 :
2858 3544 3158 3598 Constituit
3200 3544 3358 3596 nobis
3390 3544 3535 3596 Deus

1960 3635 2182 3688 domum
2216 3634 2450 3695 Elaram,
2493 3635 2546 3689 id
2582 3643 2667 3689 est
2712 3634 3033 3689 vocationis.
3068 3635 3193 3687 ilice
3222 3645 3302 3688 est
3336 3635 3533 3687 domus

1961 3735 2178 3778 mensae.
2213 3715 2410 3780 Mensis
2439 3735 2522 3778 est
2554 3725 2746 3795 jejunii
2779 3723 3162 3779 Saracenismi.
3194 3725 3261 3778 Et
3288 3725 3390 3778 hoc
3423 3732 3526 3785 est,

1960 3826 2020 3872 ut
2045 3818 2252 3880 sciatis,
2285 3817 2429 3885 quod
2462 3817 2605 3871 Deus
2634 3820 2815 3871 omnia
2856 3816 3006 3870 novit
3034 3833 3152 3886 qua:
3180 3816 3387 3871 suntin
3420 3830 3532 3869 coe-

1959 3909 2014 3964 lo
2045 3915 2098 3964 et
2127 3925 2246 3978 qua!
2275 3919 2401 3962 sunt
2437 3910 2487 3962 in
2523 3920 2686 3974 terra,
2718 3917 2773 3962 et
2807 3908 2950 3964 Deus
2983 3910 3084 3962 scit
3122 3909 3384 3978 quidquid
3424 3918 3526 3960 est.

1961 3998 2066 4054 Sed
2117 3999 2240 4069 quis
2290 4008 2375 4052 est
2426 4007 2532 4051 tam
2569 3999 2813 4062 demens,
2861 4009 2920 4052 ut
2966 3997 3181 4051 dubitet
3215 3998 3348 4066 quin
3388 3995 3527 4048 Deus

1961 4091 2100 4144 sciat
2128 4088 2348 4143 omnia?
2379 4087 2486 4143 Sed
2517 4090 2696 4159 posito
2729 4089 2875 4158 quod
2911 4089 3190 4143 dubitetur
3218 4089 3286 4140 ab
3322 4089 3523 4155 aliquo,

1961 4199 2081 4252 qua-
2104 4191 2187 4236 est
2215 4183 2329 4238 hazc
2353 4182 2764 4248 consequentia,
2792 4180 2937 4250 quod
2969 4195 3154 4234 mensa
3186 4189 3239 4232 et
3260 4179 3526 4248 jejunium

1961 4274 2166 4327 mensis
2215 4273 2574 4328 Saracenismi
2627 4273 2788 4328 faciat
2836 4274 3000 4339 scire,
3039 4273 3183 4341 quod
3230 4272 3374 4325 Deus
3425 4273 3526 4323 Srit

1958 4365 2179 4432 omnia?
2216 4364 2281 4418 Et
2310 4365 2568 4418 continue
2602 4373 2783 4418 autem
2829 4364 3045 4418 videtur
3073 4363 3221 4433 loqui
3270 4373 3524 4431 tanquam

282 4451 395 4522 ἔχει
427 4453 488 4506 τὸ
515 4454 605 4507 τὸν
643 4451 791 4507 οἷκον
819 4457 1004 4508 Μεσκὲ
1038 4459 1131 4508 καὶ
1158 4459 1258 4526 τὴν
1288 4455 1539 4526 νηστείαν
1568 4456 1662 4509 τοῦ
1712 4460 1852 4529 Σαῤ-

1965 4456 2276 4519 aomniator,
2306 4465 2361 4508 et
2392 4455 2626 4508 maxime
2658 4454 2803 4507 circa
2837 4453 2996 4510 linem
3025 4453 3174 4518 libri,
3211 4456 3300 4509 ubi
3338 4456 3527 4508 viden-

285 4541 626 4610 ρακηνισμοῦ
658 4543 825 4612 μηνὸς
865 4547 1036 4596 ποιεῖν
1065 4543 1356 4610 γινώσκειν
1392 4546 1566 4597 αἴτιον
1595 4546 1849 4610 γενέσθαι

280 4629 378 4682 τοῦ
411 4632 608 4685 ειδέναι
640 4633 732 4684 τὸν
775 4633 908 4688 Θεὸν
938 4636 1114 4686 πάντα
1146 4635 1438 4701 γινώσκειν
1464 4653 1478 4700 ;
1511 4635 1758 4703 Συνεχῶς
1793 4636 1850 4686 δὲ

278 4722 428 4775 δοκεῖ
456 4719 798 4790 διαλέγεσθαι
829 4725 1014 4794 ὥσπερ
1044 4727 1448 4790 ὲνυπνιασθεὶς,
1487 4713 1845 4794 καῖμὰλιστα

281 4816 410 4882 περὶ
448 4815 509 4867 τὸ
542 4816 692 4877 τέλος
737 4815 833 4867 τοῦ
864 4814 1092 4882 βιϐλίου,
1123 4817 1258 4868 ὅπου
1297 4817 1448 4870 δοκεῖ
1491 4820 1620 4888 τοὺς
1657 4820 1853 4887 λόγους

280 4906 587 4959 ἐπιλείπειν
616 4907 768 4976 αὐτῷ
790 4921 806 4937 θ
837 4905 1027 4976 ὥσπερ
1074 4909 1132 4961 ἑν
1177 4909 1254 4979 τῷ
1300 4908 1583 4979 κεφαλαίῳ
1617 4910 1696 4978 τῷ
1732 4909 1852 4963 Ἑλ-

277 4998 546 5066 καφιρὶμ,
577 4997 608 5050 6
629 4997 986 5068 ἑρμηνεύεται
1015 4999 1316 5065 αἱρετικοί,
1337 5003 1472 5070 φησι
1502 5000 1641 5054 κατὰ
1665 5002 1810 5067 λέξιν
1833 5017 1848 5032 '

277 5086 348 5143 Ὢ
383 5091 720 5160 βλάσφημοι,
761 5091 822 5143 οὖ
869 5091 1184 5160 προσκυνῶ,
1222 5089 1250 5143 ὃ
1307 5097 1688 5160 προσκυνεῖτε,
1731 5093 1849 5146 οὗθ’

277 5183 438 5251 ὑμεῖς
496 5183 874 5245 προσκυνεῖτε,
899 5183 927 5234 ὂ
962 5183 1278 5252 προσκυνῶ.
1321 5183 1480 5252 ’Υμῖν
1516 5185 1543 5235 6
1585 5185 1849 5254 ὑμέτερος

275 5278 462 5344 νόμος,
498 5277 590 5326 καὶ
624 5276 748 5342 ἐμοὶ
779 5276 806 5327 ὁ
833 5275 996 5342 νῦμος
1036 5275 1062 5325 6
1091 5274 1245 5342 ἐμός.
1277 5272 1441 5326 Ἀλλὰ
1482 5277 1589 5338 πᾶς
1637 5277 1847 5344 αἱρετι-

274 5366 372 5427 κὸς
429 5364 588 5417 τοῦτο
633 5366 852 5418 δύναται
897 5365 1096 5430 λέγειν,
1133 5364 1220 5416 ἵνα
1276 5363 1544 5433 διακόπτῃ
1581 5365 1680 5433 τὴν
1713 5364 1848 5435 ὓλην

271 5457 377 5525 τὴν
412 5456 541 5525 περὶ
585 5455 687 5525 τῆς
729 5454 1011 5525 ζητήσεως
1058 5453 1157 5523 τῆς
1209 5453 1486 5523 ἀληθείας.
1550 5453 1692 5507 Ἀλλ’
1728 5456 1849 5508 οὐδὲ

280 5546 568 5619 μέμνημαί
601 5565 732 5600 ποτε
787 5548 876 5600 διὰ
934 5547 1134 5606 παντὸς
1182 5547 1277 5598 τοῦ
1311 5545 1516 5615 βιϐλίου
1574 5546 1632 5598 ἒν
1689 5549 1851 5616 μόνον

276 5642 619 5712 ἐπιχείρημα
666 5641 841 5711 εὑρὼν
874 5641 998 5693 κατ’
1025 5639 1244 5692 εὐθεῖαν
1289 5639 1546 5693 ὑπόθεσιν
1582 5641 1676 5692 καὶ
1719 5639 1852 5710 πρέ-

280 5751 492 5789 πουσαν
551 5733 721 5800 τάξιν.
787 5734 852 5789 Ἦ
898 5733 953 5786 δὲ
1014 5732 1124 5785 τῶν
1179 5732 1459 5804 ὀνομάτων
1516 5734 1670 5798 τάξις
1733 5735 1853 5788 ἐκεῖ

1963 4553 2051 4599 tur
2097 4545 2147 4599 ei
2194 4543 2359 4598 verba
2391 4543 2644 4597 deiicere.
2683 4540 2836 4596 Sicut
2869 4542 2923 4595 in
2975 4544 3210 4610 capitulo
3259 4542 3525 4610 Elcaphe-

1961 4654 2079 4691 rum
2133 4637 2278 4706 quod
2322 4637 2713 4705 interpretatur
2761 4635 3013 4699 horretlci,
3061 4635 3194 4690 dicit
3241 4635 3307 4688 de
3360 4634 3525 4685 verbo

1958 4731 2024 4783 ad
2075 4729 2302 4783 verbum
2331 4746 2345 4782 :
2380 4728 2424 4783 Ο
2460 4727 2843 4791 exsecrabiles,
2895 4741 3004 4780 non
3041 4725 3209 4778 adoro
3243 4723 3388 4792 quod
3430 4738 3526 4773 vos

1959 4822 2219 4888 adoratis,
2245 4835 2420 4890 neque
2445 4834 2540 4874 vos
2564 4819 2802 4873 adoratis
2833 4817 2977 4886 quod
3005 4833 3106 4886 ego
3134 4816 3334 4877 adoro;
3368 4813 3524 4868 vobis

1957 4925 2143 4970 vestra
2177 4915 2287 4977 lex,
2325 4921 2380 4966 et
2408 4912 2543 4966 mihi
2573 4927 2689 4965 mea
2717 4911 2824 4964 lex.
2849 4907 2953 4962 Sed
2981 4907 3210 4975 quilibet
3236 4906 3524 4960 haereticus

1955 5013 2138 5076 potest
2177 5004 2281 5056 hoc
2309 5003 2513 5068 dicere,
2547 5011 2606 5055 ut
2635 4999 2926 5054 intercidat
2965 4999 3250 5071 materiam
3293 5015 3413 5066 qua:
3441 5009 3524 5051 cst

1958 5097 2026 5150 de
2069 5093 2425 5163 inquisitione
2456 5092 2722 5146 veritatis.
2758 5091 2824 5143 Et
2867 5105 3045 5158 neque
3083 5090 3405 5142 reminiscor
3435 5101 3522 5140 me

1960 5188 2231 5243 invenisse
2272 5186 2326 5240 in
2360 5192 2474 5240 toto
2505 5184 2648 5239 libro
2677 5198 2839 5237 unam
2883 5184 3054 5238 solam
3097 5180 3520 5252 argumentatio-

1959 5295 2081 5334 nem
2139 5295 2260 5348 quae
2289 5275 2590 5332 secundum
2618 5285 2822 5329 rectam
2851 5274 3282 5344 suppositionem
3310 5282 3366 5326 et
3392 5287 3526 5325 eon-

1958 5371 2268 5424 venientem
2291 5367 2540 5422 ordinem
2571 5363 2846 5434 procedat.
2871 5364 3162 5421 Nominum
3186 5371 3366 5416 autem
3388 5361 3524 5414 ordo
3615 5435 3619 5438 Ι

1958 5464 2067 5518 illic
2104 5462 2456 5531 grammatice
2496 5470 2550 5513 et
2604 5459 2909 5528 rhythmice
2954 5458 3195 5526 optimus
3235 5463 3337 5509 est.
3388 5454 3522 5508 Fere

1956 5555 2101 5610 enim
2132 5562 2278 5607 totus
2313 5553 2454 5606 liber
2482 5551 2740 5605 metricus
2773 5560 2829 5604 et
2856 5549 3196 5620 rhythmicos
3230 5559 3332 5604 est.
3371 5548 3523 5604 Unde

1957 5651 2010 5697 et
2040 5643 2192 5696 valde
2221 5640 2524 5710 gloriantur
2564 5639 2819 5693 Saraceni
2879 5642 2933 5692 in
2963 5640 3041 5693 sic
3076 5637 3307 5708 pulchro
3340 5649 3396 5693 ει
3429 5656 3524 5694 οι·-

1958 5745 2084 5791 nato
2115 5735 2356 5790 Arabica:
2382 5732 2674 5788 locutionis
2703 5733 2894 5798 modo;
2928 5741 2982 5787 ct
3013 5749 3080 5788 ex
3115 5734 3200 5790 his
3231 5751 3527 5806 argumen-
