3862 6220
456 298 590 368 1111
1692 296 1981 355 DEMETl

2114 295 2427 376 amomi
3508 293 3609 361 illi

447 421 659 477 tantur,
693 425 886 466 verum
919 410 1242 482 prophetam
1277 409 1443 464 fuisse
1477 407 1868 463 Mabometum.
1901 406 1972 460 Nn

2085 444 2095 467 λ
2125 406 2529 478 γραμματικῶς
2547 404 2642 460 καὶ
2659 406 3040 478 ἀριθμητικῶς
3057 404 3308 474 καλλίστη
3325 405 3445 459 ὲστί.
3462 407 3610 477 Σχεδὸν

447 505 595 557 enim
623 503 703 556 sie
725 511 915 556 ornate
937 503 1188 556 scivisset
1213 501 1362 571 loqui
1389 501 1552 556 homo
1575 499 1800 555 omnino
1828 500 1972 553 idiot:

2129 498 2238 567 γὰρ
2268 499 2330 550 τὸ
2354 497 2560 567 βιϐλίον
2584 497 2725 562 ὅλον,
2757 499 2854 551 καὶ
2879 499 3147 568 ρυθμικόν
3175 499 3334 552 ἐστιν.
3365 498 3507 552 Ὅθεν
3528 502 3612 553 λίαν

450 593 556 647 Sed
589 592 733 646 sicut
765 592 1024 660 superius
1061 592 1238 646 visum
1281 602 1367 646 est
1413 593 1466 646 in
1514 599 1712 660 quarto
1757 590 1975 660 capituli

2130 587 2447 656 καυχῶνται
2496 589 2545 640 οἱ
2589 589 2938 659 Σαρρακηνοὶ
2979 589 3065 656 ἐφ’
3102 588 3241 642 οὕτω
3285 590 3423 658 καλῷ
3451 594 3529 644 καὶ
3550 611 3615 646 ιιι-

450 696 560 734 non
593 680 880 734 consuevit
910 680 1054 736 Deus
1087 681 1236 750 loqui
1271 683 1326 735 in
1356 681 1582 744 mundo,
1615 682 1696 735 vel
1737 695 1859 734 cum
1896 695 1975 748 ιιι-ι

2136 677 2471 748 κοσμημένῳ
2515 678 2816 748 Ἀραόικῆς
2844 679 3137 744 διαλέξεως
3168 680 3344 748 τρόπῳ
3364 697 3377 710 ·
3407 681 3499 733 κάκ
3531 683 3618 734 τοὺ-

454 771 654 838 phetis,
689 786 786 838 per
814 785 1010 824 versus
1048 771 1133 825 vel
1169 772 1477 842 rhythmos.
1511 772 1602 827 Sic
1649 773 1815 842 igitur
1859 787 1979 825 man

2135 785 2244 821 των
2275 768 2646 836 ἐπιχειροῦσιν
2672 769 2845 838 ἀληθῆ
2874 771 3164 839 προφήτην
3193 767 3328 823 εἶναι
3355 770 3435 823 τὸν
3457 769 3616 840 καχοῦ-

453 862 673 924 l'estum,
706 862 851 930 quod
897 864 982 916 lex
1015 861 1132 917 hare
1175 878 1282 917 non
1323 873 1408 918 est
1434 879 1462 917 a
1496 864 1629 927 Deo,
1662 879 1784 938 quae
1817 863 1978 917 nullus

2140 878 2262 931 μετ.
2299 861 2414 914 Οὐκ
2465 860 2530 914 ἂν
2582 863 2692 932 γὰρ
2737 859 2879 914 οὕτω
2936 861 3176 930 κοσμίως
3228 861 3472 929 ἠπίστατο
3498 862 3621 914 διαλέ-

457 949 625 1018 liahet
657 952 903 1005 ordinem
959 952 1064 1007 nisi
1117 952 1294 1006 solum
1338 953 1706 1024 rhythmicum
1747 965 1802 1008 et
1845 967 1982 1024 gran

2137 954 2334 1021 γεσθαι
2396 951 2685 1023 ἄνθρωπος
2765 951 3048 1014 παντελῶς
3121 951 3350 1019 ἰδιώτης.
3404 951 3522 1004 Ἀλλ’
3572 951 3621 1013 ὡς

456 1041 740 1106 inaticum,
767 1043 858 1111 qui
895 1043 1007 1096 Deo
1047 1058 1156 1096 non
1187 1044 1464 1118 congruit.

2137 1043 2396 1114 ἀνωτέρω
2418 1043 2758 1114 τεθεώρηται
2797 1045 2855 1096 ὲν
2895 1044 2975 1113 τῷ
3005 1042 3250 1112 τετάρτῳ
3273 1043 3537 1110 κεφαλαίῳ,
3556 1043 3623 1096 οὐκ

456 1133 649 1188 εἴωθεν
687 1136 714 1186 6
759 1135 892 1198 Θεὸς
933 1136 1284 1204 διαλέγεσθαι
1330 1139 1410 1208 τῷ
1439 1141 1648 1210 κόσμῳ,
1681 1141 1714 1211 ἢ
1746 1142 1859 1203 τοῖς
1889 1140 2224 1209 προφήταις,
2284 1139 2352 1192 δι’
2400 1139 2550 1192 ἐπῶν
2618 1138 2652 1208 ἢ
2723 1139 2966 1208 ῥυθμῶν.
3035 1137 3192 1191 Οῦτω
3231 1139 3397 1191 τοίνυν
3434 1139 3624 1205 φανερὸν,

453 1226 596 1301 ¹ξςτιὸ
633 1227 797 1294 νόμος
847 1222 1002 1291 οὗτος
1047 1230 1146 1282 οὐκ
1200 1230 1314 1284 εστι
1359 1232 1510 1301 παρά
1542 1231 1698 1298 Θεοῦ,
1751 1232 2026 1302 μηδεμίαν
2066 1233 2204 1301 ἔχων
2230 1231 2404 1295 τάξιν,
2427 1232 2476 1283 εί
2502 1231 2576 1301 μὴ
2638 1232 2799 1300 μόνον
2859 1231 3133 1300 ῥυθμικὴν
3165 1232 3256 1282 καὶ
3284 1230 3626 1300 γραμματικὴν,

461 1317 493 1384 ἢ
525 1318 606 1387 τῷ
630 1318 750 1386 Θεῷ
782 1321 879 1388 οὐχ
906 1321 1162 1390 ἁρμόζει.
1689 1321 1693 1327 ’

461 1407 577 1461 Χιι.
614 1408 765 1472 Quod
793 1408 874 1462 lea:
899 1409 1285 1466 Saracenorum
1307 1431 1408 1467 non
1434 1424 1510 1470 est
1533 1415 1665 1482 Dei;
1687 1417 1867 1486 iniqua
1898 1416 1986 1470 em?

2203 1413 2313 1466 -1Β⁸.
2346 1411 2475 1463 Ὅτι
2497 1412 2530 1463 ὁ
2560 1411 2746 1478 νόμος
2768 1404 2947 1476 οὗτος
2977 1410 3090 1464 οὐκ
3119 1409 3251 1464 ἐστι
3277 1409 3425 1478 παρὰ
3447 1410 3581 1464 Θεοῦ.

1201 1492 1296 1536 εει.
1668 1529 1674 1534 ι

533 1565 872 1622 Duodecimo
903 1579 1120 1637 oportet
1164 1569 1536 1636 considerare,
1591 1574 1739 1642 quod
1781 1575 1866 1628 lex
1920 1575 2036 1628 haec

2213 1562 2528 1619 Δωδέκατον
2548 1563 2628 1615 δεῖ
2651 1561 2898 1632 θεωρεῖν,
2923 1563 3005 1616 ὅτι
3039 1565 3069 1615 6
3103 1564 3268 1634 νόμος
3288 1556 3431 1628 οὗτος
3456 1564 3629 1618 οὐκίστι

462 1669 572 1707 non
602 1663 685 1709 est
709 1672 739 1710 a
771 1657 902 1712 Deo.
936 1659 1082 1714 Deus
1115 1661 1260 1714 enim
1293 1672 1375 1716 est
1408 1679 1619 1718 summe
1648 1664 1864 1720 bonus:
1892 1676 1987 1735 opt

2143 1654 2294 1723 παρὰ
2327 1651 2485 1706 Θεοῦ.
2528 1652 2586 1703 Ὀ
2615 1651 2722 1721 γὰρ
2749 1651 2883 1714 Θεὸς
2928 1652 3115 1723 ἄκρως
3165 1655 3312 1705 ἐστὶν
3349 1653 3628 1721 ἀγαθός’τοῦ

463 1744 536 1797 mi
566 1755 746 1800 autem
777 1759 859 1802 est
905 1750 1106 1818 optima
1139 1751 1336 1815 facere,
1365 1754 1665 1812 secundum
1695 1756 1988 1826 Dionysiun

2104 1741 2109 1780 ί
2135 1746 2193 1798 δὲ
2215 1745 2437 1814 ἀρίστου
2472 1744 2620 1796 ἐστὶν
2651 1743 2849 1810 ἄριστα
2881 1748 3078 1808 ποιεῖν,
3107 1745 3250 1798 κατά
3287 1745 3373 1798 τὸν
3405 1745 3629 1804 Διονύσιον.

465 1833 620 1899 Quod
651 1846 830 1892 autem
862 1839 947 1894 lex
983 1842 1240 1896 Alcorani
1275 1843 1457 1914 iniqua
1489 1853 1593 1901 est.
1623 1861 1689 1900 ex
1723 1847 1840 1916 ipso
1870 1849 1990 1902 Δία(

2141 1835 2262 1888 Ὀτι
2288 1834 2344 1888 δὲ
2378 1836 2405 1888 ὁ
2431 1834 2596 1902 νόμος
2627 1832 2722 1885 τοῦ
2770 1835 3099 1906 Ἀλκοράνου
3153 1837 3387 1906 πονηρός
3433 1839 3569 1898 ἐστιν,
3592 1835 3630 1897 ἐξ

471 1940 603 1979 iano
649 1928 1000 1984 manifestum
1033 1941 1132 1985 est.
1167 1933 1376 1988 Dicitur
1400 1935 1545 1988 enim
1593 1936 1645 1989 in
1677 1937 1917 2004 capitulo
1943 1939 1996 1992 El

2138 1927 2304 1981 αὐτοῦ
2333 1927 2428 1980 τοῦ
2475 1925 2802 1996 ’Λλκοράνου
2848 1928 3106 1997 φανερόν.
3140 1927 3368 1997 Λέγεται
3394 1929 3491 1998 γὰρ
3516 1930 3559 1979 ἐν
3579 1926 3631 1996 τῷ

467 2016 638 2084 capli,
683 2028 739 2073 et
785 2021 838 2073 in
885 2021 1123 2091 capitulo
1181 2022 1403 2093 Elgem,
1451 2026 1594 2094 quod
1644 2027 1992 2097 interpretati

2139 2019 2422 2090 κεφαλαίῳ
2448 2015 2524 2088 τῷ
2570 2020 2796 2088 Ἐλκάφ,
2830 2011 2926 2073 καὶ
2955 2022 3012 2072 ὲν
3047 2019 3126 2089 τῷ
3153 2021 3427 2090 κεφαλαίῳ
3467 2021 3629 2088 Ἕλγὶμ,

466 2105 747 2169 άωηιοηεσ,
789 2112 935 2179 quod
979 2114 1158 2182 ipsum
1204 2115 1531 2171 Alcoranum
1567 2118 1745 2186 placet
1775 2121 1986 2174 daemon

2137 2111 2166 2166 ὃ
2205 2111 2574 2182 ἑρμηνεύεται
2628 2109 2930 2180 δαίμονες,
2982 2114 3065 2166 ὅτι
3111 2114 3246 2166 αὐτὸ
3271 2112 3329 2166 τὸ
3383 2110 3631 2184 Ἀλκοράνον

468 2196 591 2262 bus,
623 2207 678 2251 et
705 2198 759 2253 in
786 2201 978 2254 eodem
1011 2202 1383 2269 delectantur;
1419 2207 1693 2263 daemones
1722 2219 1901 2264 autem
1937 2211 1992 2264 in

2140 2204 2368 2274 ἀρέσκει
2406 2205 2520 2266 τοῖς
2573 2203 2816 2270 δαίμοσι,
2845 2204 2939 2257 καὶ
2984 2205 3285 2274 χαίρουσιν,
3310 2203 3464 2274 αὐτῷ.
3490 2203 3538 2256 Οἱ
3557 2203 3633 2255 δαί-

467 2288 559 2356 ιιιιὶ
591 2300 722 2345 sunt
749 2294 1072 2362 etperversi
1111 2296 1412 2351 secundum
1445 2299 1804 2364 voluntatem,
1836 2302 1992 2370 quibi

2143 2311 2304 2363 μονες
2355 2294 2582 2365 πονηροί
2637 2295 2744 2346 εἰσι
2796 2296 2889 2368 καὶ
2939 2295 3369 2365 διεστραμμένοι
3412 2294 3536 2348 κατά
3566 2292 3633 2362 τὴν

466 2388 662 2447 praeter
693 2380 941 2452 iniquum
976 2384 1123 2440 aliud
1161 2387 1337 2454 placet
1367 2389 1537 2455 nihil;
1568 2391 1904 2446 Alcoranum
1938 2393 1988 2463 ig

2141 2385 2380 2454 θέλησιν,
2417 2378 2506 2446 οἷς
2525 2384 2662 2455 πλὴν
2697 2385 2791 2437 τοῦ
2819 2371 3069 2456 ’πονηροῦ
3131 2387 3285 2439 οὐδὲν
3336 2387 3500 2456 ἕτερον
3547 2384 3633 2452 ἀρέ-

467 2480 558 2522 tur
587 2472 788 2525 malum
829 2484 933 2528 est.
961 2475 1093 2530 ltem
1133 2475 1462 2532 Alcorauum
1493 2495 1657 2535 causa
1686 2491 1770 2535 est
1798 2483 1992 2536 omnim

2141 2493 2263 2529 σκει
2292 2491 2308 2506 ο
2371 2474 2432 2528 τὸ
2496 2476 2823 2546 Ἀλκοράνον
2877 2478 2985 2546 ἄρα
3042 2478 3219 2530 κακόν
3266 2479 3426 2531 ἐστιν.
3467 2477 3562 2529 Ἔτι
3596 2474 3633 2526 ιδ

469 2563 760 2627 malorum,
794 2566 939 2620 sicut
973 2568 1158 2632 credis,
1197 2571 1422 2639 rapinae,
1464 2572 1710 2641 perjurii,
1741 2582 1796 2627 et
1847 2575 1994 2644 hujus

2151 2565 2479 2639 Ἀλκοράνον
2527 2554 2700 2621 αίτίὁν
2747 2571 2864 2621 ἐστι
2914 2569 3139 2622 πάντων
3193 2570 3301 2622 τῶν
3338 2561 3633 2622 κακῶνόἷον

467 2651 634 2715 modi,
677 2669 800 2722 qua:
846 2647 953 2709 non
996 2659 1170 2712 solum
1231 2662 1497 2728 permittit
1540 2662 1894 2726 Alcoranum,
1943 2679 1992 2719 sc

2142 2664 2337 2731 φδνων,
2380 2661 2660 2731 ἁρπαγῆς,
2696 2661 3005 2730 ἐπιορκίας,
3051 2661 3155 2714 καὶ
3200 2661 3308 2714 τῶν
3350 2653 3634 2714 τοιούτων-ἀ

467 2741 631 2794 etiam
675 2744 896 2799 mandat
941 2747 1106 2816 (sicut
1142 2752 1397 2818 superius
1419 2751 1766 2806 manifestum
1805 2752 1949 2822 fuit),
1985 2774 1992 2805 ι

2140 2756 2206 2824 δὴ
2257 2755 2317 2807 ού
2371 2755 2529 2824 μόνον
2586 2755 2862 2822 συγχωρεῖ
2916 2753 2977 2804 τὸ
3040 2753 3387 2823 Ἀλκοράνον,
3422 2751 3534 2806 ἀλλὰ
3571 2749 3635 2800 καὶ

467 2830 706 2886 maxime
734 2839 933 2890 caedes.
965 2837 1079 2890 Non
1109 2837 1384 2895 suilieiens
1413 2851 1596 2895 autem
1626 2844 1908 2898 excusatio
1933 2859 1992 2899 es

2142 2845 2494 2917 προστάσσει,
2523 2846 2598 2909 ώς
2630 2846 2888 2914 ἀνωτέρω
2921 2847 3118 2912 γέγονε
3148 2845 3328 2915 δῆλον,
3351 2845 3440 2898 καὶ
3464 2843 3633 2913 μάλιστα

467 2923 728 2980 mandare
795 2927 1042 2984 inlidcles
1111 2931 1374 2994 interimi,
1439 2933 1533 2986 sed
1585 2949 1762 3002 neque
1826 2935 1992 2990 ﬁdele;

2142 2939 2356 3006 φόνους.
2397 2935 2508 3005 Οὐχ
2569 2937 2731 3005 ἱκανὴ
2785 2936 2841 2989 δὲ
2877 2937 3218 3006 παραίτησις
3255 2939 3314 2988 τὸ
3342 2933 3629 3003 προστάσσειν

468 3015 611 3070 Dicit
639 3019 786 3072 cnim
819 3019 1148 3088 indubitate,
1174 3024 1317 3093 quod
1353 3023 1526 3081 ﬁdelis
1561 3043 1669 3081 non
1706 3027 1872 3082 debet
1903 3030 1993 3084 inti

2141 3031 2267 3093 τοὺς
2293 3027 2552 3090 ἀπίστους
2583 3027 2999 3091 ἀποκτιννύναι,
3028 3027 3172 3080 ἀλλά
3203 3028 3277 3100 μὴ
3307 3027 3424 3095 τοὺς
3448 3023 3631 3084 πιστούς.

475 3113 674 3169 riiuere
717 3113 973 3171 ﬁdelem:
1007 3117 1154 3186 ipsos
1185 3130 1367 3174 autem
1404 3121 1652 3175 infideles
1693 3123 1914 3177 mandat
1961 3124 2000 3177 ir

2107 3113 2109 3120 ’
2141 3124 2276 3191 Φησὶ
2315 3124 2424 3190 γὰρ
2458 3119 2864 3190 ἀναμφιϐόλως,
2915 3121 2996 3173 ὅτι
3042 3122 3068 3173 6
3130 3121 3323 3183 πιστὸς
3362 3121 3448 3174 οὐκ
3487 3115 3632 3184 ὀφείλει

472 3204 756 3269 terimere,
806 3207 910 3260 nisi
976 3210 1183 3263 tributa
1245 3205 1480 3266 solvant:
1531 3211 1819 3268 Tributuni
1877 3214 1997 3285 igitr

2142 3212 2530 3266 ἀποκτιννύναι
2592 3212 2822 3277 πιστὸν,
2877 3212 3074 3274 αὐτοὺς
3142 3212 3200 3265 δὲ
3267 3212 3386 3273 τοὺς
3439 3208 3633 3266 ἀπίστους

468 3294 681 3349 solvere
727 3298 1003 3353 sulliciens
1046 3315 1208 3354 causa
1239 3310 1322 3355 est
1355 3302 1727 3374 interimendi,
1776 3305 1862 3360 vel
1907 3321 1993 3360 llOl

2144 3303 2488 3357 ἀποκτείνειν
2536 3303 2863 3362 ἐντέλλεται,
2908 3303 2957 3354 εί
3016 3303 3092 3373 μὴ
3141 3303 3339 3373 φόρους
3384 3294 3634 3354 τελοῖεν.Τδ

469 3384 653 3448 Quare
701 3402 834 3453 non,
869 3390 1213 3459 in‘quatitum
1270 3394 1518 3450 inﬁdeles
1573 3404 1720 3474 sunt,
1768 3405 1856 3451 est
1898 3397 1994 3452 tale

2143 3394 2254 3464 ἄρα
2302 3393 2500 3465 φόρους
2545 3393 2719 3446 τελεῖν
2781 3393 2942 3463 ἱκανή
2993 3394 3149 3446 ἐστιν
3207 3396 3352 3448 αίτία
3395 3391 3475 3445 τοῦ
3510 3391 3536 3458 ἢ
3569 3402 3633 3455 φοι

469 3474 624 3540 ltcm,
656 3478 800 3533 sicut
826 3479 878 3533 in
908 3482 1161 3551 pluribus
1200 3484 1336 3539 locis
1368 3487 1620 3541 Alcorani
1647 3485 1879 3542 dicitur:
1908 3487 1988 3542 Nu

2143 3485 2414 3549 νεύεσθαι,
2449 3485 2481 3555 ἢ
2529 3485 2627 3556 μή.
2655 3485 2817 3538 Ὥστε
2859 3485 2919 3537 ού
2955 3485 3092 3538 καθὸ
3140 3487 3392 3549 ἀπίστους
3431 3483 3481 3536 τὸ
3510 3477 3634 3533 τοιοῦ-

471 3567 582 3621 lum
626 3580 708 3624 est
737 3573 914 3643 majus
961 3575 1184 3639 malum,
1227 3593 1389 3646 quam
1422 3580 1534 3634 Deo
1580 3580 1924 3636 mendacium
1955 3583 1996 3636 ir

2141 3593 2269 3644 τον;
2313 3578 2434 3630 Ἔτι
2465 3574 2647 3639 καθὼς
2680 3577 2734 3630 ὲν
2767 3576 2976 3629 πλείοσι
3013 3578 3207 3641 τόποις
3249 3577 3340 3630 τοῦ
3389 3571 3632 3642 ’Λλκοράνω

462 3658 712 3730 jungere.
747 3664 1074 3721 Alcoranum
1103 3679 1286 3723 autem
1324 3673 1492 3724 multa
1525 3681 1581 3726 et
1621 3673 1726 3727 alia
1759 3675 1987 3729 mendae

2142 3671 2380 3740 λέγεται,
2408 3670 2574 3724 Οὐδέν
2604 3670 2722 3723 ἐστι
2761 3669 2943 3740 μεῖζον
2971 3671 3232 3740 κακὸν,,ῆ
3262 3670 3336 3739 τῷ
3364 3667 3466 3736 Θεῷ
3497 3661 3632 3734 ψεῦδις

472 3747 728 3820 injungit,
766 3765 1132 3825 pra'terquam
1180 3775 1300 3828 quae
1345 3760 1489 3815 diota
1521 3776 1650 3816 sunt
1683 3764 1939 3832 superius
1986 3766 1997 3819 i

2144 3762 2463 3817 ἐπιτιθέναι.
2491 3762 2564 3814 Τὸ
2594 3763 2647 3816 δὲ
2686 3760 3007 3828 Ἀλκοράνον
3049 3762 3226 3814 πολλά
3263 3762 3352 3814 καὶ
3373 3758 3489 3813 ἀλλα
3512 3751 3631 3821 ψεύδη

471 3854 617 3893 nono
651 3844 910 3911 capitulo,
945 3847 1012 3902 de
1048 3850 1346 3905 mendaciis
1377 3868 1497 3920 quae
1537 3853 1590 3906 in
1628 3853 1732 3909 hoc
1760 3857 1996 3916 continei

2145 3855 2418 3924 ἐπιτίθησι
2467 3853 2545 3926 τῷ
2577 3853 2697 3923 Θεῷ
2747 3853 2901 3924 παρὰ
2941 3852 3010 3906 τὰ
3039 3852 3320 3923 ἀνώτερον
3363 3845 3633 3919 εἰρημέναίν

473 3937 582 3996 tur,
613 3948 734 4001 qua:
761 3936 944 3990 omnia
970 3937 1022 3990 in
1060 3938 1230 3992 Deum
1258 3939 1508 3994 reﬂectit.
1532 3942 1828 3998 Possumus
1861 3954 1998 4000 aute:

2144 3948 2222 4018 τῷ
2262 3947 2467 4018 ὲννάτῳ
2495 3945 2772 4016 κεφαλαίῳ
2822 3947 2950 4017 περὶ
2996 3946 3108 3999 τῶν
3143 3949 3205 4000 ὲν
3246 3945 3410 4014 τούτῳ
3453 3954 3633 4010 περιεχρ-

470 4033 526 4074 et
559 4022 662 4075 alia
690 4025 845 4093 plura
875 4028 1186 4082 ostendere.
1217 4027 1275 4081 lu
1306 4030 1545 4098 capitulo
1573 4033 1716 4086 enim
1750 4035 1995 4105 Elemph:

2151 4039 2327 4110 μένων
2355 4038 2587 4107 ψευδῶν,
2612 4035 2648 4090 ὃ.
2672 4036 2851 4089 πάντα
2883 4037 2962 4099 εἰς
2993 4038 3085 4089 τὸν
3109 4037 3247 4091 Θεὸν
3269 4033 3632 4099 ὲπανακάμπτειν

471 4114 547 4172 ai,
573 4116 715 4182 quod
745 4116 1139 4186 interpretatur
1170 4121 1339 4183 lucra,
1373 4122 1526 4187 dicit,
1557 4125 1700 4194 quod
1736 4137 1865 4181 sunt
1902 4144 1996 4198 qua

2148 4133 2196 4184 εί
2241 4131 2303 4183 τὸ
2340 4118 2665 4200 ’Ᾱλκορὰνον
2707 4127 2802 4199 (ὥς
2851 4125 3005 4196 φασι)
3056 4128 3226 4197 νόμος
3277 4127 3390 4180 ἐστὶ
3425 4119 3550 4176 Θεοῦ.
3571 4119 3633 4168 Δυ-

471 4205 594 4258 dam
631 4205 726 4259 Dei
785 4217 840 4260 et
889 4210 1118 4276 apostoli
1165 4212 1339 4279 lucra,
1383 4222 1439 4267 et
1475 4213 1608 4270 dent
1639 4217 1750 4272 Deo
1796 4220 1996 4288 quinm]

2148 4224 2359 4294 νάμεθα
2412 4223 2469 4276 δὲ
2513 4225 2606 4275 καὶ
2646 4221 2780 4275 ἄλλα
2834 4221 3008 4274 πλείω
3039 4221 3336 4275 δεικνύναι.
3381 4206 3631 4281 Ἐνγάρτίῖί

478 4304 683 4360 partem
709 4311 774 4349 ex
810 4297 1012 4365 quibus
1039 4299 1344 4357 lucrantur.
1374 4302 1479 4358 Sed
1500 4307 1765 4375 numquid
1791 4307 1936 4364 Deus
1961 4323 2003 4363 ei

2150 4315 2429 4384 κεφαλαίῳ
2477 4313 2554 4383 τῷ
2619 4313 2956 4384 Ἐλεμφαάλ,
3009 4313 3037 4365 ὃ
3089 4313 3446 4384 ἑρμηνεύεται
3488 4301 3627 4370 κέρδη,

477 4380 556 4438 sic
587 4387 808 4455 iniquus
841 4400 898 4443 ut
923 4393 1204 4460 permittat
1233 4397 1500 4465 rapinam,
1528 4407 1586 4451 ut
1615 4399 1769 4455 illinc
1795 4401 2002 4470 quintal

2104 4380 2336 4476 λφησὶν,
2362 4380 2444 4459 ὅτι
2491 4380 2599 4458 είσί
2642 4380 2764 4458 τινα
2811 4405 2905 4458 τοῦ
2950 4403 3087 4457 Θεοῦ
3126 4380 3240 4458 ’καῖ
3277 4403 3366 4457 τοῦ
3408 4394 3629 4456 ἀποστῦὶου

475 4479 655 4545 capiat
681 4482 936 4547 partem?
963 4483 1046 4536 vel
1077 4484 1157 4539 sic
1188 4502 1395 4556 pauper
1424 4488 1589 4554 Deus,
1622 4501 1681 4544 ut
1710 4506 1819 4546 non
1849 4492 2000 4550 habe:

2146 4494 2334 4564 κέρδη,
2358 4493 2454 4547 καὶ
2483 4494 2726 4547 δότωσαν
2773 4493 2851 4564 τῷ
2889 4493 3009 4563 Θεῷ
3036 4495 3098 4546 τὸ
3146 4495 3389 4564 πέμπτον
3431 4489 3559 4559 μέρθς
3590 4479 3628 4543 ἐξ

476 4568 620 4622 unde
653 4569 860 4624 nutriat
889 4588 1157 4642 pauperes
1201 4575 1320 4646 ejus
1352 4586 1405 4631 et
1435 4578 1628 4633 viduas
1672 4589 1728 4634 et
1769 4583 2001 4652 orpbant

2144 4577 2218 4638 ὧν
2267 4565 2662 4655 κερδαίνουσιν.
2702 4585 2859 4638 Ἀλλά
2905 4587 3120 4656 μήποτε
3169 4590 3196 4640 6
3237 4587 3364 4646 Θεὸς
3389 4583 3531 4641 οὕτως
3551 4574 3631 4627 ἐστὶ

470 4671 528 4715 et
565 4666 908 4733 peregrinos,
937 4666 1006 4720 de
1033 4666 1236 4735 quibus
1262 4667 1373 4724 illic
1401 4671 1666 4739 loquitur,
1699 4673 1801 4728 nisi
1830 4675 1995 4743 permi

2144 4675 2404 4744 πονηρὸς,
2435 4669 2578 4728 ὥστε
2627 4679 2930 4746 συγχωρεῖν
2973 4678 3254 4747 ἁρπαγὴν,
3291 4677 3354 4728 ἶν’
3392 4670 3563 4727 ἐκεῖθεν
3591 4662 3628 4714 τὸ

460 4766 550 4812 'tat
594 4759 883 4828 rapinam?
914 4759 1094 4827 Quare
1143 4773 1202 4817 ut
1248 4763 1402 4818 illinc
1446 4766 1712 4828 lucretur,
1753 4777 1902 4822 certe
1933 4769 1985 4839 ja

2145 4766 2396 4835 πέμπτον
2429 4766 2582 4819 λάϐοι
2619 4767 2819 4837 μέρος;
2860 4766 2892 4836 ἦ
2931 4767 3074 4821 οὕτω
3116 4769 3288 4835 πένης
3319 4767 3345 4817 6
3374 4764 3507 4823 Θεὸς,
3533 4757 3629 4809 ὥστε

471 4851 600 4906 facit
623 4853 962 4909 Mahometus
993 4855 1164 4910 Deum
1190 4866 1498 4912 consortem
1530 4857 1634 4912 sibi
1669 4859 1723 4913 in
1756 4861 1920 4925 malo,
1953 4878 1996 4932 qi

2147 4858 2224 4929 μὴ
2255 4860 2395 4928 ἔχειν
2425 4859 2547 4912 ὅθεν
2595 4858 2662 4913 ἂν
2705 4859 2880 4930 θρέψῃ
2916 4859 3043 4922 τοὺς
3087 4863 3336 4929 πτωχοὺς
3361 4851 3518 4915 αὑτοῦ,
3544 4860 3627 4898 του·

474 4958 582 4996 uon
614 4953 796 5013 potest
836 4945 1040 5001 habere
1076 4958 1388 5002 consortem
1428 4949 1481 5014 in
1524 4949 1687 5005 bono.
1728 4952 1884 5018 Item,
1940 4963 1996 5008 et

2143 4953 2291 5004 τέστι
2316 4952 2415 5014 τὰς
2443 4952 2617 5020 χήρας
2649 4953 2742 5005 καὶ
2775 4954 2902 5016 τοὺς
2929 4953 3206 5021 ὀρφανοὺς
3237 4953 3327 5003 καὶ
3359 4949 3467 5007 τοὺς
3489 4934 3630 5007 παρά·

472 5037 772 5106 aliquando
805 5039 1135 5094 Alcoranum
1173 5042 1462 5109 prohibeat
1497 5045 1743 5114 rapinam
1777 5055 1832 5100 et
1864 5048 1997 5118 perji

2144 5059 2296 5105 κους,
2328 5043 2456 5112 περὶ
2480 5035 2556 5095 ὧν
2588 5044 2707 5094 ἐκεῖ
2747 5042 3076 5110 διαλέγεται,
3107 5043 3158 5093 εί
3213 5041 3289 5110 μὴ
3333 5030 3628 5118 συγχωρήσαι

472 5127 613 5180 rium
643 5137 699 5181 et
733 5127 836 5181 alia
896 5131 1142 5198 quaedam
1176 5131 1339 5196 mala,
1373 5141 1552 5186 tamen
1583 5133 1698 5187 baze
1745 5114 1997 5204 prohibiti

2143 5135 2241 5204 τὴν
2284 5136 2577 5211 ἁρποιγὴν;
2609 5133 2764 5186 Ὠστ⁹
2817 5135 3028 5188 ἐκεῖθεν
3057 5132 3377 5203 κερδαίνειν,
3408 5121 3582 5192 ἀληθῶς

471 5221 757 5289 permissio
795 5221 1042 5291 quadam
1088 5224 1272 5290 potius
1315 5235 1420 5278 est.
1449 5224 1591 5279 Dicit
1633 5225 1780 5279 enim
1808 5245 1821 5282 :
1851 5227 1930 5282 Ne
1968 5229 1996 5282 f:

2143 5225 2387 5295 Μωάμεθ
2439 5226 2694 5279 κοινωνὸν
2751 5224 2932 5294 ἑαυτῷ
2988 5226 3133 5277 ποιεῖ
3192 5221 3283 5275 τὸν
3334 5218 3454 5272 Θεὸν
3495 5215 3542 5264 ὲν

469 5314 625 5367 ciatis
673 5314 837 5377 mala,
885 5329 993 5368 non
1042 5314 1186 5369 enim
1233 5314 1448 5383 placent
1506 5316 1635 5370 Deo.
1693 5318 1793 5372 Sin
1859 5331 1994 5374 aute}

2144 5316 2386 5386 πονηρῷ,
2421 5317 2481 5369 ὃν
2515 5333 2647 5386 φησι
2679 5315 2759 5390 μὴ
2780 5315 3042 5368 δύνασθαι
3080 5315 3227 5384 ἔχειν
3263 5308 3492 5366 κοινωνὸν
3516 5304 3629 5390 ἔνη)

468 5404 690 5470 feceris,
723 5405 842 5474 ipse
872 5412 956 5458 est
997 5404 1310 5458 misericors
1360 5414 1415 5458 et
1458 5405 1768 5473 miserator,
1795 5416 1852 5461 et
1885 5407 1988 5463 faci

2143 5408 2349 5476 ἀγαθῷ.
2376 5409 2497 5460 Ἔτι
2522 5410 2683 5461 είκαὶ
2711 5389 2884 5460 ἐνίοτε
2917 5405 2977 5459 τὸ
3019 5405 3336 5475 ’Δλκοράνον
3374 5395 3540 5452 κωλύει
3563 5389 3627 5456 τὴν

468 5492 625 5546 vobis
659 5503 863 5562 parcet.
897 5494 970 5547 De
1005 5494 1192 5562 rapina
1226 5503 1410 5549 autem
1442 5494 1579 5548 nihil
1614 5511 1855 5564 unquam
1889 5513 1993 5550 mai

2143 5499 2401 5568 ἁρπαγὴν
2456 5499 2552 5552 καὶ
2595 5499 2694 5567 τὴν
2729 5499 3015 5565 ἐπιορκίαν
3077 5498 3170 5549 καὶ
3225 5494 3356 5548 ἄλλα
3403 5482 3520 5540 τινῖ
3554 5478 3628 5568 τῷν

469 5585 615 5638 davit
646 5596 703 5638 ut
751 5589 1093 5650 restituatur,
1127 5601 1303 5655 neque
1333 5587 1493 5640 talem
1538 5587 1638 5655 ipsi
1688 5587 1993 5642 consuetud

2143 5567 2523 5658 xdxtiwﬁpwc
2549 5589 2688 5659 αὕτη
2730 5590 2760 5658 ή
2804 5589 3038 5652 κώλυσις
3071 5581 3403 5654 συγχώρησίς
3437 5591 3509 5643 τίς

473 5690 596 5730 nem
622 5679 844 5741 habent,
870 5680 963 5733 sed
997 5677 1194 5734 suilicit
1229 5679 1283 5732 in
1311 5678 1416 5733 line
1453 5678 1784 5734 Saracenum
1812 5679 1995 5749 dicere

2143 5681 2235 5736 λδν
2259 5683 2395 5733 ἐστι·
2421 5682 2560 5750 Φησὶ
2589 5658 2718 5751 γάρ.
2750 5679 2840 5750 Μὴ
2879 5680 3136 5750 ποιήσητε
3168 5675 3236 5730 τὰ
3273 5674 3359 5724 καὶ
3397 5668 3454 5721 τι
3491 5658 3621 5717 κακά·
