  <div class='ocr_page' id='page_1' title='image "/cluster/home/n/w/nwhite01/storage/ocr_20150623/154/hvd.32044073505299/588.png"; bbox 0 0 3862 6220; ppageno 0'>
   <div class='ocr_carea' id='block_1_1' title="bbox 284 313 419 383">
    <p class='ocr_par' dir='ltr' id='par_1_1' title="bbox 284 313 419 383">
     <span class='ocr_line' id='line_1_1' title="bbox 284 313 419 383; baseline -0.037 0"><span class='ocrx_word' id='word_1_1' title='bbox 284 313 419 383; x_wconf 76' lang='lat'><strong>1113</strong></span> 
     </span>
    </p>
   </div>
   <div class='ocr_carea' id='block_1_2' title="bbox 1480 330 2334 403">
    <p class='ocr_par' dir='ltr' id='par_1_2' title="bbox 1480 330 2334 403">
     <span class='ocr_line' id='line_1_2' title="bbox 1480 330 2334 403; baseline 0.019 -16"><span class='ocrx_word' id='word_1_2' title='bbox 1480 330 1781 390; x_wconf 73' lang='lat' dir='ltr'><strong>CONTRA</strong></span> <span class='ocrx_word' id='word_1_3' title='bbox 1824 336 2334 403; x_wconf 76' lang='grc' dir='ltr'><strong>ΜΑῘΙΟΜΕΤΕῘΥῙ.</strong></span> 
     </span>
    </p>
   </div>
   <div class='ocr_carea' id='block_1_3' title="bbox 3398 340 3535 407">
    <p class='ocr_par' dir='ltr' id='par_1_3' title="bbox 3398 340 3535 407">
     <span class='ocr_line' id='line_1_3' title="bbox 3398 340 3535 407; baseline 0.022 -3"><span class='ocrx_word' id='word_1_4' title='bbox 3398 340 3535 407; x_wconf 64' lang='grc' dir='ltr'>ΗΜ</span> 
     </span>
    </p>
   </div>
   <div class='ocr_carea' id='block_1_4' title="bbox 280 430 1856 529">
    <p class='ocr_par' dir='ltr' id='par_1_4' title="bbox 280 436 1854 513">
     <span class='ocr_line' id='line_1_4' title="bbox 280 436 1854 513; baseline 0.01 -26"><span class='ocrx_word' id='word_1_5' title='bbox 280 437 346 489; x_wconf 79' lang='grc' dir='ltr'><strong>οὐ</strong></span> <span class='ocrx_word' id='word_1_6' title='bbox 388 436 498 506; x_wconf 76' lang='grc' dir='ltr'><strong>γὰρ</strong></span> <span class='ocrx_word' id='word_1_7' title='bbox 538 437 835 505; x_wconf 72' lang='grc' dir='ltr'><strong>ἀρέσκουσι</strong></span> <span class='ocrx_word' id='word_1_8' title='bbox 884 438 960 510; x_wconf 84' lang='grc' dir='ltr'><strong>τῷ</strong></span> <span class='ocrx_word' id='word_1_9' title='bbox 991 441 1131 512; x_wconf 83' lang='grc' dir='ltr'>Θεῷ.</span> <span class='ocrx_word' id='word_1_10' title='bbox 1168 443 1229 495; x_wconf 83' lang='grc' dir='ltr'>Εἰ</span> <span class='ocrx_word' id='word_1_11' title='bbox 1266 444 1322 496; x_wconf 74' lang='grc' dir='ltr'><strong>δὲ</strong></span> <span class='ocrx_word' id='word_1_12' title='bbox 1360 447 1645 513; x_wconf 75' lang='grc' dir='ltr'><strong>ποιήσητε,</strong></span> <span class='ocrx_word' id='word_1_13' title='bbox 1691 450 1854 510; x_wconf 77' lang='grc' dir='ltr'>αὑτός</span> 
     </span>
    </p>
   </div>
   <div class='ocr_carea' id='block_1_5' title="bbox 1960 430 3537 529">
    <p class='ocr_par' dir='ltr' id='par_1_5' title="bbox 1960 430 3537 529">
     <span class='ocr_line' id='line_1_5' title="bbox 1960 430 3537 529; baseline 0.002 -20"><span class='ocrx_word' id='word_1_14' title='bbox 1960 430 2210 513; x_wconf 69' lang='grc' dir='ltr'>Νιιιιόει</span> <span class='ocrx_word' id='word_1_15' title='bbox 2255 437 2397 514; x_wconf 89' lang='lat' dir='ltr'><strong>Deus</strong></span> <span class='ocrx_word' id='word_1_16' title='bbox 2446 471 2643 529; x_wconf 69' lang='lat' dir='ltr'><strong>praeter</strong></span> <span class='ocrx_word' id='word_1_17' title='bbox 2695 462 2891 525; x_wconf 89' lang='lat' dir='ltr'><strong>Deum,</strong></span> <span class='ocrx_word' id='word_1_18' title='bbox 2945 467 3001 515; x_wconf 89' lang='lat' dir='ltr'><strong>et</strong></span> <span class='ocrx_word' id='word_1_19' title='bbox 3056 457 3402 513; x_wconf 79' lang='lat' dir='ltr'><strong>Mahometus</strong></span> <span class='ocrx_word' id='word_1_20' title='bbox 3454 469 3537 512; x_wconf 82' lang='lat' dir='ltr'><strong>est</strong></span> 
     </span>
    </p>
   </div>
   <div class='ocr_carea' id='block_1_6' title="bbox 280 527 1857 608">
    <p class='ocr_par' dir='ltr' id='par_1_6' title="bbox 280 527 1857 608">
     <span class='ocr_line' id='line_1_6' title="bbox 280 527 1857 608; baseline 0.008 -29"><span class='ocrx_word' id='word_1_21' title='bbox 280 528 431 596; x_wconf 75' lang='grc' dir='ltr'>ἐστιν</span> <span class='ocrx_word' id='word_1_22' title='bbox 484 527 733 596; x_wconf 80' lang='grc' dir='ltr'><strong>ἐλεήμων</strong></span> <span class='ocrx_word' id='word_1_23' title='bbox 786 534 879 582; x_wconf 84' lang='grc' dir='ltr'><strong>καὶ</strong></span> <span class='ocrx_word' id='word_1_24' title='bbox 936 534 1258 604; x_wconf 85' lang='grc' dir='ltr'>οίκτίρμων,</span> <span class='ocrx_word' id='word_1_25' title='bbox 1315 536 1412 589; x_wconf 77' lang='grc' dir='ltr'><strong>καὶ</strong></span> <span class='ocrx_word' id='word_1_26' title='bbox 1466 540 1667 608; x_wconf 76' lang='grc' dir='ltr'>ῥαδίως</span> <span class='ocrx_word' id='word_1_27' title='bbox 1727 542 1857 608; x_wconf 77' lang='grc' dir='ltr'>ὑμῖν</span> 
     </span>
    </p>
   </div>
   <div class='ocr_carea' id='block_1_7' title="bbox 281 619 1857 699">
    <p class='ocr_par' dir='ltr' id='par_1_7' title="bbox 281 619 1857 699">
     <span class='ocr_line' id='line_1_7' title="bbox 281 619 1857 699; baseline 0.011 -29"><span class='ocrx_word' id='word_1_28' title='bbox 281 619 682 687; x_wconf 78' lang='grc' dir='ltr'><strong>συγγνώσεται.</strong></span> <span class='ocrx_word' id='word_1_29' title='bbox 722 623 857 692; x_wconf 79' lang='grc' dir='ltr'>Περὶ</span> <span class='ocrx_word' id='word_1_30' title='bbox 906 624 960 677; x_wconf 82' lang='grc' dir='ltr'>δὲ</span> <span class='ocrx_word' id='word_1_31' title='bbox 992 628 1089 695; x_wconf 86' lang='grc' dir='ltr'>τῆς</span> <span class='ocrx_word' id='word_1_32' title='bbox 1131 629 1388 699; x_wconf 85' lang='grc' dir='ltr'>ἁρπαγῆς</span> <span class='ocrx_word' id='word_1_33' title='bbox 1415 631 1568 683; x_wconf 78' lang='grc' dir='ltr'>οὐδὲν</span> <span class='ocrx_word' id='word_1_34' title='bbox 1596 634 1857 687; x_wconf 79' lang='grc' dir='ltr'>οὐδέποτε</span> 
     </span>
    </p>
   </div>
   <div class='ocr_carea' id='block_1_8' title="bbox 282 708 1859 788">
    <p class='ocr_par' dir='ltr' id='par_1_8' title="bbox 282 708 1859 788">
     <span class='ocr_line' id='line_1_8' title="bbox 282 708 1859 788; baseline 0.01 -24"><span class='ocrx_word' id='word_1_35' title='bbox 282 714 587 766; x_wconf 73' lang='grc' dir='ltr'>ἐνετείλατο</span> <span class='ocrx_word' id='word_1_36' title='bbox 633 708 774 768; x_wconf 83' lang='grc' dir='ltr'>ὥστε</span> <span class='ocrx_word' id='word_1_37' title='bbox 827 719 1199 788; x_wconf 71' lang='grc' dir='ltr'>ἀποδοθῆναι*</span> <span class='ocrx_word' id='word_1_38' title='bbox 1240 722 1363 774; x_wconf 77' lang='grc' dir='ltr'>οὐδὲ</span> <span class='ocrx_word' id='word_1_39' title='bbox 1416 724 1665 778; x_wconf 87' lang='grc' dir='ltr'>τοιοῦτον</span> <span class='ocrx_word' id='word_1_40' title='bbox 1703 727 1859 779; x_wconf 71' lang='grc' dir='ltr'>αὐτοὶ</span> 
     </span>
    </p>
   </div>
   <div class='ocr_carea' id='block_1_9' title="bbox 282 804 1857 887">
    <p class='ocr_par' dir='ltr' id='par_1_9' title="bbox 282 804 1857 887">
     <span class='ocr_line' id='line_1_9' title="bbox 282 804 1857 887; baseline 0.01 -31"><span class='ocrx_word' id='word_1_41' title='bbox 282 804 401 869; x_wconf 76' lang='grc' dir='ltr'>ἔθος</span> <span class='ocrx_word' id='word_1_42' title='bbox 440 807 675 875; x_wconf 77' lang='grc' dir='ltr'>ἔχουσιν.</span> <span class='ocrx_word' id='word_1_43' title='bbox 714 808 857 860; x_wconf 82' lang='grc' dir='ltr'>Ἀλλ’</span> <span class='ocrx_word' id='word_1_44' title='bbox 891 810 1053 879; x_wconf 81' lang='grc' dir='ltr'>ἀρκεῖ</span> <span class='ocrx_word' id='word_1_45' title='bbox 1092 812 1230 881; x_wconf 86' lang='grc' dir='ltr'>πρὸς</span> <span class='ocrx_word' id='word_1_46' title='bbox 1280 813 1357 880; x_wconf 81' lang='grc' dir='ltr'>τῷ</span> <span class='ocrx_word' id='word_1_47' title='bbox 1400 814 1544 867; x_wconf 83' lang='grc' dir='ltr'>τέλει</span> <span class='ocrx_word' id='word_1_48' title='bbox 1584 815 1676 867; x_wconf 80' lang='grc' dir='ltr'><strong>τὸν</strong></span> <span class='ocrx_word' id='word_1_49' title='bbox 1718 817 1857 887; x_wconf 81' lang='grc' dir='ltr'><strong>Σαῤ·</strong></span> 
     </span>
    </p>
   </div>
   <div class='ocr_carea' id='block_1_10' title="bbox 282 898 1861 975">
    <p class='ocr_par' dir='ltr' id='par_1_10' title="bbox 282 898 1861 975">
     <span class='ocr_line' id='line_1_10' title="bbox 282 898 1861 975; baseline 0.007 -25"><span class='ocrx_word' id='word_1_50' title='bbox 282 898 521 968; x_wconf 69' lang='grc' dir='ltr'>ρακηνὸν</span> <span class='ocrx_word' id='word_1_51' title='bbox 544 900 742 958; x_wconf 81' lang='grc' dir='ltr'>εἰπεῖν,</span> <span class='ocrx_word' id='word_1_52' title='bbox 776 900 890 952; x_wconf 77' lang='grc' dir='ltr'><strong>υύκ</strong></span> <span class='ocrx_word' id='word_1_53' title='bbox 922 900 1035 953; x_wconf 75' lang='grc' dir='ltr'>ἐστι</span> <span class='ocrx_word' id='word_1_54' title='bbox 1068 903 1201 966; x_wconf 85' lang='grc' dir='ltr'>Θεὸς</span> <span class='ocrx_word' id='word_1_55' title='bbox 1222 904 1361 975; x_wconf 87' lang='grc' dir='ltr'>πλὴν</span> <span class='ocrx_word' id='word_1_56' title='bbox 1392 906 1486 959; x_wconf 85' lang='grc' dir='ltr'><strong>τοῦ</strong></span> <span class='ocrx_word' id='word_1_57' title='bbox 1516 906 1673 970; x_wconf 87' lang='grc' dir='ltr'>Θεοῦ,</span> <span class='ocrx_word' id='word_1_58' title='bbox 1709 910 1802 960; x_wconf 70' lang='grc' dir='ltr'><strong>καὶ</strong></span> <span class='ocrx_word' id='word_1_59' title='bbox 1832 913 1861 963; x_wconf 84' lang='grc' dir='ltr'>ὁ</span> 
     </span>
    </p>
   </div>
   <div class='ocr_carea' id='block_1_11' title="bbox 282 991 1859 1072">
    <p class='ocr_par' dir='ltr' id='par_1_11' title="bbox 282 991 1859 1072">
     <span class='ocr_line' id='line_1_11' title="bbox 282 991 1859 1072; baseline 0.006 -27"><span class='ocrx_word' id='word_1_60' title='bbox 282 991 528 1059; x_wconf 82' lang='grc' dir='ltr'>Μωάμεθ</span> <span class='ocrx_word' id='word_1_61' title='bbox 561 992 856 1056; x_wconf 83' lang='grc' dir='ltr'>ἀπόστολός</span> <span class='ocrx_word' id='word_1_62' title='bbox 897 996 1010 1047; x_wconf 78' lang='grc' dir='ltr'>ἐστι</span> <span class='ocrx_word' id='word_1_63' title='bbox 1054 996 1150 1049; x_wconf 86' lang='grc' dir='ltr'><strong>τοῦ</strong></span> <span class='ocrx_word' id='word_1_64' title='bbox 1176 998 1335 1062; x_wconf 87' lang='grc' dir='ltr'>Θεοῦ,</span> <span class='ocrx_word' id='word_1_65' title='bbox 1367 1000 1558 1071; x_wconf 77' lang='grc' dir='ltr'>ὥσπερ</span> <span class='ocrx_word' id='word_1_66' title='bbox 1598 1004 1859 1072; x_wconf 80' lang='grc' dir='ltr'><strong>ἀνωτέρω</strong></span> 
     </span>
    </p>
   </div>
   <div class='ocr_carea' id='block_1_12' title="bbox 282 1082 1858 1163">
    <p class='ocr_par' dir='ltr' id='par_1_12' title="bbox 282 1082 1858 1163">
     <span class='ocr_line' id='line_1_12' title="bbox 282 1082 1858 1163; baseline 0.009 -30"><span class='ocrx_word' id='word_1_67' title='bbox 282 1084 475 1150; x_wconf 82' lang='grc' dir='ltr'>γέγονε</span> <span class='ocrx_word' id='word_1_68' title='bbox 522 1082 686 1152; x_wconf 78' lang='grc' dir='ltr'>δῆλον</span> <span class='ocrx_word' id='word_1_69' title='bbox 737 1087 795 1136; x_wconf 85' lang='grc' dir='ltr'><strong>ἐν</strong></span> <span class='ocrx_word' id='word_1_70' title='bbox 848 1087 926 1146; x_wconf 85' lang='grc' dir='ltr'>τῷ</span> <span class='ocrx_word' id='word_1_71' title='bbox 981 1088 1219 1158; x_wconf 77' lang='grc' dir='ltr'>πέμπτῳ</span> <span class='ocrx_word' id='word_1_72' title='bbox 1273 1092 1578 1161; x_wconf 83' lang='grc' dir='ltr'>κεφαλαίῳ.</span> <span class='ocrx_word' id='word_1_73' title='bbox 1624 1094 1759 1163; x_wconf 77' lang='grc' dir='ltr'>Περὶ</span> <span class='ocrx_word' id='word_1_74' title='bbox 1802 1096 1858 1147; x_wconf 86' lang='grc' dir='ltr'>δὲ</span> 
     </span>
    </p>
   </div>
   <div class='ocr_carea' id='block_1_13' title="bbox 278 1175 1857 1255">
    <p class='ocr_par' dir='ltr' id='par_1_13' title="bbox 278 1175 1857 1255">
     <span class='ocr_line' id='line_1_13' title="bbox 278 1175 1857 1255; baseline 0.006 -28"><span class='ocrx_word' id='word_1_75' title='bbox 278 1175 382 1242; x_wconf 86' lang='grc' dir='ltr'>τῆς</span> <span class='ocrx_word' id='word_1_76' title='bbox 414 1177 699 1246; x_wconf 77' lang='grc' dir='ltr'>ὲπιορκίσς</span> <span class='ocrx_word' id='word_1_77' title='bbox 729 1179 1030 1250; x_wconf 72' lang='grc' dir='ltr'>διαρρήδην</span> <span class='ocrx_word' id='word_1_78' title='bbox 1061 1182 1228 1249; x_wconf 77' lang='grc' dir='ltr'>φησὶν</span> <span class='ocrx_word' id='word_1_79' title='bbox 1254 1184 1311 1233; x_wconf 87' lang='grc' dir='ltr'>ὲν</span> <span class='ocrx_word' id='word_1_80' title='bbox 1365 1183 1440 1250; x_wconf 82' lang='grc' dir='ltr'>τῷ</span> <span class='ocrx_word' id='word_1_81' title='bbox 1472 1184 1753 1255; x_wconf 74' lang='grc' dir='ltr'>κεφαλαίῳ</span> <span class='ocrx_word' id='word_1_82' title='bbox 1779 1185 1857 1253; x_wconf 81' lang='grc' dir='ltr'><strong>τῷ</strong></span> 
     </span>
    </p>
   </div>
   <div class='ocr_carea' id='block_1_14' title="bbox 296 1265 1858 1342">
    <p class='ocr_par' dir='ltr' id='par_1_14' title="bbox 296 1265 1858 1342">
     <span class='ocr_line' id='line_1_14' title="bbox 296 1265 1858 1342; baseline 0.005 -22"><span class='ocrx_word' id='word_1_83' title='bbox 296 1265 600 1334; x_wconf 79' lang='grc' dir='ltr'>Ἐλμειντὲ,</span> <span class='ocrx_word' id='word_1_84' title='bbox 631 1268 659 1320; x_wconf 67' lang='grc' dir='ltr'>ὃ</span> <span class='ocrx_word' id='word_1_85' title='bbox 707 1268 1071 1340; x_wconf 77' lang='grc' dir='ltr'><strong>ἑρμηνεύεται</strong></span> <span class='ocrx_word' id='word_1_86' title='bbox 1129 1275 1419 1339; x_wconf 75' lang='grc' dir='ltr'>τράπεζα·</span> <span class='ocrx_word' id='word_1_87' title='bbox 1474 1277 1547 1327; x_wconf 82' lang='grc' dir='ltr'>Ού</span> <span class='ocrx_word' id='word_1_88' title='bbox 1596 1276 1858 1342; x_wconf 76' lang='grc' dir='ltr'>λογιεῖται</span> 
     </span>
    </p>
   </div>
   <div class='ocr_carea' id='block_1_15' title="bbox 280 1355 1860 1432">
    <p class='ocr_par' dir='ltr' id='par_1_15' title="bbox 280 1355 1860 1432">
     <span class='ocr_line' id='line_1_15' title="bbox 280 1355 1860 1432; baseline 0.008 -25"><span class='ocrx_word' id='word_1_89' title='bbox 280 1357 415 1426; x_wconf 77' lang='grc' dir='ltr'>ὑμῖν</span> <span class='ocrx_word' id='word_1_90' title='bbox 451 1357 477 1407; x_wconf 89' lang='grc' dir='ltr'>ὁ</span> <span class='ocrx_word' id='word_1_91' title='bbox 516 1355 647 1418; x_wconf 87' lang='grc' dir='ltr'>Θεὸς</span> <span class='ocrx_word' id='word_1_92' title='bbox 684 1357 783 1428; x_wconf 80' lang='grc' dir='ltr'><strong>τὴν</strong></span> <span class='ocrx_word' id='word_1_93' title='bbox 835 1359 1057 1431; x_wconf 79' lang='grc' dir='ltr'><strong>ἀπάτην</strong></span> <span class='ocrx_word' id='word_1_94' title='bbox 1104 1361 1198 1415; x_wconf 83' lang='grc' dir='ltr'><strong>τοῦ</strong></span> <span class='ocrx_word' id='word_1_95' title='bbox 1250 1364 1440 1432; x_wconf 80' lang='grc' dir='ltr'>ὅρκου,</span> <span class='ocrx_word' id='word_1_96' title='bbox 1473 1363 1610 1416; x_wconf 73' lang='grc' dir='ltr'><strong>ἀλλά</strong></span> <span class='ocrx_word' id='word_1_97' title='bbox 1656 1364 1860 1419; x_wconf 75' lang='grc' dir='ltr'>ὡσανεὶ</span> 
     </span>
    </p>
   </div>
   <div class='ocr_carea' id='block_1_16' title="bbox 274 1448 1857 1527">
    <p class='ocr_par' dir='ltr' id='par_1_16' title="bbox 274 1448 1857 1527">
     <span class='ocr_line' id='line_1_16' title="bbox 274 1448 1857 1527; baseline 0.007 -28"><span class='ocrx_word' id='word_1_98' title='bbox 274 1448 490 1515; x_wconf 61' lang='grc' dir='ltr'>ιλιγεν,</span> <span class='ocrx_word' id='word_1_99' title='bbox 526 1449 600 1502; x_wconf 86' lang='grc' dir='ltr'>Ού</span> <span class='ocrx_word' id='word_1_100' title='bbox 639 1451 947 1521; x_wconf 84' lang='grc' dir='ltr'>χρηματίας</span> <span class='ocrx_word' id='word_1_101' title='bbox 983 1452 1127 1522; x_wconf 80' lang='grc' dir='ltr'>ὑμᾶς</span> <span class='ocrx_word' id='word_1_102' title='bbox 1172 1455 1388 1524; x_wconf 75' lang='grc' dir='ltr'><strong>ἐνόχους</strong></span> <span class='ocrx_word' id='word_1_103' title='bbox 1422 1458 1629 1527; x_wconf 82' lang='grc' dir='ltr'>ποιεῖὴ</span> <span class='ocrx_word' id='word_1_104' title='bbox 1664 1458 1857 1527; x_wconf 44' lang='lat' dir='ltr'><strong>autop-</strong></span> 
     </span>
    </p>
   </div>
   <div class='ocr_carea' id='block_1_17' title="bbox 281 1540 1859 1618">
    <p class='ocr_par' dir='ltr' id='par_1_17' title="bbox 281 1540 1859 1618">
     <span class='ocr_line' id='line_1_17' title="bbox 281 1540 1859 1618; baseline 0.006 -26"><span class='ocrx_word' id='word_1_105' title='bbox 281 1540 397 1605; x_wconf 84' lang='grc' dir='ltr'>κία,</span> <span class='ocrx_word' id='word_1_106' title='bbox 428 1541 567 1594; x_wconf 88' lang='grc' dir='ltr'><strong>ἀλλά</strong></span> <span class='ocrx_word' id='word_1_107' title='bbox 596 1544 890 1613; x_wconf 85' lang='grc' dir='ltr'>τιμωρίας.</span> <span class='ocrx_word' id='word_1_108' title='bbox 924 1546 1034 1598; x_wconf 82' lang='grc' dir='ltr'><strong>Καὶ</strong></span> <span class='ocrx_word' id='word_1_109' title='bbox 1064 1547 1204 1613; x_wconf 83' lang='grc' dir='ltr'><strong>μετά</strong></span> <span class='ocrx_word' id='word_1_110' title='bbox 1247 1548 1425 1600; x_wconf 79' lang='grc' dir='ltr'>ταῦτα</span> <span class='ocrx_word' id='word_1_111' title='bbox 1450 1551 1614 1618; x_wconf 67' lang='grc' dir='ltr'>φησιν</span> <span class='ocrx_word' id='word_1_112' title='bbox 1647 1551 1859 1601; x_wconf 73' lang='grc' dir='ltr'>ὑποκα-</span> 
     </span>
    </p>
   </div>
   <div class='ocr_carea' id='block_1_18' title="bbox 281 1631 1861 1711">
    <p class='ocr_par' dir='ltr' id='par_1_18' title="bbox 281 1631 1861 1711">
     <span class='ocr_line' id='line_1_18' title="bbox 281 1631 1861 1711; baseline 0.006 -26"><span class='ocrx_word' id='word_1_113' title='bbox 281 1631 431 1697; x_wconf 85' lang='grc' dir='ltr'>τιὼν,</span> <span class='ocrx_word' id='word_1_114' title='bbox 477 1632 652 1705; x_wconf 79' lang='grc' dir='ltr'>’Υπὲρ</span> <span class='ocrx_word' id='word_1_115' title='bbox 694 1637 749 1689; x_wconf 79' lang='grc' dir='ltr'>δὲ</span> <span class='ocrx_word' id='word_1_116' title='bbox 790 1638 886 1708; x_wconf 84' lang='grc' dir='ltr'>τῆς</span> <span class='ocrx_word' id='word_1_117' title='bbox 928 1639 1298 1706; x_wconf 73' lang='grc' dir='ltr'>παραϐάσεως</span> <span class='ocrx_word' id='word_1_118' title='bbox 1328 1641 1496 1693; x_wconf 82' lang='grc' dir='ltr'>αὐτοῦ</span> <span class='ocrx_word' id='word_1_119' title='bbox 1537 1642 1701 1711; x_wconf 86' lang='grc' dir='ltr'>ἀρκεῖ</span> <span class='ocrx_word' id='word_1_120' title='bbox 1728 1641 1861 1695; x_wconf 78' lang='grc' dir='ltr'>δέκα</span> 
     </span>
    </p>
   </div>
   <div class='ocr_carea' id='block_1_19' title="bbox 283 1723 1855 1804">
    <p class='ocr_par' dir='ltr' id='par_1_19' title="bbox 283 1723 1855 1804">
     <span class='ocr_line' id='line_1_19' title="bbox 283 1723 1855 1804; baseline 0.007 -27"><span class='ocrx_word' id='word_1_121' title='bbox 283 1728 534 1796; x_wconf 77' lang='grc' dir='ltr'>πενήτων</span> <span class='ocrx_word' id='word_1_122' title='bbox 564 1723 760 1799; x_wconf 73' lang='grc' dir='ltr'>τροφὴ,</span> <span class='ocrx_word' id='word_1_123' title='bbox 795 1730 827 1800; x_wconf 83' lang='grc' dir='ltr'><strong>ἢ</strong></span> <span class='ocrx_word' id='word_1_124' title='bbox 863 1731 1065 1800; x_wconf 79' lang='grc' dir='ltr'>ἔνδυμα</span> <span class='ocrx_word' id='word_1_125' title='bbox 1100 1732 1395 1799; x_wconf 76' lang='grc' dir='ltr'>τοσούτων,</span> <span class='ocrx_word' id='word_1_126' title='bbox 1438 1732 1472 1803; x_wconf 83' lang='grc' dir='ltr'>ἢ</span> <span class='ocrx_word' id='word_1_127' title='bbox 1502 1734 1620 1794; x_wconf 79' lang='grc' dir='ltr'>ἐνὸς</span> <span class='ocrx_word' id='word_1_128' title='bbox 1650 1736 1855 1804; x_wconf 65' lang='grc' dir='ltr'>αίχμαν</span> 
     </span>
    </p>
   </div>
   <div class='ocr_carea' id='block_1_20' title="bbox 281 1805 1931 1893">
    <p class='ocr_par' dir='ltr' id='par_1_20' title="bbox 281 1805 1931 1893">
     <span class='ocr_line' id='line_1_20' title="bbox 281 1805 1931 1893; baseline 0.008 -29"><span class='ocrx_word' id='word_1_129' title='bbox 281 1813 453 1869; x_wconf 85' lang='grc' dir='ltr'>λὼτου</span> <span class='ocrx_word' id='word_1_130' title='bbox 500 1815 789 1887; x_wconf 75' lang='grc' dir='ltr'>λύτρωσις.</span> <span class='ocrx_word' id='word_1_131' title='bbox 827 1819 885 1871; x_wconf 80' lang='grc' dir='ltr'>Ὀ</span> <span class='ocrx_word' id='word_1_132' title='bbox 931 1820 987 1872; x_wconf 87' lang='grc' dir='ltr'>δὲ</span> <span class='ocrx_word' id='word_1_133' title='bbox 1037 1820 1208 1873; x_wconf 88' lang='grc' dir='ltr'>ταῦτα</span> <span class='ocrx_word' id='word_1_134' title='bbox 1266 1820 1341 1889; x_wconf 86' lang='grc' dir='ltr'>μὴ</span> <span class='ocrx_word' id='word_1_135' title='bbox 1387 1823 1687 1891; x_wconf 82' lang='grc' dir='ltr'>δυνάμενος</span> <span class='ocrx_word' id='word_1_136' title='bbox 1737 1826 1859 1893; x_wconf 68' lang='grc' dir='ltr'>τρὶς</span> <span class='ocrx_word' id='word_1_137' title='bbox 1890 1805 1931 1861; x_wconf 72' lang='grc' dir='ltr'><strong>Β</strong></span> 
     </span>
    </p>
   </div>
   <div class='ocr_carea' id='block_1_21' title="bbox 281 1907 1854 1986">
    <p class='ocr_par' dir='ltr' id='par_1_21' title="bbox 281 1907 1854 1986">
     <span class='ocr_line' id='line_1_21' title="bbox 281 1907 1854 1986; baseline 0.006 -28"><span class='ocrx_word' id='word_1_138' title='bbox 281 1907 590 1976; x_wconf 77' lang='grc' dir='ltr'>νηστεύσει.</span> <span class='ocrx_word' id='word_1_139' title='bbox 627 1910 851 1973; x_wconf 87' lang='grc' dir='ltr'>Τούτοις</span> <span class='ocrx_word' id='word_1_140' title='bbox 885 1911 939 1963; x_wconf 86' lang='grc' dir='ltr'>δὲ</span> <span class='ocrx_word' id='word_1_141' title='bbox 966 1912 1189 1966; x_wconf 75' lang='grc' dir='ltr'>ἕπονται</span> <span class='ocrx_word' id='word_1_142' title='bbox 1225 1915 1405 1967; x_wconf 75' lang='grc' dir='ltr'>πάντα</span> <span class='ocrx_word' id='word_1_143' title='bbox 1433 1915 1602 1969; x_wconf 81' lang='grc' dir='ltr'>κακά.</span> <span class='ocrx_word' id='word_1_144' title='bbox 1628 1917 1710 1970; x_wconf 71' lang='grc' dir='ltr'>Ού</span> <span class='ocrx_word' id='word_1_145' title='bbox 1743 1916 1854 1986; x_wconf 87' lang='grc' dir='ltr'><strong>γάρ</strong></span> 
     </span>
    </p>
   </div>
   <div class='ocr_carea' id='block_1_22' title="bbox 278 2000 1858 2076">
    <p class='ocr_par' dir='ltr' id='par_1_22' title="bbox 278 2000 1858 2076">
     <span class='ocr_line' id='line_1_22' title="bbox 278 2000 1858 2076; baseline 0.007 -25"><span class='ocrx_word' id='word_1_146' title='bbox 278 2000 582 2052; x_wconf 80' lang='grc' dir='ltr'>δεδοίκασιν</span> <span class='ocrx_word' id='word_1_147' title='bbox 616 2001 886 2071; x_wconf 76' lang='grc' dir='ltr'>ἁρπάζειν</span> <span class='ocrx_word' id='word_1_148' title='bbox 930 2003 960 2072; x_wconf 82' lang='grc' dir='ltr'>ἢ</span> <span class='ocrx_word' id='word_1_149' title='bbox 1018 2006 1315 2076; x_wconf 80' lang='grc' dir='ltr'>ἀπατᾷν,ἢ</span> <span class='ocrx_word' id='word_1_150' title='bbox 1366 2008 1688 2076; x_wconf 81' lang='grc' dir='ltr'>ὲπιορκε.ν·</span> <span class='ocrx_word' id='word_1_151' title='bbox 1744 2010 1858 2062; x_wconf 88' lang='grc' dir='ltr'>ἀλλ’</span> 
     </span>
    </p>
   </div>
   <div class='ocr_carea' id='block_1_23' title="bbox 1958 536 3536 623">
    <p class='ocr_par' dir='ltr' id='par_1_23' title="bbox 1958 536 3536 623">
     <span class='ocr_line' id='line_1_23' title="bbox 1958 536 3536 623; baseline 0.002 -21"><span class='ocrx_word' id='word_1_152' title='bbox 1958 552 2239 618; x_wconf 74' lang='lat' dir='ltr'><strong>apostolus</strong></span> <span class='ocrx_word' id='word_1_153' title='bbox 2274 553 2393 616; x_wconf 87' lang='lat' dir='ltr'><strong>Dei,</strong></span> <span class='ocrx_word' id='word_1_154' title='bbox 2438 555 2585 609; x_wconf 90' lang='lat' dir='ltr'><strong>sicut</strong></span> <span class='ocrx_word' id='word_1_155' title='bbox 2632 554 2889 623; x_wconf 82' lang='lat' dir='ltr'><strong>superius</strong></span> <span class='ocrx_word' id='word_1_156' title='bbox 2935 551 3286 606; x_wconf 81' lang='lat' dir='ltr'><strong>manifestum</strong></span> <span class='ocrx_word' id='word_1_157' title='bbox 3338 536 3441 605; x_wconf 68' lang='lat' dir='ltr'><strong>finit</strong></span> <span class='ocrx_word' id='word_1_158' title='bbox 3482 551 3536 605; x_wconf 89' lang='lat' dir='ltr'><strong>in</strong></span> 
     </span>
    </p>
   </div>
   <div class='ocr_carea' id='block_1_24' title="bbox 1960 642 3539 715">
    <p class='ocr_par' dir='ltr' id='par_1_24' title="bbox 1960 642 3539 715">
     <span class='ocr_line' id='line_1_24' title="bbox 1960 642 3539 715; baseline 0.001 -22"><span class='ocrx_word' id='word_1_159' title='bbox 1960 642 2155 709; x_wconf 88' lang='lat' dir='ltr'><strong>quinto</strong></span> <span class='ocrx_word' id='word_1_160' title='bbox 2180 645 2441 713; x_wconf 90' lang='lat' dir='ltr'><strong>capitulo.</strong></span> <span class='ocrx_word' id='word_1_161' title='bbox 2471 646 2547 699; x_wconf 84' lang='lat' dir='ltr'><strong>De</strong></span> <span class='ocrx_word' id='word_1_162' title='bbox 2591 646 2835 715; x_wconf 87' lang='lat' dir='ltr'><strong>perjurio</strong></span> <span class='ocrx_word' id='word_1_163' title='bbox 2878 653 3061 698; x_wconf 91' lang='lat' dir='ltr'><strong>autem</strong></span> <span class='ocrx_word' id='word_1_164' title='bbox 3097 643 3275 713; x_wconf 88' lang='lat' dir='ltr'><strong>palam</strong></span> <span class='ocrx_word' id='word_1_165' title='bbox 3313 642 3446 696; x_wconf 83' lang='lat' dir='ltr'><strong>dicit</strong></span> <span class='ocrx_word' id='word_1_166' title='bbox 3484 642 3539 694; x_wconf 91' lang='lat' dir='ltr'><strong>in</strong></span> 
     </span>
    </p>
   </div>
   <div class='ocr_carea' id='block_1_25' title="bbox 1957 732 3539 805">
    <p class='ocr_par' dir='ltr' id='par_1_25' title="bbox 1957 732 3539 805">
     <span class='ocr_line' id='line_1_25' title="bbox 1957 732 3539 805; baseline -0.001 -17"><span class='ocrx_word' id='word_1_167' title='bbox 1957 734 2204 803; x_wconf 75' lang='lat' dir='ltr'><strong>capitulo</strong></span> <span class='ocrx_word' id='word_1_168' title='bbox 2256 737 2457 797; x_wconf 81' lang='lat' dir='ltr'><strong>Elmin.</strong></span> <span class='ocrx_word' id='word_1_169' title='bbox 2492 737 2638 805; x_wconf 88' lang='lat' dir='ltr'><strong>quod</strong></span> <span class='ocrx_word' id='word_1_170' title='bbox 2694 738 3087 805; x_wconf 92' lang='lat' dir='ltr'><strong>interpretatur</strong></span> <span class='ocrx_word' id='word_1_171' title='bbox 3141 750 3321 787; x_wconf 76' lang='lat' dir='ltr'><strong>mensa</strong></span> <span class='ocrx_word' id='word_1_172' title='bbox 3352 748 3371 787; x_wconf 88' lang='lat'><strong><em>:</em></strong></span> <span class='ocrx_word' id='word_1_173' title='bbox 3420 732 3539 786; x_wconf 83' lang='lat' dir='ltr'><strong>Non</strong></span> 
     </span>
    </p>
   </div>
   <div class='ocr_carea' id='block_1_26' title="bbox 1959 822 3539 895">
    <p class='ocr_par' dir='ltr' id='par_1_26' title="bbox 1959 822 3539 895">
     <span class='ocr_line' id='line_1_26' title="bbox 1959 822 3539 895; baseline 0 -18"><span class='ocrx_word' id='word_1_174' title='bbox 1959 825 2253 893; x_wconf 88' lang='lat' dir='ltr'><strong>imputabit</strong></span> <span class='ocrx_word' id='word_1_175' title='bbox 2288 827 2442 882; x_wconf 86' lang='lat' dir='ltr'><strong>vobis</strong></span> <span class='ocrx_word' id='word_1_176' title='bbox 2476 828 2621 882; x_wconf 90' lang='lat' dir='ltr'><strong>Deus</strong></span> <span class='ocrx_word' id='word_1_177' title='bbox 2653 827 3057 881; x_wconf 78' lang='lat' dir='ltr'><strong>fraudationem</strong></span> <span class='ocrx_word' id='word_1_178' title='bbox 3081 824 3403 895; x_wconf 83' lang='lat' dir='ltr'><strong>juramenti,</strong></span> <span class='ocrx_word' id='word_1_179' title='bbox 3444 822 3539 877; x_wconf 90' lang='lat' dir='ltr'><strong>sed</strong></span> 
     </span>
    </p>
   </div>
   <div class='ocr_carea' id='block_1_27' title="bbox 1959 915 3535 989">
    <p class='ocr_par' dir='ltr' id='par_1_27' title="bbox 1959 915 3535 989">
     <span class='ocr_line' id='line_1_27' title="bbox 1959 915 3535 989; baseline -0.001 -21"><span class='ocrx_word' id='word_1_180' title='bbox 1959 916 2359 973; x_wconf 79' lang='lat' dir='ltr'><strong>invocationem</strong></span> <span class='ocrx_word' id='word_1_181' title='bbox 2413 920 2550 989; x_wconf 83' lang='lat' dir='ltr'><strong>ejus.</strong></span> <span class='ocrx_word' id='word_1_182' title='bbox 2598 918 2764 985; x_wconf 80' lang='lat' dir='ltr'><strong>Quasi</strong></span> <span class='ocrx_word' id='word_1_183' title='bbox 2812 918 2954 971; x_wconf 87' lang='lat' dir='ltr'><strong>dicat</strong></span> <span class='ocrx_word' id='word_1_184' title='bbox 3005 934 3020 970; x_wconf 87' lang='lat'><strong>:</strong></span> <span class='ocrx_word' id='word_1_185' title='bbox 3070 915 3379 984; x_wconf 84' lang='lat' dir='ltr'><strong>Perjurium</strong></span> <span class='ocrx_word' id='word_1_186' title='bbox 3428 930 3535 967; x_wconf 91' lang='lat' dir='ltr'><strong>non</strong></span> 
     </span>
    </p>
   </div>
   <div class='ocr_carea' id='block_1_28' title="bbox 1957 1004 3539 1077">
    <p class='ocr_par' dir='ltr' id='par_1_28' title="bbox 1957 1004 3539 1077">
     <span class='ocr_line' id='line_1_28' title="bbox 1957 1004 3539 1077; baseline 0 -20"><span class='ocrx_word' id='word_1_187' title='bbox 1957 1005 2163 1075; x_wconf 79' lang='lat' dir='ltr'><strong>obligat</strong></span> <span class='ocrx_word' id='word_1_188' title='bbox 2211 1008 2277 1061; x_wconf 90' lang='lat' dir='ltr'><strong>ad</strong></span> <span class='ocrx_word' id='word_1_189' title='bbox 2310 1009 2548 1076; x_wconf 88' lang='lat' dir='ltr'><strong>culpam,</strong></span> <span class='ocrx_word' id='word_1_190' title='bbox 2585 1010 2677 1062; x_wconf 92' lang='lat' dir='ltr'><strong>sed</strong></span> <span class='ocrx_word' id='word_1_191' title='bbox 2718 1008 2781 1062; x_wconf 85' lang='lat' dir='ltr'><strong>ad</strong></span> <span class='ocrx_word' id='word_1_192' title='bbox 2816 1023 3052 1075; x_wconf 66' lang='lat' dir='ltr'><strong>poenam.</strong></span> <span class='ocrx_word' id='word_1_193' title='bbox 3083 1007 3148 1061; x_wconf 82' lang='lat' dir='ltr'><strong>Et</strong></span> <span class='ocrx_word' id='word_1_194' title='bbox 3187 1016 3371 1077; x_wconf 88' lang='lat' dir='ltr'><strong>postea</strong></span> <span class='ocrx_word' id='word_1_195' title='bbox 3404 1004 3539 1058; x_wconf 88' lang='lat' dir='ltr'><strong>sub-</strong></span> 
     </span>
    </p>
   </div>
   <div class='ocr_carea' id='block_1_29' title="bbox 1959 1095 3537 1170">
    <p class='ocr_par' dir='ltr' id='par_1_29' title="bbox 1959 1095 3537 1170">
     <span class='ocr_line' id='line_1_29' title="bbox 1959 1095 3537 1170; baseline 0.001 -23"><span class='ocrx_word' id='word_1_196' title='bbox 1959 1095 2077 1148; x_wconf 86' lang='lat' dir='ltr'><strong>dit:</strong></span> <span class='ocrx_word' id='word_1_197' title='bbox 2111 1096 2213 1151; x_wconf 81' lang='lat' dir='ltr'><strong>Pro</strong></span> <span class='ocrx_word' id='word_1_198' title='bbox 2249 1101 2684 1169; x_wconf 79' lang='lat' dir='ltr'><strong>transgressione</strong></span> <span class='ocrx_word' id='word_1_199' title='bbox 2723 1110 2904 1153; x_wconf 90' lang='lat' dir='ltr'><strong>autem</strong></span> <span class='ocrx_word' id='word_1_200' title='bbox 2941 1101 3061 1170; x_wconf 84' lang='lat' dir='ltr'><strong>ejus</strong></span> <span class='ocrx_word' id='word_1_201' title='bbox 3094 1098 3292 1153; x_wconf 78' lang='lat' dir='ltr'><strong>sullicit</strong></span> <span class='ocrx_word' id='word_1_202' title='bbox 3348 1099 3537 1151; x_wconf 91' lang='lat' dir='ltr'><strong>decem</strong></span> 
     </span>
    </p>
   </div>
   <div class='ocr_carea' id='block_1_30' title="bbox 1959 1189 3540 1255">
    <p class='ocr_par' dir='ltr' id='par_1_30' title="bbox 1959 1189 3540 1255">
     <span class='ocr_line' id='line_1_30' title="bbox 1959 1189 3540 1255; baseline 0.001 -16"><span class='ocrx_word' id='word_1_203' title='bbox 1959 1201 2258 1255; x_wconf 84' lang='lat' dir='ltr'><strong>pauperum</strong></span> <span class='ocrx_word' id='word_1_204' title='bbox 2306 1190 2583 1254; x_wconf 87' lang='lat' dir='ltr'><strong>educatio,</strong></span> <span class='ocrx_word' id='word_1_205' title='bbox 2626 1191 2708 1244; x_wconf 87' lang='lat' dir='ltr'><strong>vel</strong></span> <span class='ocrx_word' id='word_1_206' title='bbox 2759 1190 2984 1243; x_wconf 87' lang='lat' dir='ltr'><strong>totidem</strong></span> <span class='ocrx_word' id='word_1_207' title='bbox 3020 1190 3424 1249; x_wconf 85' lang='lat' dir='ltr'><strong>indumentum,</strong></span> <span class='ocrx_word' id='word_1_208' title='bbox 3455 1189 3540 1242; x_wconf 91' lang='lat' dir='ltr'><strong>vel</strong></span> 
     </span>
    </p>
   </div>
   <div class='ocr_carea' id='block_1_31' title="bbox 1960 1279 3541 1349">
    <p class='ocr_par' dir='ltr' id='par_1_31' title="bbox 1960 1279 3541 1349">
     <span class='ocr_line' id='line_1_31' title="bbox 1960 1279 3541 1349; baseline 0 -18"><span class='ocrx_word' id='word_1_209' title='bbox 1960 1279 2126 1331; x_wconf 91' lang='lat' dir='ltr'><strong>unius</strong></span> <span class='ocrx_word' id='word_1_210' title='bbox 2156 1280 2354 1345; x_wconf 67' lang='lat' dir='ltr'><strong>captivi</strong></span> <span class='ocrx_word' id='word_1_211' title='bbox 2390 1281 2713 1348; x_wconf 78' lang='lat' dir='ltr'><strong>redemptio.</strong></span> <span class='ocrx_word' id='word_1_212' title='bbox 2744 1282 2845 1347; x_wconf 87' lang='lat' dir='ltr'><strong>Qui</strong></span> <span class='ocrx_word' id='word_1_213' title='bbox 2894 1292 3077 1335; x_wconf 89' lang='lat' dir='ltr'><strong>autem</strong></span> <span class='ocrx_word' id='word_1_214' title='bbox 3139 1282 3250 1333; x_wconf 74' lang='lat' dir='ltr'><strong>lure</strong></span> <span class='ocrx_word' id='word_1_215' title='bbox 3290 1294 3397 1333; x_wconf 90' lang='lat' dir='ltr'><strong>non</strong></span> <span class='ocrx_word' id='word_1_216' title='bbox 3442 1295 3541 1349; x_wconf 90' lang='lat' dir='ltr'><strong>po-</strong></span> 
     </span>
    </p>
   </div>
   <div class='ocr_carea' id='block_1_32' title="bbox 1960 1352 3544 1443">
    <p class='ocr_par' dir='ltr' id='par_1_32' title="bbox 1960 1352 3544 1443">
     <span class='ocr_line' id='line_1_32' title="bbox 1960 1352 3544 1443; baseline 0 -20"><span class='ocrx_word' id='word_1_217' title='bbox 1960 1379 2066 1424; x_wconf 86' lang='lat' dir='ltr'><strong>test</strong></span> <span class='ocrx_word' id='word_1_218' title='bbox 2101 1352 2303 1435; x_wconf 63' lang='lat' dir='ltr'><strong>facerc:</strong></span> <span class='ocrx_word' id='word_1_219' title='bbox 2330 1381 2413 1425; x_wconf 77' lang='lat' dir='ltr'><strong>ter</strong></span> <span class='ocrx_word' id='word_1_220' title='bbox 2433 1373 2730 1443; x_wconf 89' lang='lat' dir='ltr'><strong>jejunabit.</strong></span> <span class='ocrx_word' id='word_1_221' title='bbox 2770 1376 2841 1427; x_wconf 77' lang='grc' dir='ltr'>Ειι</span> <span class='ocrx_word' id='word_1_222' title='bbox 2873 1374 2992 1427; x_wconf 84' lang='lat' dir='ltr'><strong>istis</strong></span> <span class='ocrx_word' id='word_1_223' title='bbox 3018 1373 3270 1443; x_wconf 86' lang='lat' dir='ltr'><strong>equidem</strong></span> <span class='ocrx_word' id='word_1_224' title='bbox 3302 1387 3544 1438; x_wconf 88' lang='lat' dir='ltr'><strong>sequun—</strong></span> 
     </span>
    </p>
   </div>
   <div class='ocr_carea' id='block_1_33' title="bbox 1960 1462 3539 1532">
    <p class='ocr_par' dir='ltr' id='par_1_33' title="bbox 1960 1462 3539 1532">
     <span class='ocr_line' id='line_1_33' title="bbox 1960 1462 3539 1532; baseline -0.003 -15"><span class='ocrx_word' id='word_1_225' title='bbox 1960 1472 2051 1517; x_wconf 88' lang='lat' dir='ltr'><strong>tur</strong></span> <span class='ocrx_word' id='word_1_226' title='bbox 2096 1463 2279 1517; x_wconf 87' lang='lat' dir='ltr'><strong>omnia</strong></span> <span class='ocrx_word' id='word_1_227' title='bbox 2336 1465 2497 1517; x_wconf 88' lang='lat' dir='ltr'><strong>mala.</strong></span> <span class='ocrx_word' id='word_1_228' title='bbox 2551 1466 2671 1519; x_wconf 88' lang='lat' dir='ltr'><strong>Non</strong></span> <span class='ocrx_word' id='word_1_229' title='bbox 2731 1467 2877 1519; x_wconf 90' lang='lat' dir='ltr'><strong>enim</strong></span> <span class='ocrx_word' id='word_1_230' title='bbox 2938 1465 3134 1517; x_wconf 91' lang='lat' dir='ltr'><strong>timent</strong></span> <span class='ocrx_word' id='word_1_231' title='bbox 3190 1476 3405 1532; x_wconf 88' lang='lat' dir='ltr'><strong>rapere.</strong></span> <span class='ocrx_word' id='word_1_232' title='bbox 3457 1462 3539 1513; x_wconf 91' lang='lat' dir='ltr'><strong>vel</strong></span> 
     </span>
    </p>
   </div>
   <div class='ocr_carea' id='block_1_34' title="bbox 1958 1554 3540 1626">
    <p class='ocr_par' dir='ltr' id='par_1_34' title="bbox 1958 1554 3540 1626">
     <span class='ocr_line' id='line_1_34' title="bbox 1958 1554 3540 1626; baseline -0.003 -17"><span class='ocrx_word' id='word_1_233' title='bbox 1958 1554 2234 1623; x_wconf 90' lang='lat' dir='ltr'><strong>decipere,</strong></span> <span class='ocrx_word' id='word_1_234' title='bbox 2287 1556 2368 1610; x_wconf 87' lang='lat' dir='ltr'><strong>vel</strong></span> <span class='ocrx_word' id='word_1_235' title='bbox 2422 1558 2691 1626; x_wconf 85' lang='lat' dir='ltr'><strong>pejerare.</strong></span> <span class='ocrx_word' id='word_1_236' title='bbox 2747 1572 2849 1611; x_wconf 87' lang='lat' dir='ltr'><strong>nec</strong></span> <span class='ocrx_word' id='word_1_237' title='bbox 2902 1556 3064 1610; x_wconf 86' lang='lat' dir='ltr'><strong>ﬁdem</strong></span> <span class='ocrx_word' id='word_1_238' title='bbox 3120 1570 3367 1617; x_wconf 87' lang='lat' dir='ltr'><strong>servare;</strong></span> <span class='ocrx_word' id='word_1_239' title='bbox 3415 1568 3540 1606; x_wconf 91' lang='lat' dir='ltr'><strong>cum</strong></span> 
     </span>
    </p>
   </div>
   <div class='ocr_carea' id='block_1_35' title="bbox 1957 1644 3543 1718">
    <p class='ocr_par' dir='ltr' id='par_1_35' title="bbox 1957 1644 3543 1718">
     <span class='ocr_line' id='line_1_35' title="bbox 1957 1644 3543 1718; baseline -0.004 -17"><span class='ocrx_word' id='word_1_240' title='bbox 1957 1644 2273 1701; x_wconf 84' lang='lat' dir='ltr'><strong>Christiano</strong></span> <span class='ocrx_word' id='word_1_241' title='bbox 2328 1648 2704 1718; x_wconf 58' lang='lat' dir='ltr'><strong>praecipiatur,</strong></span> <span class='ocrx_word' id='word_1_242' title='bbox 2776 1647 2938 1701; x_wconf 77' lang='lat' dir='ltr'><strong>fidem</strong></span> <span class='ocrx_word' id='word_1_243' title='bbox 2994 1662 3215 1702; x_wconf 90' lang='lat' dir='ltr'><strong>servare</strong></span> <span class='ocrx_word' id='word_1_244' title='bbox 3288 1653 3543 1714; x_wconf 82' lang='lat' dir='ltr'><strong>oportere</strong></span> 
     </span>
    </p>
   </div>
   <div class='ocr_carea' id='block_1_36' title="bbox 1959 1736 3541 1805">
    <p class='ocr_par' dir='ltr' id='par_1_36' title="bbox 1959 1736 3541 1805">
     <span class='ocr_line' id='line_1_36' title="bbox 1959 1736 3541 1805; baseline -0.003 -12"><span class='ocrx_word' id='word_1_245' title='bbox 1959 1738 2126 1793; x_wconf 89' lang='lat' dir='ltr'><strong>etiam</strong></span> <span class='ocrx_word' id='word_1_246' title='bbox 2160 1739 2399 1794; x_wconf 89' lang='lat' dir='ltr'><strong>inimicis</strong></span> <span class='ocrx_word' id='word_1_247' title='bbox 2437 1749 2494 1794; x_wconf 88' lang='lat' dir='ltr'><strong>et</strong></span> <span class='ocrx_word' id='word_1_248' title='bbox 2522 1740 2856 1793; x_wconf 77' lang='lat' dir='ltr'><strong>inﬁdelibus.</strong></span> <span class='ocrx_word' id='word_1_249' title='bbox 2894 1738 3107 1793; x_wconf 85' lang='lat' dir='ltr'><strong>Habent</strong></span> <span class='ocrx_word' id='word_1_250' title='bbox 3148 1748 3326 1792; x_wconf 87' lang='lat' dir='ltr'><strong>tamen</strong></span> <span class='ocrx_word' id='word_1_251' title='bbox 3362 1736 3541 1805; x_wconf 83' lang='lat' dir='ltr'><strong>quod-</strong></span> 
     </span>
    </p>
   </div>
   <div class='ocr_carea' id='block_1_37' title="bbox 1960 1825 3538 1899">
    <p class='ocr_par' dir='ltr' id='par_1_37' title="bbox 1960 1825 3538 1899">
     <span class='ocr_line' id='line_1_37' title="bbox 1960 1825 3538 1899; baseline 0.001 -20"><span class='ocrx_word' id='word_1_252' title='bbox 1960 1825 2084 1880; x_wconf 84' lang='lat' dir='ltr'><strong>dam</strong></span> <span class='ocrx_word' id='word_1_253' title='bbox 2130 1828 2438 1882; x_wconf 89' lang='lat' dir='ltr'><strong>indubitato</strong></span> <span class='ocrx_word' id='word_1_254' title='bbox 2486 1845 2658 1899; x_wconf 76' lang='lat' dir='ltr'><strong>genus</strong></span> <span class='ocrx_word' id='word_1_255' title='bbox 2699 1829 3000 1898; x_wconf 72' lang='lat' dir='ltr'><strong>jur’amenti</strong></span> <span class='ocrx_word' id='word_1_256' title='bbox 3056 1828 3338 1891; x_wconf 86' lang='lat' dir='ltr'><strong>Saraceni,</strong></span> <span class='ocrx_word' id='word_1_257' title='bbox 3393 1826 3538 1895; x_wconf 91' lang='lat' dir='ltr'><strong>quod</strong></span> 
     </span>
    </p>
   </div>
   <div class='ocr_carea' id='block_1_38' title="bbox 1958 1917 3542 1989">
    <p class='ocr_par' dir='ltr' id='par_1_38' title="bbox 1958 1917 3542 1989">
     <span class='ocr_line' id='line_1_38' title="bbox 1958 1917 3542 1989; baseline -0.001 -17"><span class='ocrx_word' id='word_1_258' title='bbox 1958 1933 2068 1972; x_wconf 89' lang='lat' dir='ltr'><strong>non</strong></span> <span class='ocrx_word' id='word_1_259' title='bbox 2111 1919 2179 1973; x_wconf 88' lang='lat' dir='ltr'><strong>de</strong></span> <span class='ocrx_word' id='word_1_260' title='bbox 2230 1920 2375 1975; x_wconf 88' lang='lat' dir='ltr'><strong>lacili</strong></span> <span class='ocrx_word' id='word_1_261' title='bbox 2427 1920 2967 1989; x_wconf 80' lang='lat' dir='ltr'><strong>transgrederentur,</strong></span> <span class='ocrx_word' id='word_1_262' title='bbox 3014 1920 3081 1973; x_wconf 88' lang='lat' dir='ltr'><strong>de</strong></span> <span class='ocrx_word' id='word_1_263' title='bbox 3113 1935 3222 1988; x_wconf 92' lang='lat' dir='ltr'><strong>quo</strong></span> <span class='ocrx_word' id='word_1_264' title='bbox 3255 1927 3377 1987; x_wconf 92' lang='lat' dir='ltr'><strong>post</strong></span> <span class='ocrx_word' id='word_1_265' title='bbox 3425 1917 3542 1971; x_wconf 75' lang='lat' dir='ltr'><strong>ha-c</strong></span> 
     </span>
    </p>
   </div>
   <div class='ocr_carea' id='block_1_39' title="bbox 1957 2009 3539 2081">
    <p class='ocr_par' dir='ltr' id='par_1_39' title="bbox 1957 2009 3539 2081">
     <span class='ocr_line' id='line_1_39' title="bbox 1957 2009 3539 2081; baseline -0.001 -18"><span class='ocrx_word' id='word_1_266' title='bbox 1957 2012 2387 2080; x_wconf 87' lang='lat' dir='ltr'><strong>speculabimur.</strong></span> <span class='ocrx_word' id='word_1_267' title='bbox 2435 2013 2781 2067; x_wconf 83' lang='lat' dir='ltr'><strong>Mahometus</strong></span> <span class='ocrx_word' id='word_1_268' title='bbox 2844 2022 3028 2067; x_wconf 86' lang='lat' dir='ltr'><strong>autem</strong></span> <span class='ocrx_word' id='word_1_269' title='bbox 3084 2013 3260 2081; x_wconf 85' lang='lat' dir='ltr'><strong>palam</strong></span> <span class='ocrx_word' id='word_1_270' title='bbox 3299 2011 3433 2064; x_wconf 89' lang='lat' dir='ltr'><strong>dicit</strong></span> <span class='ocrx_word' id='word_1_271' title='bbox 3485 2009 3539 2062; x_wconf 91' lang='lat' dir='ltr'><strong>in</strong></span> 
     </span>
    </p>
   </div>
   <div class='ocr_carea' id='block_1_40' title="bbox 278 2092 1856 2170">
    <p class='ocr_par' dir='ltr' id='par_1_40' title="bbox 278 2092 1856 2169">
     <span class='ocr_line' id='line_1_40' title="bbox 278 2092 1856 2169; baseline 0.004 -24"><span class='ocrx_word' id='word_1_272' title='bbox 278 2092 401 2147; x_wconf 72' lang='grc' dir='ltr'>οὐδὲ</span> <span class='ocrx_word' id='word_1_273' title='bbox 428 2094 647 2163; x_wconf 85' lang='grc' dir='ltr'>τηροῦσι</span> <span class='ocrx_word' id='word_1_274' title='bbox 680 2096 748 2148; x_wconf 77' lang='grc' dir='ltr'>τὰ</span> <span class='ocrx_word' id='word_1_275' title='bbox 776 2096 965 2164; x_wconf 81' lang='grc' dir='ltr'>πιστὰ,</span> <span class='ocrx_word' id='word_1_276' title='bbox 991 2098 1099 2150; x_wconf 83' lang='grc' dir='ltr'>τῶν</span> <span class='ocrx_word' id='word_1_277' title='bbox 1119 2100 1463 2169; x_wconf 73' lang='grc' dir='ltr'>Χριστιανῶν</span> <span class='ocrx_word' id='word_1_278' title='bbox 1489 2100 1856 2154; x_wconf 74' lang='grc' dir='ltr'>πιστευόντων</span> 
     </span>
    </p>
   </div>
   <div class='ocr_carea' id='block_1_41' title="bbox 1960 2092 3538 2170">
    <p class='ocr_par' dir='ltr' id='par_1_41' title="bbox 1960 2100 3538 2170">
     <span class='ocr_line' id='line_1_41' title="bbox 1960 2100 3538 2170; baseline -0.003 -17"><span class='ocrx_word' id='word_1_279' title='bbox 1960 2102 2205 2170; x_wconf 87' lang='lat' dir='ltr'><strong>capitulo</strong></span> <span class='ocrx_word' id='word_1_280' title='bbox 2256 2103 2584 2164; x_wconf 86' lang='lat' dir='ltr'><strong>Elmetaare,</strong></span> <span class='ocrx_word' id='word_1_281' title='bbox 2639 2104 2784 2170; x_wconf 88' lang='lat' dir='ltr'><strong>quod</strong></span> <span class='ocrx_word' id='word_1_282' title='bbox 2858 2104 3252 2170; x_wconf 89' lang='lat' dir='ltr'><strong>interpretatur</strong></span> <span class='ocrx_word' id='word_1_283' title='bbox 3315 2100 3538 2158; x_wconf 82' lang='lat' dir='ltr'><strong>necatio,</strong></span> 
     </span>
    </p>
   </div>
   <div class='ocr_carea' id='block_1_42' title="bbox 277 2179 1856 2259">
    <p class='ocr_par' dir='ltr' id='par_1_42' title="bbox 277 2179 1856 2258">
     <span class='ocr_line' id='line_1_42' title="bbox 277 2179 1856 2258; baseline 0.006 -24"><span class='ocrx_word' id='word_1_284' title='bbox 277 2179 380 2251; x_wconf 77' lang='grc' dir='ltr'><strong>τὴν</strong></span> <span class='ocrx_word' id='word_1_285' title='bbox 406 2182 613 2236; x_wconf 74' lang='grc' dir='ltr'>πίστιν</span> <span class='ocrx_word' id='word_1_286' title='bbox 657 2185 767 2237; x_wconf 83' lang='grc' dir='ltr'>δεῖν</span> <span class='ocrx_word' id='word_1_287' title='bbox 823 2186 1187 2254; x_wconf 78' lang='grc' dir='ltr'>φυλάττεσθαι</span> <span class='ocrx_word' id='word_1_288' title='bbox 1227 2189 1321 2241; x_wconf 64' lang='grc' dir='ltr'><strong>κοιλ⁸</strong></span> <span class='ocrx_word' id='word_1_289' title='bbox 1362 2192 1473 2251; x_wconf 83' lang='grc' dir='ltr'>τοῖς</span> <span class='ocrx_word' id='word_1_290' title='bbox 1512 2189 1725 2258; x_wconf 75' lang='grc' dir='ltr'>ἐχθροῖς</span> <span class='ocrx_word' id='word_1_291' title='bbox 1766 2192 1856 2243; x_wconf 74' lang='grc' dir='ltr'><strong>καὶ</strong></span> 
     </span>
    </p>
   </div>
   <div class='ocr_carea' id='block_1_43' title="bbox 1960 2179 3536 2259">
    <p class='ocr_par' dir='ltr' id='par_1_43' title="bbox 1962 2188 3536 2259">
     <span class='ocr_line' id='line_1_43' title="bbox 1962 2188 3536 2259; baseline -0.003 -16"><span class='ocrx_word' id='word_1_292' title='bbox 1962 2190 2106 2258; x_wconf 89' lang='lat' dir='ltr'><strong>quod</strong></span> <span class='ocrx_word' id='word_1_293' title='bbox 2141 2191 2283 2244; x_wconf 85' lang='lat' dir='ltr'><strong>Deus</strong></span> <span class='ocrx_word' id='word_1_294' title='bbox 2314 2191 2727 2259; x_wconf 86' lang='lat' dir='ltr'><strong>dispensaverat</strong></span> <span class='ocrx_word' id='word_1_295' title='bbox 2755 2191 2827 2254; x_wconf 88' lang='lat' dir='ltr'><strong>ei,</strong></span> <span class='ocrx_word' id='word_1_296' title='bbox 2866 2199 2925 2244; x_wconf 90' lang='lat' dir='ltr'><strong>ut</strong></span> <span class='ocrx_word' id='word_1_297' title='bbox 2962 2207 3067 2243; x_wconf 92' lang='lat' dir='ltr'><strong>non</strong></span> <span class='ocrx_word' id='word_1_298' title='bbox 3115 2200 3359 2243; x_wconf 85' lang='lat' dir='ltr'><strong>servaret</strong></span> <span class='ocrx_word' id='word_1_299' title='bbox 3392 2188 3536 2256; x_wconf 88' lang='lat' dir='ltr'><strong>quod</strong></span> 
     </span>
    </p>
   </div>
   <div class='ocr_carea' id='block_1_44' title="bbox 278 2269 1856 2351">
    <p class='ocr_par' dir='ltr' id='par_1_44' title="bbox 278 2269 1856 2349">
     <span class='ocr_line' id='line_1_44' title="bbox 278 2269 1856 2349; baseline 0.008 -28"><span class='ocrx_word' id='word_1_300' title='bbox 278 2269 547 2331; x_wconf 83' lang='grc' dir='ltr'>ἀπίστοις.</span> <span class='ocrx_word' id='word_1_301' title='bbox 584 2273 806 2341; x_wconf 78' lang='grc' dir='ltr'>Ἔχουσι</span> <span class='ocrx_word' id='word_1_302' title='bbox 840 2275 895 2326; x_wconf 78' lang='grc' dir='ltr'>δέ</span> <span class='ocrx_word' id='word_1_303' title='bbox 926 2291 976 2326; x_wconf 88' lang='grc' dir='ltr'><strong>τι</strong></span> <span class='ocrx_word' id='word_1_304' title='bbox 1004 2276 1390 2345; x_wconf 77' lang='grc' dir='ltr'>ἀναμφιϐόλως</span> <span class='ocrx_word' id='word_1_305' title='bbox 1419 2278 1468 2330; x_wconf 77' lang='grc' dir='ltr'><strong>οἱ</strong></span> <span class='ocrx_word' id='word_1_306' title='bbox 1509 2279 1856 2349; x_wconf 78' lang='grc' dir='ltr'>Σαῤῥακηνοὶ</span> 
     </span>
    </p>
   </div>
   <div class='ocr_carea' id='block_1_45' title="bbox 1960 2269 3539 2351">
    <p class='ocr_par' dir='ltr' id='par_1_45' title="bbox 1960 2280 3539 2351">
     <span class='ocr_line' id='line_1_45' title="bbox 1960 2280 3539 2351; baseline -0.003 -16"><span class='ocrx_word' id='word_1_307' title='bbox 1960 2282 2107 2335; x_wconf 71' lang='lat' dir='ltr'><strong>lit-ite</strong></span> <span class='ocrx_word' id='word_1_308' title='bbox 2130 2282 2430 2351; x_wconf 86' lang='lat' dir='ltr'><strong>juraverat,</strong></span> <span class='ocrx_word' id='word_1_309' title='bbox 2458 2297 2567 2335; x_wconf 88' lang='lat' dir='ltr'><strong>non</strong></span> <span class='ocrx_word' id='word_1_310' title='bbox 2600 2283 2837 2351; x_wconf 85' lang='lat' dir='ltr'><strong>amplius</strong></span> <span class='ocrx_word' id='word_1_311' title='bbox 2864 2282 3118 2335; x_wconf 73' lang='lat' dir='ltr'><strong>videlicet</strong></span> <span class='ocrx_word' id='word_1_312' title='bbox 3145 2281 3211 2333; x_wconf 90' lang='lat' dir='ltr'><strong>ad</strong></span> <span class='ocrx_word' id='word_1_313' title='bbox 3244 2280 3539 2333; x_wconf 81' lang='lat' dir='ltr'><strong>Jacobitis-</strong></span> 
     </span>
    </p>
   </div>
   <div class='ocr_carea' id='block_1_46' title="bbox 278 2358 1856 2445">
    <p class='ocr_par' dir='ltr' id='par_1_46' title="bbox 278 2361 1856 2443">
     <span class='ocr_line' id='line_1_46' title="bbox 278 2361 1856 2443; baseline 0.008 -31"><span class='ocrx_word' id='word_1_314' title='bbox 278 2362 436 2426; x_wconf 85' lang='grc' dir='ltr'>γένος</span> <span class='ocrx_word' id='word_1_315' title='bbox 476 2361 664 2430; x_wconf 79' lang='grc' dir='ltr'>ὅρκου,</span> <span class='ocrx_word' id='word_1_316' title='bbox 695 2364 833 2432; x_wconf 76' lang='grc' dir='ltr'>ὅπερ</span> <span class='ocrx_word' id='word_1_317' title='bbox 860 2365 962 2418; x_wconf 81' lang='grc' dir='ltr'><strong>οὐκ</strong></span> <span class='ocrx_word' id='word_1_318' title='bbox 1011 2366 1077 2418; x_wconf 85' lang='grc' dir='ltr'><strong>ἂν</strong></span> <span class='ocrx_word' id='word_1_319' title='bbox 1125 2368 1323 2439; x_wconf 68' lang='grc' dir='ltr'>ῥᾳδίως</span> <span class='ocrx_word' id='word_1_320' title='bbox 1361 2371 1691 2438; x_wconf 78' lang='grc' dir='ltr'>παραϐαῖεν,</span> <span class='ocrx_word' id='word_1_321' title='bbox 1727 2375 1856 2443; x_wconf 74' lang='grc' dir='ltr'>περὶ</span> 
     </span>
    </p>
   </div>
   <div class='ocr_carea' id='block_1_47' title="bbox 1960 2358 3561 2445">
    <p class='ocr_par' dir='ltr' id='par_1_47' title="bbox 1960 2358 3561 2445">
     <span class='ocr_line' id='line_1_47' title="bbox 1960 2358 3561 2445; baseline -0.002 -16"><span class='ocrx_word' id='word_1_322' title='bbox 1960 2390 2069 2429; x_wconf 87' lang='lat' dir='ltr'><strong>sam</strong></span> <span class='ocrx_word' id='word_1_323' title='bbox 2093 2375 2383 2444; x_wconf 85' lang='lat' dir='ltr'><strong>quamdam</strong></span> <span class='ocrx_word' id='word_1_324' title='bbox 2423 2376 2706 2440; x_wconf 80' lang='lat' dir='ltr'><strong>accedere,</strong></span> <span class='ocrx_word' id='word_1_325' title='bbox 2744 2358 2879 2445; x_wconf 73' lang='lat' dir='ltr'><strong>qure</strong></span> <span class='ocrx_word' id='word_1_326' title='bbox 2918 2375 3083 2427; x_wconf 84' lang='lat' dir='ltr'><strong>Maria</strong></span> <span class='ocrx_word' id='word_1_327' title='bbox 3134 2374 3561 2441; x_wconf 26' lang='lat' dir='ltr'><strong>appellabaturk</strong></span> 
     </span>
    </p>
   </div>
   <div class='ocr_carea' id='block_1_48' title="bbox 277 2446 1853 2535">
    <p class='ocr_par' dir='ltr' id='par_1_48' title="bbox 277 2446 1853 2535">
     <span class='ocr_line' id='line_1_48' title="bbox 277 2446 1853 2535; baseline 0.008 -31"><span class='ocrx_word' id='word_1_328' title='bbox 277 2446 338 2509; x_wconf 74' lang='grc' dir='ltr'>οὗ</span> <span class='ocrx_word' id='word_1_329' title='bbox 365 2455 503 2522; x_wconf 83' lang='grc' dir='ltr'><strong>μετά</strong></span> <span class='ocrx_word' id='word_1_330' title='bbox 546 2455 718 2508; x_wconf 85' lang='grc' dir='ltr'>ταῦτα</span> <span class='ocrx_word' id='word_1_331' title='bbox 751 2456 1185 2527; x_wconf 78' lang='grc' dir='ltr'>θεωρηθὴσεται.</span> <span class='ocrx_word' id='word_1_332' title='bbox 1225 2461 1283 2512; x_wconf 86' lang='lat'><strong>&#39;0</strong></span> <span class='ocrx_word' id='word_1_333' title='bbox 1322 2461 1377 2513; x_wconf 85' lang='grc' dir='ltr'>δὲ</span> <span class='ocrx_word' id='word_1_334' title='bbox 1414 2463 1661 2532; x_wconf 83' lang='grc' dir='ltr'>Μωάμεθ</span> <span class='ocrx_word' id='word_1_335' title='bbox 1695 2464 1853 2535; x_wconf 81' lang='grc' dir='ltr'>διαρο</span> 
     </span>
    </p>
   </div>
   <div class='ocr_carea' id='block_1_49' title="bbox 280 2543 1852 2623">
    <p class='ocr_par' dir='ltr' id='par_1_49' title="bbox 280 2543 1852 2623">
     <span class='ocr_line' id='line_1_49' title="bbox 280 2543 1852 2623; baseline 0.01 -29"><span class='ocrx_word' id='word_1_336' title='bbox 280 2543 449 2614; x_wconf 77' lang='grc' dir='ltr'>ῥὴδην</span> <span class='ocrx_word' id='word_1_337' title='bbox 508 2546 673 2615; x_wconf 76' lang='grc' dir='ltr'>φησὶν</span> <span class='ocrx_word' id='word_1_338' title='bbox 722 2547 778 2599; x_wconf 82' lang='grc' dir='ltr'>ἐν</span> <span class='ocrx_word' id='word_1_339' title='bbox 829 2548 908 2618; x_wconf 87' lang='grc' dir='ltr'>τῷ</span> <span class='ocrx_word' id='word_1_340' title='bbox 959 2551 1243 2621; x_wconf 79' lang='grc' dir='ltr'>κεφαλαίῳ</span> <span class='ocrx_word' id='word_1_341' title='bbox 1284 2551 1362 2621; x_wconf 79' lang='grc' dir='ltr'>τῷ</span> <span class='ocrx_word' id='word_1_342' title='bbox 1401 2553 1634 2623; x_wconf 72' lang='grc' dir='ltr'>Ἐλμετά</span> <span class='ocrx_word' id='word_1_343' title='bbox 1669 2556 1794 2623; x_wconf 79' lang='grc' dir='ltr'>ἀρὲ,</span> <span class='ocrx_word' id='word_1_344' title='bbox 1824 2556 1852 2608; x_wconf 78' lang='grc' dir='ltr'><strong>ὃ</strong></span> 
     </span>
    </p>
   </div>
   <div class='ocr_carea' id='block_1_50' title="bbox 279 2636 1855 2719">
    <p class='ocr_par' dir='ltr' id='par_1_50' title="bbox 279 2636 1855 2719">
     <span class='ocr_line' id='line_1_50' title="bbox 279 2636 1855 2719; baseline 0.008 -31"><span class='ocrx_word' id='word_1_345' title='bbox 279 2636 781 2706; x_wconf 72' lang='grc' dir='ltr'>ἑρμηνεύεται</span> <span class='ocrx_word' id='word_1_346' title='bbox 811 2640 893 2693; x_wconf 85' lang='grc' dir='ltr'><strong>ὅτι</strong></span> <span class='ocrx_word' id='word_1_347' title='bbox 926 2645 952 2695; x_wconf 82' lang='grc' dir='ltr'>ὁ</span> <span class='ocrx_word' id='word_1_348' title='bbox 978 2643 1110 2704; x_wconf 88' lang='grc' dir='ltr'>Θεὸς</span> <span class='ocrx_word' id='word_1_349' title='bbox 1149 2645 1415 2699; x_wconf 78' lang='grc' dir='ltr'>ἐνέδωκεν</span> <span class='ocrx_word' id='word_1_350' title='bbox 1455 2648 1605 2717; x_wconf 83' lang='grc' dir='ltr'>αὑτῴ</span> <span class='ocrx_word' id='word_1_351' title='bbox 1643 2650 1718 2719; x_wconf 81' lang='grc' dir='ltr'>μὴ</span> <span class='ocrx_word' id='word_1_352' title='bbox 1756 2667 1855 2716; x_wconf 85' lang='grc' dir='ltr'>φυ-</span> 
     </span>
    </p>
   </div>
   <div class='ocr_carea' id='block_1_51' title="bbox 277 2730 1851 2807">
    <p class='ocr_par' dir='ltr' id='par_1_51' title="bbox 277 2730 1851 2807">
     <span class='ocr_line' id='line_1_51' title="bbox 277 2730 1851 2807; baseline 0.008 -27"><span class='ocrx_word' id='word_1_353' title='bbox 277 2730 458 2793; x_wconf 75' lang='grc' dir='ltr'>λάξαι,</span> <span class='ocrx_word' id='word_1_354' title='bbox 511 2732 539 2783; x_wconf 87' lang='grc' dir='ltr'><strong>ὃ</strong></span> <span class='ocrx_word' id='word_1_355' title='bbox 592 2733 819 2795; x_wconf 79' lang='grc' dir='ltr'>δικαίως</span> <span class='ocrx_word' id='word_1_356' title='bbox 879 2732 1159 2803; x_wconf 80' lang='grc' dir='ltr'>ὀμώμοκε,</span> <span class='ocrx_word' id='word_1_357' title='bbox 1223 2736 1283 2788; x_wconf 87' lang='grc' dir='ltr'><strong>τὸ</strong></span> <span class='ocrx_word' id='word_1_358' title='bbox 1347 2737 1547 2807; x_wconf 75' lang='grc' dir='ltr'>μηκέτι</span> <span class='ocrx_word' id='word_1_359' title='bbox 1608 2741 1851 2807; x_wconf 75' lang='grc' dir='ltr'>δηλονότι</span> 
     </span>
    </p>
   </div>
   <div class='ocr_carea' id='block_1_52' title="bbox 281 2820 1849 2898">
    <p class='ocr_par' dir='ltr' id='par_1_52' title="bbox 281 2820 1849 2898">
     <span class='ocr_line' id='line_1_52' title="bbox 281 2820 1849 2898; baseline 0.006 -27"><span class='ocrx_word' id='word_1_360' title='bbox 281 2820 600 2890; x_wconf 81' lang='grc' dir='ltr'>προσελθεῖν</span> <span class='ocrx_word' id='word_1_361' title='bbox 640 2822 1016 2895; x_wconf 80' lang='grc' dir='ltr'>Ἰακωϐιτίσσῃ</span> <span class='ocrx_word' id='word_1_362' title='bbox 1046 2825 1174 2887; x_wconf 80' lang='grc' dir='ltr'>τινί,</span> <span class='ocrx_word' id='word_1_363' title='bbox 1203 2824 1583 2898; x_wconf 73' lang='grc' dir='ltr'>ὀνομαζομένῃ</span> <span class='ocrx_word' id='word_1_364' title='bbox 1626 2828 1814 2898; x_wconf 78' lang='grc' dir='ltr'>Μαρία</span> <span class='ocrx_word' id='word_1_365' title='bbox 1834 2845 1849 2860; x_wconf 78' lang='grc'><strong><em>⁸</em></strong></span> 
     </span>
    </p>
   </div>
   <div class='ocr_carea' id='block_1_53' title="bbox 1962 2466 3540 2537">
    <p class='ocr_par' dir='ltr' id='par_1_53' title="bbox 1962 2466 3540 2537">
     <span class='ocr_line' id='line_1_53' title="bbox 1962 2466 3540 2537; baseline -0.003 -18"><span class='ocrx_word' id='word_1_366' title='bbox 1962 2466 2031 2519; x_wconf 85' lang='grc' dir='ltr'>Ει</span> <span class='ocrx_word' id='word_1_367' title='bbox 2074 2466 2151 2519; x_wconf 90' lang='lat' dir='ltr'><strong>sic</strong></span> <span class='ocrx_word' id='word_1_368' title='bbox 2180 2467 2459 2533; x_wconf 74' lang='lat' dir='ltr'><strong>pejeravit,</strong></span> <span class='ocrx_word' id='word_1_369' title='bbox 2509 2468 2666 2537; x_wconf 89' lang='lat' dir='ltr'><strong>cujus</strong></span> <span class='ocrx_word' id='word_1_370' title='bbox 2707 2467 3050 2521; x_wconf 86' lang='lat' dir='ltr'><strong>remissionis</strong></span> <span class='ocrx_word' id='word_1_371' title='bbox 3093 2476 3256 2520; x_wconf 71' lang='lat' dir='ltr'><strong>testes</strong></span> <span class='ocrx_word' id='word_1_372' title='bbox 3300 2471 3447 2525; x_wconf 76' lang='lat' dir='ltr'><strong>sunt,</strong></span> <span class='ocrx_word' id='word_1_373' title='bbox 3480 2471 3540 2516; x_wconf 88' lang='lat' dir='ltr'><strong>ut</strong></span> 
     </span>
    </p>
   </div>
   <div class='ocr_carea' id='block_1_54' title="bbox 1963 2554 3535 2627">
    <p class='ocr_par' dir='ltr' id='par_1_54' title="bbox 1963 2554 3535 2627">
     <span class='ocr_line' id='line_1_54' title="bbox 1963 2554 3535 2627; baseline 0.002 -19"><span class='ocrx_word' id='word_1_374' title='bbox 1963 2556 2119 2621; x_wconf 90' lang='lat' dir='ltr'><strong>dicit,</strong></span> <span class='ocrx_word' id='word_1_375' title='bbox 2151 2557 2374 2611; x_wconf 79' lang='lat' dir='ltr'><strong>Michael</strong></span> <span class='ocrx_word' id='word_1_376' title='bbox 2410 2567 2462 2611; x_wconf 65' lang='lat' dir='ltr'><strong>et</strong></span> <span class='ocrx_word' id='word_1_377' title='bbox 2496 2558 2739 2611; x_wconf 86' lang='lat' dir='ltr'><strong>Gabriel.</strong></span> <span class='ocrx_word' id='word_1_378' title='bbox 2780 2558 2971 2627; x_wconf 85' lang='lat' dir='ltr'><strong>Iniqua</strong></span> <span class='ocrx_word' id='word_1_379' title='bbox 3004 2558 3165 2627; x_wconf 73' lang='lat' dir='ltr'><strong>igitur</strong></span> <span class='ocrx_word' id='word_1_380' title='bbox 3199 2565 3283 2609; x_wconf 85' lang='lat' dir='ltr'><strong>est</strong></span> <span class='ocrx_word' id='word_1_381' title='bbox 3313 2557 3397 2607; x_wconf 78' lang='lat' dir='ltr'><strong>lex</strong></span> <span class='ocrx_word' id='word_1_382' title='bbox 3424 2554 3535 2611; x_wconf 72' lang='lat' dir='ltr'><strong>illa.</strong></span> 
     </span>
    </p>
   </div>
   <div class='ocr_carea' id='block_1_55' title="bbox 1961 2646 3539 2718">
    <p class='ocr_par' dir='ltr' id='par_1_55' title="bbox 1961 2646 3539 2718">
     <span class='ocr_line' id='line_1_55' title="bbox 1961 2646 3539 2718; baseline -0.001 -17"><span class='ocrx_word' id='word_1_383' title='bbox 1961 2665 2124 2717; x_wconf 84' lang='lat' dir='ltr'><strong>qnam</strong></span> <span class='ocrx_word' id='word_1_384' title='bbox 2168 2659 2478 2718; x_wconf 90' lang='lat' dir='ltr'><strong>sequuntur</strong></span> <span class='ocrx_word' id='word_1_385' title='bbox 2524 2652 2706 2704; x_wconf 88' lang='lat' dir='ltr'><strong>omnia</strong></span> <span class='ocrx_word' id='word_1_386' title='bbox 2762 2652 2922 2705; x_wconf 88' lang='lat' dir='ltr'><strong>mala.</strong></span> <span class='ocrx_word' id='word_1_387' title='bbox 2969 2652 3063 2704; x_wconf 85' lang='lat' dir='ltr'><strong>Est</strong></span> <span class='ocrx_word' id='word_1_388' title='bbox 3122 2659 3303 2701; x_wconf 75' lang='lat' dir='ltr'><strong>autem</strong></span> <span class='ocrx_word' id='word_1_389' title='bbox 3352 2646 3539 2715; x_wconf 87' lang='lat' dir='ltr'><strong>iniqua</strong></span> 
     </span>
    </p>
   </div>
   <div class='ocr_carea' id='block_1_56' title="bbox 1960 2738 3543 2812">
    <p class='ocr_par' dir='ltr' id='par_1_56' title="bbox 1960 2738 3543 2812">
     <span class='ocr_line' id='line_1_56' title="bbox 1960 2738 3543 2812; baseline -0.004 -16"><span class='ocrx_word' id='word_1_390' title='bbox 1960 2751 2275 2810; x_wconf 80' lang='lat' dir='ltr'><strong>propterea,</strong></span> <span class='ocrx_word' id='word_1_391' title='bbox 2318 2742 2465 2812; x_wconf 93' lang='lat' dir='ltr'><strong>quod</strong></span> <span class='ocrx_word' id='word_1_392' title='bbox 2499 2751 2578 2796; x_wconf 91' lang='lat' dir='ltr'><strong>tot</strong></span> <span class='ocrx_word' id='word_1_393' title='bbox 2622 2754 2677 2797; x_wconf 89' lang='lat' dir='ltr'><strong>et</strong></span> <span class='ocrx_word' id='word_1_394' title='bbox 2709 2743 2784 2797; x_wconf 86' lang='lat' dir='ltr'><strong>sic</strong></span> <span class='ocrx_word' id='word_1_395' title='bbox 2814 2758 3005 2812; x_wconf 79' lang='lat' dir='ltr'><strong>magna</strong></span> <span class='ocrx_word' id='word_1_396' title='bbox 3048 2742 3185 2794; x_wconf 85' lang='lat' dir='ltr'><strong>mala</strong></span> <span class='ocrx_word' id='word_1_397' title='bbox 3225 2752 3281 2793; x_wconf 90' lang='lat' dir='ltr'><strong>et</strong></span> <span class='ocrx_word' id='word_1_398' title='bbox 3320 2738 3543 2792; x_wconf 81' lang='lat' dir='ltr'><strong>menda-</strong></span> 
     </span>
    </p>
   </div>
   <div class='ocr_carea' id='block_1_57' title="bbox 1959 2832 2467 2904">
    <p class='ocr_par' dir='ltr' id='par_1_57' title="bbox 1959 2832 2467 2904">
     <span class='ocr_line' id='line_1_57' title="bbox 1959 2832 2467 2904; baseline 0.004 -19"><span class='ocrx_word' id='word_1_399' title='bbox 1959 2832 2041 2886; x_wconf 74' lang='lat' dir='ltr'><strong>cia</strong></span> <span class='ocrx_word' id='word_1_400' title='bbox 2073 2834 2185 2886; x_wconf 86' lang='lat' dir='ltr'><strong>Deo</strong></span> <span class='ocrx_word' id='word_1_401' title='bbox 2212 2834 2467 2904; x_wconf 82' lang='lat' dir='ltr'><strong>injungit.</strong></span> 
     </span>
    </p>
   </div>
   <div class='ocr_carea' id='block_1_58' title="bbox 279 2913 3539 2999">
    <p class='ocr_par' dir='ltr' id='par_1_58' title="bbox 279 2913 3539 2999">
     <span class='ocr_line' id='line_1_58' title="bbox 279 2913 3539 2999; baseline 0.006 -32"><span class='ocrx_word' id='word_1_402' title='bbox 279 2915 372 2967; x_wconf 70' lang='grc' dir='ltr'><strong>καὶ</strong></span> <span class='ocrx_word' id='word_1_403' title='bbox 423 2914 593 2975; x_wconf 69' lang='grc' dir='ltr'>οὔτως</span> <span class='ocrx_word' id='word_1_404' title='bbox 658 2915 1028 2987; x_wconf 77' lang='grc' dir='ltr'>ἐπιώρκησεν.</span> <span class='ocrx_word' id='word_1_405' title='bbox 1086 2913 1196 2980; x_wconf 82' lang='grc' dir='ltr'>Ἧς</span> <span class='ocrx_word' id='word_1_406' title='bbox 1257 2919 1516 2984; x_wconf 76' lang='grc' dir='ltr'>ἐνδόσεως</span> <span class='ocrx_word' id='word_1_407' title='bbox 1575 2922 1851 2992; x_wconf 83' lang='grc' dir='ltr'>μάρτυρές</span> <span class='ocrx_word' id='word_1_408' title='bbox 1888 2925 2147 2990; x_wconf 80' lang='grc' dir='ltr'>είσιν.ὥς</span> <span class='ocrx_word' id='word_1_409' title='bbox 2179 2945 2368 2997; x_wconf 81' lang='grc' dir='ltr'>φησιν,</span> <span class='ocrx_word' id='word_1_410' title='bbox 2434 2932 2462 2982; x_wconf 85' lang='grc' dir='ltr'>ὁ</span> <span class='ocrx_word' id='word_1_411' title='bbox 2526 2930 2752 2999; x_wconf 79' lang='grc' dir='ltr'>Μιχαὴλ</span> <span class='ocrx_word' id='word_1_412' title='bbox 2784 2931 2879 2984; x_wconf 75' lang='grc' dir='ltr'><strong>καὶ</strong></span> <span class='ocrx_word' id='word_1_413' title='bbox 2922 2929 2951 2981; x_wconf 81' lang='grc' dir='ltr'><strong>ὁ</strong></span> <span class='ocrx_word' id='word_1_414' title='bbox 2999 2918 3263 2997; x_wconf 73' lang='grc' dir='ltr'>Γαδρὶήλ.</span> <span class='ocrx_word' id='word_1_415' title='bbox 3296 2924 3539 2993; x_wconf 68' lang='grc' dir='ltr'>Πονηρδς</span> 
     </span>
    </p>
   </div>
   <div class='ocr_carea' id='block_1_59' title="bbox 278 3002 2235 3076">
    <p class='ocr_par' dir='ltr' id='par_1_59' title="bbox 278 3002 2235 3076">
     <span class='ocr_line' id='line_1_59' title="bbox 278 3002 2235 3076; baseline 0.006 -17"><span class='ocrx_word' id='word_1_416' title='bbox 278 3006 387 3076; x_wconf 79' lang='grc' dir='ltr'>ἄρα</span> <span class='ocrx_word' id='word_1_417' title='bbox 426 3006 575 3057; x_wconf 76' lang='grc' dir='ltr'>ἐστὶν</span> <span class='ocrx_word' id='word_1_418' title='bbox 599 3005 627 3055; x_wconf 85' lang='grc' dir='ltr'>ὁ</span> <span class='ocrx_word' id='word_1_419' title='bbox 658 3005 818 3075; x_wconf 76' lang='grc' dir='ltr'>νάμος</span> <span class='ocrx_word' id='word_1_420' title='bbox 853 3002 1139 3076; x_wconf 80' lang='grc' dir='ltr'>ὲκεῖνος,ᾧ</span> <span class='ocrx_word' id='word_1_421' title='bbox 1164 3011 1359 3063; x_wconf 76' lang='grc' dir='ltr'>ἕπεται</span> <span class='ocrx_word' id='word_1_422' title='bbox 1387 3011 1564 3064; x_wconf 85' lang='grc' dir='ltr'>πάντα</span> <span class='ocrx_word' id='word_1_423' title='bbox 1622 3013 1691 3065; x_wconf 69' lang='grc' dir='ltr'>τὰ</span> <span class='ocrx_word' id='word_1_424' title='bbox 1746 3015 1915 3069; x_wconf 74' lang='grc' dir='ltr'>κακά.</span> <span class='ocrx_word' id='word_1_425' title='bbox 1962 3017 2118 3070; x_wconf 81' lang='grc' dir='ltr'>Ἔστι</span> <span class='ocrx_word' id='word_1_426' title='bbox 2179 3019 2235 3070; x_wconf 81' lang='grc' dir='ltr'><strong>δὲ</strong></span> 
     </span>
    </p>
   </div>
   <div class='ocr_carea' id='block_1_60' title="bbox 281 3099 1621 3175">
    <p class='ocr_par' dir='ltr' id='par_1_60' title="bbox 281 3099 1621 3175">
     <span class='ocr_line' id='line_1_60' title="bbox 281 3099 1621 3175; baseline 0.004 -22"><span class='ocrx_word' id='word_1_427' title='bbox 281 3102 496 3169; x_wconf 76' lang='grc' dir='ltr'>μεγάλα</span> <span class='ocrx_word' id='word_1_428' title='bbox 520 3103 665 3153; x_wconf 83' lang='grc' dir='ltr'><strong>κακά</strong></span> <span class='ocrx_word' id='word_1_429' title='bbox 704 3100 799 3153; x_wconf 81' lang='grc' dir='ltr'><strong>καὶ</strong></span> <span class='ocrx_word' id='word_1_430' title='bbox 836 3099 1007 3171; x_wconf 73' lang='grc' dir='ltr'>ψεύδη</span> <span class='ocrx_word' id='word_1_431' title='bbox 1043 3104 1347 3157; x_wconf 79' lang='grc' dir='ltr'>ἐπιτιθέναι</span> <span class='ocrx_word' id='word_1_432' title='bbox 1372 3105 1449 3175; x_wconf 78' lang='grc' dir='ltr'><strong>τῷ</strong></span> <span class='ocrx_word' id='word_1_433' title='bbox 1481 3104 1621 3172; x_wconf 81' lang='grc' dir='ltr'>Θεῷ.</span> 
     </span>
    </p>
   </div>
   <div class='ocr_carea' id='block_1_61' title="bbox 2295 3014 3538 3090">
    <p class='ocr_par' dir='ltr' id='par_1_61' title="bbox 2295 3014 3538 3090">
     <span class='ocr_line' id='line_1_61' title="bbox 2295 3014 3538 3090; baseline -0.006 -19"><span class='ocrx_word' id='word_1_434' title='bbox 2295 3020 2530 3090; x_wconf 86' lang='grc' dir='ltr'>πονηρὸς</span> <span class='ocrx_word' id='word_1_435' title='bbox 2582 3021 2679 3073; x_wconf 81' lang='grc' dir='ltr'>καὶ</span> <span class='ocrx_word' id='word_1_436' title='bbox 2727 3020 2816 3072; x_wconf 71' lang='grc' dir='ltr'>διὰ</span> <span class='ocrx_word' id='word_1_437' title='bbox 2857 3022 2917 3072; x_wconf 90' lang='grc' dir='ltr'><strong>τὸ</strong></span> <span class='ocrx_word' id='word_1_438' title='bbox 2958 3018 3196 3072; x_wconf 79' lang='grc' dir='ltr'>τοσαῦτα</span> <span class='ocrx_word' id='word_1_439' title='bbox 3256 3016 3350 3067; x_wconf 73' lang='grc' dir='ltr'>καὶ</span> <span class='ocrx_word' id='word_1_440' title='bbox 3398 3014 3538 3065; x_wconf 77' lang='grc' dir='ltr'>οὕτω</span> 
     </span>
    </p>
   </div>
   <div class='ocr_carea' id='block_1_62' title="bbox 352 3195 1856 3286">
    <p class='ocr_par' dir='ltr' id='par_1_62' title="bbox 352 3195 1855 3269">
     <span class='ocr_line' id='line_1_62' title="bbox 352 3195 1855 3269; baseline 0.005 -22"><span class='ocrx_word' id='word_1_441' title='bbox 352 3195 465 3248; x_wconf 77' lang='lat' dir='ltr'><strong>Kal</strong></span> <span class='ocrx_word' id='word_1_442' title='bbox 500 3199 647 3263; x_wconf 78' lang='grc' dir='ltr'><strong>παρᾷ</strong></span> <span class='ocrx_word' id='word_1_443' title='bbox 676 3202 744 3250; x_wconf 77' lang='grc' dir='ltr'>τὰ</span> <span class='ocrx_word' id='word_1_444' title='bbox 801 3199 1073 3269; x_wconf 77' lang='grc' dir='ltr'>εἰρημένα</span> <span class='ocrx_word' id='word_1_445' title='bbox 1103 3200 1159 3251; x_wconf 78' lang='grc' dir='ltr'>δὲ</span> <span class='ocrx_word' id='word_1_446' title='bbox 1190 3200 1284 3251; x_wconf 72' lang='grc' dir='ltr'><strong>καὶ</strong></span> <span class='ocrx_word' id='word_1_447' title='bbox 1314 3200 1447 3252; x_wconf 85' lang='grc' dir='ltr'>ἀλλα</span> <span class='ocrx_word' id='word_1_448' title='bbox 1479 3202 1649 3254; x_wconf 84' lang='grc' dir='ltr'>πολλά</span> <span class='ocrx_word' id='word_1_449' title='bbox 1677 3201 1855 3255; x_wconf 78' lang='grc' dir='ltr'>ἐπιτί-</span> 
     </span>
    </p>
   </div>
   <div class='ocr_carea' id='block_1_63' title="bbox 1960 3195 3539 3286">
    <p class='ocr_par' dir='ltr' id='par_1_63' title="bbox 2032 3198 3539 3269">
     <span class='ocr_line' id='line_1_63' title="bbox 2032 3198 3539 3269; baseline -0.001 -17"><span class='ocrx_word' id='word_1_450' title='bbox 2032 3199 2099 3252; x_wconf 84' lang='grc' dir='ltr'>Ει</span> <span class='ocrx_word' id='word_1_451' title='bbox 2144 3209 2341 3265; x_wconf 63' lang='grc' dir='ltr'>[περισι-</span> <span class='ocrx_word' id='word_1_452' title='bbox 2392 3198 2673 3267; x_wconf 66' lang='lat' dir='ltr'><strong>praedicta.</strong></span> <span class='ocrx_word' id='word_1_453' title='bbox 2719 3201 2882 3269; x_wconf 89' lang='lat' dir='ltr'><strong>etiam</strong></span> <span class='ocrx_word' id='word_1_454' title='bbox 2934 3200 3038 3252; x_wconf 89' lang='lat' dir='ltr'><strong>alia</strong></span> <span class='ocrx_word' id='word_1_455' title='bbox 3085 3199 3254 3251; x_wconf 85' lang='lat' dir='ltr'><strong>multa</strong></span> <span class='ocrx_word' id='word_1_456' title='bbox 3304 3198 3539 3269; x_wconf 75' lang='lat' dir='ltr'><strong>injungit</strong></span> 
     </span>
    </p>
   </div>
   <div class='ocr_carea' id='block_1_64' title="bbox 282 3290 1857 3364">
    <p class='ocr_par' dir='ltr' id='par_1_64' title="bbox 282 3290 1857 3364">
     <span class='ocr_line' id='line_1_64' title="bbox 282 3290 1857 3364; baseline 0.003 -23"><span class='ocrx_word' id='word_1_457' title='bbox 282 3290 407 3360; x_wconf 86' lang='grc' dir='ltr'>θησι</span> <span class='ocrx_word' id='word_1_458' title='bbox 450 3290 615 3360; x_wconf 62' lang='grc' dir='ltr'>ψεύδη</span> <span class='ocrx_word' id='word_1_459' title='bbox 657 3292 753 3345; x_wconf 74' lang='grc' dir='ltr'><strong>καὶ</strong></span> <span class='ocrx_word' id='word_1_460' title='bbox 798 3292 1020 3360; x_wconf 82' lang='grc' dir='ltr'>ἀνόητα.</span> <span class='ocrx_word' id='word_1_461' title='bbox 1050 3292 1189 3361; x_wconf 76' lang='grc' dir='ltr'>Φησὶ</span> <span class='ocrx_word' id='word_1_462' title='bbox 1219 3292 1328 3361; x_wconf 73' lang='grc' dir='ltr'><strong>γὰρ</strong></span> <span class='ocrx_word' id='word_1_463' title='bbox 1378 3292 1466 3344; x_wconf 90' lang='grc' dir='ltr'><strong>τὸν</strong></span> <span class='ocrx_word' id='word_1_464' title='bbox 1495 3294 1626 3346; x_wconf 86' lang='grc' dir='ltr'>Θεὸν</span> <span class='ocrx_word' id='word_1_465' title='bbox 1655 3312 1857 3364; x_wconf 83' lang='grc' dir='ltr'>παραι-</span> 
     </span>
    </p>
   </div>
   <div class='ocr_carea' id='block_1_65' title="bbox 280 3381 1852 3455">
    <p class='ocr_par' dir='ltr' id='par_1_65' title="bbox 280 3381 1852 3455">
     <span class='ocr_line' id='line_1_65' title="bbox 280 3381 1852 3455; baseline 0.002 -22"><span class='ocrx_word' id='word_1_466' title='bbox 280 3381 509 3447; x_wconf 87' lang='grc' dir='ltr'>τεῖσθαι,</span> <span class='ocrx_word' id='word_1_467' title='bbox 544 3383 631 3434; x_wconf 69' lang='grc' dir='ltr'><strong>διὰ</strong></span> <span class='ocrx_word' id='word_1_468' title='bbox 678 3384 740 3435; x_wconf 88' lang='grc' dir='ltr'><strong>τὸ</strong></span> <span class='ocrx_word' id='word_1_469' title='bbox 786 3383 997 3453; x_wconf 66' lang='grc' dir='ltr'>πέμψαι</span> <span class='ocrx_word' id='word_1_470' title='bbox 1046 3384 1344 3437; x_wconf 80' lang='grc' dir='ltr'>ἀπόστολον</span> <span class='ocrx_word' id='word_1_471' title='bbox 1392 3384 1482 3437; x_wconf 89' lang='grc' dir='ltr'><strong>τὸν</strong></span> <span class='ocrx_word' id='word_1_472' title='bbox 1531 3386 1852 3455; x_wconf 83' lang='grc' dir='ltr'>Μαχούμετ,</span> 
     </span>
    </p>
   </div>
   <div class='ocr_carea' id='block_1_66' title="bbox 278 3474 1857 3548">
    <p class='ocr_par' dir='ltr' id='par_1_66' title="bbox 278 3474 1857 3548">
     <span class='ocr_line' id='line_1_66' title="bbox 278 3474 1857 3548; baseline 0.002 -19"><span class='ocrx_word' id='word_1_473' title='bbox 278 3474 565 3545; x_wconf 76' lang='grc' dir='ltr'>ἄνθρωπον</span> <span class='ocrx_word' id='word_1_474' title='bbox 601 3477 752 3543; x_wconf 79' lang='grc' dir='ltr'>ὄντα,</span> <span class='ocrx_word' id='word_1_475' title='bbox 803 3478 937 3531; x_wconf 80' lang='grc' dir='ltr'>ἀλλὰ</span> <span class='ocrx_word' id='word_1_476' title='bbox 975 3478 1049 3548; x_wconf 81' lang='grc' dir='ltr'>μὴ</span> <span class='ocrx_word' id='word_1_477' title='bbox 1085 3480 1288 3546; x_wconf 78' lang='grc' dir='ltr'>μᾶλλον</span> <span class='ocrx_word' id='word_1_478' title='bbox 1340 3479 1627 3547; x_wconf 77' lang='grc' dir='ltr'>ἀγγέλους,</span> <span class='ocrx_word' id='word_1_479' title='bbox 1665 3480 1752 3533; x_wconf 73' lang='grc' dir='ltr'>διὰ</span> <span class='ocrx_word' id='word_1_480' title='bbox 1796 3479 1857 3533; x_wconf 88' lang='grc' dir='ltr'><strong>τὸ</strong></span> 
     </span>
    </p>
   </div>
   <div class='ocr_carea' id='block_1_67' title="bbox 277 3566 1856 3639">
    <p class='ocr_par' dir='ltr' id='par_1_67' title="bbox 277 3566 1856 3639">
     <span class='ocr_line' id='line_1_67' title="bbox 277 3566 1856 3639; baseline 0.003 -23"><span class='ocrx_word' id='word_1_481' title='bbox 277 3567 521 3626; x_wconf 78' lang='grc' dir='ltr'>ἐκείνους</span> <span class='ocrx_word' id='word_1_482' title='bbox 564 3566 639 3635; x_wconf 80' lang='grc' dir='ltr'>μὴ</span> <span class='ocrx_word' id='word_1_483' title='bbox 672 3566 931 3620; x_wconf 86' lang='grc' dir='ltr'>δύνασθαι</span> <span class='ocrx_word' id='word_1_484' title='bbox 988 3568 1106 3635; x_wconf 84' lang='grc' dir='ltr'>μετ’</span> <span class='ocrx_word' id='word_1_485' title='bbox 1158 3569 1459 3636; x_wconf 77' lang='grc' dir='ltr'>ἀσφαλείας</span> <span class='ocrx_word' id='word_1_486' title='bbox 1505 3570 1596 3622; x_wconf 90' lang='grc' dir='ltr'><strong>τὸν</strong></span> <span class='ocrx_word' id='word_1_487' title='bbox 1653 3571 1856 3639; x_wconf 85' lang='grc' dir='ltr'>κόσμον</span> 
     </span>
    </p>
   </div>
   <div class='ocr_carea' id='block_1_68' title="bbox 279 3656 1855 3730">
    <p class='ocr_par' dir='ltr' id='par_1_68' title="bbox 279 3656 1855 3730">
     <span class='ocr_line' id='line_1_68' title="bbox 279 3656 1855 3730; baseline 0.002 -22"><span class='ocrx_word' id='word_1_488' title='bbox 279 3656 614 3728; x_wconf 78' lang='grc' dir='ltr'>διέρχεσθαι.</span> <span class='ocrx_word' id='word_1_489' title='bbox 661 3660 769 3711; x_wconf 84' lang='lat' dir='ltr'><strong>Kal</strong></span> <span class='ocrx_word' id='word_1_490' title='bbox 832 3660 1033 3727; x_wconf 86' lang='grc' dir='ltr'>μήπως</span> <span class='ocrx_word' id='word_1_491' title='bbox 1058 3660 1085 3710; x_wconf 84' lang='grc' dir='ltr'>ὁ</span> <span class='ocrx_word' id='word_1_492' title='bbox 1127 3659 1420 3730; x_wconf 80' lang='grc' dir='ltr'>Μαχούμετ</span> <span class='ocrx_word' id='word_1_493' title='bbox 1450 3661 1855 3730; x_wconf 80' lang='grc' dir='ltr'>ἀσφαλέστερον</span> 
     </span>
    </p>
   </div>
   <div class='ocr_carea' id='block_1_69' title="bbox 279 3744 1855 3816">
    <p class='ocr_par' dir='ltr' id='par_1_69' title="bbox 279 3744 1855 3816">
     <span class='ocr_line' id='line_1_69' title="bbox 279 3744 1855 3816; baseline 0.003 -19"><span class='ocrx_word' id='word_1_494' title='bbox 279 3746 387 3799; x_wconf 80' lang='grc' dir='ltr'>τῶν</span> <span class='ocrx_word' id='word_1_495' title='bbox 430 3746 675 3813; x_wconf 86' lang='grc' dir='ltr'>ἀγγέλων</span> <span class='ocrx_word' id='word_1_496' title='bbox 710 3744 848 3815; x_wconf 82' lang='grc' dir='ltr'>διῄει</span> <span class='ocrx_word' id='word_1_497' title='bbox 879 3746 968 3798; x_wconf 72' lang='grc' dir='ltr'><strong>τὸν</strong></span> <span class='ocrx_word' id='word_1_498' title='bbox 1009 3746 1243 3813; x_wconf 81' lang='grc' dir='ltr'>κόσμον;</span> <span class='ocrx_word' id='word_1_499' title='bbox 1292 3748 1351 3799; x_wconf 84' lang='grc' dir='ltr'>Εἰ</span> <span class='ocrx_word' id='word_1_500' title='bbox 1389 3748 1447 3799; x_wconf 85' lang='grc' dir='ltr'>δὲ</span> <span class='ocrx_word' id='word_1_501' title='bbox 1494 3749 1619 3811; x_wconf 76' lang='grc' dir='ltr'>τοὺς</span> <span class='ocrx_word' id='word_1_502' title='bbox 1652 3749 1855 3816; x_wconf 84' lang='grc' dir='ltr'>ἀγαθο-</span> 
     </span>
    </p>
   </div>
   <div class='ocr_carea' id='block_1_70' title="bbox 280 3837 1855 3907">
    <p class='ocr_par' dir='ltr' id='par_1_70' title="bbox 280 3837 1855 3907">
     <span class='ocr_line' id='line_1_70' title="bbox 280 3837 1855 3907; baseline 0.003 -20"><span class='ocrx_word' id='word_1_503' title='bbox 280 3837 470 3899; x_wconf 72' lang='grc' dir='ltr'>ποιοὺς</span> <span class='ocrx_word' id='word_1_504' title='bbox 498 3838 592 3890; x_wconf 75' lang='grc' dir='ltr'><strong>καὶ</strong></span> <span class='ocrx_word' id='word_1_505' title='bbox 620 3838 997 3907; x_wconf 70' lang='grc' dir='ltr'>εἰρηνοποιοὺς</span> <span class='ocrx_word' id='word_1_506' title='bbox 1040 3838 1129 3890; x_wconf 82' lang='grc' dir='ltr'><strong>διὰ</strong></span> <span class='ocrx_word' id='word_1_507' title='bbox 1167 3838 1276 3891; x_wconf 82' lang='grc' dir='ltr'>τῶν</span> <span class='ocrx_word' id='word_1_508' title='bbox 1319 3839 1569 3907; x_wconf 72' lang='grc' dir='ltr'>ἀγγέλων</span> <span class='ocrx_word' id='word_1_509' title='bbox 1608 3840 1855 3907; x_wconf 85' lang='grc' dir='ltr'>βούλεται</span> 
     </span>
    </p>
   </div>
   <div class='ocr_carea' id='block_1_71' title="bbox 280 3928 1855 4000">
    <p class='ocr_par' dir='ltr' id='par_1_71' title="bbox 280 3928 1855 4000">
     <span class='ocr_line' id='line_1_71' title="bbox 280 3928 1855 4000; baseline 0.002 -20"><span class='ocrx_word' id='word_1_510' title='bbox 280 3931 442 3991; x_wconf 80' lang='grc' dir='ltr'>νοεῖν,</span> <span class='ocrx_word' id='word_1_511' title='bbox 481 3928 561 3982; x_wconf 78' lang='grc' dir='ltr'>ἔτι</span> <span class='ocrx_word' id='word_1_512' title='bbox 608 3930 717 3983; x_wconf 83' lang='grc' dir='ltr'>οὐδ’</span> <span class='ocrx_word' id='word_1_513' title='bbox 763 3930 936 3993; x_wconf 78' lang='grc' dir='ltr'>οὕτως</span> <span class='ocrx_word' id='word_1_514' title='bbox 989 3930 1290 3998; x_wconf 80' lang='grc' dir='ltr'>ἀμφίϐολον</span> <span class='ocrx_word' id='word_1_515' title='bbox 1318 3932 1445 3996; x_wconf 80' lang='grc' dir='ltr'>τοὺς</span> <span class='ocrx_word' id='word_1_516' title='bbox 1482 3931 1720 4000; x_wconf 79' lang='grc' dir='ltr'>ἀγαθοὺς</span> <span class='ocrx_word' id='word_1_517' title='bbox 1758 3932 1855 3984; x_wconf 73' lang='grc' dir='ltr'>καὶ</span> 
     </span>
    </p>
   </div>
   <div class='ocr_carea' id='block_1_72' title="bbox 280 4020 1855 4093">
    <p class='ocr_par' dir='ltr' id='par_1_72' title="bbox 280 4020 1855 4093">
     <span class='ocr_line' id='line_1_72' title="bbox 280 4020 1855 4093; baseline 0.003 -22"><span class='ocrx_word' id='word_1_518' title='bbox 280 4020 591 4089; x_wconf 75' lang='grc' dir='ltr'>εἰρηνικοὺς</span> <span class='ocrx_word' id='word_1_519' title='bbox 649 4020 760 4074; x_wconf 83' lang='grc' dir='ltr'><strong>τῶν</strong></span> <span class='ocrx_word' id='word_1_520' title='bbox 810 4022 1113 4093; x_wconf 85' lang='grc' dir='ltr'>ἀνθρώπων</span> <span class='ocrx_word' id='word_1_521' title='bbox 1194 4024 1602 4091; x_wconf 77' lang='grc' dir='ltr'>ἀσφαλέστερον</span> <span class='ocrx_word' id='word_1_522' title='bbox 1661 4024 1855 4076; x_wconf 82' lang='grc' dir='ltr'>διιέναι</span> 
     </span>
    </p>
   </div>
   <div class='ocr_carea' id='block_1_73' title="bbox 279 4111 1856 4182">
    <p class='ocr_par' dir='ltr' id='par_1_73' title="bbox 279 4111 1856 4182">
     <span class='ocr_line' id='line_1_73' title="bbox 279 4111 1856 4182; baseline 0.004 -21"><span class='ocrx_word' id='word_1_523' title='bbox 279 4112 375 4162; x_wconf 87' lang='grc' dir='ltr'><strong>τὸν</strong></span> <span class='ocrx_word' id='word_1_524' title='bbox 418 4111 684 4182; x_wconf 83' lang='grc' dir='ltr'>κόσμονῆ</span> <span class='ocrx_word' id='word_1_525' title='bbox 724 4111 850 4175; x_wconf 82' lang='grc' dir='ltr'>τοὺς</span> <span class='ocrx_word' id='word_1_526' title='bbox 899 4114 1191 4182; x_wconf 83' lang='grc' dir='ltr'>πονηρούς.</span> <span class='ocrx_word' id='word_1_527' title='bbox 1242 4114 1461 4180; x_wconf 85' lang='grc' dir='ltr'>Εἰσάγει</span> <span class='ocrx_word' id='word_1_528' title='bbox 1499 4115 1556 4167; x_wconf 82' lang='grc' dir='ltr'>δὲ</span> <span class='ocrx_word' id='word_1_529' title='bbox 1590 4115 1680 4166; x_wconf 78' lang='grc' dir='ltr'><strong>τὸν</strong></span> <span class='ocrx_word' id='word_1_530' title='bbox 1722 4116 1856 4167; x_wconf 77' lang='grc' dir='ltr'>Θεὸν</span> 
     </span>
    </p>
   </div>
   <div class='ocr_carea' id='block_1_74' title="bbox 284 4202 1854 4273">
    <p class='ocr_par' dir='ltr' id='par_1_74' title="bbox 284 4202 1854 4273">
     <span class='ocr_line' id='line_1_74' title="bbox 284 4202 1854 4273; baseline 0.001 -19"><span class='ocrx_word' id='word_1_531' title='bbox 284 4202 527 4268; x_wconf 82' lang='grc' dir='ltr'>συνεχῶς</span> <span class='ocrx_word' id='word_1_532' title='bbox 554 4203 958 4273; x_wconf 79' lang='grc' dir='ltr'>διαλεγόμενον,</span> <span class='ocrx_word' id='word_1_533' title='bbox 1005 4207 1099 4257; x_wconf 68' lang='grc' dir='ltr'><strong>καὶ</strong></span> <span class='ocrx_word' id='word_1_534' title='bbox 1133 4205 1378 4271; x_wconf 83' lang='grc' dir='ltr'>λέγοντα,</span> <span class='ocrx_word' id='word_1_535' title='bbox 1426 4206 1510 4257; x_wconf 84' lang='grc' dir='ltr'>ὅτι</span> <span class='ocrx_word' id='word_1_536' title='bbox 1533 4206 1596 4257; x_wconf 82' lang='grc' dir='ltr'><strong>ού</strong></span> <span class='ocrx_word' id='word_1_537' title='bbox 1635 4205 1854 4267; x_wconf 80' lang='grc' dir='ltr'>παιδιᾶς</span> 
     </span>
    </p>
   </div>
   <div class='ocr_carea' id='block_1_75' title="bbox 283 4295 1858 4366">
    <p class='ocr_par' dir='ltr' id='par_1_75' title="bbox 283 4295 1858 4366">
     <span class='ocr_line' id='line_1_75' title="bbox 283 4295 1858 4366; baseline 0.003 -20"><span class='ocrx_word' id='word_1_538' title='bbox 283 4296 445 4365; x_wconf 73' lang='grc' dir='ltr'>χάριν</span> <span class='ocrx_word' id='word_1_539' title='bbox 473 4295 840 4364; x_wconf 73' lang='grc' dir='ltr'>ὲδημιούγησε</span> <span class='ocrx_word' id='word_1_540' title='bbox 881 4296 973 4348; x_wconf 82' lang='grc' dir='ltr'><strong>τὸν</strong></span> <span class='ocrx_word' id='word_1_541' title='bbox 1017 4297 1246 4366; x_wconf 87' lang='grc' dir='ltr'>κόσμον.</span> <span class='ocrx_word' id='word_1_542' title='bbox 1286 4297 1448 4349; x_wconf 81' lang='grc' dir='ltr'>Ἀλλᾶ</span> <span class='ocrx_word' id='word_1_543' title='bbox 1487 4298 1568 4359; x_wconf 86' lang='grc' dir='ltr'><strong>τίς</strong></span> <span class='ocrx_word' id='word_1_544' title='bbox 1602 4297 1858 4350; x_wconf 80' lang='grc' dir='ltr'>τοσοῦτον</span> 
     </span>
    </p>
   </div>
   <div class='ocr_carea' id='block_1_76' title="bbox 282 4386 1857 4459">
    <p class='ocr_par' dir='ltr' id='par_1_76' title="bbox 282 4386 1857 4459">
     <span class='ocr_line' id='line_1_76' title="bbox 282 4386 1857 4459; baseline 0.003 -23"><span class='ocrx_word' id='word_1_545' title='bbox 282 4386 534 4454; x_wconf 86' lang='grc' dir='ltr'>ἀνόητος,</span> <span class='ocrx_word' id='word_1_546' title='bbox 559 4386 700 4440; x_wconf 84' lang='grc' dir='ltr'>ὥστε</span> <span class='ocrx_word' id='word_1_547' title='bbox 724 4387 1044 4454; x_wconf 89' lang='grc' dir='ltr'>λογίσασθαι</span> <span class='ocrx_word' id='word_1_548' title='bbox 1075 4390 1203 4459; x_wconf 72' lang='grc' dir='ltr'>περὶ</span> <span class='ocrx_word' id='word_1_549' title='bbox 1235 4389 1329 4440; x_wconf 82' lang='grc' dir='ltr'><strong>τοῦ</strong></span> <span class='ocrx_word' id='word_1_550' title='bbox 1357 4387 1513 4450; x_wconf 85' lang='grc' dir='ltr'>Θεοῦ,</span> <span class='ocrx_word' id='word_1_551' title='bbox 1544 4391 1619 4451; x_wconf 84' lang='grc' dir='ltr'>ὡς</span> <span class='ocrx_word' id='word_1_552' title='bbox 1645 4387 1857 4452; x_wconf 79' lang='grc' dir='ltr'>παίζων</span> 
     </span>
    </p>
   </div>
   <div class='ocr_carea' id='block_1_77' title="bbox 286 4478 1854 4549">
    <p class='ocr_par' dir='ltr' id='par_1_77' title="bbox 286 4478 1854 4549">
     <span class='ocr_line' id='line_1_77' title="bbox 286 4478 1854 4549; baseline 0.002 -20"><span class='ocrx_word' id='word_1_553' title='bbox 286 4478 555 4546; x_wconf 77' lang='grc' dir='ltr'>πεποίηκε</span> <span class='ocrx_word' id='word_1_554' title='bbox 614 4479 709 4531; x_wconf 86' lang='grc' dir='ltr'><strong>τὸν</strong></span> <span class='ocrx_word' id='word_1_555' title='bbox 746 4479 982 4548; x_wconf 83' lang='grc' dir='ltr'>κόσμον;</span> <span class='ocrx_word' id='word_1_556' title='bbox 1024 4478 1148 4531; x_wconf 78' lang='grc' dir='ltr'><strong>Ἔτι</strong></span> <span class='ocrx_word' id='word_1_557' title='bbox 1198 4482 1225 4532; x_wconf 87' lang='grc' dir='ltr'><strong>ὁ</strong></span> <span class='ocrx_word' id='word_1_558' title='bbox 1258 4479 1556 4549; x_wconf 85' lang='grc' dir='ltr'>Μαχούμετ</span> <span class='ocrx_word' id='word_1_559' title='bbox 1591 4481 1854 4549; x_wconf 87' lang='grc' dir='ltr'>σαρκικὸς</span> 
     </span>
    </p>
   </div>
   <div class='ocr_carea' id='block_1_78' title="bbox 1961 3290 3539 3358">
    <p class='ocr_par' dir='ltr' id='par_1_78' title="bbox 1961 3290 3539 3358">
     <span class='ocr_line' id='line_1_78' title="bbox 1961 3290 3539 3358; baseline -0.001 -13"><span class='ocrx_word' id='word_1_560' title='bbox 1961 3292 2242 3345; x_wconf 84' lang='lat' dir='ltr'><strong>mendacia</strong></span> <span class='ocrx_word' id='word_1_561' title='bbox 2285 3300 2339 3343; x_wconf 91' lang='lat' dir='ltr'><strong>et</strong></span> <span class='ocrx_word' id='word_1_562' title='bbox 2384 3291 2551 3344; x_wconf 78' lang='lat' dir='ltr'><strong>fatua.</strong></span> <span class='ocrx_word' id='word_1_563' title='bbox 2618 3290 2759 3343; x_wconf 80' lang='lat' dir='ltr'><strong>Dicit</strong></span> <span class='ocrx_word' id='word_1_564' title='bbox 2801 3291 2970 3352; x_wconf 88' lang='lat' dir='ltr'><strong>enim,</strong></span> <span class='ocrx_word' id='word_1_565' title='bbox 3005 3291 3149 3358; x_wconf 88' lang='lat' dir='ltr'><strong>quod</strong></span> <span class='ocrx_word' id='word_1_566' title='bbox 3188 3291 3331 3342; x_wconf 83' lang='lat' dir='ltr'><strong>Deus</strong></span> <span class='ocrx_word' id='word_1_567' title='bbox 3364 3306 3421 3344; x_wconf 83' lang='lat' dir='ltr'><strong>se</strong></span> <span class='ocrx_word' id='word_1_568' title='bbox 3445 3306 3539 3343; x_wconf 82' lang='lat' dir='ltr'><strong>ex-</strong></span> 
     </span>
    </p>
   </div>
   <div class='ocr_carea' id='block_1_79' title="bbox 1957 3382 3537 3451">
    <p class='ocr_par' dir='ltr' id='par_1_79' title="bbox 1957 3382 3537 3451">
     <span class='ocr_line' id='line_1_79' title="bbox 1957 3382 3537 3451; baseline -0.001 -16"><span class='ocrx_word' id='word_1_569' title='bbox 1957 3392 2112 3436; x_wconf 89' lang='lat' dir='ltr'><strong>cusat</strong></span> <span class='ocrx_word' id='word_1_570' title='bbox 2153 3397 2221 3435; x_wconf 77' lang='lat' dir='ltr'><strong>ex</strong></span> <span class='ocrx_word' id='word_1_571' title='bbox 2272 3398 2338 3435; x_wconf 89' lang='lat' dir='ltr'><strong>eo</strong></span> <span class='ocrx_word' id='word_1_572' title='bbox 2386 3384 2530 3451; x_wconf 90' lang='lat' dir='ltr'><strong>quod</strong></span> <span class='ocrx_word' id='word_1_573' title='bbox 2588 3384 2735 3435; x_wconf 89' lang='lat' dir='ltr'><strong>misit</strong></span> <span class='ocrx_word' id='word_1_574' title='bbox 2786 3384 3099 3450; x_wconf 87' lang='lat' dir='ltr'><strong>apostolum</strong></span> <span class='ocrx_word' id='word_1_575' title='bbox 3149 3382 3537 3447; x_wconf 84' lang='lat' dir='ltr'><strong>Malmmetum,</strong></span> 
     </span>
    </p>
   </div>
   <div class='ocr_carea' id='block_1_80' title="bbox 1960 3472 3541 3542">
    <p class='ocr_par' dir='ltr' id='par_1_80' title="bbox 1960 3472 3541 3542">
     <span class='ocr_line' id='line_1_80' title="bbox 1960 3472 3541 3542; baseline 0.001 -17"><span class='ocrx_word' id='word_1_576' title='bbox 1960 3474 2259 3538; x_wconf 85' lang='lat' dir='ltr'><strong>hominem,</strong></span> <span class='ocrx_word' id='word_1_577' title='bbox 2314 3482 2370 3527; x_wconf 88' lang='lat' dir='ltr'><strong>et</strong></span> <span class='ocrx_word' id='word_1_578' title='bbox 2420 3488 2527 3527; x_wconf 92' lang='lat' dir='ltr'><strong>non</strong></span> <span class='ocrx_word' id='word_1_579' title='bbox 2586 3476 2861 3542; x_wconf 83' lang='lat' dir='ltr'><strong>angelum.</strong></span> <span class='ocrx_word' id='word_1_580' title='bbox 2922 3474 2989 3527; x_wconf 87' lang='lat' dir='ltr'><strong>Et</strong></span> <span class='ocrx_word' id='word_1_581' title='bbox 3039 3474 3135 3533; x_wconf 86' lang='lat' dir='ltr'><strong>ait,</strong></span> <span class='ocrx_word' id='word_1_582' title='bbox 3193 3472 3339 3540; x_wconf 91' lang='lat' dir='ltr'><strong>quod</strong></span> <span class='ocrx_word' id='word_1_583' title='bbox 3396 3472 3541 3526; x_wconf 87' lang='lat' dir='ltr'><strong>Deus</strong></span> 
     </span>
    </p>
   </div>
   <div class='ocr_carea' id='block_1_81' title="bbox 1958 3562 3540 3632">
    <p class='ocr_par' dir='ltr' id='par_1_81' title="bbox 1958 3562 3540 3632">
     <span class='ocr_line' id='line_1_81' title="bbox 1958 3562 3540 3632; baseline -0.002 -14"><span class='ocrx_word' id='word_1_584' title='bbox 1958 3563 2114 3629; x_wconf 80' lang='lat' dir='ltr'><strong>dixit,</strong></span> <span class='ocrx_word' id='word_1_585' title='bbox 2148 3563 2296 3632; x_wconf 88' lang='lat' dir='ltr'><strong>quod</strong></span> <span class='ocrx_word' id='word_1_586' title='bbox 2333 3564 2571 3618; x_wconf 87' lang='lat' dir='ltr'><strong>misisset</strong></span> <span class='ocrx_word' id='word_1_587' title='bbox 2622 3564 2866 3631; x_wconf 82' lang='lat' dir='ltr'><strong>angelos,</strong></span> <span class='ocrx_word' id='word_1_588' title='bbox 2902 3566 2995 3618; x_wconf 91' lang='lat' dir='ltr'><strong>sed</strong></span> <span class='ocrx_word' id='word_1_589' title='bbox 3036 3564 3137 3632; x_wconf 90' lang='lat' dir='ltr'><strong>ipsi</strong></span> <span class='ocrx_word' id='word_1_590' title='bbox 3184 3577 3291 3615; x_wconf 92' lang='lat' dir='ltr'><strong>non</strong></span> <span class='ocrx_word' id='word_1_591' title='bbox 3328 3562 3540 3631; x_wconf 79' lang='lat' dir='ltr'><strong>potuis-</strong></span> 
     </span>
    </p>
   </div>
   <div class='ocr_carea' id='block_1_82' title="bbox 1957 3654 3613 3729">
    <p class='ocr_par' dir='ltr' id='par_1_82' title="bbox 1957 3654 3613 3729">
     <span class='ocr_line' id='line_1_82' title="bbox 1957 3654 3613 3729; baseline -0.002 -18"><span class='ocrx_word' id='word_1_592' title='bbox 1957 3666 2080 3711; x_wconf 88' lang='lat' dir='ltr'><strong>sent</strong></span> <span class='ocrx_word' id='word_1_593' title='bbox 2134 3655 2398 3709; x_wconf 85' lang='lat' dir='ltr'><strong>mundum</strong></span> <span class='ocrx_word' id='word_1_594' title='bbox 2466 3673 2590 3711; x_wconf 90' lang='lat' dir='ltr'><strong>cum</strong></span> <span class='ocrx_word' id='word_1_595' title='bbox 2650 3656 2945 3709; x_wconf 89' lang='lat' dir='ltr'><strong>securitate</strong></span> <span class='ocrx_word' id='word_1_596' title='bbox 3004 3655 3360 3723; x_wconf 88' lang='lat' dir='ltr'><strong>pertransire.</strong></span> <span class='ocrx_word' id='word_1_597' title='bbox 3430 3654 3539 3707; x_wconf 81' lang='lat' dir='ltr'><strong>Sed</strong></span> <span class='ocrx_word' id='word_1_598' title='bbox 3604 3722 3613 3729; x_wconf 34' lang='grc' dir='ltr'><strong><em>ο</em></strong></span> 
     </span>
    </p>
   </div>
   <div class='ocr_carea' id='block_1_83' title="bbox 1957 3747 3536 3817">
    <p class='ocr_par' dir='ltr' id='par_1_83' title="bbox 1957 3747 3536 3817">
     <span class='ocr_line' id='line_1_83' title="bbox 1957 3747 3536 3817; baseline -0.002 -16"><span class='ocrx_word' id='word_1_599' title='bbox 1957 3748 2205 3817; x_wconf 81' lang='lat' dir='ltr'><strong>nunquid</strong></span> <span class='ocrx_word' id='word_1_600' title='bbox 2240 3749 2583 3802; x_wconf 81' lang='lat' dir='ltr'><strong>Malmmetus</strong></span> <span class='ocrx_word' id='word_1_601' title='bbox 2632 3748 2880 3802; x_wconf 86' lang='lat' dir='ltr'><strong>securius</strong></span> <span class='ocrx_word' id='word_1_602' title='bbox 2916 3763 3015 3815; x_wconf 87' lang='lat' dir='ltr'><strong>per</strong></span> <span class='ocrx_word' id='word_1_603' title='bbox 3050 3747 3536 3815; x_wconf 90' lang='lat' dir='ltr'><strong>mundum,_quam</strong></span> 
     </span>
    </p>
   </div>
   <div class='ocr_carea' id='block_1_84' title="bbox 1958 3837 3541 3910">
    <p class='ocr_par' dir='ltr' id='par_1_84' title="bbox 1958 3837 3541 3910">
     <span class='ocr_line' id='line_1_84' title="bbox 1958 3837 3541 3910; baseline -0.001 -17"><span class='ocrx_word' id='word_1_604' title='bbox 1958 3841 2156 3910; x_wconf 80' lang='lat' dir='ltr'><strong>angeli,</strong></span> <span class='ocrx_word' id='word_1_605' title='bbox 2195 3841 2523 3895; x_wconf 49' lang='lat' dir='ltr'><strong>accildebat?</strong></span> <span class='ocrx_word' id='word_1_606' title='bbox 2549 3840 2704 3906; x_wconf 89' lang='lat' dir='ltr'><strong>Quod</strong></span> <span class='ocrx_word' id='word_1_607' title='bbox 2740 3840 2782 3892; x_wconf 91' lang='lat' dir='ltr'><strong>si</strong></span> <span class='ocrx_word' id='word_1_608' title='bbox 2815 3840 3040 3909; x_wconf 82' lang='lat' dir='ltr'><strong>angelos</strong></span> <span class='ocrx_word' id='word_1_609' title='bbox 3075 3837 3332 3908; x_wconf 82' lang='lat' dir='ltr'><strong>intelligit</strong></span> <span class='ocrx_word' id='word_1_610' title='bbox 3366 3839 3541 3893; x_wconf 88' lang='lat' dir='ltr'><strong>bonos</strong></span> 
     </span>
    </p>
   </div>
   <div class='ocr_carea' id='block_1_85' title="bbox 1957 3928 3537 3998">
    <p class='ocr_par' dir='ltr' id='par_1_85' title="bbox 1957 3928 3537 3998">
     <span class='ocr_line' id='line_1_85' title="bbox 1957 3928 3537 3998; baseline 0 -16"><span class='ocrx_word' id='word_1_611' title='bbox 1957 3942 2013 3982; x_wconf 84' lang='lat' dir='ltr'><strong>et</strong></span> <span class='ocrx_word' id='word_1_612' title='bbox 2041 3929 2298 3997; x_wconf 83' lang='lat' dir='ltr'><strong>paciﬁcos</strong></span> <span class='ocrx_word' id='word_1_613' title='bbox 2328 3930 2598 3993; x_wconf 87' lang='lat' dir='ltr'><strong>homines,</strong></span> <span class='ocrx_word' id='word_1_614' title='bbox 2630 3929 2813 3983; x_wconf 86' lang='lat' dir='ltr'><strong>adhuc</strong></span> <span class='ocrx_word' id='word_1_615' title='bbox 2848 3944 2957 3983; x_wconf 90' lang='lat' dir='ltr'><strong>non</strong></span> <span class='ocrx_word' id='word_1_616' title='bbox 2989 3939 3074 3983; x_wconf 91' lang='lat' dir='ltr'><strong>est</strong></span> <span class='ocrx_word' id='word_1_617' title='bbox 3111 3928 3364 3992; x_wconf 89' lang='lat' dir='ltr'><strong>dubium,</strong></span> <span class='ocrx_word' id='word_1_618' title='bbox 3392 3929 3537 3998; x_wconf 83' lang='lat' dir='ltr'><strong>quud</strong></span> 
     </span>
    </p>
   </div>
   <div class='ocr_carea' id='block_1_86' title="bbox 1958 4020 3539 4090">
    <p class='ocr_par' dir='ltr' id='par_1_86' title="bbox 1958 4020 3539 4090">
     <span class='ocr_line' id='line_1_86' title="bbox 1958 4020 3539 4090; baseline 0 -17"><span class='ocrx_word' id='word_1_619' title='bbox 1958 4020 2089 4074; x_wconf 88' lang='lat' dir='ltr'><strong>boni</strong></span> <span class='ocrx_word' id='word_1_620' title='bbox 2141 4031 2195 4075; x_wconf 90' lang='lat' dir='ltr'><strong>et</strong></span> <span class='ocrx_word' id='word_1_621' title='bbox 2243 4021 2453 4090; x_wconf 78' lang='lat' dir='ltr'><strong>paciﬁci</strong></span> <span class='ocrx_word' id='word_1_622' title='bbox 2503 4022 2756 4076; x_wconf 88' lang='lat' dir='ltr'><strong>homines</strong></span> <span class='ocrx_word' id='word_1_623' title='bbox 2810 4022 3059 4076; x_wconf 88' lang='lat' dir='ltr'><strong>securius</strong></span> <span class='ocrx_word' id='word_1_624' title='bbox 3104 4021 3367 4075; x_wconf 85' lang='lat' dir='ltr'><strong>mundum</strong></span> <span class='ocrx_word' id='word_1_625' title='bbox 3411 4037 3539 4090; x_wconf 78' lang='lat' dir='ltr'><strong>per-</strong></span> 
     </span>
    </p>
   </div>
   <div class='ocr_carea' id='block_1_87' title="bbox 1958 4112 3541 4181">
    <p class='ocr_par' dir='ltr' id='par_1_87' title="bbox 1958 4112 3541 4181">
     <span class='ocr_line' id='line_1_87' title="bbox 1958 4112 3541 4181; baseline -0.001 -15"><span class='ocrx_word' id='word_1_626' title='bbox 1958 4120 2241 4167; x_wconf 90' lang='lat' dir='ltr'><strong>transeunt</strong></span> <span class='ocrx_word' id='word_1_627' title='bbox 2274 4128 2434 4179; x_wconf 85' lang='lat' dir='ltr'><strong>quam</strong></span> <span class='ocrx_word' id='word_1_628' title='bbox 2483 4113 2632 4167; x_wconf 90' lang='lat' dir='ltr'><strong>mali.</strong></span> <span class='ocrx_word' id='word_1_629' title='bbox 2676 4112 3003 4181; x_wconf 91' lang='lat' dir='ltr'><strong>lnducitque</strong></span> <span class='ocrx_word' id='word_1_630' title='bbox 3053 4113 3221 4167; x_wconf 90' lang='lat' dir='ltr'><strong>Deum</strong></span> <span class='ocrx_word' id='word_1_631' title='bbox 3277 4113 3541 4166; x_wconf 87' lang='lat' dir='ltr'><strong>continue</strong></span> 
     </span>
    </p>
   </div>
   <div class='ocr_carea' id='block_1_88' title="bbox 1958 4203 3539 4273">
    <p class='ocr_par' dir='ltr' id='par_1_88' title="bbox 1958 4203 3539 4273">
     <span class='ocr_line' id='line_1_88' title="bbox 1958 4203 3539 4273; baseline -0.003 -15"><span class='ocrx_word' id='word_1_632' title='bbox 1958 4204 2296 4271; x_wconf 88' lang='lat' dir='ltr'><strong>loquentem,</strong></span> <span class='ocrx_word' id='word_1_633' title='bbox 2348 4215 2404 4257; x_wconf 89' lang='lat' dir='ltr'><strong>et</strong></span> <span class='ocrx_word' id='word_1_634' title='bbox 2459 4204 2756 4267; x_wconf 88' lang='lat' dir='ltr'><strong>dicentem,</strong></span> <span class='ocrx_word' id='word_1_635' title='bbox 2821 4207 2968 4273; x_wconf 89' lang='lat' dir='ltr'><strong>quod</strong></span> <span class='ocrx_word' id='word_1_636' title='bbox 3028 4218 3137 4257; x_wconf 92' lang='lat' dir='ltr'><strong>non</strong></span> <span class='ocrx_word' id='word_1_637' title='bbox 3190 4203 3305 4256; x_wconf 85' lang='lat' dir='ltr'><strong>ludi</strong></span> <span class='ocrx_word' id='word_1_638' title='bbox 3367 4204 3539 4272; x_wconf 80' lang='lat' dir='ltr'><strong>gratia</strong></span> 
     </span>
    </p>
   </div>
   <div class='ocr_carea' id='block_1_89' title="bbox 1958 4293 3539 4363">
    <p class='ocr_par' dir='ltr' id='par_1_89' title="bbox 1958 4293 3539 4363">
     <span class='ocr_line' id='line_1_89' title="bbox 1958 4293 3539 4363; baseline -0.001 -16"><span class='ocrx_word' id='word_1_639' title='bbox 1958 4295 2169 4348; x_wconf 82' lang='lat' dir='ltr'><strong>creavit</strong></span> <span class='ocrx_word' id='word_1_640' title='bbox 2215 4296 2500 4347; x_wconf 87' lang='lat' dir='ltr'><strong>mundum.</strong></span> <span class='ocrx_word' id='word_1_641' title='bbox 2538 4294 2645 4348; x_wconf 88' lang='lat' dir='ltr'><strong>Sed</strong></span> <span class='ocrx_word' id='word_1_642' title='bbox 2700 4294 2825 4363; x_wconf 89' lang='lat' dir='ltr'><strong>quis</strong></span> <span class='ocrx_word' id='word_1_643' title='bbox 2874 4306 2959 4349; x_wconf 86' lang='lat' dir='ltr'><strong>est</strong></span> <span class='ocrx_word' id='word_1_644' title='bbox 3012 4302 3120 4347; x_wconf 88' lang='lat' dir='ltr'><strong>tam</strong></span> <span class='ocrx_word' id='word_1_645' title='bbox 3176 4293 3422 4355; x_wconf 86' lang='lat' dir='ltr'><strong>demens,</strong></span> <span class='ocrx_word' id='word_1_646' title='bbox 3482 4302 3539 4345; x_wconf 93' lang='lat' dir='ltr'><strong>ut</strong></span> 
     </span>
    </p>
   </div>
   <div class='ocr_carea' id='block_1_90' title="bbox 1958 4382 3619 4455">
    <p class='ocr_par' dir='ltr' id='par_1_90' title="bbox 1958 4382 3619 4455">
     <span class='ocr_line' id='line_1_90' title="bbox 1958 4382 3619 4455; baseline -0.002 -16"><span class='ocrx_word' id='word_1_647' title='bbox 1958 4385 2238 4439; x_wconf 81' lang='lat' dir='ltr'><strong>existimet</strong></span> <span class='ocrx_word' id='word_1_648' title='bbox 2301 4385 2368 4440; x_wconf 91' lang='lat' dir='ltr'><strong>de</strong></span> <span class='ocrx_word' id='word_1_649' title='bbox 2419 4386 2551 4450; x_wconf 85' lang='lat' dir='ltr'><strong>Deo,</strong></span> <span class='ocrx_word' id='word_1_650' title='bbox 2615 4386 2762 4455; x_wconf 91' lang='lat' dir='ltr'><strong>quod</strong></span> <span class='ocrx_word' id='word_1_651' title='bbox 2841 4396 3097 4455; x_wconf 88' lang='lat' dir='ltr'><strong>tanquam</strong></span> <span class='ocrx_word' id='word_1_652' title='bbox 3169 4385 3366 4438; x_wconf 83' lang='lat' dir='ltr'><strong>ludens</strong></span> <span class='ocrx_word' id='word_1_653' title='bbox 3414 4384 3541 4438; x_wconf 77' lang='lat' dir='ltr'><strong>fecit</strong></span> <span class='ocrx_word' id='word_1_654' title='bbox 3612 4382 3619 4391; x_wconf 82' lang='grc'><strong>’</strong></span> 
     </span>
    </p>
   </div>
   <div class='ocr_carea' id='block_1_91' title="bbox 1962 4475 3542 4531">
    <p class='ocr_par' dir='ltr' id='par_1_91' title="bbox 1962 4475 3542 4531">
     <span class='ocr_line' id='line_1_91' title="bbox 1962 4475 3542 4531; baseline -0.001 -3"><span class='ocrx_word' id='word_1_655' title='bbox 1962 4475 2266 4529; x_wconf 89' lang='lat' dir='ltr'><strong>mundum?</strong></span> <span class='ocrx_word' id='word_1_656' title='bbox 2300 4476 2433 4529; x_wconf 85' lang='lat' dir='ltr'><strong>Item</strong></span> <span class='ocrx_word' id='word_1_657' title='bbox 2477 4476 2820 4531; x_wconf 78' lang='lat' dir='ltr'><strong>Maltometus</strong></span> <span class='ocrx_word' id='word_1_658' title='bbox 2859 4479 3165 4531; x_wconf 80' lang='lat' dir='ltr'><strong>Saracenos</strong></span> <span class='ocrx_word' id='word_1_659' title='bbox 3197 4476 3362 4529; x_wconf 88' lang='lat' dir='ltr'><strong>homo</strong></span> <span class='ocrx_word' id='word_1_660' title='bbox 3394 4476 3542 4528; x_wconf 80' lang='lat' dir='ltr'><strong>exsi-</strong></span> 
     </span>
    </p>
   </div>
   <div class='ocr_carea' id='block_1_92' title="bbox 282 4567 1856 4640">
    <p class='ocr_par' dir='ltr' id='par_1_92' title="bbox 282 4567 1855 4640">
     <span class='ocr_line' id='line_1_92' title="bbox 282 4567 1855 4640; baseline 0.001 -18"><span class='ocrx_word' id='word_1_661' title='bbox 282 4567 567 4637; x_wconf 63' lang='grc' dir='ltr'>ἇιιθρωπος</span> <span class='ocrx_word' id='word_1_662' title='bbox 593 4569 687 4632; x_wconf 85' lang='grc' dir='ltr'>ὣν,</span> <span class='ocrx_word' id='word_1_663' title='bbox 724 4572 816 4622; x_wconf 76' lang='grc' dir='ltr'><strong>καὶ</strong></span> <span class='ocrx_word' id='word_1_664' title='bbox 862 4570 1100 4639; x_wconf 85' lang='grc' dir='ltr'>συνεχῶς</span> <span class='ocrx_word' id='word_1_665' title='bbox 1133 4571 1401 4640; x_wconf 70' lang='grc' dir='ltr'>ἀκολασίᾳ</span> <span class='ocrx_word' id='word_1_666' title='bbox 1438 4574 1855 4640; x_wconf 77' lang='grc' dir='ltr'>προσκείμενος,</span> 
     </span>
    </p>
   </div>
   <div class='ocr_carea' id='block_1_93' title="bbox 1960 4567 3543 4640">
    <p class='ocr_par' dir='ltr' id='par_1_93' title="bbox 1963 4567 3543 4637">
     <span class='ocr_line' id='line_1_93' title="bbox 1963 4567 3543 4637; baseline -0.002 -16"><span class='ocrx_word' id='word_1_667' title='bbox 1963 4576 2132 4632; x_wconf 90' lang='lat' dir='ltr'><strong>stens,</strong></span> <span class='ocrx_word' id='word_1_668' title='bbox 2166 4575 2220 4620; x_wconf 89' lang='lat' dir='ltr'><strong>et</strong></span> <span class='ocrx_word' id='word_1_669' title='bbox 2255 4567 2529 4622; x_wconf 74' lang='lat' dir='ltr'><strong>continua:</strong></span> <span class='ocrx_word' id='word_1_670' title='bbox 2564 4568 3004 4636; x_wconf 78' lang='lat' dir='ltr'><strong>intemperantia:</strong></span> <span class='ocrx_word' id='word_1_671' title='bbox 3036 4568 3276 4632; x_wconf 90' lang='lat' dir='ltr'><strong>deditus,</strong></span> <span class='ocrx_word' id='word_1_672' title='bbox 3314 4568 3367 4619; x_wconf 91' lang='lat' dir='ltr'><strong>in</strong></span> <span class='ocrx_word' id='word_1_673' title='bbox 3398 4567 3543 4637; x_wconf 88' lang='lat' dir='ltr'><strong>capi-</strong></span> 
     </span>
    </p>
   </div>
   <div class='ocr_carea' id='block_1_94' title="bbox 282 4661 1857 4732">
    <p class='ocr_par' dir='ltr' id='par_1_94' title="bbox 282 4661 1857 4732">
     <span class='ocr_line' id='line_1_94' title="bbox 282 4661 1857 4732; baseline 0.002 -21"><span class='ocrx_word' id='word_1_674' title='bbox 282 4661 343 4712; x_wconf 79' lang='grc' dir='ltr'>ὲν</span> <span class='ocrx_word' id='word_1_675' title='bbox 369 4661 447 4730; x_wconf 82' lang='grc' dir='ltr'>τῷ</span> <span class='ocrx_word' id='word_1_676' title='bbox 495 4661 774 4732; x_wconf 79' lang='grc' dir='ltr'>κεφαλαίῳ</span> <span class='ocrx_word' id='word_1_677' title='bbox 805 4662 885 4730; x_wconf 84' lang='grc' dir='ltr'>τῷ</span> <span class='ocrx_word' id='word_1_678' title='bbox 947 4661 1164 4732; x_wconf 80' lang='grc' dir='ltr'>Ἑλινὴρ</span> <span class='ocrx_word' id='word_1_679' title='bbox 1210 4662 1454 4727; x_wconf 79' lang='grc' dir='ltr'>Ἐλαζάπ</span> <span class='ocrx_word' id='word_1_680' title='bbox 1502 4663 1712 4730; x_wconf 80' lang='grc' dir='ltr'>εἰσάγει</span> <span class='ocrx_word' id='word_1_681' title='bbox 1764 4663 1857 4715; x_wconf 85' lang='grc' dir='ltr'><strong>τὸν</strong></span> 
     </span>
    </p>
   </div>
   <div class='ocr_carea' id='block_1_95' title="bbox 281 4751 1852 4824">
    <p class='ocr_par' dir='ltr' id='par_1_95' title="bbox 281 4751 1852 4824">
     <span class='ocr_line' id='line_1_95' title="bbox 281 4751 1852 4824; baseline 0.004 -23"><span class='ocrx_word' id='word_1_682' title='bbox 281 4751 417 4803; x_wconf 79' lang='grc' dir='ltr'>Θεὸν</span> <span class='ocrx_word' id='word_1_683' title='bbox 445 4751 671 4819; x_wconf 81' lang='grc' dir='ltr'>λέγοντα</span> <span class='ocrx_word' id='word_1_684' title='bbox 733 4754 807 4821; x_wconf 82' lang='grc' dir='ltr'><strong>μὴ</strong></span> <span class='ocrx_word' id='word_1_685' title='bbox 853 4752 1197 4822; x_wconf 84' lang='grc' dir='ltr'>είσέρχεσθαι</span> <span class='ocrx_word' id='word_1_686' title='bbox 1227 4755 1307 4817; x_wconf 84' lang='grc' dir='ltr'><strong>εἰς</strong></span> <span class='ocrx_word' id='word_1_687' title='bbox 1343 4754 1523 4806; x_wconf 82' lang='grc' dir='ltr'>οἰκίαν</span> <span class='ocrx_word' id='word_1_688' title='bbox 1561 4754 1852 4824; x_wconf 84' lang='grc' dir='ltr'>ἀκλήτους.</span> 
     </span>
    </p>
   </div>
   <div class='ocr_carea' id='block_1_96' title="bbox 281 4843 1859 4915">
    <p class='ocr_par' dir='ltr' id='par_1_96' title="bbox 281 4843 1859 4915">
     <span class='ocr_line' id='line_1_96' title="bbox 281 4843 1859 4915; baseline 0.004 -20"><span class='ocrx_word' id='word_1_689' title='bbox 281 4844 393 4896; x_wconf 79' lang='grc' dir='ltr'>Καὶ</span> <span class='ocrx_word' id='word_1_690' title='bbox 423 4844 758 4912; x_wconf 81' lang='grc' dir='ltr'>πρόσκειται,</span> <span class='ocrx_word' id='word_1_691' title='bbox 788 4846 861 4905; x_wconf 83' lang='grc' dir='ltr'>ὡς</span> <span class='ocrx_word' id='word_1_692' title='bbox 897 4843 963 4896; x_wconf 84' lang='grc' dir='ltr'><strong>ἂν</strong></span> <span class='ocrx_word' id='word_1_693' title='bbox 994 4848 1056 4897; x_wconf 84' lang='grc' dir='ltr'><strong>ἐκ</strong></span> <span class='ocrx_word' id='word_1_694' title='bbox 1080 4845 1374 4915; x_wconf 83' lang='grc' dir='ltr'>προσώπου</span> <span class='ocrx_word' id='word_1_695' title='bbox 1424 4845 1519 4897; x_wconf 84' lang='grc' dir='ltr'><strong>τοῦ</strong></span> <span class='ocrx_word' id='word_1_696' title='bbox 1549 4845 1709 4909; x_wconf 88' lang='grc' dir='ltr'>Θεοῦ,</span> <span class='ocrx_word' id='word_1_697' title='bbox 1750 4848 1859 4901; x_wconf 75' lang='grc' dir='ltr'><strong>Καὶ</strong></span> 
     </span>
    </p>
   </div>
   <div class='ocr_carea' id='block_1_97' title="bbox 282 4933 1860 5009">
    <p class='ocr_par' dir='ltr' id='par_1_97' title="bbox 282 4933 1860 5009">
     <span class='ocr_line' id='line_1_97' title="bbox 282 4933 1860 5009; baseline 0.004 -24"><span class='ocrx_word' id='word_1_698' title='bbox 282 4934 427 5003; x_wconf 85' lang='grc' dir='ltr'><strong>μετά</strong></span> <span class='ocrx_word' id='word_1_699' title='bbox 448 4933 508 4986; x_wconf 91' lang='grc' dir='ltr'><strong>τὸ</strong></span> <span class='ocrx_word' id='word_1_700' title='bbox 538 4934 800 4986; x_wconf 83' lang='grc' dir='ltr'>εἰσελθεῖν</span> <span class='ocrx_word' id='word_1_701' title='bbox 829 4936 921 4987; x_wconf 74' lang='grc' dir='ltr'>καὶ</span> <span class='ocrx_word' id='word_1_702' title='bbox 954 4939 1148 5003; x_wconf 80' lang='grc' dir='ltr'>φαγεῖν</span> <span class='ocrx_word' id='word_1_703' title='bbox 1178 4936 1442 5002; x_wconf 80' lang='grc' dir='ltr'>ὲξέλθετε,</span> <span class='ocrx_word' id='word_1_704' title='bbox 1470 4940 1564 4991; x_wconf 81' lang='grc' dir='ltr'><strong>καὶ</strong></span> <span class='ocrx_word' id='word_1_705' title='bbox 1599 4939 1674 5009; x_wconf 85' lang='grc' dir='ltr'>μὴ</span> <span class='ocrx_word' id='word_1_706' title='bbox 1707 4941 1860 4993; x_wconf 84' lang='grc' dir='ltr'>ἵστα-</span> 
     </span>
    </p>
   </div>
   <div class='ocr_carea' id='block_1_98' title="bbox 281 5027 1856 5103">
    <p class='ocr_par' dir='ltr' id='par_1_98' title="bbox 281 5027 1856 5103">
     <span class='ocr_line' id='line_1_98' title="bbox 281 5027 1856 5103; baseline 0.006 -25"><span class='ocrx_word' id='word_1_707' title='bbox 281 5027 377 5078; x_wconf 88' lang='grc' dir='ltr'><strong>σθε</strong></span> <span class='ocrx_word' id='word_1_708' title='bbox 414 5028 552 5095; x_wconf 84' lang='grc' dir='ltr'>πρὸς</span> <span class='ocrx_word' id='word_1_709' title='bbox 584 5028 645 5079; x_wconf 90' lang='grc' dir='ltr'><strong>τὸ</strong></span> <span class='ocrx_word' id='word_1_710' title='bbox 680 5028 891 5095; x_wconf 77' lang='grc' dir='ltr'>ὁμιλεῖν</span> <span class='ocrx_word' id='word_1_711' title='bbox 924 5034 1037 5093; x_wconf 87' lang='grc' dir='ltr'>τοῖς</span> <span class='ocrx_word' id='word_1_712' title='bbox 1078 5030 1371 5101; x_wconf 83' lang='grc' dir='ltr'>θυρωροῖς.</span> <span class='ocrx_word' id='word_1_713' title='bbox 1412 5032 1559 5103; x_wconf 84' lang='grc' dir='ltr'>Βαρὺ</span> <span class='ocrx_word' id='word_1_714' title='bbox 1611 5037 1718 5103; x_wconf 83' lang='grc' dir='ltr'><strong>γάρ</strong></span> <span class='ocrx_word' id='word_1_715' title='bbox 1740 5035 1856 5087; x_wconf 82' lang='grc' dir='ltr'>ἐστι</span> 
     </span>
    </p>
   </div>
   <div class='ocr_carea' id='block_1_99' title="bbox 278 5118 1856 5189">
    <p class='ocr_par' dir='ltr' id='par_1_99' title="bbox 278 5118 1856 5189">
     <span class='ocr_line' id='line_1_99' title="bbox 278 5118 1856 5189; baseline 0.001 -21"><span class='ocrx_word' id='word_1_716' title='bbox 278 5118 358 5185; x_wconf 82' lang='grc' dir='ltr'>τῷ</span> <span class='ocrx_word' id='word_1_717' title='bbox 396 5118 671 5189; x_wconf 68' lang='grc' dir='ltr'>προφήτῃ,</span> <span class='ocrx_word' id='word_1_718' title='bbox 722 5120 815 5170; x_wconf 78' lang='grc' dir='ltr'><strong>καὶ</strong></span> <span class='ocrx_word' id='word_1_719' title='bbox 848 5118 1167 5187; x_wconf 85' lang='grc' dir='ltr'>αἰσχύνεται</span> <span class='ocrx_word' id='word_1_720' title='bbox 1225 5119 1423 5186; x_wconf 85' lang='grc' dir='ltr'>λέγειν.</span> <span class='ocrx_word' id='word_1_721' title='bbox 1468 5120 1609 5174; x_wconf 82' lang='grc' dir='ltr'>Ἀλλ’</span> <span class='ocrx_word' id='word_1_722' title='bbox 1649 5123 1676 5173; x_wconf 87' lang='grc' dir='ltr'>ὁ</span> <span class='ocrx_word' id='word_1_723' title='bbox 1724 5119 1856 5182; x_wconf 81' lang='grc' dir='ltr'>Θεὸς</span> 
     </span>
    </p>
   </div>
   <div class='ocr_carea' id='block_1_100' title="bbox 281 5210 1863 5282">
    <p class='ocr_par' dir='ltr' id='par_1_100' title="bbox 281 5210 1863 5282">
     <span class='ocr_line' id='line_1_100' title="bbox 281 5210 1863 5282; baseline 0 -20"><span class='ocrx_word' id='word_1_724' title='bbox 281 5212 385 5262; x_wconf 80' lang='grc' dir='ltr'><strong>οὑκ</strong></span> <span class='ocrx_word' id='word_1_725' title='bbox 414 5210 737 5279; x_wconf 78' lang='grc' dir='ltr'>αἰσχύνεται</span> <span class='ocrx_word' id='word_1_726' title='bbox 775 5211 958 5278; x_wconf 80' lang='grc' dir='ltr'>λέγειν</span> <span class='ocrx_word' id='word_1_727' title='bbox 982 5213 1079 5282; x_wconf 83' lang='grc' dir='ltr'>τὴν</span> <span class='ocrx_word' id='word_1_728' title='bbox 1110 5211 1389 5281; x_wconf 84' lang='grc' dir='ltr'>ἀλήθειαν.</span> <span class='ocrx_word' id='word_1_729' title='bbox 1437 5211 1526 5278; x_wconf 83' lang='grc' dir='ltr'>Ὠς</span> <span class='ocrx_word' id='word_1_730' title='bbox 1566 5213 1624 5264; x_wconf 80' lang='grc' dir='ltr'>ὲν</span> <span class='ocrx_word' id='word_1_731' title='bbox 1670 5212 1863 5280; x_wconf 76' lang='grc' dir='ltr'>βραχεῖ</span> 
     </span>
    </p>
   </div>
   <div class='ocr_carea' id='block_1_101' title="bbox 282 5298 1862 5371">
    <p class='ocr_par' dir='ltr' id='par_1_101' title="bbox 282 5298 1862 5371">
     <span class='ocr_line' id='line_1_101' title="bbox 282 5298 1862 5371; baseline 0.003 -23"><span class='ocrx_word' id='word_1_732' title='bbox 282 5298 362 5359; x_wconf 78' lang='grc' dir='ltr'>δὲ,</span> <span class='ocrx_word' id='word_1_733' title='bbox 424 5300 535 5350; x_wconf 75' lang='grc' dir='ltr'>πᾶν</span> <span class='ocrx_word' id='word_1_734' title='bbox 574 5300 712 5369; x_wconf 80' lang='grc' dir='ltr'>ὅπερ</span> <span class='ocrx_word' id='word_1_735' title='bbox 740 5300 806 5353; x_wconf 82' lang='grc' dir='ltr'><strong>ἀν</strong></span> <span class='ocrx_word' id='word_1_736' title='bbox 849 5301 1081 5371; x_wconf 66' lang='grc' dir='ltr'>ἠθέλησε</span> <span class='ocrx_word' id='word_1_737' title='bbox 1138 5302 1386 5370; x_wconf 82' lang='grc' dir='ltr'>ποιῆσαι,</span> <span class='ocrx_word' id='word_1_738' title='bbox 1444 5302 1476 5370; x_wconf 84' lang='grc' dir='ltr'>ἢ</span> <span class='ocrx_word' id='word_1_739' title='bbox 1532 5300 1680 5371; x_wconf 78' lang='grc' dir='ltr'>αὐτῷ</span> <span class='ocrx_word' id='word_1_740' title='bbox 1731 5300 1862 5369; x_wconf 86' lang='grc' dir='ltr'>παρ’</span> 
     </span>
    </p>
   </div>
   <div class='ocr_carea' id='block_1_102' title="bbox 284 5386 1861 5459">
    <p class='ocr_par' dir='ltr' id='par_1_102' title="bbox 284 5386 1861 5459">
     <span class='ocr_line' id='line_1_102' title="bbox 284 5386 1861 5459; baseline 0 -18"><span class='ocrx_word' id='word_1_741' title='bbox 284 5387 461 5441; x_wconf 75' lang='grc' dir='ltr'>ἄλλων</span> <span class='ocrx_word' id='word_1_742' title='bbox 491 5389 766 5454; x_wconf 85' lang='grc' dir='ltr'>γενέσθαι,</span> <span class='ocrx_word' id='word_1_743' title='bbox 795 5390 856 5442; x_wconf 89' lang='grc' dir='ltr'><strong>τὸ</strong></span> <span class='ocrx_word' id='word_1_744' title='bbox 884 5390 1007 5442; x_wconf 82' lang='grc' dir='ltr'>ὅλον</span> <span class='ocrx_word' id='word_1_745' title='bbox 1035 5389 1114 5458; x_wconf 81' lang='grc' dir='ltr'>τῷ</span> <span class='ocrx_word' id='word_1_746' title='bbox 1129 5390 1246 5459; x_wconf 82' lang='grc' dir='ltr'><strong>Θεῷ</strong></span> <span class='ocrx_word' id='word_1_747' title='bbox 1267 5386 1523 5456; x_wconf 60' lang='grc' dir='ltr'>ἀνετίθει,</span> <span class='ocrx_word' id='word_1_748' title='bbox 1556 5391 1629 5452; x_wconf 85' lang='grc' dir='ltr'>ὡς</span> <span class='ocrx_word' id='word_1_749' title='bbox 1653 5390 1861 5443; x_wconf 80' lang='grc' dir='ltr'>ἐκείνου</span> 
     </span>
    </p>
   </div>
   <div class='ocr_carea' id='block_1_103' title="bbox 285 5479 1861 5550">
    <p class='ocr_par' dir='ltr' id='par_1_103' title="bbox 285 5479 1861 5550">
     <span class='ocr_line' id='line_1_103' title="bbox 285 5479 1861 5550; baseline 0.004 -21"><span class='ocrx_word' id='word_1_750' title='bbox 285 5479 727 5547; x_wconf 77' lang='grc' dir='ltr'>προστάσσοντος</span> <span class='ocrx_word' id='word_1_751' title='bbox 784 5480 927 5534; x_wconf 75' lang='grc' dir='ltr'>οὕτω</span> <span class='ocrx_word' id='word_1_752' title='bbox 975 5483 1246 5550; x_wconf 87' lang='grc' dir='ltr'>γίνεσθαι.</span> <span class='ocrx_word' id='word_1_753' title='bbox 1302 5485 1427 5535; x_wconf 82' lang='grc' dir='ltr'><strong>Κάκ</strong></span> <span class='ocrx_word' id='word_1_754' title='bbox 1456 5483 1647 5536; x_wconf 89' lang='grc' dir='ltr'>τούτου</span> <span class='ocrx_word' id='word_1_755' title='bbox 1683 5484 1861 5536; x_wconf 80' lang='grc' dir='ltr'>πάντα</span> 
     </span>
    </p>
   </div>
   <div class='ocr_carea' id='block_1_104' title="bbox 218 5572 1862 5645">
    <p class='ocr_par' dir='ltr' id='par_1_104' title="bbox 218 5572 1862 5645">
     <span class='ocr_line' id='line_1_104' title="bbox 218 5572 1862 5645; baseline 0.002 -23"><span class='ocrx_word' id='word_1_756' title='bbox 218 5572 221 5573; x_wconf 59' lang='grc'><strong><em>⁷</em></strong></span> <span class='ocrx_word' id='word_1_757' title='bbox 284 5575 353 5623; x_wconf 77' lang='grc' dir='ltr'><strong>τα</strong></span> <span class='ocrx_word' id='word_1_758' title='bbox 392 5574 539 5624; x_wconf 63' lang='grc' dir='ltr'>κακὰ</span> <span class='ocrx_word' id='word_1_759' title='bbox 568 5572 962 5643; x_wconf 79' lang='grc' dir='ltr'>ἠκολούθησεν,</span> <span class='ocrx_word' id='word_1_760' title='bbox 1009 5574 1201 5645; x_wconf 81' lang='grc' dir='ltr'>ὥσπερ</span> <span class='ocrx_word' id='word_1_761' title='bbox 1241 5574 1300 5639; x_wconf 75' lang='grc' dir='ltr'><strong>ἐξ</strong></span> <span class='ocrx_word' id='word_1_762' title='bbox 1328 5575 1614 5638; x_wconf 82' lang='grc' dir='ltr'>αὑθεντίας</span> <span class='ocrx_word' id='word_1_763' title='bbox 1648 5575 1744 5627; x_wconf 86' lang='grc' dir='ltr'><strong>τοῦ</strong></span> <span class='ocrx_word' id='word_1_764' title='bbox 1780 5576 1862 5627; x_wconf 81' lang='grc' dir='ltr'><strong>νό-</strong></span> 
     </span>
    </p>
   </div>
   <div class='ocr_carea' id='block_1_105' title="bbox 289 5666 1861 5737">
    <p class='ocr_par' dir='ltr' id='par_1_105' title="bbox 289 5666 1861 5737">
     <span class='ocr_line' id='line_1_105' title="bbox 289 5666 1861 5737; baseline 0.003 -22"><span class='ocrx_word' id='word_1_765' title='bbox 289 5680 391 5732; x_wconf 82' lang='grc' dir='ltr'><strong>μου</strong></span> <span class='ocrx_word' id='word_1_766' title='bbox 414 5679 427 5691; x_wconf 86' lang='lat'>&#39;</span> <span class='ocrx_word' id='word_1_767' title='bbox 459 5666 761 5730; x_wconf 82' lang='grc' dir='ltr'>τουτέστιν,</span> <span class='ocrx_word' id='word_1_768' title='bbox 801 5667 1209 5732; x_wconf 81' lang='grc' dir='ltr'>ἀποκτιννύναι,</span> <span class='ocrx_word' id='word_1_769' title='bbox 1243 5668 1536 5737; x_wconf 76' lang='grc' dir='ltr'>ἁρπάζειν,</span> <span class='ocrx_word' id='word_1_770' title='bbox 1584 5666 1861 5737; x_wconf 88' lang='grc' dir='ltr'>μοιχεύειν</span> 
     </span>
    </p>
   </div>
   <div class='ocr_carea' id='block_1_106' title="bbox 292 5757 1862 5830">
    <p class='ocr_par' dir='ltr' id='par_1_106' title="bbox 292 5757 1862 5830">
     <span class='ocr_line' id='line_1_106' title="bbox 292 5757 1862 5830; baseline 0.002 -21"><span class='ocrx_word' id='word_1_771' title='bbox 292 5757 434 5824; x_wconf 78' lang='grc' dir='ltr'><strong>μετά</strong></span> <span class='ocrx_word' id='word_1_772' title='bbox 462 5757 561 5827; x_wconf 77' lang='grc' dir='ltr'>τῆς</span> <span class='ocrx_word' id='word_1_773' title='bbox 594 5763 853 5825; x_wconf 77' lang='grc' dir='ltr'>γυναικὸς</span> <span class='ocrx_word' id='word_1_774' title='bbox 889 5758 1035 5827; x_wconf 79' lang='grc' dir='ltr'>Ζεϊθ,</span> <span class='ocrx_word' id='word_1_775' title='bbox 1086 5759 1409 5829; x_wconf 78' lang='grc' dir='ltr'>αίμομιξίας</span> <span class='ocrx_word' id='word_1_776' title='bbox 1459 5760 1663 5826; x_wconf 84' lang='grc' dir='ltr'>ποιεῖν,</span> <span class='ocrx_word' id='word_1_777' title='bbox 1725 5762 1862 5830; x_wconf 82' lang='grc' dir='ltr'><strong>μετά</strong></span> 
     </span>
    </p>
   </div>
   <div class='ocr_carea' id='block_1_107' title="bbox 1966 4656 3540 4726">
    <p class='ocr_par' dir='ltr' id='par_1_107' title="bbox 1966 4656 3540 4726">
     <span class='ocr_line' id='line_1_107' title="bbox 1966 4656 3540 4726; baseline -0.003 -13"><span class='ocrx_word' id='word_1_778' title='bbox 1966 4658 2080 4713; x_wconf 92' lang='lat' dir='ltr'><strong>tulo</strong></span> <span class='ocrx_word' id='word_1_779' title='bbox 2120 4657 2295 4710; x_wconf 91' lang='lat' dir='ltr'><strong>Elinir</strong></span> <span class='ocrx_word' id='word_1_780' title='bbox 2341 4657 2563 4726; x_wconf 88' lang='lat' dir='ltr'><strong>Elacap,</strong></span> <span class='ocrx_word' id='word_1_781' title='bbox 2613 4656 2826 4711; x_wconf 90' lang='lat' dir='ltr'><strong>inducit</strong></span> <span class='ocrx_word' id='word_1_782' title='bbox 2874 4657 3043 4711; x_wconf 90' lang='lat' dir='ltr'><strong>Deum</strong></span> <span class='ocrx_word' id='word_1_783' title='bbox 3095 4656 3368 4711; x_wconf 90' lang='lat' dir='ltr'><strong>dicentem</strong></span> <span class='ocrx_word' id='word_1_784' title='bbox 3409 4675 3422 4709; x_wconf 88' lang='lat'><strong>:</strong></span> <span class='ocrx_word' id='word_1_785' title='bbox 3465 4657 3540 4710; x_wconf 75' lang='lat' dir='ltr'><strong>Ne</strong></span> 
     </span>
    </p>
   </div>
   <div class='ocr_carea' id='block_1_108' title="bbox 1963 4747 3540 4818">
    <p class='ocr_par' dir='ltr' id='par_1_108' title="bbox 1963 4747 3540 4818">
     <span class='ocr_line' id='line_1_108' title="bbox 1963 4747 3540 4818; baseline -0.002 -15"><span class='ocrx_word' id='word_1_786' title='bbox 1963 4747 2344 4818; x_wconf 82' lang='lat' dir='ltr'><strong>ingrediamini</strong></span> <span class='ocrx_word' id='word_1_787' title='bbox 2391 4748 2614 4802; x_wconf 90' lang='lat' dir='ltr'><strong>domum</strong></span> <span class='ocrx_word' id='word_1_788' title='bbox 2664 4749 2896 4817; x_wconf 84' lang='lat' dir='ltr'><strong>alicujus</strong></span> <span class='ocrx_word' id='word_1_789' title='bbox 2931 4749 3033 4801; x_wconf 91' lang='lat' dir='ltr'><strong>nisi</strong></span> <span class='ocrx_word' id='word_1_790' title='bbox 3091 4748 3303 4801; x_wconf 87' lang='lat' dir='ltr'><strong>invitati</strong></span> <span class='ocrx_word' id='word_1_791' title='bbox 3336 4757 3387 4801; x_wconf 91' lang='lat' dir='ltr'><strong>et</strong></span> <span class='ocrx_word' id='word_1_792' title='bbox 3443 4764 3540 4800; x_wconf 79' lang='lat' dir='ltr'><strong>vo-</strong></span> 
     </span>
    </p>
   </div>
   <div class='ocr_carea' id='block_1_109' title="bbox 1963 4837 3534 4908">
    <p class='ocr_par' dir='ltr' id='par_1_109' title="bbox 1963 4837 3534 4908">
     <span class='ocr_line' id='line_1_109' title="bbox 1963 4837 3534 4908; baseline -0.003 -15"><span class='ocrx_word' id='word_1_793' title='bbox 1963 4840 2093 4904; x_wconf 90' lang='lat' dir='ltr'><strong>cati,</strong></span> <span class='ocrx_word' id='word_1_794' title='bbox 2121 4848 2176 4895; x_wconf 91' lang='lat' dir='ltr'><strong>et</strong></span> <span class='ocrx_word' id='word_1_795' title='bbox 2200 4840 2303 4893; x_wconf 90' lang='lat' dir='ltr'><strong>nisi</strong></span> <span class='ocrx_word' id='word_1_796' title='bbox 2335 4847 2681 4908; x_wconf 87' lang='lat' dir='ltr'><strong>perstrepant</strong></span> <span class='ocrx_word' id='word_1_797' title='bbox 2710 4839 2777 4893; x_wconf 90' lang='lat' dir='ltr'><strong>de</strong></span> <span class='ocrx_word' id='word_1_798' title='bbox 2808 4839 2961 4891; x_wconf 78' lang='lat' dir='ltr'><strong>foris.</strong></span> <span class='ocrx_word' id='word_1_799' title='bbox 2991 4838 3059 4891; x_wconf 84' lang='lat' dir='ltr'><strong>Et</strong></span> <span class='ocrx_word' id='word_1_800' title='bbox 3088 4837 3241 4890; x_wconf 86' lang='lat' dir='ltr'><strong>addit</strong></span> <span class='ocrx_word' id='word_1_801' title='bbox 3274 4847 3534 4905; x_wconf 86' lang='lat' dir='ltr'><strong>tanquam</strong></span> 
     </span>
    </p>
   </div>
   <div class='ocr_carea' id='block_1_110' title="bbox 1964 4927 3541 5000">
    <p class='ocr_par' dir='ltr' id='par_1_110' title="bbox 1964 4927 3541 5000">
     <span class='ocr_line' id='line_1_110' title="bbox 1964 4927 3541 5000; baseline -0.003 -14"><span class='ocrx_word' id='word_1_802' title='bbox 1964 4947 2033 4987; x_wconf 81' lang='lat' dir='ltr'><strong>ex</strong></span> <span class='ocrx_word' id='word_1_803' title='bbox 2065 4946 2297 5000; x_wconf 87' lang='lat' dir='ltr'><strong>persona</strong></span> <span class='ocrx_word' id='word_1_804' title='bbox 2345 4930 2441 4983; x_wconf 90' lang='lat' dir='ltr'><strong>Dei</strong></span> <span class='ocrx_word' id='word_1_805' title='bbox 2472 4946 2488 4983; x_wconf 89' lang='lat'><strong>:</strong></span> <span class='ocrx_word' id='word_1_806' title='bbox 2526 4929 2591 4982; x_wconf 85' lang='lat' dir='ltr'><strong>Et</strong></span> <span class='ocrx_word' id='word_1_807' title='bbox 2637 4931 2926 4997; x_wconf 80' lang='lat' dir='ltr'><strong>postqtiam</strong></span> <span class='ocrx_word' id='word_1_808' title='bbox 2972 4928 3202 4996; x_wconf 80' lang='lat' dir='ltr'><strong>ingrcssi</strong></span> <span class='ocrx_word' id='word_1_809' title='bbox 3239 4927 3451 4980; x_wconf 81' lang='lat' dir='ltr'><strong>fueritis</strong></span> <span class='ocrx_word' id='word_1_810' title='bbox 3484 4938 3541 4982; x_wconf 84' lang='lat' dir='ltr'><strong>et</strong></span> 
     </span>
    </p>
   </div>
   <div class='ocr_carea' id='block_1_111' title="bbox 1964 5017 3537 5086">
    <p class='ocr_par' dir='ltr' id='par_1_111' title="bbox 1964 5017 3537 5086">
     <span class='ocr_line' id='line_1_111' title="bbox 1964 5017 3537 5086; baseline -0.004 -9"><span class='ocrx_word' id='word_1_811' title='bbox 1964 5022 2333 5083; x_wconf 88' lang='lat' dir='ltr'><strong>comederitis,</strong></span> <span class='ocrx_word' id='word_1_812' title='bbox 2366 5021 2533 5085; x_wconf 85' lang='lat' dir='ltr'><strong>exite,</strong></span> <span class='ocrx_word' id='word_1_813' title='bbox 2561 5031 2616 5073; x_wconf 90' lang='lat' dir='ltr'><strong>et</strong></span> <span class='ocrx_word' id='word_1_814' title='bbox 2644 5036 2710 5073; x_wconf 87' lang='lat' dir='ltr'><strong>ne</strong></span> <span class='ocrx_word' id='word_1_815' title='bbox 2740 5019 2896 5073; x_wconf 89' lang='lat' dir='ltr'><strong>stetis</strong></span> <span class='ocrx_word' id='word_1_816' title='bbox 2934 5018 3001 5071; x_wconf 89' lang='lat' dir='ltr'><strong>ad</strong></span> <span class='ocrx_word' id='word_1_817' title='bbox 3047 5017 3382 5086; x_wconf 87' lang='lat' dir='ltr'><strong>loquendum</strong></span> <span class='ocrx_word' id='word_1_818' title='bbox 3414 5033 3537 5071; x_wconf 90' lang='lat' dir='ltr'><strong>cum</strong></span> 
     </span>
    </p>
   </div>
   <div class='ocr_carea' id='block_1_112' title="bbox 1956 5109 3541 5183">
    <p class='ocr_par' dir='ltr' id='par_1_112' title="bbox 1956 5109 3541 5183">
     <span class='ocr_line' id='line_1_112' title="bbox 1956 5109 3541 5183; baseline -0.004 -16"><span class='ocrx_word' id='word_1_819' title='bbox 1956 5113 2314 5183; x_wconf 90' lang='lat' dir='ltr'><strong>janitoribus,</strong></span> <span class='ocrx_word' id='word_1_820' title='bbox 2344 5112 2472 5179; x_wconf 88' lang='lat' dir='ltr'><strong>quia</strong></span> <span class='ocrx_word' id='word_1_821' title='bbox 2510 5111 2800 5165; x_wconf 88' lang='lat' dir='ltr'><strong>molestum</strong></span> <span class='ocrx_word' id='word_1_822' title='bbox 2839 5118 2923 5165; x_wconf 87' lang='lat' dir='ltr'><strong>est</strong></span> <span class='ocrx_word' id='word_1_823' title='bbox 2950 5109 3254 5179; x_wconf 66' lang='lat' dir='ltr'><strong>praphetaz,</strong></span> <span class='ocrx_word' id='word_1_824' title='bbox 3286 5117 3343 5162; x_wconf 90' lang='lat' dir='ltr'><strong>et</strong></span> <span class='ocrx_word' id='word_1_825' title='bbox 3379 5122 3541 5162; x_wconf 86' lang='lat' dir='ltr'><strong>vere-</strong></span> 
     </span>
    </p>
   </div>
   <div class='ocr_carea' id='block_1_113' title="bbox 1964 5204 3541 5261">
    <p class='ocr_par' dir='ltr' id='par_1_113' title="bbox 1964 5204 3541 5261">
     <span class='ocr_line' id='line_1_113' title="bbox 1964 5204 3541 5261; baseline -0.002 -1"><span class='ocrx_word' id='word_1_826' title='bbox 1964 5207 2204 5261; x_wconf 87' lang='lat' dir='ltr'><strong>cundum</strong></span> <span class='ocrx_word' id='word_1_827' title='bbox 2250 5217 2337 5261; x_wconf 90' lang='lat' dir='ltr'><strong>est</strong></span> <span class='ocrx_word' id='word_1_828' title='bbox 2386 5206 2590 5260; x_wconf 80' lang='lat' dir='ltr'><strong>diecre.</strong></span> <span class='ocrx_word' id='word_1_829' title='bbox 2640 5205 2744 5260; x_wconf 88' lang='lat' dir='ltr'><strong>Sed</strong></span> <span class='ocrx_word' id='word_1_830' title='bbox 2793 5206 2947 5260; x_wconf 69' lang='lat' dir='ltr'><strong>Dens</strong></span> <span class='ocrx_word' id='word_1_831' title='bbox 2989 5221 3097 5259; x_wconf 92' lang='lat' dir='ltr'><strong>non</strong></span> <span class='ocrx_word' id='word_1_832' title='bbox 3135 5204 3541 5259; x_wconf 85' lang='lat' dir='ltr'><strong>verecundatur</strong></span> 
     </span>
    </p>
   </div>
   <div class='ocr_carea' id='block_1_114' title="bbox 1964 5295 3541 5366">
    <p class='ocr_par' dir='ltr' id='par_1_114' title="bbox 1964 5295 3541 5366">
     <span class='ocr_line' id='line_1_114' title="bbox 1964 5295 3541 5366; baseline -0.001 -14"><span class='ocrx_word' id='word_1_833' title='bbox 1964 5298 2145 5353; x_wconf 87' lang='lat' dir='ltr'><strong>dicere</strong></span> <span class='ocrx_word' id='word_1_834' title='bbox 2172 5298 2481 5352; x_wconf 86' lang='lat' dir='ltr'><strong>veritatem.</strong></span> <span class='ocrx_word' id='word_1_835' title='bbox 2514 5298 2757 5351; x_wconf 83' lang='lat' dir='ltr'><strong>Breviter</strong></span> <span class='ocrx_word' id='word_1_836' title='bbox 2790 5307 2994 5362; x_wconf 80' lang='lat' dir='ltr'><strong>autem,</strong></span> <span class='ocrx_word' id='word_1_837' title='bbox 3021 5295 3285 5366; x_wconf 87' lang='lat' dir='ltr'><strong>quidquid</strong></span> <span class='ocrx_word' id='word_1_838' title='bbox 3321 5296 3541 5351; x_wconf 88' lang='lat' dir='ltr'><strong>volebat</strong></span> 
     </span>
    </p>
   </div>
   <div class='ocr_carea' id='block_1_115' title="bbox 1966 5388 3624 5466">
    <p class='ocr_par' dir='ltr' id='par_1_115' title="bbox 1966 5388 3624 5466">
     <span class='ocr_line' id='line_1_115' title="bbox 1966 5388 3624 5466; baseline -0.002 -22"><span class='ocrx_word' id='word_1_839' title='bbox 1966 5391 2166 5466; x_wconf 65' lang='lat' dir='ltr'><strong>facere,</strong></span> <span class='ocrx_word' id='word_1_840' title='bbox 2200 5391 2285 5444; x_wconf 89' lang='lat' dir='ltr'><strong>vel</strong></span> <span class='ocrx_word' id='word_1_841' title='bbox 2316 5390 2461 5459; x_wconf 88' lang='lat' dir='ltr'><strong>quod</strong></span> <span class='ocrx_word' id='word_1_842' title='bbox 2511 5389 2687 5449; x_wconf 80' lang='lat' dir='ltr'><strong>ﬁeret,</strong></span> <span class='ocrx_word' id='word_1_843' title='bbox 2724 5389 2775 5442; x_wconf 92' lang='lat' dir='ltr'><strong>id</strong></span> <span class='ocrx_word' id='word_1_844' title='bbox 2816 5397 2989 5443; x_wconf 92' lang='lat' dir='ltr'><strong>totum</strong></span> <span class='ocrx_word' id='word_1_845' title='bbox 3037 5389 3148 5442; x_wconf 86' lang='lat' dir='ltr'><strong>Deo</strong></span> <span class='ocrx_word' id='word_1_846' title='bbox 3197 5388 3537 5458; x_wconf 80' lang='lat' dir='ltr'><strong>injungebat,</strong></span> <span class='ocrx_word' id='word_1_847' title='bbox 3616 5449 3624 5457; x_wconf 28' lang='lat'>‘</span> 
     </span>
    </p>
   </div>
   <div class='ocr_carea' id='block_1_116' title="bbox 1963 5480 3540 5553">
    <p class='ocr_par' dir='ltr' id='par_1_116' title="bbox 1963 5480 3540 5553">
     <span class='ocr_line' id='line_1_116' title="bbox 1963 5480 3540 5553; baseline -0.003 -14"><span class='ocrx_word' id='word_1_848' title='bbox 1963 5485 2129 5553; x_wconf 83' lang='lat' dir='ltr'><strong>idque</strong></span> <span class='ocrx_word' id='word_1_849' title='bbox 2164 5483 2457 5536; x_wconf 78' lang='lat' dir='ltr'><strong>mandabat</strong></span> <span class='ocrx_word' id='word_1_850' title='bbox 2488 5482 2633 5551; x_wconf 89' lang='lat' dir='ltr'><strong>quod</strong></span> <span class='ocrx_word' id='word_1_851' title='bbox 2666 5482 2740 5535; x_wconf 91' lang='lat' dir='ltr'><strong>ita</strong></span> <span class='ocrx_word' id='word_1_852' title='bbox 2785 5480 2957 5536; x_wconf 79' lang='lat' dir='ltr'><strong>ﬁeret.</strong></span> <span class='ocrx_word' id='word_1_853' title='bbox 2996 5481 3063 5535; x_wconf 89' lang='lat' dir='ltr'><strong>Et</strong></span> <span class='ocrx_word' id='word_1_854' title='bbox 3089 5497 3155 5535; x_wconf 82' lang='lat' dir='ltr'><strong>ex</strong></span> <span class='ocrx_word' id='word_1_855' title='bbox 3205 5482 3308 5536; x_wconf 85' lang='lat' dir='ltr'><strong>hoc</strong></span> <span class='ocrx_word' id='word_1_856' title='bbox 3342 5480 3540 5535; x_wconf 80' lang='lat' dir='ltr'><strong>subse-</strong></span> 
     </span>
    </p>
   </div>
   <div class='ocr_carea' id='block_1_117' title="bbox 1964 5571 3539 5642">
    <p class='ocr_par' dir='ltr' id='par_1_117' title="bbox 1964 5571 3539 5642">
     <span class='ocr_line' id='line_1_117' title="bbox 1964 5571 3539 5642; baseline -0.003 -12"><span class='ocrx_word' id='word_1_857' title='bbox 1964 5586 2086 5630; x_wconf 91' lang='lat' dir='ltr'><strong>cuta</strong></span> <span class='ocrx_word' id='word_1_858' title='bbox 2111 5582 2240 5628; x_wconf 88' lang='lat' dir='ltr'><strong>sunt</strong></span> <span class='ocrx_word' id='word_1_859' title='bbox 2275 5574 2459 5627; x_wconf 86' lang='lat' dir='ltr'><strong>omnia</strong></span> <span class='ocrx_word' id='word_1_860' title='bbox 2502 5573 2663 5637; x_wconf 86' lang='lat' dir='ltr'><strong>mala,</strong></span> <span class='ocrx_word' id='word_1_861' title='bbox 2688 5573 2847 5641; x_wconf 79' lang='lat' dir='ltr'><strong>quasi</strong></span> <span class='ocrx_word' id='word_1_862' title='bbox 2892 5589 2957 5626; x_wconf 81' lang='lat' dir='ltr'><strong>ex</strong></span> <span class='ocrx_word' id='word_1_863' title='bbox 3001 5573 3332 5627; x_wconf 88' lang='lat' dir='ltr'><strong>auctoritate</strong></span> <span class='ocrx_word' id='word_1_864' title='bbox 3366 5571 3539 5642; x_wconf 78' lang='lat' dir='ltr'><strong>legis;</strong></span> 
     </span>
    </p>
   </div>
   <div class='ocr_carea' id='block_1_118' title="bbox 1964 5664 3540 5735">
    <p class='ocr_par' dir='ltr' id='par_1_118' title="bbox 1964 5664 3540 5735">
     <span class='ocr_line' id='line_1_118' title="bbox 1964 5664 3540 5735; baseline -0.003 -14"><span class='ocrx_word' id='word_1_865' title='bbox 1964 5668 2015 5721; x_wconf 89' lang='lat' dir='ltr'><strong>id</strong></span> <span class='ocrx_word' id='word_1_866' title='bbox 2066 5678 2169 5731; x_wconf 86' lang='lat' dir='ltr'><strong>est,</strong></span> <span class='ocrx_word' id='word_1_867' title='bbox 2226 5666 2558 5724; x_wconf 76' lang='lat' dir='ltr'><strong>interimere.</strong></span> <span class='ocrx_word' id='word_1_868' title='bbox 2601 5681 2815 5735; x_wconf 88' lang='lat' dir='ltr'><strong>rapere,</strong></span> <span class='ocrx_word' id='word_1_869' title='bbox 2863 5664 3145 5732; x_wconf 66' lang='lat' dir='ltr'><strong>tnazchari,</strong></span> <span class='ocrx_word' id='word_1_870' title='bbox 3190 5680 3316 5719; x_wconf 89' lang='lat' dir='ltr'><strong>cum</strong></span> <span class='ocrx_word' id='word_1_871' title='bbox 3369 5677 3540 5718; x_wconf 78' lang='lat' dir='ltr'><strong>uxore</strong></span> 
     </span>
    </p>
   </div>
   <div class='ocr_carea' id='block_1_119' title="bbox 1966 5757 3538 5825">
    <p class='ocr_par' dir='ltr' id='par_1_119' title="bbox 1966 5757 3538 5825">
     <span class='ocr_line' id='line_1_119' title="bbox 1966 5757 3538 5825; baseline -0.001 -13"><span class='ocrx_word' id='word_1_872' title='bbox 1966 5759 2122 5814; x_wconf 76' lang='lat' dir='ltr'><strong>Zeitli</strong></span> <span class='ocrx_word' id='word_1_873' title='bbox 2153 5760 2418 5812; x_wconf 76' lang='lat' dir='ltr'><strong>incestum</strong></span> <span class='ocrx_word' id='word_1_874' title='bbox 2446 5758 2812 5825; x_wconf 82' lang='lat' dir='ltr'><strong>committere,</strong></span> <span class='ocrx_word' id='word_1_875' title='bbox 2845 5772 2968 5814; x_wconf 88' lang='lat' dir='ltr'><strong>cum</strong></span> <span class='ocrx_word' id='word_1_876' title='bbox 2999 5758 3165 5814; x_wconf 76' lang='lat' dir='ltr'><strong>Maria</strong></span> <span class='ocrx_word' id='word_1_877' title='bbox 3211 5757 3538 5815; x_wconf 82' lang='lat' dir='ltr'><strong>lacobitissa</strong></span> 
     </span>
    </p>
   </div>
  </div>
