3862 6220
254 296 386 364 1121
1400 350 1407 359 .
1450 306 1755 367 CONTRA
1796 310 1830 368 ll.

1940 311 2071 372 10M
2082 313 2301 375 ETEM.
3362 328 3497 383 1122

247 411 355 464 ποῦ
386 410 554 465 αὑτὸν
585 410 987 483 Emend/opai;
1038 414 1146 467 Kal
1193 413 1344 467 εἶπεν
1386 416 1415 466 6
1443 415 1705 487 Γαϐριὴλ,
1734 417 1826 471 Ἐν

1934 422 2052 477 loco
2083 424 2175 478 ubi
2207 434 2310 479 est.
2337 425 2402 479 Et
2430 425 2658 479 adduxit
2689 425 2819 480 mihi
2844 427 3149 497 iumentum
3180 429 3353 498 majus
3382 433 3506 499 qui-

247 503 327 573 τῷ
358 502 512 570 τόπῳ
541 502 677 555 ὅπου
710 503 847 567 ἐστί.
878 505 987 560 Kal
1023 507 1203 575 ἤγαγέ
1254 524 1347 576 μοι
1389 507 1605 575 κτῆνος,
1641 508 1826 578 μεῖζον

1934 512 2053 566 dem
2082 514 2259 576 asino,
2288 517 2468 569 minus
2497 526 2678 569 autem
2714 518 2885 577 mulo.
2916 527 2968 571 et
2992 533 3190 573 nomen
3219 521 3337 587 ejus
3362 520 3506 574 Elm-

253 595 354 663 μὲν
383 595 529 659 ὄνου,
564 594 888 647 ἐλαττοννδὲ
924 597 1173 666 ἡμιόνου,
1224 599 1319 650 καὶ
1350 598 1410 649 τὸ
1447 599 1621 668 ὄνομα
1666 599 1828 668 Ἐλμ-

1934 616 2114 671 parac.
2154 604 2216 658 Et
2247 604 2386 659 dixit
2433 606 2605 659 mihi:
2651 606 2902 662 Ascende
2942 608 3067 674 hoc,
3106 619 3171 679 et
3199 612 3380 680 equita
3409 628 3505 665 us~

252 688 456 756 rapax:
499 688 594 739 καὶ
623 683 745 739 εἶπέ
773 704 885 755 μοι,
946 687 1227 741 ’Δνάϐαινε
1284 688 1461 754 τοῦτο,
1516 690 1606 743 καὶ
1636 689 1825 744 ἔλαυνε

1934 707 2035 761 que
2082 692 2149 746 ad
2182 694 2403 749 domum
2433 706 2700 751 sanctam.
2738 696 2986 766 Cumque
3028 712 3276 753 curarem
3310 717 3494 756 ascen-

250 780 417 849 μὲχρι
450 779 544 832 τοῦ
577 782 727 832 οζκου
755 780 850 833 τοῦ
882 781 1062 847 ἁγίου.
1106 783 1216 835 Kal
1245 781 1321 844 ὡς
1351 782 1669 852 ἐφρόντιζον
1700 786 1829 837 ἁνα-

1934 786 2083 848 dere,
2123 785 2334 856 aufugit
2356 788 2683 857 iumentum.
2717 789 2969 859 Dixitque
2992 789 3073 844 ei:
3106 790 3201 845 Sta
3235 791 3501 857 ﬁrmiter;

245 870 474 936 ϐαίνειν,
515 870 681 940 ἔφυγε
707 871 768 924 τὸ
806 871 1021 941 κτῆνος.
1051 873 1159 925 Kal
1185 869 1337 925 εἶπεν
1389 874 1559 944 αὐτῷ,
1608 875 1828 930 Ἱστασο

1934 876 2270 931 Mabometus
2300 879 2447 931 enim
2474 888 2580 941 est,
2612 881 2701 949 qui
2730 882 2845 933 vult
2880 891 2931 935 te
2964 881 3287 936 ascendere.
3321 884 3385 936 Et
3414 900 3502 938 re-

246 962 527 1032 ἀσφαλῶς’
580 965 608 1015 6
653 963 955 1034 Μαχούμετ
1014 965 1123 1035 γάρ
1167 967 1363 1019 ἐστινό
1396 969 1468 1049 σὲ.
1502 966 1827 1039 βουλόμενος

245 1055 544 1123 ἀναϐῆναι.
606 1056 715 1107 Kal
736 1055 1007 1126 ἀπεκρίθη
1036 1057 1095 1109 τδ
1118 1058 1333 1125 κτῆνος.
1364 1058 1453 1129 Μὴ
1483 1060 1623 1129 ὑπὲρ
1657 1061 1824 1115 αὑτοῦ

1936 968 2487 1040 sponditiumentum
2515 988 2529 1024 :
2562 970 2837 1039 Numquid
2868 988 2967 1041 pro
2993 987 3059 1026 eo
3084 974 3309 1028 missum
3339 991 3456 1029 sum
3481 976 3506 1027 ?

1932 1060 2235 1128 Respondit
2281 1060 2542 1115 Gabriel:
2598 1062 2818 1131 Utique.
2874 1064 2941 1117 Et
2970 1063 3109 1119 dixit
3150 1065 3497 1135 iumentum:

246 1146 563 1216 ἀπεστάλην
590 1164 604 1212 ;
652 1146 952 1217 Ἀπεκρίθη
975 1149 1001 1199 ό
1026 1148 1285 1218 Γαϐριὴλ,
1315 1149 1443 1204 Ναί.
1482 1152 1591 1204 Kal
1621 1151 1739 1205 εῐπε
1766 1153 1827 1206 τὸ

1934 1148 2041 1202 Non
2066 1151 2384 1220 permittam
2409 1168 2531 1205 cum
2557 1155 2879 1218 ascendere,
2910 1156 3015 1209 nisi
3045 1157 3197 1225 prius
3227 1162 3501 1227 rogaverit

248 1236 464 1305 κτῆνος,
532 1237 608 1289 Οὐ
668 1240 1011 1307 συγχωρήσω
1064 1240 1229 1292 αὐτὸν
1283 1242 1573 1311 ἀναϐῆναι,
1634 1245 1682 1295 εί
1751 1245 1825 1315 μὴ

248 1328 515 1397 πρότερον
542 1328 687 1398 ὑπέρ
714 1327 851 1397 ἐμοῦ
878 1329 971 1382 τοῦ
998 1328 1136 1383 Θεοῦ
1168 1331 1407 1403 δεηθείη.
1434 1333 1578 1400 Ἐγὼ
1603 1335 1829 1406 δὲθέδεή-

246 1418 347 1487 θην
377 1418 471 1469 τοῦ
504 1416 640 1471 Θεοῦ
682 1434 785 1489 μου
810 1418 953 1487 ὑπὲρ
979 1420 1073 1473 τοῦ
1100 1424 1351 1491 κτήνους,
1382 1410 1588 1495 ὲπέϐην
1638 1443 1694 1479 τε
1725 1428 1828 1478 αὐ-

244 1510 357 1567 τοῦ,
382 1509 478 1562 καὶ
500 1512 832 1589 περιεπάτει.
849 1510 1253 1582 ἐπικαθημένου
1287 1530 1389 1583 μου
1418 1518 1612 1588 πορείᾳ
1632 1517 1823 1587 λεπτῇ’

248 1599 503 1669 ὲστήριζέ
535 1616 595 1651 τε
629 1600 726 1671 τὴν
758 1602 930 1670 χηλὴν
959 1600 1052 1654 τοῦ
1085 1603 1247 1666 ποδὸς
1277 1606 1334 1656 ιν
1360 1605 1437 1674 τῷ
1461 1608 1695 1674 ὁρίζοντι
1730 1613 1829 1681 τῆς

250 1692 421 1759 δζνεως
451 1692 638 1744 αὐτοῦ.
674 1694 779 1744 Καὶ
830 1692 1003 1756 οὕτως
1053 1689 1216 1764 ἦλθον
1266 1698 1344 1759 είς
1386 1698 1480 1751 τὸν
1543 1696 1689 1753 οἶκον
1734 1703 1828 1756 τὸν

1930 1236 2096 1290 Deum
2128 1251 2228 1305 pro
2259 1252 2366 1292 me.
2423 1240 2532 1308 Ego
2564 1250 2747 1293 autem
2779 1242 3067 1297 intercessi
3118 1259 3217 1311 pro
3246 1246 3500 1313 iumento

1930 1328 2076 1398 apud
2099 1327 2270 1382 Deum
2296 1345 2500 1395 meum,
2528 1331 2864 1401 asceadique
2885 1332 3083 1401 ipsum,
3106 1344 3162 1387 et
3184 1335 3503 1388 ambulabat

1930 1436 2016 1475 me
2050 1422 2327 1476 insidente
2368 1423 2516 1475 tenui
2549 1438 2760 1492 gressu,
2787 1425 3201 1494 collocabatque
3234 1428 3499 1497 ungulam
3556 1405 3574 1423 .

1931 1511 2088 1580 pedis
2119 1513 2174 1566 in
2208 1514 2491 1568 borizonte
2521 1515 2673 1569 visus
2701 1515 2807 1569 sui.
2838 1515 2906 1569 Et
2933 1516 3011 1570 sic
3040 1516 3163 1570 veni
3192 1517 3247 1570 in
3279 1517 3502 1570 dotnum

1930 1614 2173 1658 sanctam
2224 1605 2279 1658 in
2332 1604 2534 1660 minori
2588 1606 2788 1675 spatio,
2839 1622 3001 1675 quam
3053 1617 3321 1676 quantum
3356 1609 3504 1663 oculi

1932 1693 2074 1748 ictus
2109 1694 2294 1764 perlici
2326 1708 2528 1765 posset.
2566 1696 2691 1750 Erat
2720 1707 2903 1751 autem
2943 1696 3161 1752 Gabriel
3194 1714 3409 1752 mecum
3444 1712 3503 1755 et

250 1782 404 1851 ἅγιον
432 1786 489 1838 ὲν
516 1785 759 1838 ἐλάττονι
822 1760 1175 1856 διαστήματι,
1212 1788 1245 1859 ἢ
1286 1791 1410 1844 ὅσον
1468 1792 1536 1846 ἂν
1694 1793 1825 1865 βολὴ

1934 1783 2090 1838 duxit
2122 1800 2208 1839 me
2242 1786 2308 1838 ad
2361 1802 2555 1855 rupem
2588 1787 2641 1841 itt
2680 1787 2844 1842 domo
2873 1797 3061 1842 sancta
3092 1780 3416 1853 Jerusalem,
3450 1797 3506 1841 et

248 1877 531 1946 ὀφθαλμοῦ
567 1878 870 1950 τελεσθείη.
922 1876 1032 1933 Ἦν
1078 1880 1134 1933 δὲ
1188 1881 1283 1936 καὶ
1339 1886 1366 1936 6
1416 1884 1656 1956 Γαϐριὴλ
1709 1886 1829 1956 μετ’

246 1969 408 2039 ἐμοῦ,
443 1973 533 2023 καὶ
560 1972 735 2042 ἢγαγέ
763 1990 830 2041 με
871 1974 951 2037 είς
982 1974 1283 2045 ἀπορρῶγα
1345 1975 1402 2027 ὲν
1437 1976 1515 2045 τῷ
1567 1978 1700 2047 οίκῳ
1749 1978 1829 2050 τῷ

244 2063 390 2133 ἁγίῳ
423 2066 479 2116 ἐν
524 2068 589 2134 τῇ
639 2066 1018 2136 Ἰερουσαλὴμ,
1067 2067 1159 2118 καὶ
1205 2064 1327 2120 εἷπέ
1362 2085 1452 2135 μοι
1490 2070 1517 2121 6
1556 2071 1818 2141 Γαϐριήλ·

247 2155 557 2237 βατάϐηοι,
595 2158 675 2210 ὅτι
743 2158 851 2211 ἀπὸ
893 2159 986 2228 τῆς
1043 2160 1247 2230 πέτρας
1297 2159 1500 2229 ταύτης
1567 2163 1829 2233 ἀναϐήσει

247 2246 328 2309 είς
363 2246 453 2299 τὸν
498 2247 745 2317 οὐρινόν.
780 2249 888 2301 Kal
927 2250 1184 2320 κατέϐην.
1231 2252 1339 2303 Kal
1391 2254 1418 2304 6
1452 2252 1690 2322 Γαϐριὴλ
1728 2256 1829 2324 ἡσ-

248 2333 515 2400 φαλίσατο
550 2336 685 2403 μετᾶ
726 2335 926 2389 κύκλου
958 2338 1094 2407 πρὸς
1132 2337 1229 2407 τὴν
1282 2340 1584 2411 ἀπορρῶγα
1613 2342 1671 2393 τὸ
1694 2343 1829 2409 κτῆ-

246 2442 337 2485 νος
366 2426 426 2478 τὸ
456 2426 799 2495 Ἐλμπαράκ,
844 2428 937 2479 καὶ
991 2428 1257 2481 ἐϐάστασε
1312 2447 1379 2499 με
1438 2432 1495 2482 ὲν
1521 2434 1631 2493 τοῖς
1659 2429 1831 2501 ὦμοις

249 2516 419 2569 αὐτοῦ
453 2518 615 2587 μέχρι
644 2502 738 2572 τοῦ
766 2520 1021 2589 ούρανοῦ.
1055 2521 1164 2573 Kal
1197 2521 1284 2574 ὅτε
1315 2522 1553 2591 ἡλθομεν
1586 2524 1719 2592 πρὸς
1740 2524 1829 2576 τὸν

247 2607 500 2676 οὐρανὸν,
538 2608 701 2676 ἔκοψε
750 2611 849 2677 τὴν
890 2609 1061 2678 θύραν
1118 2612 1145 2663 ὁ
1186 2611 1450 2682 Γαϐριήλο
1502 2615 1714 2684 ἐρρήθη
1771 2632 1829 2667 τε

248 2700 387 2767 πρδς
414 2699 595 2763 αὑτὸν,
626 2701 720 2763 Τίς
748 2697 833 2766 ei;
869 2701 1193 2773 Ἀπεκρίθη,
1228 2702 1371 2771 Ἐγώ
1422 2706 1538 2773 είμι
1563 2706 1827 2775 Γαϐριὴλ.

262 2787 502 2858 Ἐρρήθη
530 2805 588 2839 τε
624 2789 781 2842 πάλιν
808 2791 979 2859 αὐτῷ·
1032 2793 1137 2844 Καὶ
1187 2793 1268 2855 τίς
1317 2797 1431 2847 ἔστι
1498 2798 1636 2864 μετά
1689 2797 1829 2862 σούς

262 2880 588 2950 ’Λπεκρίθη,
626 2882 685 2935 '0
716 2883 1033 2951 Μαχούμετ.
1091 2878 1225 2936 Line
1254 2885 1307 2937 δὲ
1361 2888 1390 2938 ὁ
1440 2885 1703 2955 θυρωρὸς,
1736 2889 1830 2959 Μή

246 2970 392 3041 ὑπὲρ
412 2972 597 3024 τούτου
632 2968 699 3043 ἦν
727 2975 758 3043 ή
799 2975 1070 3046 ἀποστολή
1096 2991 1111 3040 ;
1157 2960 1286 3029 Ναί.
1328 2976 1435 3029 Kal
1459 2979 1669 3049 ἤνοιξεν
1694 2981 1828 3048 ήμῖν

1930 1873 2069 1928 dixit
2095 1874 2228 1928 mihi
2249 1873 2491 1931 Gabriel:
2516 1875 2818 1942 Descende,
2843 1878 3102 1947 quoniam
3133 1880 3201 1933 ab
3228 1881 3328 1935 hac
3349 1891 3503 1950 petra

1930 1968 2194 2022 ascendes
2226 1966 2281 2020 in
2314 1968 2539 2021 cwlum.
2571 1968 2634 2023 lit
2660 1968 2942 2026 descendi.
2978 1971 3044 2025 Et
3066 1971 3282 2025 Gabriel
3310 1974 3373 2025 ad
3413 1990 3506 2025 ru-

1930 2073 2053 2128 pem
2101 2058 2412 2127 iumentum
2456 2059 2739 2129 Elmparac
2796 2077 2919 2115 cum
2950 2064 3166 2132 cingulo
3212 2064 3417 2133 ligavit,
3452 2075 3507 2117 et

1931 2151 2168 2219 portavit
2193 2166 2279 2205 me
2308 2152 2361 2205 in
2396 2153 2642 2206 humeris
2670 2153 2784 2207 suis
2807 2170 2981 2222 usque
3003 2155 3067 2208 ad
3093 2158 3315 2211 caeltnn.
3341 2156 3508 2210 Cum-

1930 2258 2037 2312 que
2089 2244 2431 2313 venissemus
2486 2244 2551 2297 ad
2590 2245 2813 2310 calum,
2868 2247 3351 2317 pulsavitianuam
3403 2248 3509 2303 Ga-

1933 2332 2090 2388 briel.
2142 2333 2469 2402 Dictumque
2497 2333 2599 2387 fuit
2624 2334 2711 2387 ei:
2742 2334 2875 2400 Quis
2904 2335 3003 2388 es?
3034 2335 3359 2404 Respondit.
3392 2336 3506 2403 Ego

1931 2442 2051 2481 sum
2079 2426 2320 2481 Gabriel.
2354 2427 2680 2495 Dietuntque
2713 2426 2817 2481 l‘uit
2847 2443 3041 2480 rursus
3068 2428 3115 2480 ei
3141 2445 3153 2479 :
3183 2428 3251 2481 Et
3282 2429 3403 2495 quis
3425 2438 3510 2481 est

1934 2517 2147 2570 tecum?
2169 2516 2488 2585 Respondit,
2517 2515 2876 2569 Maltometus.
2907 2516 3048 2569 Dixit
3068 2528 3248 2569 autent
3272 2517 3505 2583 ianitor:

1930 2607 2208 2674 Numquid
2260 2622 2360 2676 pro
2403 2623 2469 2661 eo
2503 2608 2700 2661 missus
2734 2607 2924 2661 fuisti?
2971 2607 3036 2659 Et
3084 2606 3223 2659 dixit
3262 2607 3503 2667 Gabriel,

1934 2697 2128 2752 Etiam.
2166 2698 2233 2751 Et
2260 2698 2475 2765 aperuit
2508 2697 2669 2751 nobis
2690 2698 2937 2767 ianuam.
2971 2697 3039 2751 Et
3062 2697 3168 2751 vidi
3197 2707 3385 2763 gentes
3416 2715 3511 2752 an-

1935 2789 2205 2859 gelorum,
2246 2796 2302 2841 et
2332 2789 2417 2842 bis
2449 2788 2671 2843 ﬂectens
2705 2805 2805 2858 pro
2836 2790 2915 2842 eis
2945 2805 3142 2856 genua,
3183 2789 3349 2841 clTudi
3388 2804 3511 2842 ora-
3552 2810 3557 2815 -

1933 2880 2159 2933 tionem.
2192 2879 2256 2932 Et
2286 2889 2407 2947 post
2447 2880 2563 2933 lia-c
2587 2881 2734 2949 cepit
2767 2894 2851 2933 me
2878 2879 3119 2939 Gabriel.
3149 2888 3203 2933 et
3233 2880 3389 2932 duxit
3422 2895 3508 2931 me

1937 2970 2002 3023 ad
2056 2970 2359 3023 secundum
2394 2970 2614 3025 ea‘lum.
2662 2970 2794 3023 Erat
2826 2980 3008 3023 autem
3046 2967 3282 3037 spatium
3314 2968 3508 3021 horum

246 3064 350 3131 τὴν
375 3064 571 3134 πύλην.
616 3068 722 3118 Kal
751 3063 889 3119 εἶδον
913 3069 1041 3137 ἔθνη
1075 3068 1341 3136 ἀγγέλων·
1380 3072 1473 3122 καὶ
1497 3071 1577 3133 δὶς
1609 3072 1829 3141 κάμψας

1939 3062 2168 3115 duorum
2203 3061 2467 3115 cmlorutn
2510 3061 2611 3115 iter
2641 3061 3065 3131 quingentorum
3101 3066 3395 3115 aunorum'.
3443 3061 3509 3114 Et

250 3155 395 3225 ὑπὲρ
448 3157 624 3209 αὐτῶν
671 3160 739 3211 τὰ
796 3160 1021 3227 γόνατα,
1070 3162 1283 3231 ἐξέχεον
1329 3167 1665 3235 προσευχήν.
1722 3169 1830 3221 Kal

1936 3168 2100 3221 quam
2139 3152 2372 3220 primum
2407 3154 2643 3221 pulsavit
2672 3154 2913 3221 ianuam,
2948 3154 3234 3222 reSponsiu
3261 3153 3397 3208 facta
3426 3166 3510 3206 est

254 3250 395 3316 μετὰ
426 3251 599 3304 ταῦτα
638 3252 795 3304 ἔλαδὲ
826 3271 892 3317 με
915 3254 942 3305 6
971 3254 1232 3325 Γαϐριὴλ,
1267 3262 1359 3310 καὶ
1388 3260 1562 3327 ἤγαγέ
1589 3277 1655 3329 με
1698 3261 1833 3330 πρὸς

246 3341 341 3393 τὸν
380 3342 632 3409 δεύτερον
655 3346 909 3413 οὐρανόν.
939 3342 1047 3400 Ἦν
1092 3348 1149 3399 δὲ
1201 3350 1262 3401 τὸ
1290 3351 1562 3419 διάστημα
1589 3352 1694 3403 τῶν
1742 3351 1834 3404 δύο

244 3428 458 3483 τούτων
497 3432 741 3502 οὐρανῶν
770 3435 887 3498 ὁδὸς
919 3436 1288 3489 πεντακοσίων
1312 3438 1468 3491 ἐτῶν.
1504 3440 1611 3491 Kal.
1644 3438 1831 3509 ὥσπερ

247 3522 473 3590 πρῶτον
502 3522 668 3593 ἔκοψε
721 3526 820 3593 τήν
855 3527 1047 3597 θύραν,
1103 3532 1197 3582 καὶ
1260 3530 1553 3599 ἀπόκρισις
1611 3529 1832 3598 γέγονεν

246 3615 403 3684 αύτῷ
451 3617 591 3669 κατὰ
639 3618 817 3670 πάντα
885 3620 1045 3688 ὁμοία
1105 3622 1265 3691 μέχρι
1314 3624 1408 3673 καὶ
1452 3624 1545 3674 τοῦ
1602 3621 1831 3690 ἑϐδόμου

241 3701 504 3772 οὐρανοῦ.
569 3702 657 3755 Ἐν
714 3697 757 3773 ᾧ
807 3705 1019 3776 ἑϐδόμῳ
1090 3708 1303 3777 οὐρανῷ
1360 3708 1651 3777 διαγράρει
1708 3710 1833 3762 ἰδεῖν

242 3790 377 3873 116v
405 3791 673 3858 ἀγγέλων.
710 3794 782 3847 T6
806 3795 982 3865 μῆκος
1014 3796 1134 3854 ἐνὸς
1188 3798 1417 3852 ἑκάστου
1473 3800 1706 3867 ἀγγέλου
1766 3796 1834 3871 ἦν

247 3881 345 3934 τοῦ
379 3884 581 3952 κόσμου
604 3885 863 3949 πολλάκις
895 3887 1285 3955 χιλιοπλάσιον,
1328 3885 1402 3945 ὧν
1428 3887 1538 3961 εἶχέ
1563 3910 1645 3955 τις
1670 3893 1835 3944 ἑπτα-

249 3971 444 4036 κοσίας
488 3973 732 4044 χιλιάδας
787 3978 1049 4045 κεφαλὰς,
1113 3982 1206 4033 καὶ
1255 3982 1314 4032 ὲν
1372 3982 1581 4054 ἑκάστῃ
1624 3984 1832 4053 κεφαλῇ

249 4067 588 4130 ἑπτακοσίας
625 4070 897 4139 μυριάδας
930 4072 1196 4140 στόματα,
1230 4074 1324 4125 καὶ⁵
1374 4076 1430 4127 ὲν
1458 4074 1669 4142 ἑκάστῳ
1716 4075 1836 4127 στό-

258 4176 395 4227 ματι
420 4159 594 4229 χιλίας
627 4162 961 4225 ἑπτακοσίας
992 4163 1265 4231 γλώσσας,
1299 4165 1553 4229 αἰνούσας
1587 4166 1679 4218 τὸν
1702 4167 1835 4220 Θεὸν

250 4251 606 4314 ἑπτακοσίοις
665 4254 944 4323 μυριάδων
974 4254 1249 4324 ίδιώμισι.
1310 4257 1413 4309 Kal
1471 4257 1836 4328 προσέϐλεψεν

254 4343 354 4394 ἕνα
379 4342 488 4394 τῶν
511 4343 757 4411 ἀγγέλων
810 4345 1135 4417 θρηνοῦντα.
1172 4349 1283 4401 Kal.
1314 4348 1548 4418 ἐζήτησε
1593 4349 1693 4419 τὴν
1750 4352 1833 4402 αι.

1934 3244 1983 3295 ei
2013 3243 2313 3296 secundum
2345 3243 2533 3294 omnia
2566 3242 2761 3295 similis
2789 3257 2960 3310 usque
2987 3243 3053 3295 ad
3081 3244 3371 3311 septimum
3397 3258 3511 3298 cm-

1934 3330 2070 3385 lutn.
2104 3331 2158 3383 ln
2187 3346 2296 3398 quo
2334 3332 2567 3397 septimo
2615 3331 2753 3385 cmlo
2784 3331 3048 3385 describit
3078 3347 3135 3385 se
3164 3332 3365 3386 vidisse
3410 3348 3511 3401 po-

1932 3418 2125 3481 pulum
2174 3420 2516 3488 angelorum.
2544 3418 2834 3474 Prolixitas
2868 3421 3298 3491 uniuscuiusque
3332 3438 3449 3491 angi
3474 3424 3507 3476 li

1938 3512 2110 3565 multo
2148 3512 2351 3566 millies
2384 3513 2589 3567 mundo
2620 3513 2794 3582 maior
2829 3523 2967 3577 erat,
3006 3529 3241 3583 quorum
3278 3513 3510 3582 quisque

1936 3610 2168 3665 habebat
2197 3610 2538 3680 septuaginta
2570 3610 2741 3663 millia
2790 3610 3052 3679 capitum,
3086 3619 3141 3664 et
3173 3612 3225 3663 in
3265 3610 3511 3678 quolibet

1936 3701 2116 3768 capite
2164 3700 2510 3769 Septingenta
2561 3700 2731 3753 tuillia
2781 3714 2899 3764 ora,
2947 3712 3001 3753 et
3048 3702 3101 3753 in
3134 3700 3380 3769 quolibet
3413 3716 3509 3754 ore

1937 3791 2083 3844 mille
2114 3792 2487 3859 septingentas
2522 3791 2758 3861 linguas,
2790 3791 3075 3845 laudantes
3104 3792 3271 3843 Deum
3302 3791 3510 3860 septin-

1936 3881 2114 3952 gentis
2146 3881 2392 3934 millibus
2423 3880 2795 3934 idiomatibus.
2840 3881 2908 3935 Et
2945 3881 3157 3951 aspexit
3208 3897 3373 3933 unum
3407 3897 3507 3945 an:

1936 3970 2179 4040 gelurutn
2236 3972 2474 4021 lleutcm.
2530 3970 2589 4023 Et
2625 3972 2877 4039 qumsivit
2928 3986 3146 4023 causam
3182 3968 3342 4023 ﬂetus
3365 3970 3505 4039 eius.

1938 4062 2007 4115 Et
2044 4061 2347 4129 respondit,
2384 4077 2441 4115 se
2473 4072 2755 4130 peccatum
2785 4077 2923 4115 esse.
2957 4061 3075 4130 lpse
3114 4074 3295 4115 autem
3336 4061 3511 4114 oravit

1937 4167 2038 4219 pro
2071 4167 2157 4206 eo.
2215 4152 2437 4221 Sicque,
2490 4152 2689 4220 inquit,
2738 4150 2957 4206 Gabriel
2988 4152 3390 4206 commendavit
3420 4168 3509 4207 me

1938 4242 2095 4296 alteri
2120 4242 2334 4311 angelo,
2370 4253 2425 4297 et
2451 4244 2539 4296 ille
2566 4243 2657 4296 alii
2685 4283 2698 4305 ,
2725 4257 2781 4297 et
2811 4244 2889 4297 sic
2916 4243 3195 4311 deinceps.
3223 4257 3510 4315 quousque

1939 4336 2066 4388 steti
2116 4350 2302 4388 Curam
2341 4336 2450 4388 beo
2511 4346 2566 4389 et
2616 4336 2871 4389 tribunali
2923 4337 3059 4403 eius.
3114 4336 3180 4388 Et
3218 4336 3394 4404 tetigit
3426 4352 3514 4389 tne

253 4433 493 4487 τίαν’τοῦ
526 4436 720 4505 θρήνου
752 4437 937 4489 αὐτοῦ.
959 4440 1066 4492 Kal
1082 4439 1350 4509 ἀπεκρίθη
1374 4439 1644 4510 ἁμαρτίαν
1674 4436 1830 4495 εἶναι.

1944 4427 2086 4480 Deus
2116 4441 2277 4478 manu
2340 4441 2434 4479 sua
2490 4425 2627 4479 inter
2665 4427 2943 4490 humeros,
2980 4442 3149 4495 usque
3184 4427 3320 4479 adeo
3358 4435 3416 4479 ut
3444 4426 3511 4479 ad

257 4528 430 4587 Αὐτὸς
489 4525 545 4579 δὲ
604 4527 798 4599 ἐδεήθη
858 4529 999 4600 ὑπὲρ
1048 4530 1232 4584 αὑτοῦ.
1278 4530 1436 4585 Οῦτω
1487 4548 1546 4583 τε
1578 4572 1592 4597 ,
1644 4532 1832 4600 φησιν,

255 4616 287 4665 6
323 4614 560 4685 Γαϐριὴλ
614 4616 884 4686 παρέθετό
944 4634 1011 4687 με
1074 4618 1293 4687 ἀγγέλῳ
1342 4618 1535 4689 ἑτέρῳ,
1586 4621 1835 4682 κάκεῖνος

253 4705 562 4776 ἄλλῳηκαὶ
588 4707 761 4770 οὕτως
802 4708 1020 4779 ἐφεξῆς,
1057 4710 1250 4779 μέχρις
1282 4708 1441 4778 ἔστην
1482 4710 1711 4762 ἐνώπιον
1740 4710 1833 4761 τοῦ

251 4797 393 4851 Θεοῦ
426 4798 635 4852 καὶτοῦ
668 4801 911 4872 βήματος
946 4801 1135 4858 αὑτοῦ.
1172 4802 1280 4853 Kal
1305 4802 1481 4872 ἣψατό
1516 4819 1614 4870 μου
1639 4805 1665 4854 6
1704 4803 1833 4865 Θεὸς

249 4892 326 4957 τῇ
352 4891 493 4959 χειρὶ
524 4892 687 4944 αὑτοῦ
717 4894 774 4944 ὲν
801 4894 953 4963 μέσῳ
980 4892 1088 4945 τῶν
1113 4892 1301 4961 ὤμων,
1337 4894 1440 4955 ἕως
1486 4890 1545 4945 οῦ
1572 4896 1603 4960 ἡ
1634 4894 1835 4962 ψυχρό-

249 4995 353 5045 της
380 4968 476 5046 τῆς
510 4979 692 5048 χειρὸς
724 4968 889 5033 αὑτοῦ
922 4980 1103 5050 διῆλθε
1136 4980 1301 5051 μέχρι
1332 4979 1426 5032 τοῦ
1483 4982 1682 5049 μυελοῦ
1734 4982 1831 5049 τῆς

246 5068 465 5137 ῥάχεως
501 5068 595 5123 τοῦ
626 5069 819 5124 νώτου.
866 5071 975 5124 Καὶ
1010 5068 1129 5124 είπὲ
1171 5088 1260 5140 μοι
1300 5073 1326 5123 6
1358 5071 1509 5135 Θεὸς,
1559 5070 1834 5139 Ἐπέθηκα

246 5158 339 5210 σοὶ
358 5160 454 5211 καὶ
472 5158 551 5227 τῷ
596 5159 709 5227 λαῷ
748 5177 842 5215 σου
865 5162 1049 5231 εὐχάς.
1085 5163 1399 5215 Καταϐἀντι
1454 5163 1509 5214 δέ
1548 5180 1639 5231 μοι
1693 5166 1831 5232 πρὸς

244 5246 346 5300 τὸν
376 5249 634 5318 τέταρτον
680 5252 908 5321 οὐρανὸν
933 5252 1350 5304 συνεϐούλευσεν
1375 5255 1401 5303 6
1438 5258 1463 5304 λ
1493 5255 1675 5321 ωὓσῆς
1702 5254 1832 5305 ἐπα-

247 5339 463 5393 νελθεῖν
492 5341 627 5411 πρὸς
656 5343 719 5397 τὸ
765 5344 1022 5413 κουφίσαι
1051 5346 1140 5397 τὸν
1166 5344 1312 5409 λαὸν,
1353 5346 1436 5415 μή
1460 5346 1589 5400 ὄντα
1608 5346 1832 5399 δυνατὸν

244 5431 503 5503 ἐξαρκεῖν
533 5434 827 5499 τοσαύταις
860 5437 1063 5506 εὐχαῖς.
1118 5435 1223 5489 Καὶ
1249 5440 1314 5507 τῇ
1356 5438 1547 5510 πρώτῃ
1576 5437 1825 5508 ἔπανόδῳ

202 5523 446 5593 ’ἔλαϐον
469 5524 654 5581 ἄνεσιν
688 5528 799 5581 ἀπὸ
854 5529 987 5581 δέκα
1041 5530 1201 5598 μέχρι
1259 5531 1352 5581 καὶ
1417 5530 1515 5599 τῆς
1562 5531 1830 5601 τετάρτης

246 5614 542 5667 ἐπανόδου*
568 5618 660 5669 xal.
682 5620 748 5685 τῇ
776 5617 1004 5689 πέμπτῃ
1034 5618 1277 5687 ἐπανὸδῳ
1328 5617 1582 5671 τοσοῦτον
1626 5620 1705 5680 είς
1768 5620 1830 5670 τὸ

249 5706 479 5758 ἔλαττον
503 5701 665 5773 ἦλθεν
690 5710 717 5760 6
736 5709 1084 5778 ἀριθμδςτῶν
1111 5709 1308 5779 εὐχῶν,
1326 5709 1399 5774 ὡς
1416 5710 1603 5779 ὀλίγας
1634 5711 1828 5764 ἐναπο-

1937 4518 2233 4571 mcdullam
2284 4517 2453 4587 spina:
2506 4516 2655 4571 dorsi
2706 4518 2811 4571 mei
2847 4517 3120 4585 irigiditas
3166 4532 3363 4571 manus
3391 4518 3511 4587 eius

1936 4610 2315 4681 pertransiret.
2370 4609 2435 4661 Et
2487 4608 2624 4662 dixit
2671 4609 2806 4664 mihi
2845 4609 3022 4663 Deus:
3060 4609 3298 4679 Imposui
3330 4610 3424 4663 tibi
3454 4620 3512 4664 et

1938 4704 2084 4773 plebi
2110 4710 2215 4756 tua:
2232 4702 2534 4756 orationes.
2558 4703 2804 4771 Cumque
2827 4700 3232 4755 descendissem
3248 4700 3323 4752 ad
3346 4716 3510 4768 quare

1940 4802 2054 4847 tum
2094 4797 2316 4856 malum,
2356 4794 2637 4848 consuluit
2672 4794 2804 4847 milii
2834 4794 3066 4863 Moyses,
3116 4803 3175 4845 ut
3205 4804 3510 4847 reverterer

1937 4889 2003 4939 ad
2035 4886 2325 4939 levandum
2359 4885 2641 4954 pupulum,
2672 4884 2768 4953 qui
2801 4893 2877 4937 tot
2906 4883 3187 4936 orationes
3215 4885 3360 4936 ferre
3398 4900 3505 4936 non

1936 4987 2173 5048 poterat.
2214 4978 2281 5030 Et
2326 4976 2503 5046 primo
2559 4976 2741 5029 reditu
2788 4974 3005 5027 obtinui
3054 4974 3433 5027 remissionem
3479 4991 3509 5027 a

1935 5071 2123 5125 decem
2160 5084 2332 5137 usque
2356 5068 2423 5121 ad
2453 5077 2728 5136 quartam,
2757 5076 2814 5121 et
2842 5082 2871 5121 a
2899 5076 3095 5136 quarto
3129 5065 3305 5119 reditu
3333 5082 3506 5133 usque

1936 5161 2003 5215 ad
2054 5148 2369 5228 septimum.
2408 5159 2475 5212 Et
2528 5158 2583 5212 in
2636 5158 2741 5212 line
2780 5168 2988 5212 tantum
3040 5158 3093 5211 in
3128 5157 3306 5210 minus
3357 5157 3507 5211 venit

1937 5267 2202 5307 numerus
2232 5252 2567 5314 orationum,
2620 5258 2680 5303 ut
2710 5264 2897 5319 pauca:
2936 5260 3306 5304 remanerent.
3334 5248 3505 5302 Cum-

1934 5358 2041 5413 que
2090 5344 2297 5397 diceret
2337 5342 2583 5413 Moyses:
2635 5342 2745 5396 Nec
2794 5342 2898 5396 hoc
2928 5350 3190 5411 poterunt
3224 5340 3366 5393 ferre
3404 5340 3506 5392 lto-

1934 5437 2132 5500 mines,
2168 5449 2269 5505 ego
2295 5450 2406 5504 prae
2429 5433 2753 5492 confusione
2783 5433 3206 5498 verecundatns,
3243 5430 3387 5503 quod
3422 5444 3506 5485 to-

1935 5528 2040 5581 ties
2068 5527 2434 5592 ascenderim,
2468 5527 2617 5581 nolui
2652 5528 2773 5596 plus
2801 5527 3123 5585 ascendere,
3157 5525 3249 5578 sed
3282 5525 3506 5579 rediens

1932 5619 1998 5672 ad
2030 5618 2341 5689 Elmparac,
2379 5618 2623 5688 equitavi
2655 5618 2994 5672 descendens
3029 5618 3083 5670 in
3124 5617 3347 5671 domum
3396 5615 3506 5668 Me-

1932 5712 2068 5768 chze.
2115 5711 2317 5765 Horum
2371 5719 2554 5765 autem
2609 5710 2853 5763 omnium
2912 5718 3125 5778 tempus
3176 5709 3356 5761 minus
3401 5706 3499 5760 fuit
3551 5754 3558 5763 .
