3862 6220
247 321 382 387 11⁵25

1411 307 1714 366 CONTRA
1762 306 2033 366 MAHOM
2046 309 2266 370 ΕΤΕΜ.

3337 305 3474 372 “26

236 440 376 505 ξεσι,
403 429 737 504 βιαζόμενοι,
773 425 1037 480 είσελθεῖν
1068 423 1146 488 είς
1177 424 1265 476 τὶν
1295 422 1506 476 δεῖπνον
1531 421 1633 488 τῆς
1661 420 1799 489 ὰλη-
1829 471 1831 477 ,

1937 424 2416 489 aonstrationibus.
2447 424 2622 480 coacti
2675 423 2731 478 in
2767 422 3081 477 convivium
3112 422 3359 478 veritatis
3393 426 3482 479 in-

233 526 403 586 θείας.

301 612 526 685 Πρῶτον
563 609 782 679 ζήτημά
805 609 942 672 ἐστι,
989 606 1042 658 τί
1072 603 1322 675 βούλεται
1369 603 1427 654 τὸ
1483 601 1808 672 Ἀλκοράνθν

230 707 430 773 λέγειν,
464 704 593 754 ὅταν
614 701 942 759 τοσαυτάκις
992 697 1188 768 εἰσάγῃ
1227 696 1320 747 τὸν
1364 694 1496 746 Θεὸν
1519 693 1812 764 πληθυντι-

231 797 342 858 κῶς
373 794 499 862 περὶ
530 789 724 844 ἑαυτοῦ
751 789 1163 855 διαλεγόμενονς
1205 788 1341 856 Φησὶ
1365 785 1474 854 γὰρ
1499 786 1557 838 ἐν
1607 784 1685 852 τῷ
1717 801 1809 837 κε.

232 885 446 955 φαλαίῳ
472 883 549 950 τῷ
581 880 1012 947 Ἦλιμπακερὰμ
1063 879 1126 929 ὲκ
1179 875 1471 946 προσώπου
1523 875 1616 928 τοῦ
1648 873 1808 936 Θεοῦ,

234 979 478 1039 Εῐπομεν
541 975 656 1034 τοῖς
707 969 977 1038 ἀγγέλοις,
1023 967 1439 1033 Προσκυνήσατε
1481 965 1560 1034 τῷ
1619 966 1810 1033 Ἀδὰμ,

236 1072 331 1121 καὶ
366 1068 433 1118 τὰ
469 1065 653 1118 λοιπά.
689 1065 800 1116 Καὶ
849 1061 1005 1112 τοῦτο
1039 1061 1176 1128 μετὰ
1240 1057 1410 1111 ταῦτα
1444 1058 1618 1110 διόλου
1665 1057 1813 1122 λέιει

241 1159 401 1226 μέχρι
430 1153 524 1206 τοῦ
560 1153 745 1215 τέλους
786 1151 880 1204 τοῦ
936 1150 1167 1221 βιϐλίου,
1227 1148 1358 1200 ποτὲ
1393 1149 1491 1217 μὲν
1523 1147 1815 1216 πληθύν-ειη

238 1248 348 1306 κῶς
375 1245 502 1311 περὶ
549 1242 682 1294 Θεοῦ
728 1241 1140 1308 διαλεγόμενος,
1177 1238 1305 1292 ποτὲ
1348 1238 1402 1290 δὲ
1446 1237 1656 1299 ἑνικῶς.
1723 1237 1818 1289 Βε-

241 1338 520 1388 εαιότατον
545 1333 603 1385 δέ
634 1335 749 1385 ἐστι
780 1335 916 1386 πᾶσι
973 1331 1318 1400 Χριστιανοῖς
1374 1330 1469 1382 καὶ
1534 1327 1816 1390 Ἰουδαίοις

240 1429 337 1480 καὶ
401 1425 509 1476 τῶν
563 1422 934 1494 Σαρῤακηνῶν
987 1424 1102 1484 τοῖς
1156 1422 1300 1491 λόγῳ
1361 1419 1664 1490 χρωμένοις
1722 1419 1818 1472 ἕνα

242 1513 379 1570 εἶναι
410 1517 499 1567 τὸν
525 1514 680 1586 Θεὸν,
709 1515 803 1566 καὶ
843 1513 1004 1582 μόνον
1038 1514 1129 1564 καὶ
1181 1509 1408 1573 ἁπλοῦν,
1464 1511 1558 1562 καὶ
1596 1510 1671 1579 μὴ
1725 1509 1817 1561 δύ-

243 1609 438 1665 νασθαι
473 1607 618 1677 ἔχειν
641 1597 760 1661 τινὰ
785 1607 1076 1674 κοινωνόνη
1109 1607 1260 1658 Διατί
1290 1604 1470 1658 τοίνυν
1530 1604 1820 1670 πληθυντι-

246 1702 354 1762 κῶς
381 1699 677 1767 φθέγγεται
711 1698 838 1766 περὶ
885 1697 1082 1750 ἑαυτοῦ
1109 1713 1124 1761 ;
1173 1696 1313 1750 Ἀλλ’
1338 1695 1397 1748 ού
1449 1695 1701 1747 δύνανται
1729 1693 1819 1746 λέ-

246 1809 364 1860 γειν
393 1789 518 1858 περὶ
549 1788 744 1841 ἑαυτοῦ
771 1791 866 1841 καὶ
896 1787 1004 1840 τῶν
1033 1786 1281 1856 ἀγγέλων
1309 1786 1405 1838 τὸν
1437 1785 1570 1836 Θεὸν
1610 1784 1816 1860 λέγειν..

247 1885 482 1949 Λέγεται
530 1884 637 1950 γὰρ
673 1882 810 1943 ὲκεῖ,
871 1880 1113 1946 Εἴπομεν
1161 1881 1272 1940 τοῖς
1329 1876 1604 1944 ἀγγέλοις.
1661 1876 1819 1928 Ἐστι

244 1973 654 2040 τοίνυνόλόγος
703 1970 798 2024 τοῦ
842 1969 976 2023 Θεοῦ
1037 1963 1212 2036 οὗτος,
1266 1969 1328 2020 ού
1381 1970 1492 2020 τῶν
1549 1968 1817 2035 ἀγγέλων,

244 2067 384 2119 ἀλλὰ
418 2066 550 2136 πρός
575 2067 703 2127 τοὺς
724 2065 1010 2132 ἀγγέλους.
1040 2062 1162 2114 Ἔτι
1193 2063 1252 2115 ἐν
1296 2062 1372 2132 τῷ
1407 2061 1688 2132 κεφαλαίῳ
1740 2060 1818 2130 τῷ

247 2158 354 2210 Σὰδ
377 2158 589 2224 λέγεται
619 2156 698 2207 ὅτι
739 2157 936 2216 πάντες
965 2155 1013 2205 οἱ
1036 2152 1254 2221 ἄγγελοι
1291 2152 1709 2223 προσεκύνησαν
1743 2149 1822 2221 τῷ

262 2233 433 2316 ’Δδὰμ
459 2248 598 2316 πλὴν
626 2246 717 2298 τοῦ
744 2245 1013 2299 διαϐόλου.
1043 2244 1215 2297 Πᾶσιν
1245 2243 1353 2314 ἄρα
1409 2247 1520 2306 τοῖς
1573 2243 1824 2311 ἀγγέλοις

251 2330 635 2395 εἷπενόΘεδς,
700 2331 1121 2402 Προσκυνήσατε
1173 2331 1250 2400 τῷ
1297 2331 1490 2400 Ἀδάμ.
1567 2331 1690 2383 Ἔτι
1764 2333 1824 2383 ἐν

252 2421 466 2482 πολλοῖς
508 2419 692 2480 τόποις
729 2418 824 2470 τοῦ
873 2419 1198 2489 Ἀλκοράνου
1239 2419 1548 2486 εἰσάγονται
1579 2417 1822 2470 τοιαῦταί

250 2527 394 2571 τινες
468 2508 735 2573 διαλέξεις
791 2508 1178 2574 πληθυντικῶς
1251 2512 1382 2576 περὶ
1435 2509 1529 2562 τοῦ
1583 2509 1717 2561 Θεοῦ
1768 2509 1824 2559 ὲν

251 2603 529 2663 τοιαύταις
578 2602 904 2671 ἐνεργείαις,
949 2602 1008 2653 ἐν
1053 2596 1140 2664 αἷς
1187 2602 1235 2651 οἱ
1303 2601 1523 2668 ἄγγελοι
1577 2599 1826 2669 οὐδαμῶς

253 2694 333 2763 τῷ
363 2692 479 2761 Θεῷ
509 2692 872 2755 κοινωνοῦσιν,
924 2693 1112 2763 ὥσπερ
1179 2696 1235 2746 ὲν
1265 2698 1330 2761 τῇ
1362 2693 1456 2745 τοῦ
1496 2694 1700 2761 κόσμου
1730 2693 1826 2762 δη-

259 2780 539 2851 μιουργίᾳ,
564 2783 658 2833 καὶ
687 2783 752 2848 τῇ
797 2780 1079 2833 δικαιώσει
1139 2780 1233 2832 τοῦ
1279 2781 1528 2842 ἀσεϐοῦς.
1595 2780 1826 2848 Λέγεται

257 2874 364 2938 γὰρ
393 2875 451 2925 ἐν
479 2872 753 2935 πλείστοις
801 2872 990 2934 τόποις
1047 2873 1143 2924 τοῦ
1204 2871 1559 2941 Ἀλκοράνου,
1635 2872 1825 2941 Ἡμεῖς

258 2964 470 3034 (φησὶν)
500 2964 1012 3036 ἐδημιουργήσαμεν
1035 2965 1126 3018 τὸν
1166 2965 1414 3037 οὐρανὸν,
1449 2964 1546 3017 καὶ
1573 2963 1671 3031 τὴν
1700 2963 1826 3030 γῆν,

1913 515 2103 572 troire.

1986 606 2169 662 Prima
2201 610 2432 677 quaestio
2458 621 2563 673 est,
2591 593 2731 676 Qitid
2764 609 2883 664 vult
2909 608 3238 663 Alcoranum
3273 605 3480 670 dicere,

1913 697 2138 766 quando
2169 699 2333 752 toties
2368 700 2580 754 inducit
2624 701 2794 754 Deum
2851 700 3134 767 pluraliter
3189 699 3257 752 de
3301 700 3484 766 seipso

1912 789 2274 858 loquentem?
2303 790 2446 843 Dicit
2475 806 2522 844 er
2548 791 2618 844 im
2661 791 2712 843 in
2740 791 3131 858 Elimpaecram
3159 803 3225 841 ex
3251 803 3481 857 persona

1913 879 2010 934 Dei
2037 899 2048 933 :
2083 879 2330 936 Diximus
2358 882 2567 950 angelis
2590 880 2820 934 adorare
2848 879 3040 942 Adam,
3073 887 3128 932 et
3159 879 3389 946 reliqua.
3417 877 3483 929 Et

1914 981 2037 1040 post
2070 970 2184 1025 haec
2216 986 2312 1040 per
2343 981 2516 1025 totum
2553 970 2688 1024 dicit
2714 985 2884 1038 usque
2918 970 2984 1022 ad
3017 968 3178 1022 linem
3208 967 3356 1032 libri,
3382 966 3485 1020 ali-

1915 1063 2135 1131 quando
2191 1063 2478 1131 pluraliter
2521 1062 2587 1115 de
2623 1061 2734 1114 Deo
2773 1061 3024 1128 loquens.
3061 1059 3361 1126 aliquando;
3387 1073 3484 1110 au-

1919 1164 2024 1208 tem
2075 1155 2449 1223 singulariter.
2482 1153 2882 1207 Firmissimum
2924 1154 3069 1204 enim
3101 1161 3185 1204 est
3229 1151 3488 1204 omnibus

1915 1246 2246 1304 Christianis
2291 1256 2342 1300 et
2391 1246 2592 1300 Judaais
2651 1254 2708 1298 et
2758 1244 3068 1305 Saracenis,
3126 1243 3219 1310 qui
3272 1241 3487 1294 ratione

1919 1343 2173 1400 utuntur,
2204 1349 2374 1390 unum
2402 1349 2523 1388 esse
2555 1335 2750 1398 Deum,
2784 1344 2840 1397 et
2869 1334 3048 1387 solum
3075 1340 3129 1385 et
3159 1331 3487 1399 simplicem,

1918 1435 1974 1482 et
2002 1441 2111 1480 non
2163 1440 2323 1494 posse
2368 1424 2572 1479 habere
2613 1435 2927 1480 consortem
2963 1421 3278 1492 quemdam.
3307 1421 3490 1484 Quare

1920 1518 2089 1586 igitur
2111 1517 2394 1585 pluraliter
2419 1517 2660 1585 loquitur
2683 1516 2750 1570 de
2774 1531 2840 1571 eo
2866 1514 3015 1585 ipso?
3036 1514 3102 1566 Et
3129 1528 3235 1566 non
3260 1521 3493 1580 possunt

1921 1611 2130 1676 dicere,
2159 1609 2304 1678 quod
2336 1608 2480 1663 Deus
2499 1609 2742 1678 loquitur
2772 1608 2840 1661 de
2867 1608 3050 1675 Scipso
3083 1615 3136 1660 et
3165 1604 3233 1657 de
3255 1604 3484 1673 angelis.

1923 1701 2135 1757 Dicitur
2163 1703 2311 1756 enim
2337 1703 2410 1756 ibi
2439 1721 2454 1756 :
2486 1702 2733 1754 Diximus
2755 1701 2985 1770 angelis.
3020 1699 3114 1752 Est
3144 1699 3306 1767 igitur
3337 1699 3493 1750 locu-

1925 1792 1999 1845 tio
2029 1793 2144 1845 haec
2177 1792 2294 1857 Dei,
2323 1808 2429 1846 non
2462 1791 2806 1864 angelorum.
2841 1791 2936 1846 sed
2984 1790 3050 1844 ad
3087 1790 3330 1856 angelos.
3360 1787 3497 1842 Item

1923 1882 1977 1936 in
2029 1883 2210 1951 capite
2255 1882 2362 1937 Sad
2425 1882 2648 1942 dicitur,
2697 1881 2846 1950 quod
2891 1895 3082 1933 omnes
3129 1880 3496 1932 adoraverunt

1923 1972 2117 2034 Adam,
2156 1982 2356 2041 praeter
2404 1972 2705 2026 diabnlum.
2749 1971 3019 2024 Omnibus
3072 1971 3238 2038 igitur
3285 1968 3502 2038 angelis

1923 2063 2061 2119 dixit
2111 2065 2252 2118 Deus
2281 2082 2294 2116 :
2326 2063 2562 2117 Adorate
2592 2063 2784 2117 Adam.
2837 2062 2968 2116 Item
3021 2060 3074 2113 in
3113 2060 3299 2113 multis
3334 2059 3430 2136 Ade
3453 2078 3496 2105 ι-

1925 2155 2042 2208 rani
2070 2154 2206 2209 locis
2233 2154 2568 2208 inducuntur
2600 2154 2734 2208 tales
2761 2154 3011 2221 qumdatn
3045 2150 3353 2204 locutiones
3380 2149 3500 2216 pln-

1924 2247 2112 2301 ralitcr
2149 2246 2216 2299 de
2256 2248 2386 2308 Deo,
2418 2247 2470 2298 in
2504 2245 2703 2299 talibus
2738 2244 3052 2298 aetionibus
3081 2242 3133 2294 in
3163 2241 3364 2309 quibus
3391 2256 3495 2292 an-

1925 2339 2028 2410 geli
2059 2325 2400 2407 nequaquam
2453 2352 2575 2392 cum
2635 2335 2746 2390 Deo
2802 2334 3234 2397 communicant,
3261 2331 3406 2386 sicut
3438 2331 3498 2384 in-

1925 2430 2204 2484 creatione
2256 2427 2447 2481 mundi
2498 2437 2554 2481 et
2598 2425 2991 2496 justiﬁeatione
3041 2424 3220 2492 impii.
3290 2423 3500 2475 Dicitur

1931 2521 2079 2576 enim
2117 2521 2170 2572 in
2210 2519 2459 2588 pluribus
2491 2517 2623 2571 locis
2652 2516 2906 2572 Alcorani
2937 2534 2948 2567 :
2984 2516 3116 2576 Nos,
3155 2514 3309 2573 dicit.
3343 2529 3502 2567 crea-

1929 2613 2107 2666 vimus
2163 2611 2357 2668 ccelum
2405 2618 2458 2663 et
2493 2619 2711 2672 terram,
2742 2618 2798 2662 et
2831 2623 2948 2676 qua:
2989 2613 3116 2661 sunt
3173 2606 3226 2658 in
3297 2604 3504 2661 medio.

1927 2714 2130 2759 etnon
2195 2703 2464 2756 incassum
2525 2697 3241 2768 judicavimushominem,
3296 2704 3350 2748 ct
3402 2707 3507 2746 nos

1929 2797 2176 2851 misimus
2233 2795 2404 2848 lilium
2465 2792 2667 2852 Mariae.
2722 2802 2778 2846 et
2817 2788 3071 2844 dedimus
3132 2787 3182 2842 ei
3238 2785 3508 2853 Spiritum

1931 2899 2179 2946 sanctum
2212 2895 2267 2942 et
2301 2884 2680 2954 Evangelium,
2708 2891 2764 2936 et
2803 2880 3089 2943 miracula,
3119 2887 3174 2932 ct
3203 2877 3326 2931 talia
3357 2892 3506 2943 qua:-

1933 2983 2056 3037 dam
2090 2982 2142 3034 in
2170 2979 2374 3049 quibus
2413 2977 2591 3045 angeli
2625 2989 2971 3044 nequaquam
3004 2980 3236 3041 possunt
3262 2985 3513 3024 commu-

260 3055 356 3103 καὶ
387 3053 454 3103 τὰ
499 3051 697 3120 μεταξὺ
721 3055 780 3104 οὺ
813 3054 1124 3121 παρέργω;’
1165 3053 1260 3104 καὶ
1298 3053 1458 3120 ἡμεῖς
1507 3050 1826 3104 ἐδικαιώσα-

1937 3073 2282 3127 ηἱρκτθ.οιιιιι
2332 3067 2460 3120 Deo.
2497 3064 2688 3134 Augeli
2741 3062 2890 3116 enim
2933 3061 3104 3117 creati
3151 3071 3279 3114 sunt
3311 3076 3338 3112 a
3372 3059 3505 3117 Deo.

267 3147 488 3210 μεντον
542 3142 846 3208 ἄνθρωπον,
906 3142 998 3192 καὶ
1037 3144 1197 3210 ἡμεῖς
1255 3141 1680 3208 ἀπεστάλκαμεν
1737 3137 1829 3191 τὸν

265 3235 378 3283 υἱον
431 3233 530 3302 τῆς
575 3233 763 3303 Μλρία
797 3273 812 3296 ,
870 3234 964 3285 καὶ
1026 3232 1338 3302 δεδώκαμεν
1398 3233 1545 3301 αὐτῷ
1606 3231 1831 3300 Πνεῦμα

265 3322 439 3388 ἅγιον,
464 3322 558 3372 καὶ
595 3324 666 3374 τὸ,
707 3322 1059 3389 Εύαγγέλιον,
1083 3323 1178 3373 καὶ
1217 3322 1492 3391 θαύματα,
1527 3323 1623 3374 καὶ
1649 3319 1831 3371 τοιαῦ-

269 3415 338 3466 τα
373 3430 494 3465 τινα
529 3415 584 3465 ὲν
615 3407 693 3474 οἷς
712 3415 760 3463 οἱ
788 3412 1013 3480 ἄγγελοι
1044 3412 1295 3483 οὐδαμῶς
1345 3411 1602 3462 δύνανται
1642 3427 1832 3462 κοινω-

267 3506 387 3556 νεῖν
420 3506 496 3574 τῷ
525 3504 664 3573 Θεῷ.
699 3505 762 3556 Οἱ
788 3506 895 3574 γὰρ
921 3505 1140 3573 ἄγγελοι
1168 3504 1680 3574 ὲδημιουργήθησαν
1727 3503 1834 3556 ὑπὸ

265 3601 362 3652 τοῦ
391 3599 550 3659 Θεοῦ,
609 3599 812 3649 ἀλλ’ού
877 3597 1373 3667 συνδημιουργοῦσι
1439 3599 1515 3666 τῷ
1575 3597 1693 3666 Θεῴ
1742 3597 1835 3650 τὸν

266 3693 499 3757 οὐρανὸν
521 3696 613 3742 καὶ
639 3690 736 3758 τὴν
762 3691 880 3758 γῆν,
916 3689 1008 3741 καὶ
1037 3691 1104 3741 τὰ
1151 3689 1377 3758 μεταξύ.
1430 3691 1536 3742 Καὶ
1568 3691 1628 3741 οῦ
1649 3689 1836 3741 δύναν-

267 3801 362 3835 ται
388 3783 481 3849 λέγ
517 3801 566 3836 ιν
590 3785 638 3833 οἱ
667 3782 1030 3851 Σαρῤακηνοὶ,
1066 3781 1140 3844 ὼς
1174 3784 1205 3851 ἡ
1257 3782 1596 3850 πληθυντικὴ
1655 3782 1836 3850 ἐκείνη

273 3876 429 3944 φωνὴ
448 3878 595 3943 φωνή
623 3885 734 3926 εστι
757 3873 850 3925 τοῦ
886 3875 1094 3944 Θεοῦ,ἤ
1121 3875 1270 3944 φωνὴ
1287 3875 1421 3926 Θεοῦ
1443 3876 1532 3927 καί
1560 3891 1700 3936 τινος
1728 3873 1842 3925 ἐτέ-

278 3982 377 4035 ρου
397 3965 487 4016 νοῦ
506 3964 941 4033 ὑπεῷεὸτβότος
971 3965 1211 4027 κτιστοῦ,
1242 3965 1310 4016 δι’
1339 3957 1400 4017 οὗ
1420 3967 1596 4018 πάντά
1621 3965 1844 4032 πεποίη-

279 4072 375 4107 κεν
402 4058 428 4107 ό
468 4055 621 4119 Θεὸς,
651 4055 724 4117 ὡς
754 4073 907 4122 φασι.
946 4056 1112 4124 Δῆλον
1138 4057 1264 4125 γὰρ,
1297 4057 1376 4107 ὅτι
1417 4058 1525 4108 πᾶν
1558 4055 1690 4122 ὅπερ
1714 4054 1778 4108 ἂν

275 4157 431 4218 περὶ
457 4152 546 4200 τὴν
579 4151 710 4200 Θ-ὸ)
745 4152 950 4217 κτίσμα
989 4150 1126 4210 ἐστὶ,
1177 4149 1274 4201 καλ⁵
1312 4149 1462 4200 οὐδὲν
1527 4151 1730 4216 κτίσμα
1752 4147 1842 4200 δύ-

281 4259 439 4294 ναται
473 4241 922 4311 συνδημιουργεῐν
945 4240 1020 4308 τῷ
1070 4239 1210 4307 Θεῷ.
1237 4241 1357 4292 Ἔτι
1383 4239 1446 4291 ού
1477 4241 1702 4294 δυνατὸν
1757 4239 1843 4290 λέο

280 4351 402 4401 γειν
429 4332 808 4402 πληθυντικῶς
837 4334 926 4383 τὸν
951 4333 1083 4384 Θεὸν
1123 4331 1468 4396 διαλέγεσθαι
1507 4331 1596 4386 διὰ
1637 4332 1734 4392 τὰς
1789 4330 1846 4383 ὲν

1938 3162 2031 3218 sed
2073 3177 2180 3214 non
2217 3158 2378 3214 simul
2422 3166 2612 3211 creant
2656 3170 2781 3207 cum
2820 3154 2929 3206 Deo
2965 3153 3164 3208 cmlum
3197 3161 3252 3204 et
3287 3160 3513 3214 terram,

1936 3264 1991 3307 ct
2021 3268 2139 3320 qua:
2179 3259 2307 3305 sunt
2348 3249 2402 3302 in
2438 3247 2641 3301 medio.
2677 3245 2744 3298 Et
2772 3261 2880 3298 non
2918 3251 3143 3312 possunt
3183 3243 3366 3295 dicere
3411 3241 3511 3296 Sa-

1942 3342 2146 3404 raceni,
2179 3340 2323 3408 quod
2356 3339 2584 3408 pluralis
2615 3336 2702 3390 illa
2737 3351 2839 3388 vox
2872 3344 2956 3388 est
2990 3333 3106 3396 Dei,
3138 3343 3192 3390 et
3221 3332 3506 3401 cujusdam

1938 3433 2163 3487 alterius
2208 3430 2518 3484 intellectus
2542 3427 2632 3495 qui
2666 3426 2884 3480 excedit
2914 3433 3183 3486 creatum,
3215 3439 3312 3492 per
3344 3437 3513 3490 quem

1941 3524 2070 3579 fecit
2093 3522 2276 3575 omnia
2306 3519 2468 3573 Dens.
2503 3519 2732 3572 Constat
2754 3517 2925 3580 ciiixn,
2954 3515 3097 3584 quod
3131 3512 3396 3583 quidquid
3428 3520 3517 3566 est

1942 3625 2140 3687 prmter
2175 3611 2366 3685 Deum,
2409 3619 2662 3664 creatura
2709 3619 2814 3668 est,
2848 3615 2904 3661 et
2953 3622 2982 3658 a
3024 3607 3132 3659 Deo
3158 3615 3427 3667 creatum,
3458 3613 3510 3654 et

1943 3705 2090 3759 nulla
2122 3716 2371 3757 creatura
2401 3708 2576 3767 potest
2608 3712 2727 3751 esse
2760 3695 2922 3749 simul
2950 3694 3183 3748 creatrix
3216 3709 3340 3746 cum
3378 3689 3514 3742 Deo.

1944 3797 2077 3852 ltem
2111 3811 2215 3848 non
2243 3793 2498 3862 possibile
2536 3801 2620 3844 est
2649 3789 2853 3864 dicere,
2887 3788 3030 3857 quod
3059 3787 3199 3840 lleus
3233 3784 3517 3853 pluraliter

1945 3884 2192 3954 loquitur
2218 3891 2440 3952 propter
2467 3880 2712 3934 diversas
2733 3895 2853 3948 qua:
2879 3877 2932 3931 in
2959 3892 3024 3931 eo
3047 3884 3175 3930 sunt
3199 3875 3512 3945 qualitates.

1948 3977 2091 4030 sicut
2141 3982 2224 4026 est
2269 3969 2534 4040 polentia,
2571 3969 2862 4038 sapientia,
2887 3967 3101 4038 justitia
3131 3976 3185 4018 et
3238 3965 3363 4018 talia
3394 3979 3517 4034 qua:

1948 4067 2152 4120 Arabes
2183 4074 2378 4118 vocant
2430 4062 2657 4132 Saphal.
2694 4062 2813 4114 llam:
2858 4064 3001 4114 enim
3053 4074 3159 4114 non
3211 4058 3520 4112 accidentia

1950 4168 2079 4212 sunt
2136 4159 2190 4209 iu
2229 4156 2355 4221 Deo,
2392 4170 2570 4222 neque
2613 4152 2953 4212 differentia,
2991 4150 3084 4204 sed
3121 4161 3252 4206 sunt
3299 4150 3351 4202 in
3399 4147 3516 4218 ipsa

1951 4250 2134 4305 divina
2165 4249 2426 4304 essentia.
2459 4247 2613 4301 Unde
2649 4247 2702 4301 in
2751 4245 2862 4299 Deo
2910 4246 3114 4300 nullam
3161 4243 3517 4315 compositio-

1954 4354 2077 4391 nem
2122 4352 2220 4390 nec
2257 4335 2625 4405 pluralitatem
2658 4335 2882 4398 faciunt,
2916 4345 2973 4387 ut
3002 4351 3100 4404 per
3145 4335 3235 4388 illa
3280 4334 3422 4388 Deus
3451 4332 3525 4386 dc

282 4427 432 4496 αὐτῷ
460 4425 748 4494 διαφόρους
793 4425 1101 4494 ποιότητας,
1153 4419 1264 4475 οἷον
1324 4424 1574 4494 δύναμιν,
1633 4423 1831 4490 σοφίαν,

1951 4432 2132 4500 seipso
2179 4427 2466 4495 pluraliter
2517 4429 2794 4498 loquatur.
2848 4428 2992 4494 Quin
3043 4429 3153 4486 imo
3193 4445 3293 4482 nec
3333 4429 3521 4491 homo,

283 4518 654 4586 δικαιοσύνην,
676 4516 768 4570 καὶ
815 4517 885 4568 τὰ
916 4517 1151 4579 τοιαῦτα,
1186 4514 1221 4568 ἃ
1267 4517 1315 4568 οἱ
1353 4515 1587 4585 ’Ἄραϐες
1630 4514 1850 4568 καλοῦσι

289 4613 457 4682 carpi.
491 4609 672 4664 Ταῦτα
701 4611 807 4680 γὰρ
840 4609 899 4660 οὐ
937 4609 1318 4680 συμϐεϐηκότα
1351 4610 1488 4660 εἰσὶν
1514 4611 1570 4660 ἐν
1599 4608 1674 4678 τῷ
1713 4607 1852 4677 Θεῷ,

286 4705 409 4759 οὔτε
437 4705 686 4772 διάφορα,
718 4702 832 4756 ἀλλ’
861 4705 1001 4756 εἰσὶν
1023 4705 1160 4774 αὐτὴ
1201 4705 1232 4774 ἡ
1259 4703 1375 4757 θεία
1412 4705 1588 4757 οὐσία.
1615 4704 1774 4756 Ὅθεν
1799 4707 1854 4756 ἐν

286 4799 364 4868 τῷ
402 4799 518 4866 Θεῷ
547 4798 663 4849 οὐδὲ
693 4797 824 4867 μίαν
853 4795 1097 4849 σύνθεσιν
1127 4795 1159 4865 ἧ
1185 4794 1385 4863 πλῆθος
1425 4794 1857 4859 ποιοῦσιν,.ῶστε

287 4892 379 4942 διὰ
406 4889 576 4942 ταῦτα
607 4889 698 4940 τον
735 4886 869 4940 Θεὸν
907 4887 1277 4957 πληθυντικῶς
1304 4886 1664 4954 διαλέγεσθαι.
1695 4886 1853 4940 Μᾶλ-

287 4984 380 5032 λον
433 4979 531 5049 μὲν
568 4978 660 5031 οῦν
726 4978 1147 5050 οὔτ’ἄνθρωπος
1198 4977 1561 5047 οῦτ“ἄγγελος
1619 4979 1706 5031 διὰ
1754 4977 1852 5047 τὴν

279 5073 491 5125 τούτων
515 5073 776 5142 διαφορὰν
798 5071 1019 5124 δύναται
1063 5068 1192 5139 περὶ
1242 5070 1434 5123 ἑαυτοῦ
1479 5070 1853 5143 πληθυντικῶς

289 5165 488 5231 λέγειν·
524 5163 695 5215 καίτοι
724 5162 894 5215 ταῦτα
916 5165 974 5215 ὲν
1007 5163 1083 5233 τῷ
1117 5163 1334 5233 ἀγγέλῳ
1357 5163 1449 5214 καὶ
1488 5163 1563 5232 τῷ
1594 5163 1864 5234 ἀνθρώπῳ

295 5253 678 5324 συμῆεδηκότα
743 5254 870 5320 εἰσὶ,
923 5254 1013 5306 καί
1061 5270 1184 5307 τινα
1237 5253 1481 5306 σύνθεσιν
1550 5254 1606 5304 ἐν
1655 5252 1865 5317 τούτοις

224 5394 238 5404 ,
298 5346 526 5400 ποιοῦσι.
563 5346 668 5399 Καὶ
702 5349 890 5410 ὅντως,
929 5350 1009 5401 ὅτι
1054 5342 1206 5411 οὗτος
1255 5347 1352 5416 τῆς
1411 5347 1696 5414 διαλέξεως
1743 5346 1867 5417 τρό-

296 5455 416 5503 πος,
463 5439 520 5495 τὸ
564 5440 654 5491 τὸν
691 5440 823 5493 Θεὸν
873 5441 1111 5511 δηλονότι
1170 5441 1266 5492 ἕνα
1324 5439 1451 5492 ὄντα
1496 5439 1866 5509 πληθυιτικὼς

301 5531 429 5598 περὶ
472 5528 664 5582 ἑαυτοῦ
712 5531 1075 5598 διαλέγεσθαι,
1124 5529 1269 5594 ἆππξ
1323 5531 1424 5582 ὑπὸ
1483 5530 1572 5582 τοῦ
1625 5532 1865 5592 Μωσέως

375 5709 419 5739 ³⁵
453 5708 586 5764 Gen.
617 5721 656 5774 t,
687 5707 777 5762 ‘26.

1952 4537 2055 4576 nec
2079 4521 2304 4590 angelus
2336 4527 2559 4589 propter
2589 4533 2780 4572 eorum
2843 4519 3212 4574 dillereritiattt
3247 4529 3423 4588 potest
3453 4521 3528 4575 dc

1955 4615 2137 4684 seipso
2183 4612 2470 4680 pluraliter
2517 4611 2690 4680 loqui,
2749 4611 2852 4664 etsi
2909 4611 3025 4665 hazc
3070 4611 3123 4664 in
3189 4612 3406 4666 homine
3466 4623 3528 4665 es

1959 4703 2150 4776 angelo
2180 4702 2484 4760 accidentia
2509 4714 2660 4765 sunt,
2689 4711 2744 4757 et
2778 4701 3071 4770 quamdam
3100 4702 3153 4753 in
3185 4701 3270 4754 his
3301 4715 3524 4768 compo-

1963 4800 2218 4856 sitionem
2264 4794 2495 4852 faciunt.
2543 4792 2771 4860 Etvvere
2809 4792 2931 4845 talis
2977 4790 3274 4846 locutionis
3307 4791 3525 4852 modus,

1959 4893 2130 4949 Deum
2185 4889 2437 4945 videlicet
2485 4904 2652 4942 unum
2703 4885 3058 4939 exsistentem
3109 4884 3392 4953 pluraliter
3455 4883 3529 4936 de

1959 4986 2140 5053 seipso
2188 4981 2359 5051 loqui,
2390 4979 2560 5036 semel
2608 4994 2638 5032 a
2688 4976 2871 5048 Moyse
2922 4977 3201 5030 invenitur
3240 4976 3291 5028 in
3323 4973 3530 5029 Genesi

1960 5077 2163 5130 illatus.
2200 5073 2261 5128 In
2297 5074 2626 5128 formatione
2680 5070 2828 5124 enim
2881 5069 3121 5124 hominis
3178 5069 3397 5123 locutus
3444 5075 3530 5122 est

1967 5166 2132 5231 Deus,
2167 5165 2397 5219 dicens:
2434 5182 2452 5215 ι
2489 5163 2772 5218 Faciamus
2802 5161 3078 5215 hominem
3134 5160 3201 5215 ad
3235 5159 3526 5228 imaginem

1963 5258 2284 5312 nostram”.
2315 5275 2332 5308 ι
2354 5255 2508 5322 Quod
2538 5255 2729 5308 dicunt
2757 5253 2950 5317 Judmi,
2980 5268 3166 5306 vocem
3191 5268 3314 5308 esse
3336 5251 3430 5305 Dei
3457 5250 3530 5304 ad

1963 5345 2380 5417 angelos.Quod
2414 5346 2631 5416 quidem
2660 5354 2741 5397 est
2774 5342 3110 5396 contrarium
3146 5340 3347 5394 divinat-
3379 5340 3530 5393 Scri-

1965 5451 2288 5511 pturae,qua:
2313 5452 2592 5507 nunquam
2623 5437 2757 5488 dicit
2783 5433 3034 5505 angelum
3059 5429 3364 5486 secundum
3399 5430 3533 5484 ima-

1965 5533 2142 5604 ginem
2172 5532 2408 5586 hominis
2434 5530 2722 5585 formatum
2763 5542 2905 5590 esse,
2934 5524 3028 5582 sed
3060 5522 3371 5580 secundum
3400 5523 3532 5576 inta-
