  <div class='ocr_page' id='page_1' title='image "/cluster/home/n/w/nwhite01/storage/ocr_20150623/154/hvd.32044073505299/595.png"; bbox 0 0 3862 6220; ppageno 0'>
   <div class='ocr_carea' id='block_1_1' title="bbox 475 252 614 321">
    <p class='ocr_par' dir='ltr' id='par_1_1' title="bbox 475 252 614 321">
     <span class='ocr_line' id='line_1_1' title="bbox 475 252 614 321; baseline -0.036 0"><span class='ocrx_word' id='word_1_1' title='bbox 475 252 614 321; x_wconf 74' lang='grc'><strong>1127</strong></span> 
     </span>
    </p>
   </div>
   <div class='ocr_carea' id='block_1_2' title="bbox 1745 255 2485 316">
    <p class='ocr_par' dir='ltr' id='par_1_2' title="bbox 1745 255 2485 316">
     <span class='ocr_line' id='line_1_2' title="bbox 1745 255 2485 316; baseline 0.003 -2"><span class='ocrx_word' id='word_1_2' title='bbox 1745 255 2123 315; x_wconf 76' lang='lat' dir='ltr'><strong>DEMETIHI</strong></span> <span class='ocrx_word' id='word_1_3' title='bbox 2168 255 2485 316; x_wconf 82' lang='lat' dir='ltr'><strong>CYDONII</strong></span> 
     </span>
    </p>
   </div>
   <div class='ocr_carea' id='block_1_3' title="bbox 3506 258 3600 320">
    <p class='ocr_par' dir='ltr' id='par_1_3' title="bbox 3506 258 3600 320">
     <span class='ocr_line' id='line_1_3' title="bbox 3506 258 3600 320; baseline -0.021 -1"><span class='ocrx_word' id='word_1_4' title='bbox 3506 258 3600 320; x_wconf 70' lang='lat' dir='ltr'><strong>ua</strong></span> 
     </span>
    </p>
   </div>
   <div class='ocr_carea' id='block_1_4' title="bbox 473 364 2065 438">
    <p class='ocr_par' dir='ltr' id='par_1_4' title="bbox 473 364 2039 437">
     <span class='ocr_line' id='line_1_4' title="bbox 473 364 2039 437; baseline 0 -16"><span class='ocrx_word' id='word_1_5' title='bbox 473 368 655 437; x_wconf 86' lang='lat' dir='ltr'><strong>ginem</strong></span> <span class='ocrx_word' id='word_1_6' title='bbox 688 364 804 421; x_wconf 85' lang='lat' dir='ltr'><strong>Dei.</strong></span> <span class='ocrx_word' id='word_1_7' title='bbox 836 367 905 423; x_wconf 88' lang='lat' dir='ltr'><strong>Et</strong></span> <span class='ocrx_word' id='word_1_8' title='bbox 948 368 1053 422; x_wconf 90' lang='lat' dir='ltr'><strong>hoc</strong></span> <span class='ocrx_word' id='word_1_9' title='bbox 1094 376 1179 421; x_wconf 90' lang='lat' dir='ltr'><strong>est</strong></span> <span class='ocrx_word' id='word_1_10' title='bbox 1222 368 1364 435; x_wconf 84' lang='lat' dir='ltr'><strong>quod</strong></span> <span class='ocrx_word' id='word_1_11' title='bbox 1414 368 1579 422; x_wconf 89' lang='lat' dir='ltr'><strong>etiam</strong></span> <span class='ocrx_word' id='word_1_12' title='bbox 1626 367 1779 421; x_wconf 90' lang='lat' dir='ltr'><strong>addit</strong></span> <span class='ocrx_word' id='word_1_13' title='bbox 1829 368 2039 437; x_wconf 80' lang='lat' dir='ltr'><strong>Moyses</strong></span> 
     </span>
    </p>
   </div>
   <div class='ocr_carea' id='block_1_5' title="bbox 2162 364 3601 438">
    <p class='ocr_par' dir='ltr' id='par_1_5' title="bbox 2162 366 3601 438">
     <span class='ocr_line' id='line_1_5' title="bbox 2162 366 3601 438; baseline 0.001 -20"><span class='ocrx_word' id='word_1_14' title='bbox 2162 366 2372 436; x_wconf 74' lang='grc' dir='ltr'>ιῦρηται</span> <span class='ocrx_word' id='word_1_15' title='bbox 2420 372 2479 422; x_wconf 82' lang='grc' dir='ltr'>ἐν</span> <span class='ocrx_word' id='word_1_16' title='bbox 2506 372 2570 438; x_wconf 77' lang='grc' dir='ltr'>τῇ</span> <span class='ocrx_word' id='word_1_17' title='bbox 2614 370 2830 421; x_wconf 82' lang='grc' dir='ltr'>Γενέσει</span> <span class='ocrx_word' id='word_1_18' title='bbox 2880 369 3320 437; x_wconf 78' lang='grc' dir='ltr'>εἰσενηνεγμένος.</span> <span class='ocrx_word' id='word_1_19' title='bbox 3368 367 3439 419; x_wconf 84' lang='grc' dir='ltr'>Ἑν</span> <span class='ocrx_word' id='word_1_20' title='bbox 3460 366 3539 436; x_wconf 71' lang='grc' dir='ltr'><strong>γὰρ</strong></span> <span class='ocrx_word' id='word_1_21' title='bbox 3560 372 3601 437; x_wconf 75' lang='grc' dir='ltr'>τῇ</span> 
     </span>
    </p>
   </div>
   <div class='ocr_carea' id='block_1_6' title="bbox 473 458 2047 527">
    <p class='ocr_par' dir='ltr' id='par_1_6' title="bbox 473 458 2047 527">
     <span class='ocr_line' id='line_1_6' title="bbox 473 458 2047 527; baseline 0.001 -15"><span class='ocrx_word' id='word_1_22' title='bbox 473 459 757 527; x_wconf 86' lang='lat' dir='ltr'><strong>deinceps,</strong></span> <span class='ocrx_word' id='word_1_23' title='bbox 792 466 915 527; x_wconf 90' lang='lat' dir='ltr'><strong>post</strong></span> <span class='ocrx_word' id='word_1_24' title='bbox 959 458 1084 512; x_wconf 91' lang='lat' dir='ltr'><strong>illos</strong></span> <span class='ocrx_word' id='word_1_25' title='bbox 1134 472 1415 512; x_wconf 88' lang='lat' dir='ltr'><strong>sermones</strong></span> <span class='ocrx_word' id='word_1_26' title='bbox 1471 459 1705 513; x_wconf 88' lang='lat' dir='ltr'><strong>dicens:</strong></span> <span class='ocrx_word' id='word_1_27' title='bbox 1744 476 1762 508; x_wconf 75' lang='grc' dir='ltr'><strong>ι</strong></span> <span class='ocrx_word' id='word_1_28' title='bbox 1809 460 1873 511; x_wconf 89' lang='grc' dir='ltr'>Ει</span> <span class='ocrx_word' id='word_1_29' title='bbox 1914 459 2047 514; x_wconf 81' lang='lat' dir='ltr'><strong>fecit</strong></span> 
     </span>
    </p>
   </div>
   <div class='ocr_carea' id='block_1_7' title="bbox 478 549 2049 619">
    <p class='ocr_par' dir='ltr' id='par_1_7' title="bbox 478 549 2049 619">
     <span class='ocr_line' id='line_1_7' title="bbox 478 549 2049 619; baseline 0.001 -17"><span class='ocrx_word' id='word_1_30' title='bbox 478 549 621 603; x_wconf 90' lang='lat' dir='ltr'><strong>Deus</strong></span> <span class='ocrx_word' id='word_1_31' title='bbox 651 549 928 603; x_wconf 83' lang='lat' dir='ltr'><strong>hominem</strong></span> <span class='ocrx_word' id='word_1_32' title='bbox 975 549 1276 603; x_wconf 91' lang='lat' dir='ltr'><strong>secundum</strong></span> <span class='ocrx_word' id='word_1_33' title='bbox 1315 550 1606 619; x_wconf 76' lang='lat' dir='ltr'><strong>imaginem</strong></span> <span class='ocrx_word' id='word_1_34' title='bbox 1641 560 1696 603; x_wconf 92' lang='lat' dir='ltr'><strong>et</strong></span> <span class='ocrx_word' id='word_1_35' title='bbox 1732 550 2049 604; x_wconf 77' lang='lat' dir='ltr'><strong>similitudi-</strong></span> 
     </span>
    </p>
   </div>
   <div class='ocr_carea' id='block_1_8' title="bbox 477 639 2049 709">
    <p class='ocr_par' dir='ltr' id='par_1_8' title="bbox 477 639 2049 709">
     <span class='ocr_line' id='line_1_8' title="bbox 477 639 2049 709; baseline -0.001 -16"><span class='ocrx_word' id='word_1_36' title='bbox 477 655 603 693; x_wconf 91' lang='lat' dir='ltr'><strong>nem</strong></span> <span class='ocrx_word' id='word_1_37' title='bbox 656 641 741 693; x_wconf 91' lang='lat' dir='ltr'><strong>sui</strong></span> <span class='ocrx_word' id='word_1_38' title='bbox 790 640 989 708; x_wconf 86' lang='lat' dir='ltr'><strong>ipsius,</strong></span> <span class='ocrx_word' id='word_1_39' title='bbox 1056 640 1360 694; x_wconf 84' lang='lat' dir='ltr'><strong>secundum</strong></span> <span class='ocrx_word' id='word_1_40' title='bbox 1423 640 1713 709; x_wconf 80' lang='lat' dir='ltr'><strong>imaginem</strong></span> <span class='ocrx_word' id='word_1_41' title='bbox 1769 639 1860 693; x_wconf 86' lang='lat' dir='ltr'><strong>Dei</strong></span> <span class='ocrx_word' id='word_1_42' title='bbox 1921 639 2049 693; x_wconf 82' lang='lat' dir='ltr'><strong>fecit</strong></span> 
     </span>
    </p>
   </div>
   <div class='ocr_carea' id='block_1_9' title="bbox 478 731 2048 801">
    <p class='ocr_par' dir='ltr' id='par_1_9' title="bbox 478 731 2048 801">
     <span class='ocr_line' id='line_1_9' title="bbox 478 731 2048 801; baseline -0.001 -16"><span class='ocrx_word' id='word_1_43' title='bbox 478 748 603 785; x_wconf 88' lang='lat' dir='ltr'><strong>eum</strong></span> <span class='ocrx_word' id='word_1_44' title='bbox 636 733 702 785; x_wconf 80' lang='lat'><strong>&quot;.</strong></span> <span class='ocrx_word' id='word_1_45' title='bbox 743 750 761 782; x_wconf 72' lang='grc' dir='ltr'><strong>ν</strong></span> <span class='ocrx_word' id='word_1_46' title='bbox 796 731 892 785; x_wconf 87' lang='lat' dir='ltr'><strong>Est</strong></span> <span class='ocrx_word' id='word_1_47' title='bbox 925 732 1092 801; x_wconf 88' lang='lat' dir='ltr'><strong>igitur</strong></span> <span class='ocrx_word' id='word_1_48' title='bbox 1123 747 1223 785; x_wconf 76' lang='lat' dir='ltr'><strong>vox</strong></span> <span class='ocrx_word' id='word_1_49' title='bbox 1259 732 1345 784; x_wconf 88' lang='lat' dir='ltr'><strong>illa</strong></span> <span class='ocrx_word' id='word_1_50' title='bbox 1378 731 1555 785; x_wconf 80' lang='lat' dir='ltr'><strong>Patris</strong></span> <span class='ocrx_word' id='word_1_51' title='bbox 1604 732 1669 785; x_wconf 92' lang='lat' dir='ltr'><strong>ad</strong></span> <span class='ocrx_word' id='word_1_52' title='bbox 1700 731 1920 796; x_wconf 85' lang='lat' dir='ltr'><strong>Filium,</strong></span> <span class='ocrx_word' id='word_1_53' title='bbox 1964 731 2048 784; x_wconf 69' lang='lat' dir='ltr'><strong>vel</strong></span> 
     </span>
    </p>
   </div>
   <div class='ocr_carea' id='block_1_10' title="bbox 480 819 2050 892">
    <p class='ocr_par' dir='ltr' id='par_1_10' title="bbox 480 819 2050 892">
     <span class='ocr_line' id='line_1_10' title="bbox 480 819 2050 892; baseline -0.001 -15"><span class='ocrx_word' id='word_1_54' title='bbox 480 823 649 877; x_wconf 92' lang='lat' dir='ltr'><strong>totius</strong></span> <span class='ocrx_word' id='word_1_55' title='bbox 673 822 960 877; x_wconf 82' lang='lat' dir='ltr'><strong>Trinitatis</strong></span> <span class='ocrx_word' id='word_1_56' title='bbox 984 825 1049 877; x_wconf 89' lang='lat' dir='ltr'><strong>ad</strong></span> <span class='ocrx_word' id='word_1_57' title='bbox 1088 823 1343 892; x_wconf 86' lang='lat' dir='ltr'><strong>seipsam.</strong></span> <span class='ocrx_word' id='word_1_58' title='bbox 1374 819 1528 878; x_wconf 89' lang='lat' dir='ltr'><strong>Unus</strong></span> <span class='ocrx_word' id='word_1_59' title='bbox 1561 826 1706 877; x_wconf 85' lang='lat' dir='ltr'><strong>enim</strong></span> <span class='ocrx_word' id='word_1_60' title='bbox 1737 832 1793 877; x_wconf 90' lang='lat' dir='ltr'><strong>et</strong></span> <span class='ocrx_word' id='word_1_61' title='bbox 1819 822 2050 891; x_wconf 83' lang='lat' dir='ltr'><strong>simplex</strong></span> 
     </span>
    </p>
   </div>
   <div class='ocr_carea' id='block_1_11' title="bbox 482 913 2051 980">
    <p class='ocr_par' dir='ltr' id='par_1_11' title="bbox 482 913 2051 980">
     <span class='ocr_line' id='line_1_11' title="bbox 482 913 2051 980; baseline 0.003 -15"><span class='ocrx_word' id='word_1_62' title='bbox 482 913 623 967; x_wconf 84' lang='lat' dir='ltr'><strong>Deus</strong></span> <span class='ocrx_word' id='word_1_63' title='bbox 647 915 909 977; x_wconf 83' lang='lat' dir='ltr'><strong>essentia,</strong></span> <span class='ocrx_word' id='word_1_64' title='bbox 938 914 1117 968; x_wconf 89' lang='lat' dir='ltr'><strong>trinus</strong></span> <span class='ocrx_word' id='word_1_65' title='bbox 1146 926 1231 969; x_wconf 90' lang='lat' dir='ltr'><strong>est</strong></span> <span class='ocrx_word' id='word_1_66' title='bbox 1262 915 1313 968; x_wconf 92' lang='lat' dir='ltr'><strong>in</strong></span> <span class='ocrx_word' id='word_1_67' title='bbox 1344 915 1615 980; x_wconf 89' lang='lat' dir='ltr'><strong>personis.</strong></span> <span class='ocrx_word' id='word_1_68' title='bbox 1644 914 1709 968; x_wconf 89' lang='lat' dir='ltr'><strong>Et</strong></span> <span class='ocrx_word' id='word_1_69' title='bbox 1734 915 1836 968; x_wconf 87' lang='lat' dir='ltr'><strong>hoc</strong></span> <span class='ocrx_word' id='word_1_70' title='bbox 1866 915 2051 969; x_wconf 88' lang='lat' dir='ltr'><strong>dicere</strong></span> 
     </span>
    </p>
   </div>
   <div class='ocr_carea' id='block_1_12' title="bbox 480 1005 2054 1079">
    <p class='ocr_par' dir='ltr' id='par_1_12' title="bbox 480 1005 2054 1079">
     <span class='ocr_line' id='line_1_12' title="bbox 480 1005 2054 1079; baseline 0 -20"><span class='ocrx_word' id='word_1_71' title='bbox 480 1009 753 1075; x_wconf 86' lang='lat' dir='ltr'><strong>potuisset</strong></span> <span class='ocrx_word' id='word_1_72' title='bbox 812 1007 1148 1060; x_wconf 84' lang='lat' dir='ltr'><strong>Alcorauum</strong></span> <span class='ocrx_word' id='word_1_73' title='bbox 1215 1005 1570 1079; x_wconf 67' lang='lat' dir='ltr'><strong>simpliciter,</strong></span> <span class='ocrx_word' id='word_1_74' title='bbox 1621 1006 1725 1059; x_wconf 89' lang='lat' dir='ltr'><strong>nisi</strong></span> <span class='ocrx_word' id='word_1_75' title='bbox 1777 1006 2054 1059; x_wconf 89' lang='lat' dir='ltr'><strong>timuisset</strong></span> 
     </span>
    </p>
   </div>
   <div class='ocr_carea' id='block_1_13' title="bbox 482 1097 2052 1166">
    <p class='ocr_par' dir='ltr' id='par_1_13' title="bbox 482 1097 2052 1166">
     <span class='ocr_line' id='line_1_13' title="bbox 482 1097 2052 1166; baseline 0.001 -16"><span class='ocrx_word' id='word_1_76' title='bbox 482 1112 641 1165; x_wconf 86' lang='lat' dir='ltr'><strong>posse</strong></span> <span class='ocrx_word' id='word_1_77' title='bbox 687 1112 812 1151; x_wconf 89' lang='lat' dir='ltr'><strong>esse</strong></span> <span class='ocrx_word' id='word_1_78' title='bbox 860 1112 1221 1166; x_wconf 87' lang='lat' dir='ltr'><strong>personarum</strong></span> <span class='ocrx_word' id='word_1_79' title='bbox 1277 1097 1688 1160; x_wconf 86' lang='lat' dir='ltr'><strong>discretionem,</strong></span> <span class='ocrx_word' id='word_1_80' title='bbox 1720 1097 2052 1151; x_wconf 86' lang='lat' dir='ltr'><strong>discretione</strong></span> 
     </span>
    </p>
   </div>
   <div class='ocr_carea' id='block_1_14' title="bbox 480 1187 2053 1257">
    <p class='ocr_par' dir='ltr' id='par_1_14' title="bbox 480 1187 2053 1257">
     <span class='ocr_line' id='line_1_14' title="bbox 480 1187 2053 1257; baseline 0 -16"><span class='ocrx_word' id='word_1_81' title='bbox 480 1188 783 1241; x_wconf 81' lang='lat' dir='ltr'><strong>secundum</strong></span> <span class='ocrx_word' id='word_1_82' title='bbox 806 1189 1127 1243; x_wconf 83' lang='lat' dir='ltr'><strong>essentiam.</strong></span> <span class='ocrx_word' id='word_1_83' title='bbox 1166 1189 1400 1257; x_wconf 87' lang='lat' dir='ltr'><strong>Propter</strong></span> <span class='ocrx_word' id='word_1_84' title='bbox 1433 1188 1535 1243; x_wconf 90' lang='lat' dir='ltr'><strong>hoc</strong></span> <span class='ocrx_word' id='word_1_85' title='bbox 1564 1188 1701 1241; x_wconf 88' lang='lat' dir='ltr'><strong>dicit</strong></span> <span class='ocrx_word' id='word_1_86' title='bbox 1735 1188 1789 1241; x_wconf 93' lang='lat' dir='ltr'><strong>in</strong></span> <span class='ocrx_word' id='word_1_87' title='bbox 1818 1187 2053 1257; x_wconf 87' lang='lat' dir='ltr'><strong>capitulo</strong></span> 
     </span>
    </p>
   </div>
   <div class='ocr_carea' id='block_1_15' title="bbox 482 1275 2052 1348">
    <p class='ocr_par' dir='ltr' id='par_1_15' title="bbox 482 1275 2052 1348">
     <span class='ocr_line' id='line_1_15' title="bbox 482 1275 2052 1348; baseline 0.002 -19"><span class='ocrx_word' id='word_1_88' title='bbox 482 1275 763 1332; x_wconf 86' lang='lat' dir='ltr'><strong>Elnesan:</strong></span> <span class='ocrx_word' id='word_1_89' title='bbox 814 1278 859 1333; x_wconf 92' lang='grc' dir='ltr'><strong>Ο</strong></span> <span class='ocrx_word' id='word_1_90' title='bbox 900 1278 1139 1332; x_wconf 88' lang='lat' dir='ltr'><strong>societas</strong></span> <span class='ocrx_word' id='word_1_91' title='bbox 1166 1278 1317 1342; x_wconf 88' lang='lat' dir='ltr'><strong>libri,</strong></span> <span class='ocrx_word' id='word_1_92' title='bbox 1351 1293 1419 1332; x_wconf 87' lang='lat' dir='ltr'><strong>ne</strong></span> <span class='ocrx_word' id='word_1_93' title='bbox 1452 1278 1655 1333; x_wconf 86' lang='lat' dir='ltr'><strong>vacetis</strong></span> <span class='ocrx_word' id='word_1_94' title='bbox 1708 1278 1763 1331; x_wconf 93' lang='lat' dir='ltr'><strong>in</strong></span> <span class='ocrx_word' id='word_1_95' title='bbox 1811 1278 1930 1348; x_wconf 87' lang='lat' dir='ltr'><strong>lege</strong></span> <span class='ocrx_word' id='word_1_96' title='bbox 1959 1292 2052 1333; x_wconf 79' lang='lat' dir='ltr'><strong>ve-</strong></span> 
     </span>
    </p>
   </div>
   <div class='ocr_carea' id='block_1_16' title="bbox 482 1367 2047 1437">
    <p class='ocr_par' dir='ltr' id='par_1_16' title="bbox 482 1367 2047 1437">
     <span class='ocr_line' id='line_1_16' title="bbox 482 1367 2047 1437; baseline 0.001 -17"><span class='ocrx_word' id='word_1_97' title='bbox 482 1377 617 1429; x_wconf 86' lang='lat' dir='ltr'><strong>stra,</strong></span> <span class='ocrx_word' id='word_1_98' title='bbox 661 1378 717 1421; x_wconf 89' lang='lat' dir='ltr'><strong>et</strong></span> <span class='ocrx_word' id='word_1_99' title='bbox 745 1384 814 1422; x_wconf 91' lang='lat' dir='ltr'><strong>ne</strong></span> <span class='ocrx_word' id='word_1_100' title='bbox 841 1369 1037 1421; x_wconf 88' lang='lat' dir='ltr'><strong>dicatis</strong></span> <span class='ocrx_word' id='word_1_101' title='bbox 1064 1369 1133 1423; x_wconf 88' lang='lat' dir='ltr'><strong>de</strong></span> <span class='ocrx_word' id='word_1_102' title='bbox 1165 1367 1273 1422; x_wconf 88' lang='lat' dir='ltr'><strong>Deo</strong></span> <span class='ocrx_word' id='word_1_103' title='bbox 1312 1377 1509 1437; x_wconf 66' lang='lat' dir='ltr'><strong>praeter</strong></span> <span class='ocrx_word' id='word_1_104' title='bbox 1535 1370 1843 1433; x_wconf 81' lang='lat' dir='ltr'><strong>veritatem,</strong></span> <span class='ocrx_word' id='word_1_105' title='bbox 1900 1367 2047 1437; x_wconf 90' lang='lat' dir='ltr'><strong>quod</strong></span> 
     </span>
    </p>
   </div>
   <div class='ocr_carea' id='block_1_17' title="bbox 484 1458 2055 1529">
    <p class='ocr_par' dir='ltr' id='par_1_17' title="bbox 484 1458 2055 1529">
     <span class='ocr_line' id='line_1_17' title="bbox 484 1458 2055 1529; baseline 0.001 -18"><span class='ocrx_word' id='word_1_106' title='bbox 484 1459 738 1512; x_wconf 72' lang='lat' dir='ltr'><strong>Christus</strong></span> <span class='ocrx_word' id='word_1_107' title='bbox 759 1458 918 1513; x_wconf 82' lang='lat' dir='ltr'><strong>Jesus</strong></span> <span class='ocrx_word' id='word_1_108' title='bbox 943 1458 1087 1513; x_wconf 86' lang='lat' dir='ltr'><strong>lilius</strong></span> <span class='ocrx_word' id='word_1_109' title='bbox 1105 1468 1193 1514; x_wconf 89' lang='lat' dir='ltr'><strong>est</strong></span> <span class='ocrx_word' id='word_1_110' title='bbox 1221 1459 1423 1523; x_wconf 57' lang='lat' dir='ltr'><strong>Maria),</strong></span> <span class='ocrx_word' id='word_1_111' title='bbox 1456 1468 1511 1513; x_wconf 88' lang='lat' dir='ltr'><strong>et</strong></span> <span class='ocrx_word' id='word_1_112' title='bbox 1543 1459 1827 1529; x_wconf 88' lang='lat' dir='ltr'><strong>apostolus</strong></span> <span class='ocrx_word' id='word_1_113' title='bbox 1852 1459 1970 1521; x_wconf 92' lang='lat' dir='ltr'><strong>Dei,</strong></span> <span class='ocrx_word' id='word_1_114' title='bbox 1997 1468 2055 1513; x_wconf 88' lang='lat' dir='ltr'><strong>et</strong></span> 
     </span>
    </p>
   </div>
   <div class='ocr_carea' id='block_1_18' title="bbox 486 1551 2053 1621">
    <p class='ocr_par' dir='ltr' id='par_1_18' title="bbox 486 1551 2053 1621">
     <span class='ocr_line' id='line_1_18' title="bbox 486 1551 2053 1621; baseline -0.003 -13"><span class='ocrx_word' id='word_1_115' title='bbox 486 1553 727 1608; x_wconf 80' lang='lat' dir='ltr'><strong>Verbum</strong></span> <span class='ocrx_word' id='word_1_116' title='bbox 766 1551 883 1615; x_wconf 92' lang='lat' dir='ltr'><strong>Dei,</strong></span> <span class='ocrx_word' id='word_1_117' title='bbox 921 1551 1068 1621; x_wconf 85' lang='lat' dir='ltr'><strong>quod</strong></span> <span class='ocrx_word' id='word_1_118' title='bbox 1100 1552 1155 1605; x_wconf 91' lang='lat' dir='ltr'><strong>in</strong></span> <span class='ocrx_word' id='word_1_119' title='bbox 1188 1566 1251 1606; x_wconf 87' lang='lat' dir='ltr'><strong>ea</strong></span> <span class='ocrx_word' id='word_1_120' title='bbox 1288 1551 1468 1619; x_wconf 90' lang='lat' dir='ltr'><strong>posuit</strong></span> <span class='ocrx_word' id='word_1_121' title='bbox 1508 1567 1605 1621; x_wconf 88' lang='lat' dir='ltr'><strong>per</strong></span> <span class='ocrx_word' id='word_1_122' title='bbox 1628 1551 1893 1619; x_wconf 76' lang='lat' dir='ltr'><strong>Spiritum</strong></span> <span class='ocrx_word' id='word_1_123' title='bbox 1923 1564 2053 1604; x_wconf 87' lang='lat' dir='ltr'><strong>san-</strong></span> 
     </span>
    </p>
   </div>
   <div class='ocr_carea' id='block_1_19' title="bbox 2150 458 3603 532">
    <p class='ocr_par' dir='ltr' id='par_1_19' title="bbox 2150 458 3603 532">
     <span class='ocr_line' id='line_1_19' title="bbox 2150 458 3603 532; baseline -0.001 -18"><span class='ocrx_word' id='word_1_124' title='bbox 2150 462 2212 514; x_wconf 81' lang='grc' dir='ltr'>π)</span> <span class='ocrx_word' id='word_1_125' title='bbox 2225 462 2345 514; x_wconf 87' lang='grc' dir='ltr'>ἀσει</span> <span class='ocrx_word' id='word_1_126' title='bbox 2368 462 2460 514; x_wconf 91' lang='grc' dir='ltr'><strong>τοῦ</strong></span> <span class='ocrx_word' id='word_1_127' title='bbox 2491 461 2782 532; x_wconf 82' lang='grc' dir='ltr'>ἀνθρώπου</span> <span class='ocrx_word' id='word_1_128' title='bbox 2814 460 3075 528; x_wconf 74' lang='grc' dir='ltr'>ἐλάλησεν</span> <span class='ocrx_word' id='word_1_129' title='bbox 3097 462 3123 511; x_wconf 83' lang='grc' dir='ltr'>ὁ</span> <span class='ocrx_word' id='word_1_130' title='bbox 3150 459 3270 522; x_wconf 87' lang='grc' dir='ltr'>Θεὸς</span> <span class='ocrx_word' id='word_1_131' title='bbox 3296 458 3461 526; x_wconf 88' lang='grc' dir='ltr'>λέγων,</span> <span class='ocrx_word' id='word_1_132' title='bbox 3492 462 3603 527; x_wconf 55' lang='lat' dir='ltr'><strong>[latiq-</strong></span> 
     </span>
    </p>
   </div>
   <div class='ocr_carea' id='block_1_20' title="bbox 2153 551 3607 622">
    <p class='ocr_par' dir='ltr' id='par_1_20' title="bbox 2153 551 3607 622">
     <span class='ocr_line' id='line_1_20' title="bbox 2153 551 3607 622; baseline -0.002 -19"><span class='ocrx_word' id='word_1_133' title='bbox 2153 568 2336 617; x_wconf 88' lang='grc' dir='ltr'>σωμεν</span> <span class='ocrx_word' id='word_1_134' title='bbox 2368 552 2656 622; x_wconf 77' lang='grc' dir='ltr'>ἄνθρωπον</span> <span class='ocrx_word' id='word_1_135' title='bbox 2688 551 2810 605; x_wconf 77' lang='grc' dir='ltr'>κατ’</span> <span class='ocrx_word' id='word_1_136' title='bbox 2833 551 3023 605; x_wconf 82' lang='grc' dir='ltr'>εἰκόνα</span> <span class='ocrx_word' id='word_1_137' title='bbox 3051 552 3324 619; x_wconf 78' lang='grc' dir='ltr'>ἡμετέραν.</span> <span class='ocrx_word' id='word_1_138' title='bbox 3362 551 3420 601; x_wconf 86' lang='grc' dir='ltr'>Ὀ</span> <span class='ocrx_word' id='word_1_139' title='bbox 3439 552 3607 615; x_wconf 69' lang='lat' dir='ltr'><strong>eastvd</strong></span> 
     </span>
    </p>
   </div>
   <div class='ocr_carea' id='block_1_21' title="bbox 2161 640 3605 713">
    <p class='ocr_par' dir='ltr' id='par_1_21' title="bbox 2161 640 3605 713">
     <span class='ocr_line' id='line_1_21' title="bbox 2161 640 3605 713; baseline -0.003 -18"><span class='ocrx_word' id='word_1_140' title='bbox 2161 644 2403 695; x_wconf 86' lang='grc' dir='ltr'>Ἰουδαῖοι</span> <span class='ocrx_word' id='word_1_141' title='bbox 2432 643 2615 713; x_wconf 76' lang='grc' dir='ltr'>φωνὴν</span> <span class='ocrx_word' id='word_1_142' title='bbox 2639 642 2780 696; x_wconf 72' lang='grc' dir='ltr'>εἶναι</span> <span class='ocrx_word' id='word_1_143' title='bbox 2806 643 2898 696; x_wconf 87' lang='grc' dir='ltr'><strong>τοῦ</strong></span> <span class='ocrx_word' id='word_1_144' title='bbox 2930 640 3065 694; x_wconf 86' lang='grc' dir='ltr'>Θεοῦ</span> <span class='ocrx_word' id='word_1_145' title='bbox 3100 641 3227 709; x_wconf 80' lang='grc' dir='ltr'>πρὸς</span> <span class='ocrx_word' id='word_1_146' title='bbox 3255 640 3364 702; x_wconf 76' lang='grc' dir='ltr'>τοὺς</span> <span class='ocrx_word' id='word_1_147' title='bbox 3380 641 3605 707; x_wconf 66' lang='grc' dir='ltr'>ἁγγέλονςθ</span> 
     </span>
    </p>
   </div>
   <div class='ocr_carea' id='block_1_22' title="bbox 2149 731 3609 803">
    <p class='ocr_par' dir='ltr' id='par_1_22' title="bbox 2149 731 3609 803">
     <span class='ocr_line' id='line_1_22' title="bbox 2149 731 3609 803; baseline -0.001 -18"><span class='ocrx_word' id='word_1_148' title='bbox 2149 733 2286 799; x_wconf 75' lang='grc' dir='ltr'>ὅπερ</span> <span class='ocrx_word' id='word_1_149' title='bbox 2315 731 2461 785; x_wconf 72' lang='grc' dir='ltr'>ἐστὶν</span> <span class='ocrx_word' id='word_1_150' title='bbox 2502 733 2744 785; x_wconf 82' lang='grc' dir='ltr'>ἐναντίον</span> <span class='ocrx_word' id='word_1_151' title='bbox 2764 735 2830 803; x_wconf 84' lang='grc' dir='ltr'>τῇ</span> <span class='ocrx_word' id='word_1_152' title='bbox 2862 732 2984 802; x_wconf 69' lang='grc' dir='ltr'>Θείᾳ</span> <span class='ocrx_word' id='word_1_153' title='bbox 3033 734 3235 802; x_wconf 81' lang='grc' dir='ltr'>Γραφῇ,</span> <span class='ocrx_word' id='word_1_154' title='bbox 3277 732 3385 800; x_wconf 74' lang='grc' dir='ltr'>ἥτις</span> <span class='ocrx_word' id='word_1_155' title='bbox 3430 732 3609 783; x_wconf 70' lang='grc' dir='ltr'>οὐδέποτε</span> 
     </span>
    </p>
   </div>
   <div class='ocr_carea' id='block_1_23' title="bbox 2150 818 3629 894">
    <p class='ocr_par' dir='ltr' id='par_1_23' title="bbox 2150 818 3629 894">
     <span class='ocr_line' id='line_1_23' title="bbox 2150 818 3629 894; baseline -0.002 -17"><span class='ocrx_word' id='word_1_156' title='bbox 2150 826 2284 893; x_wconf 82' lang='grc' dir='ltr'><strong>φησί</strong></span> <span class='ocrx_word' id='word_1_157' title='bbox 2312 826 2403 877; x_wconf 91' lang='grc' dir='ltr'><strong>τὸν</strong></span> <span class='ocrx_word' id='word_1_158' title='bbox 2438 825 2668 892; x_wconf 81' lang='grc' dir='ltr'>ἄγγελον</span> <span class='ocrx_word' id='word_1_159' title='bbox 2698 825 2822 878; x_wconf 81' lang='grc' dir='ltr'>κατ’</span> <span class='ocrx_word' id='word_1_160' title='bbox 2842 825 3023 877; x_wconf 77' lang='grc' dir='ltr'>εἰκόνα</span> <span class='ocrx_word' id='word_1_161' title='bbox 3053 822 3327 894; x_wconf 83' lang='grc' dir='ltr'>ἀνθρώπου</span> <span class='ocrx_word' id='word_1_162' title='bbox 3366 818 3629 885; x_wconf 47' lang='grc' dir='ltr'>πεπλάσθαι(</span> 
     </span>
    </p>
   </div>
   <div class='ocr_carea' id='block_1_24' title="bbox 2149 913 3612 984">
    <p class='ocr_par' dir='ltr' id='par_1_24' title="bbox 2149 913 3612 984">
     <span class='ocr_line' id='line_1_24' title="bbox 2149 913 3612 984; baseline -0.002 -16"><span class='ocrx_word' id='word_1_163' title='bbox 2149 915 2285 968; x_wconf 80' lang='grc' dir='ltr'>ἀλλὰ</span> <span class='ocrx_word' id='word_1_164' title='bbox 2321 915 2443 968; x_wconf 85' lang='grc' dir='ltr'>κατ’</span> <span class='ocrx_word' id='word_1_165' title='bbox 2468 918 2652 970; x_wconf 88' lang='grc' dir='ltr'>εἰκόνα</span> <span class='ocrx_word' id='word_1_166' title='bbox 2675 917 2835 973; x_wconf 88' lang='grc' dir='ltr'>Θεοῦ.</span> <span class='ocrx_word' id='word_1_167' title='bbox 2873 917 2939 968; x_wconf 83' lang='lat'><strong>&#39;0</strong></span> <span class='ocrx_word' id='word_1_168' title='bbox 2973 916 3066 968; x_wconf 77' lang='grc' dir='ltr'>καὶ</span> <span class='ocrx_word' id='word_1_169' title='bbox 3103 913 3429 984; x_wconf 79' lang='grc' dir='ltr'>προστίθησιν</span> <span class='ocrx_word' id='word_1_170' title='bbox 3462 914 3612 965; x_wconf 70' lang='lat' dir='ltr'><strong>Himi-</strong></span> 
     </span>
    </p>
   </div>
   <div class='ocr_carea' id='block_1_25' title="bbox 2153 1005 3611 1077">
    <p class='ocr_par' dir='ltr' id='par_1_25' title="bbox 2153 1005 3611 1077">
     <span class='ocr_line' id='line_1_25' title="bbox 2153 1005 3611 1077; baseline -0.001 -18"><span class='ocrx_word' id='word_1_171' title='bbox 2153 1010 2271 1077; x_wconf 72' lang='grc' dir='ltr'>σῆς,</span> <span class='ocrx_word' id='word_1_172' title='bbox 2297 1008 2497 1076; x_wconf 78' lang='grc' dir='ltr'>ἐφεξῆς</span> <span class='ocrx_word' id='word_1_173' title='bbox 2525 1009 2644 1076; x_wconf 77' lang='grc' dir='ltr'>μετ’</span> <span class='ocrx_word' id='word_1_174' title='bbox 2674 1009 2922 1071; x_wconf 80' lang='grc' dir='ltr'><strong>ἐκείνους</strong></span> <span class='ocrx_word' id='word_1_175' title='bbox 2941 1008 3068 1069; x_wconf 71' lang='grc' dir='ltr'>τοὺς</span> <span class='ocrx_word' id='word_1_176' title='bbox 3092 1007 3273 1075; x_wconf 80' lang='grc' dir='ltr'><strong>λόγους</strong></span> <span class='ocrx_word' id='word_1_177' title='bbox 3305 1005 3470 1072; x_wconf 80' lang='grc' dir='ltr'>λέγων,</span> <span class='ocrx_word' id='word_1_178' title='bbox 3500 1023 3513 1056; x_wconf 83' lang='grc' dir='ltr'><strong>ι</strong></span> <span class='ocrx_word' id='word_1_179' title='bbox 3542 1006 3611 1057; x_wconf 64' lang='grc' dir='ltr'><strong>Καὶ</strong></span> 
     </span>
    </p>
   </div>
   <div class='ocr_carea' id='block_1_26' title="bbox 2150 1101 3615 1173">
    <p class='ocr_par' dir='ltr' id='par_1_26' title="bbox 2150 1101 3615 1173">
     <span class='ocr_line' id='line_1_26' title="bbox 2150 1101 3615 1173; baseline -0.001 -19"><span class='ocrx_word' id='word_1_180' title='bbox 2150 1102 2405 1171; x_wconf 70' lang='grc' dir='ltr'>ἐποίησεν</span> <span class='ocrx_word' id='word_1_181' title='bbox 2461 1105 2488 1155; x_wconf 86' lang='grc' dir='ltr'><strong>ό</strong></span> <span class='ocrx_word' id='word_1_182' title='bbox 2548 1102 2678 1165; x_wconf 87' lang='grc' dir='ltr'>Θεὸς</span> <span class='ocrx_word' id='word_1_183' title='bbox 2740 1102 2833 1154; x_wconf 90' lang='grc' dir='ltr'><strong>τὸν</strong></span> <span class='ocrx_word' id='word_1_184' title='bbox 2880 1102 3165 1173; x_wconf 80' lang='grc' dir='ltr'>ἄνθρωπον</span> <span class='ocrx_word' id='word_1_185' title='bbox 3230 1103 3341 1155; x_wconf 79' lang='grc' dir='ltr'>κατ’</span> <span class='ocrx_word' id='word_1_186' title='bbox 3375 1101 3521 1153; x_wconf 79' lang='grc' dir='ltr'><strong>εἰκόνα</strong></span> <span class='ocrx_word' id='word_1_187' title='bbox 3556 1103 3615 1152; x_wconf 73' lang='grc' dir='ltr'>καὶ</span> 
     </span>
    </p>
   </div>
   <div class='ocr_carea' id='block_1_27' title="bbox 2150 1192 3612 1263">
    <p class='ocr_par' dir='ltr' id='par_1_27' title="bbox 2150 1192 3612 1263">
     <span class='ocr_line' id='line_1_27' title="bbox 2150 1192 3612 1263; baseline -0.001 -20"><span class='ocrx_word' id='word_1_188' title='bbox 2150 1192 2408 1262; x_wconf 86' lang='grc' dir='ltr'>ὁμοίωσιν</span> <span class='ocrx_word' id='word_1_189' title='bbox 2433 1192 2622 1258; x_wconf 82' lang='grc' dir='ltr'>αὐτοῦ,</span> <span class='ocrx_word' id='word_1_190' title='bbox 2672 1194 2795 1247; x_wconf 83' lang='grc' dir='ltr'>κατ’</span> <span class='ocrx_word' id='word_1_191' title='bbox 2821 1194 3006 1247; x_wconf 77' lang='grc' dir='ltr'>εἰκόνα</span> <span class='ocrx_word' id='word_1_192' title='bbox 3034 1192 3167 1246; x_wconf 89' lang='grc' dir='ltr'>Θεοῦ</span> <span class='ocrx_word' id='word_1_193' title='bbox 3194 1193 3427 1263; x_wconf 72' lang='grc' dir='ltr'>ἐποίησεν</span> <span class='ocrx_word' id='word_1_194' title='bbox 3448 1193 3579 1250; x_wconf 80' lang='grc' dir='ltr'>αὐτόν.</span> <span class='ocrx_word' id='word_1_195' title='bbox 3601 1211 3612 1241; x_wconf 81' lang='grc' dir='ltr'><strong>ι</strong></span> 
     </span>
    </p>
   </div>
   <div class='ocr_carea' id='block_1_28' title="bbox 2157 1284 3615 1356">
    <p class='ocr_par' dir='ltr' id='par_1_28' title="bbox 2157 1284 3615 1356">
     <span class='ocr_line' id='line_1_28' title="bbox 2157 1284 3615 1356; baseline -0.001 -21"><span class='ocrx_word' id='word_1_196' title='bbox 2157 1284 2312 1337; x_wconf 83' lang='grc' dir='ltr'>Ἐστι</span> <span class='ocrx_word' id='word_1_197' title='bbox 2351 1286 2531 1337; x_wconf 81' lang='grc' dir='ltr'>τοίνυν</span> <span class='ocrx_word' id='word_1_198' title='bbox 2562 1286 2595 1355; x_wconf 77' lang='grc' dir='ltr'><strong>ἡ</strong></span> <span class='ocrx_word' id='word_1_199' title='bbox 2630 1286 2784 1355; x_wconf 78' lang='grc' dir='ltr'><strong>φωνὴ</strong></span> <span class='ocrx_word' id='word_1_200' title='bbox 2807 1286 2990 1356; x_wconf 75' lang='grc' dir='ltr'>ἐκείνη</span> <span class='ocrx_word' id='word_1_201' title='bbox 3028 1284 3122 1339; x_wconf 91' lang='grc' dir='ltr'><strong>τοῦ</strong></span> <span class='ocrx_word' id='word_1_202' title='bbox 3171 1285 3368 1354; x_wconf 83' lang='grc' dir='ltr'>Πατρὸς</span> <span class='ocrx_word' id='word_1_203' title='bbox 3416 1284 3522 1356; x_wconf 83' lang='grc' dir='ltr'>πρὸς</span> <span class='ocrx_word' id='word_1_204' title='bbox 3561 1287 3615 1336; x_wconf 60' lang='grc' dir='ltr'><strong>τὸν</strong></span> 
     </span>
    </p>
   </div>
   <div class='ocr_carea' id='block_1_29' title="bbox 2153 1370 3617 1447">
    <p class='ocr_par' dir='ltr' id='par_1_29' title="bbox 2153 1370 3617 1447">
     <span class='ocr_line' id='line_1_29' title="bbox 2153 1370 3617 1447; baseline -0.001 -18"><span class='ocrx_word' id='word_1_205' title='bbox 2153 1376 2303 1440; x_wconf 82' lang='grc' dir='ltr'>Υίὸν,</span> <span class='ocrx_word' id='word_1_206' title='bbox 2330 1376 2363 1445; x_wconf 79' lang='grc' dir='ltr'><strong>ἢ</strong></span> <span class='ocrx_word' id='word_1_207' title='bbox 2399 1377 2528 1447; x_wconf 78' lang='grc' dir='ltr'>ὅλης</span> <span class='ocrx_word' id='word_1_208' title='bbox 2548 1377 2648 1447; x_wconf 80' lang='grc' dir='ltr'>τῆς</span> <span class='ocrx_word' id='word_1_209' title='bbox 2682 1375 2912 1447; x_wconf 85' lang='grc' dir='ltr'>Τριάδος</span> <span class='ocrx_word' id='word_1_210' title='bbox 2970 1378 3108 1446; x_wconf 86' lang='grc' dir='ltr'>πρὸς</span> <span class='ocrx_word' id='word_1_211' title='bbox 3155 1378 3374 1447; x_wconf 62' lang='grc' dir='ltr'>ἑαυτήν</span> <span class='ocrx_word' id='word_1_212' title='bbox 3396 1379 3421 1430; x_wconf 69' lang='grc' dir='ltr'><strong>ο</strong></span> <span class='ocrx_word' id='word_1_213' title='bbox 3446 1377 3530 1445; x_wconf 82' lang='grc' dir='ltr'>γὰρ</span> <span class='ocrx_word' id='word_1_214' title='bbox 3570 1370 3617 1437; x_wconf 74' lang='grc' dir='ltr'>εἷς</span> 
     </span>
    </p>
   </div>
   <div class='ocr_carea' id='block_1_30' title="bbox 2154 1467 3617 1537">
    <p class='ocr_par' dir='ltr' id='par_1_30' title="bbox 2154 1467 3617 1537">
     <span class='ocr_line' id='line_1_30' title="bbox 2154 1467 3617 1537; baseline -0.001 -18"><span class='ocrx_word' id='word_1_215' title='bbox 2154 1468 2250 1520; x_wconf 79' lang='grc' dir='ltr'>καὶ</span> <span class='ocrx_word' id='word_1_216' title='bbox 2280 1468 2484 1530; x_wconf 83' lang='grc' dir='ltr'>ἁπλοῦς</span> <span class='ocrx_word' id='word_1_217' title='bbox 2511 1467 2644 1530; x_wconf 91' lang='grc' dir='ltr'>Θεὸς</span> <span class='ocrx_word' id='word_1_218' title='bbox 2665 1470 2731 1537; x_wconf 78' lang='grc' dir='ltr'>τῇ</span> <span class='ocrx_word' id='word_1_219' title='bbox 2756 1467 2915 1537; x_wconf 72' lang='grc' dir='ltr'>οὐσίᾳ</span> <span class='ocrx_word' id='word_1_220' title='bbox 2942 1468 3215 1536; x_wconf 88' lang='grc' dir='ltr'>τριαδικός</span> <span class='ocrx_word' id='word_1_221' title='bbox 3242 1469 3350 1521; x_wconf 75' lang='grc' dir='ltr'>ἔστι</span> <span class='ocrx_word' id='word_1_222' title='bbox 3396 1470 3487 1529; x_wconf 82' lang='grc' dir='ltr'>τοῖς</span> <span class='ocrx_word' id='word_1_223' title='bbox 3511 1483 3617 1535; x_wconf 68' lang='grc' dir='ltr'>προτ-</span> 
     </span>
    </p>
   </div>
   <div class='ocr_carea' id='block_1_31' title="bbox 2160 1555 3615 1628">
    <p class='ocr_par' dir='ltr' id='par_1_31' title="bbox 2160 1555 3615 1628">
     <span class='ocr_line' id='line_1_31' title="bbox 2160 1555 3615 1628; baseline -0.003 -17"><span class='ocrx_word' id='word_1_224' title='bbox 2160 1558 2353 1623; x_wconf 86' lang='grc' dir='ltr'>ὡποις.</span> <span class='ocrx_word' id='word_1_225' title='bbox 2387 1559 2500 1613; x_wconf 78' lang='grc' dir='ltr'><strong>Καὶ</strong></span> <span class='ocrx_word' id='word_1_226' title='bbox 2526 1558 2672 1614; x_wconf 85' lang='grc' dir='ltr'>τοῦτ’</span> <span class='ocrx_word' id='word_1_227' title='bbox 2700 1560 2769 1613; x_wconf 80' lang='grc' dir='ltr'><strong>ἂν</strong></span> <span class='ocrx_word' id='word_1_228' title='bbox 2799 1555 2920 1612; x_wconf 86' lang='grc' dir='ltr'>εἷπε</span> <span class='ocrx_word' id='word_1_229' title='bbox 2950 1560 3043 1612; x_wconf 85' lang='grc' dir='ltr'>καὶ</span> <span class='ocrx_word' id='word_1_230' title='bbox 3079 1560 3139 1612; x_wconf 89' lang='grc' dir='ltr'><strong>τὸ</strong></span> <span class='ocrx_word' id='word_1_231' title='bbox 3170 1559 3460 1628; x_wconf 80' lang='grc' dir='ltr'>Ἀλκοράνον</span> <span class='ocrx_word' id='word_1_232' title='bbox 3478 1558 3615 1619; x_wconf 71' lang='grc' dir='ltr'>ἁπλῶς,</span> 
     </span>
    </p>
   </div>
   <div class='ocr_carea' id='block_1_32' title="bbox 485 1640 2065 1724">
    <p class='ocr_par' dir='ltr' id='par_1_32' title="bbox 485 1640 2053 1705">
     <span class='ocr_line' id='line_1_32' title="bbox 485 1640 2053 1705; baseline -0.001 -8"><span class='ocrx_word' id='word_1_233' title='bbox 485 1652 657 1697; x_wconf 91' lang='lat' dir='ltr'><strong>ctum.</strong></span> <span class='ocrx_word' id='word_1_234' title='bbox 688 1640 828 1697; x_wconf 86' lang='lat' dir='ltr'><strong>Ecce</strong></span> <span class='ocrx_word' id='word_1_235' title='bbox 857 1642 947 1696; x_wconf 89' lang='lat' dir='ltr'><strong>hic</strong></span> <span class='ocrx_word' id='word_1_236' title='bbox 990 1642 1237 1696; x_wconf 84' lang='lat' dir='ltr'><strong>nominat</strong></span> <span class='ocrx_word' id='word_1_237' title='bbox 1274 1642 1466 1705; x_wconf 89' lang='lat' dir='ltr'><strong>Deum,</strong></span> <span class='ocrx_word' id='word_1_238' title='bbox 1501 1655 1555 1696; x_wconf 92' lang='lat' dir='ltr'><strong>et</strong></span> <span class='ocrx_word' id='word_1_239' title='bbox 1581 1642 1818 1697; x_wconf 67' lang='lat' dir='ltr'><strong>Verbum</strong></span> <span class='ocrx_word' id='word_1_240' title='bbox 1854 1642 1970 1703; x_wconf 88' lang='lat' dir='ltr'><strong>Dei,</strong></span> <span class='ocrx_word' id='word_1_241' title='bbox 1998 1652 2053 1696; x_wconf 90' lang='lat' dir='ltr'><strong>et</strong></span> 
     </span>
    </p>
   </div>
   <div class='ocr_carea' id='block_1_33' title="bbox 2162 1640 3605 1724">
    <p class='ocr_par' dir='ltr' id='par_1_33' title="bbox 2162 1647 3605 1724">
     <span class='ocr_line' id='line_1_33' title="bbox 2162 1647 3605 1724; baseline -0.004 -19"><span class='ocrx_word' id='word_1_242' title='bbox 2162 1654 2204 1706; x_wconf 86' lang='grc' dir='ltr'><strong>εἰ</strong></span> <span class='ocrx_word' id='word_1_243' title='bbox 2234 1655 2309 1724; x_wconf 84' lang='grc' dir='ltr'><strong>μὴ</strong></span> <span class='ocrx_word' id='word_1_244' title='bbox 2350 1653 2606 1707; x_wconf 74' lang='grc' dir='ltr'>ἐδεδοίκει</span> <span class='ocrx_word' id='word_1_245' title='bbox 2628 1652 2688 1706; x_wconf 85' lang='grc' dir='ltr'><strong>τὸ</strong></span> <span class='ocrx_word' id='word_1_246' title='bbox 2708 1654 2785 1723; x_wconf 80' lang='grc' dir='ltr'>μὴ</span> <span class='ocrx_word' id='word_1_247' title='bbox 2812 1653 3071 1707; x_wconf 77' lang='grc' dir='ltr'>δύνασθαι</span> <span class='ocrx_word' id='word_1_248' title='bbox 3107 1647 3244 1705; x_wconf 81' lang='grc' dir='ltr'>εἰναι</span> <span class='ocrx_word' id='word_1_249' title='bbox 3266 1651 3525 1721; x_wconf 70' lang='grc' dir='ltr'>προσώπων</span> <span class='ocrx_word' id='word_1_250' title='bbox 3551 1650 3605 1703; x_wconf 70' lang='lat' dir='ltr'><strong>{ti</strong></span> 
     </span>
    </p>
   </div>
   <div class='ocr_carea' id='block_1_34' title="bbox 486 1713 2065 1812">
    <p class='ocr_par' dir='ltr' id='par_1_34' title="bbox 486 1734 2051 1803">
     <span class='ocr_line' id='line_1_34' title="bbox 486 1734 2051 1803; baseline 0.001 -17"><span class='ocrx_word' id='word_1_251' title='bbox 486 1734 753 1802; x_wconf 84' lang='lat' dir='ltr'><strong>Spiritum</strong></span> <span class='ocrx_word' id='word_1_252' title='bbox 809 1744 1059 1787; x_wconf 88' lang='lat' dir='ltr'><strong>sanctum</strong></span> <span class='ocrx_word' id='word_1_253' title='bbox 1090 1750 1107 1800; x_wconf 86' lang='lat'><strong>;</strong></span> <span class='ocrx_word' id='word_1_254' title='bbox 1143 1734 1237 1788; x_wconf 88' lang='lat' dir='ltr'><strong>sed</strong></span> <span class='ocrx_word' id='word_1_255' title='bbox 1297 1735 1517 1798; x_wconf 89' lang='lat' dir='ltr'><strong>timens,</strong></span> <span class='ocrx_word' id='word_1_256' title='bbox 1551 1750 1618 1788; x_wconf 92' lang='lat' dir='ltr'><strong>ne</strong></span> <span class='ocrx_word' id='word_1_257' title='bbox 1679 1743 1901 1803; x_wconf 88' lang='lat' dir='ltr'><strong>propter</strong></span> <span class='ocrx_word' id='word_1_258' title='bbox 1937 1734 2051 1788; x_wconf 67' lang='lat' dir='ltr'><strong>haec</strong></span> 
     </span>
    </p>
   </div>
   <div class='ocr_carea' id='block_1_35' title="bbox 2162 1713 3620 1812">
    <p class='ocr_par' dir='ltr' id='par_1_35' title="bbox 2162 1734 3620 1812">
     <span class='ocr_line' id='line_1_35' title="bbox 2162 1734 3620 1812; baseline -0.004 -19"><span class='ocrx_word' id='word_1_259' title='bbox 2162 1758 2339 1810; x_wconf 83' lang='grc' dir='ltr'>κρισιν</span> <span class='ocrx_word' id='word_1_260' title='bbox 2363 1743 2489 1795; x_wconf 84' lang='grc' dir='ltr'>ἄνευ</span> <span class='ocrx_word' id='word_1_261' title='bbox 2515 1744 2614 1812; x_wconf 86' lang='grc' dir='ltr'><strong>τῆς</strong></span> <span class='ocrx_word' id='word_1_262' title='bbox 2671 1740 2792 1793; x_wconf 75' lang='grc' dir='ltr'>κατ’</span> <span class='ocrx_word' id='word_1_263' title='bbox 2812 1741 3001 1793; x_wconf 84' lang='grc' dir='ltr'>οὐσίαν</span> <span class='ocrx_word' id='word_1_264' title='bbox 3030 1739 3368 1807; x_wconf 80' lang='grc' dir='ltr'>διακρίσεως.</span> <span class='ocrx_word' id='word_1_265' title='bbox 3412 1736 3493 1790; x_wconf 80' lang='grc' dir='ltr'><strong>Διὰ</strong></span> <span class='ocrx_word' id='word_1_266' title='bbox 3522 1734 3620 1788; x_wconf 72' lang='grc' dir='ltr'>τοῦτό</span> 
     </span>
    </p>
   </div>
   <div class='ocr_carea' id='block_1_36' title="bbox 486 1824 2065 1905">
    <p class='ocr_par' dir='ltr' id='par_1_36' title="bbox 486 1824 2057 1896">
     <span class='ocr_line' id='line_1_36' title="bbox 486 1824 2057 1896; baseline 0.001 -18"><span class='ocrx_word' id='word_1_267' title='bbox 486 1824 672 1879; x_wconf 83' lang='lat' dir='ltr'><strong>divina</strong></span> <span class='ocrx_word' id='word_1_268' title='bbox 726 1826 971 1880; x_wconf 88' lang='lat' dir='ltr'><strong>essentia</strong></span> <span class='ocrx_word' id='word_1_269' title='bbox 1018 1826 1315 1888; x_wconf 85' lang='lat' dir='ltr'><strong>dividatur,</strong></span> <span class='ocrx_word' id='word_1_270' title='bbox 1366 1826 1449 1880; x_wconf 86' lang='lat' dir='ltr'><strong>vel</strong></span> <span class='ocrx_word' id='word_1_271' title='bbox 1507 1826 1927 1896; x_wconf 85' lang='lat' dir='ltr'><strong>multiplicetur,</strong></span> <span class='ocrx_word' id='word_1_272' title='bbox 1975 1826 2057 1880; x_wconf 80' lang='lat' dir='ltr'><strong>vel</strong></span> 
     </span>
    </p>
   </div>
   <div class='ocr_carea' id='block_1_37' title="bbox 2162 1824 3619 1905">
    <p class='ocr_par' dir='ltr' id='par_1_37' title="bbox 2163 1827 3619 1905">
     <span class='ocr_line' id='line_1_37' title="bbox 2163 1827 3619 1905; baseline 0.001 -19"><span class='ocrx_word' id='word_1_273' title='bbox 2163 1852 2327 1903; x_wconf 81' lang='grc' dir='ltr'>φησιν</span> <span class='ocrx_word' id='word_1_274' title='bbox 2345 1838 2402 1887; x_wconf 82' lang='grc' dir='ltr'><strong>ἐν</strong></span> <span class='ocrx_word' id='word_1_275' title='bbox 2426 1834 2502 1904; x_wconf 81' lang='grc' dir='ltr'>τῷ</span> <span class='ocrx_word' id='word_1_276' title='bbox 2531 1834 2809 1905; x_wconf 72' lang='grc' dir='ltr'>κεφαλαίῳ</span> <span class='ocrx_word' id='word_1_277' title='bbox 2830 1834 2907 1903; x_wconf 85' lang='grc' dir='ltr'>τῷ</span> <span class='ocrx_word' id='word_1_278' title='bbox 2945 1833 3219 1896; x_wconf 84' lang='grc' dir='ltr'>Ἑλνεσὰν,</span> <span class='ocrx_word' id='word_1_279' title='bbox 3248 1827 3314 1884; x_wconf 79' lang='grc' dir='ltr'><strong><em>Ὦ</em></strong></span> <span class='ocrx_word' id='word_1_280' title='bbox 3344 1830 3521 1899; x_wconf 80' lang='grc' dir='ltr'>ἐτερεία</span> <span class='ocrx_word' id='word_1_281' title='bbox 3560 1829 3619 1897; x_wconf 72' lang='grc' dir='ltr'><strong>τῆς</strong></span> 
     </span>
    </p>
   </div>
   <div class='ocr_carea' id='block_1_38' title="bbox 492 1916 2062 1989">
    <p class='ocr_par' dir='ltr' id='par_1_38' title="bbox 492 1916 2062 1989">
     <span class='ocr_line' id='line_1_38' title="bbox 492 1916 2062 1989; baseline 0.002 -20"><span class='ocrx_word' id='word_1_282' title='bbox 492 1918 843 1981; x_wconf 89' lang='lat' dir='ltr'><strong>terminetur,</strong></span> <span class='ocrx_word' id='word_1_283' title='bbox 886 1919 1168 1989; x_wconf 68' lang='lat' dir='ltr'><strong>subiungit</strong></span> <span class='ocrx_word' id='word_1_284' title='bbox 1220 1920 1452 1972; x_wconf 88' lang='lat' dir='ltr'><strong>statim:</strong></span> <span class='ocrx_word' id='word_1_285' title='bbox 1486 1916 1550 1971; x_wconf 85' lang='lat' dir='ltr'><strong>Et</strong></span> <span class='ocrx_word' id='word_1_286' title='bbox 1592 1933 1659 1972; x_wconf 87' lang='lat' dir='ltr'><strong>ne</strong></span> <span class='ocrx_word' id='word_1_287' title='bbox 1711 1919 1907 1972; x_wconf 89' lang='lat' dir='ltr'><strong>dicatis</strong></span> <span class='ocrx_word' id='word_1_288' title='bbox 1950 1926 2062 1973; x_wconf 86' lang='lat' dir='ltr'><strong>tres</strong></span> 
     </span>
    </p>
   </div>
   <div class='ocr_carea' id='block_1_39' title="bbox 487 2008 2057 2080">
    <p class='ocr_par' dir='ltr' id='par_1_39' title="bbox 487 2008 2057 2080">
     <span class='ocr_line' id='line_1_39' title="bbox 487 2008 2057 2080; baseline 0.001 -18"><span class='ocrx_word' id='word_1_289' title='bbox 487 2008 642 2073; x_wconf 90' lang='lat' dir='ltr'><strong>deos,</strong></span> <span class='ocrx_word' id='word_1_290' title='bbox 668 2013 924 2078; x_wconf 84' lang='lat' dir='ltr'><strong>quoniam</strong></span> <span class='ocrx_word' id='word_1_291' title='bbox 960 2009 1101 2063; x_wconf 90' lang='lat' dir='ltr'><strong>Deus</strong></span> <span class='ocrx_word' id='word_1_292' title='bbox 1129 2010 1272 2064; x_wconf 90' lang='lat' dir='ltr'><strong>Deus</strong></span> <span class='ocrx_word' id='word_1_293' title='bbox 1305 2027 1443 2064; x_wconf 89' lang='lat' dir='ltr'><strong>unus</strong></span> <span class='ocrx_word' id='word_1_294' title='bbox 1470 2019 1574 2064; x_wconf 78' lang='lat' dir='ltr'><strong>est.</strong></span> <span class='ocrx_word' id='word_1_295' title='bbox 1624 2012 1764 2067; x_wconf 88' lang='lat' dir='ltr'><strong>Ecce</strong></span> <span class='ocrx_word' id='word_1_296' title='bbox 1791 2022 2057 2080; x_wconf 91' lang='lat' dir='ltr'><strong>quantum</strong></span> 
     </span>
    </p>
   </div>
   <div class='ocr_carea' id='block_1_40' title="bbox 489 2103 2059 2173">
    <p class='ocr_par' dir='ltr' id='par_1_40' title="bbox 489 2103 2059 2173">
     <span class='ocr_line' id='line_1_40' title="bbox 489 2103 2059 2173; baseline -0.001 -16"><span class='ocrx_word' id='word_1_297' title='bbox 489 2104 958 2173; x_wconf 82' lang='lat' dir='ltr'><strong>appropinquavit</strong></span> <span class='ocrx_word' id='word_1_298' title='bbox 988 2103 1055 2156; x_wconf 89' lang='lat' dir='ltr'><strong>ad</strong></span> <span class='ocrx_word' id='word_1_299' title='bbox 1083 2103 1219 2157; x_wconf 89' lang='lat' dir='ltr'><strong>illud</strong></span> <span class='ocrx_word' id='word_1_300' title='bbox 1257 2104 1402 2172; x_wconf 90' lang='lat' dir='ltr'><strong>quod</strong></span> <span class='ocrx_word' id='word_1_301' title='bbox 1435 2111 1519 2159; x_wconf 88' lang='lat' dir='ltr'><strong>est</strong></span> <span class='ocrx_word' id='word_1_302' title='bbox 1563 2103 1797 2158; x_wconf 78' lang='lat' dir='ltr'><strong>maxime</strong></span> <span class='ocrx_word' id='word_1_303' title='bbox 1828 2105 2059 2157; x_wconf 91' lang='lat' dir='ltr'><strong>arduum</strong></span> 
     </span>
    </p>
   </div>
   <div class='ocr_carea' id='block_1_41' title="bbox 492 2195 2064 2264">
    <p class='ocr_par' dir='ltr' id='par_1_41' title="bbox 492 2195 2064 2264">
     <span class='ocr_line' id='line_1_41' title="bbox 492 2195 2064 2264; baseline -0.001 -14"><span class='ocrx_word' id='word_1_304' title='bbox 492 2199 546 2251; x_wconf 90' lang='lat' dir='ltr'><strong>in</strong></span> <span class='ocrx_word' id='word_1_305' title='bbox 582 2197 705 2255; x_wconf 86' lang='lat' dir='ltr'><strong>lide.</strong></span> <span class='ocrx_word' id='word_1_306' title='bbox 741 2195 903 2248; x_wconf 90' lang='lat' dir='ltr'><strong>modo</strong></span> <span class='ocrx_word' id='word_1_307' title='bbox 935 2195 1167 2264; x_wconf 86' lang='lat' dir='ltr'><strong>quodam</strong></span> <span class='ocrx_word' id='word_1_308' title='bbox 1199 2196 1303 2248; x_wconf 92' lang='lat' dir='ltr'><strong>hoc</strong></span> <span class='ocrx_word' id='word_1_309' title='bbox 1331 2196 1519 2249; x_wconf 84' lang='lat' dir='ltr'><strong>dicens</strong></span> <span class='ocrx_word' id='word_1_310' title='bbox 1548 2195 1814 2249; x_wconf 85' lang='lat' dir='ltr'><strong>Joannis:</strong></span> <span class='ocrx_word' id='word_1_311' title='bbox 1848 2214 1866 2246; x_wconf 73' lang='grc' dir='ltr'><strong>ι</strong></span> <span class='ocrx_word' id='word_1_312' title='bbox 1904 2196 2064 2250; x_wconf 87' lang='lat' dir='ltr'><strong>Pater</strong></span> 
     </span>
    </p>
   </div>
   <div class='ocr_carea' id='block_1_42' title="bbox 490 2284 2059 2353">
    <p class='ocr_par' dir='ltr' id='par_1_42' title="bbox 490 2284 2059 2353">
     <span class='ocr_line' id='line_1_42' title="bbox 490 2284 2059 2353; baseline -0.001 -13"><span class='ocrx_word' id='word_1_313' title='bbox 490 2296 549 2340; x_wconf 84' lang='lat' dir='ltr'><strong>et</strong></span> <span class='ocrx_word' id='word_1_314' title='bbox 592 2286 829 2340; x_wconf 79' lang='lat' dir='ltr'><strong>Verbum</strong></span> <span class='ocrx_word' id='word_1_315' title='bbox 865 2293 922 2338; x_wconf 91' lang='lat' dir='ltr'><strong>et</strong></span> <span class='ocrx_word' id='word_1_316' title='bbox 953 2284 1211 2353; x_wconf 83' lang='lat' dir='ltr'><strong>Spiritus,</strong></span> <span class='ocrx_word' id='word_1_317' title='bbox 1242 2294 1297 2337; x_wconf 89' lang='lat' dir='ltr'><strong>et</strong></span> <span class='ocrx_word' id='word_1_318' title='bbox 1343 2284 1395 2336; x_wconf 88' lang='lat' dir='ltr'><strong>hi</strong></span> <span class='ocrx_word' id='word_1_319' title='bbox 1432 2296 1541 2338; x_wconf 90' lang='lat' dir='ltr'><strong>tres</strong></span> <span class='ocrx_word' id='word_1_320' title='bbox 1575 2301 1743 2337; x_wconf 86' lang='lat' dir='ltr'><strong>unum</strong></span> <span class='ocrx_word' id='word_1_321' title='bbox 1777 2296 1902 2338; x_wconf 92' lang='lat' dir='ltr'><strong>sunt</strong></span> <span class='ocrx_word' id='word_1_322' title='bbox 1930 2286 1993 2338; x_wconf 84' lang='grc'><strong>³⁷.</strong></span> <span class='ocrx_word' id='word_1_323' title='bbox 2041 2306 2059 2337; x_wconf 75' lang='grc' dir='ltr'><strong>ι</strong></span> 
     </span>
    </p>
   </div>
   <div class='ocr_carea' id='block_1_43' title="bbox 492 2372 2065 2442">
    <p class='ocr_par' dir='ltr' id='par_1_43' title="bbox 492 2372 2065 2442">
     <span class='ocr_line' id='line_1_43' title="bbox 492 2372 2065 2442; baseline -0.001 -15"><span class='ocrx_word' id='word_1_324' title='bbox 492 2374 707 2427; x_wconf 69' lang='lat' dir='ltr'><strong>lndurit</strong></span> <span class='ocrx_word' id='word_1_325' title='bbox 732 2373 897 2442; x_wconf 88' lang='lat' dir='ltr'><strong>igitur</strong></span> <span class='ocrx_word' id='word_1_326' title='bbox 924 2373 979 2426; x_wconf 91' lang='lat' dir='ltr'><strong>in</strong></span> <span class='ocrx_word' id='word_1_327' title='bbox 1010 2373 1280 2426; x_wconf 83' lang='lat' dir='ltr'><strong>Alcorano</strong></span> <span class='ocrx_word' id='word_1_328' title='bbox 1306 2372 1647 2425; x_wconf 81' lang='lat' dir='ltr'><strong>Mahomctus</strong></span> <span class='ocrx_word' id='word_1_329' title='bbox 1682 2374 1848 2426; x_wconf 91' lang='lat' dir='ltr'><strong>Deum</strong></span> <span class='ocrx_word' id='word_1_330' title='bbox 1878 2373 2065 2442; x_wconf 89' lang='lat' dir='ltr'><strong>plura-</strong></span> 
     </span>
    </p>
   </div>
   <div class='ocr_carea' id='block_1_44' title="bbox 492 2463 2067 2536">
    <p class='ocr_par' dir='ltr' id='par_1_44' title="bbox 492 2463 2067 2536">
     <span class='ocr_line' id='line_1_44' title="bbox 492 2463 2067 2536; baseline -0.002 -15"><span class='ocrx_word' id='word_1_331' title='bbox 492 2468 622 2521; x_wconf 85' lang='lat' dir='ltr'><strong>liter</strong></span> <span class='ocrx_word' id='word_1_332' title='bbox 656 2469 1000 2536; x_wconf 87' lang='lat' dir='ltr'><strong>loquentem,</strong></span> <span class='ocrx_word' id='word_1_333' title='bbox 1026 2464 1285 2535; x_wconf 82' lang='lat' dir='ltr'><strong>ignorans</strong></span> <span class='ocrx_word' id='word_1_334' title='bbox 1312 2479 1553 2518; x_wconf 89' lang='lat' dir='ltr'><strong>causam.</strong></span> <span class='ocrx_word' id='word_1_335' title='bbox 1586 2463 1871 2517; x_wconf 82' lang='lat' dir='ltr'><strong>Manifesta</strong></span> <span class='ocrx_word' id='word_1_336' title='bbox 1903 2464 2067 2533; x_wconf 87' lang='lat' dir='ltr'><strong>igitur</strong></span> 
     </span>
    </p>
   </div>
   <div class='ocr_carea' id='block_1_45' title="bbox 495 2555 2067 2629">
    <p class='ocr_par' dir='ltr' id='par_1_45' title="bbox 495 2555 2067 2629">
     <span class='ocr_line' id='line_1_45' title="bbox 495 2555 2067 2629; baseline -0.001 -16"><span class='ocrx_word' id='word_1_337' title='bbox 495 2561 624 2613; x_wconf 87' lang='lat' dir='ltr'><strong>hinc</strong></span> <span class='ocrx_word' id='word_1_338' title='bbox 659 2559 834 2629; x_wconf 87' lang='lat' dir='ltr'><strong>prima</strong></span> <span class='ocrx_word' id='word_1_339' title='bbox 870 2558 1128 2628; x_wconf 64' lang='lat' dir='ltr'><strong>quaestio,</strong></span> <span class='ocrx_word' id='word_1_340' title='bbox 1182 2557 1328 2627; x_wconf 89' lang='lat' dir='ltr'><strong>quod</strong></span> <span class='ocrx_word' id='word_1_341' title='bbox 1383 2557 1748 2611; x_wconf 88' lang='lat' dir='ltr'><strong>communiter</strong></span> <span class='ocrx_word' id='word_1_342' title='bbox 1791 2555 2067 2611; x_wconf 90' lang='lat' dir='ltr'><strong>credimus</strong></span> 
     </span>
    </p>
   </div>
   <div class='ocr_carea' id='block_1_46' title="bbox 493 2640 2064 2717">
    <p class='ocr_par' dir='ltr' id='par_1_46' title="bbox 493 2640 2064 2717">
     <span class='ocr_line' id='line_1_46' title="bbox 493 2640 2064 2717; baseline 0 -12"><span class='ocrx_word' id='word_1_343' title='bbox 493 2640 619 2707; x_wconf 61' lang='lat' dir='ltr'><strong>cum</strong></span> <span class='ocrx_word' id='word_1_344' title='bbox 655 2652 742 2705; x_wconf 88' lang='lat' dir='ltr'><strong>bis</strong></span> <span class='ocrx_word' id='word_1_345' title='bbox 795 2651 963 2705; x_wconf 90' lang='lat' dir='ltr'><strong>Deum</strong></span> <span class='ocrx_word' id='word_1_346' title='bbox 998 2665 1119 2705; x_wconf 88' lang='lat' dir='ltr'><strong>esse</strong></span> <span class='ocrx_word' id='word_1_347' title='bbox 1150 2666 1321 2703; x_wconf 90' lang='lat' dir='ltr'><strong>unum</strong></span> <span class='ocrx_word' id='word_1_348' title='bbox 1354 2662 1409 2704; x_wconf 88' lang='lat' dir='ltr'><strong>et</strong></span> <span class='ocrx_word' id='word_1_349' title='bbox 1438 2650 1613 2703; x_wconf 90' lang='lat' dir='ltr'><strong>solum</strong></span> <span class='ocrx_word' id='word_1_350' title='bbox 1645 2661 1701 2704; x_wconf 91' lang='lat' dir='ltr'><strong>et</strong></span> <span class='ocrx_word' id='word_1_351' title='bbox 1733 2650 2064 2717; x_wconf 90' lang='lat' dir='ltr'><strong>simplicem.</strong></span> 
     </span>
    </p>
   </div>
   <div class='ocr_carea' id='block_1_47' title="bbox 494 2742 2069 2814">
    <p class='ocr_par' dir='ltr' id='par_1_47' title="bbox 494 2742 2069 2814">
     <span class='ocr_line' id='line_1_47' title="bbox 494 2742 2069 2814; baseline -0.002 -16"><span class='ocrx_word' id='word_1_352' title='bbox 494 2745 602 2814; x_wconf 91' lang='lat' dir='ltr'><strong>lpsi</strong></span> <span class='ocrx_word' id='word_1_353' title='bbox 632 2757 815 2799; x_wconf 83' lang='lat' dir='ltr'><strong>autem</strong></span> <span class='ocrx_word' id='word_1_354' title='bbox 849 2745 1052 2798; x_wconf 88' lang='lat' dir='ltr'><strong>habent</strong></span> <span class='ocrx_word' id='word_1_355' title='bbox 1084 2744 1139 2796; x_wconf 88' lang='lat' dir='ltr'><strong>in</strong></span> <span class='ocrx_word' id='word_1_356' title='bbox 1169 2743 1456 2805; x_wconf 84' lang='lat' dir='ltr'><strong>Alcorano,</strong></span> <span class='ocrx_word' id='word_1_357' title='bbox 1485 2743 1626 2797; x_wconf 88' lang='lat' dir='ltr'><strong>Deus</strong></span> <span class='ocrx_word' id='word_1_358' title='bbox 1657 2742 1818 2797; x_wconf 88' lang='lat' dir='ltr'><strong>habet</strong></span> <span class='ocrx_word' id='word_1_359' title='bbox 1846 2753 1901 2797; x_wconf 93' lang='lat' dir='ltr'><strong>et</strong></span> <span class='ocrx_word' id='word_1_360' title='bbox 1932 2742 2069 2797; x_wconf 86' lang='lat' dir='ltr'><strong>Ver-</strong></span> 
     </span>
    </p>
   </div>
   <div class='ocr_carea' id='block_1_48' title="bbox 507 2834 2065 2905">
    <p class='ocr_par' dir='ltr' id='par_1_48' title="bbox 507 2834 2065 2905">
     <span class='ocr_line' id='line_1_48' title="bbox 507 2834 2065 2905; baseline -0.002 -15"><span class='ocrx_word' id='word_1_361' title='bbox 507 2836 638 2890; x_wconf 86' lang='lat' dir='ltr'><strong>bum</strong></span> <span class='ocrx_word' id='word_1_362' title='bbox 669 2846 720 2889; x_wconf 91' lang='lat' dir='ltr'><strong>et</strong></span> <span class='ocrx_word' id='word_1_363' title='bbox 756 2836 1022 2905; x_wconf 89' lang='lat' dir='ltr'><strong>Spiritum</strong></span> <span class='ocrx_word' id='word_1_364' title='bbox 1056 2852 1069 2887; x_wconf 93' lang='lat'><strong>:</strong></span> <span class='ocrx_word' id='word_1_365' title='bbox 1098 2846 1153 2889; x_wconf 88' lang='lat' dir='ltr'><strong>et</strong></span> <span class='ocrx_word' id='word_1_366' title='bbox 1181 2835 1261 2889; x_wconf 90' lang='lat' dir='ltr'><strong>sic</strong></span> <span class='ocrx_word' id='word_1_367' title='bbox 1287 2834 1563 2888; x_wconf 88' lang='lat' dir='ltr'><strong>credimus</strong></span> <span class='ocrx_word' id='word_1_368' title='bbox 1596 2850 1788 2888; x_wconf 83' lang='lat' dir='ltr'><strong>verum</strong></span> <span class='ocrx_word' id='word_1_369' title='bbox 1815 2844 1869 2888; x_wconf 92' lang='lat' dir='ltr'><strong>et</strong></span> <span class='ocrx_word' id='word_1_370' title='bbox 1898 2850 2065 2887; x_wconf 90' lang='lat' dir='ltr'><strong>unum</strong></span> 
     </span>
    </p>
   </div>
   <div class='ocr_carea' id='block_1_49' title="bbox 499 2924 2070 2996">
    <p class='ocr_par' dir='ltr' id='par_1_49' title="bbox 499 2924 2070 2996">
     <span class='ocr_line' id='line_1_49' title="bbox 499 2924 2070 2996; baseline -0.001 -16"><span class='ocrx_word' id='word_1_371' title='bbox 499 2936 557 2980; x_wconf 91' lang='lat' dir='ltr'><strong>et</strong></span> <span class='ocrx_word' id='word_1_372' title='bbox 579 2926 884 2996; x_wconf 89' lang='lat' dir='ltr'><strong>simplicem</strong></span> <span class='ocrx_word' id='word_1_373' title='bbox 923 2927 1115 2980; x_wconf 88' lang='lat' dir='ltr'><strong>Deum.</strong></span> <span class='ocrx_word' id='word_1_374' title='bbox 1149 2926 1215 2978; x_wconf 86' lang='lat' dir='ltr'><strong>Et</strong></span> <span class='ocrx_word' id='word_1_375' title='bbox 1240 2925 1458 2993; x_wconf 90' lang='lat' dir='ltr'><strong>proprie</strong></span> <span class='ocrx_word' id='word_1_376' title='bbox 1497 2924 1563 2978; x_wconf 94' lang='lat' dir='ltr'><strong>de</strong></span> <span class='ocrx_word' id='word_1_377' title='bbox 1591 2939 1648 2978; x_wconf 90' lang='lat' dir='ltr'><strong>se</strong></span> <span class='ocrx_word' id='word_1_378' title='bbox 1680 2924 1926 2993; x_wconf 81' lang='lat' dir='ltr'><strong>loquitur</strong></span> <span class='ocrx_word' id='word_1_379' title='bbox 1957 2925 2070 2978; x_wconf 88' lang='lat' dir='ltr'><strong>sin-</strong></span> 
     </span>
    </p>
   </div>
   <div class='ocr_carea' id='block_1_50' title="bbox 2164 1916 3623 2002">
    <p class='ocr_par' dir='ltr' id='par_1_50' title="bbox 2164 1916 3623 2002">
     <span class='ocr_line' id='line_1_50' title="bbox 2164 1916 3623 2002; baseline -0.001 -30"><span class='ocrx_word' id='word_1_380' title='bbox 2164 1921 2370 1991; x_wconf 81' lang='grc' dir='ltr'>βίδλου,</span> <span class='ocrx_word' id='word_1_381' title='bbox 2432 1924 2507 1991; x_wconf 81' lang='grc' dir='ltr'>μὴ</span> <span class='ocrx_word' id='word_1_382' title='bbox 2536 1922 2833 2002; x_wconf 69' lang='grc' dir='ltr'>σχολάζετε</span> <span class='ocrx_word' id='word_1_383' title='bbox 2868 1924 2924 1974; x_wconf 82' lang='grc' dir='ltr'>ὲν</span> <span class='ocrx_word' id='word_1_384' title='bbox 2965 1923 3044 1991; x_wconf 84' lang='grc' dir='ltr'>τῷ</span> <span class='ocrx_word' id='word_1_385' title='bbox 3079 1922 3228 1991; x_wconf 86' lang='grc' dir='ltr'>νόμῳ</span> <span class='ocrx_word' id='word_1_386' title='bbox 3264 1919 3423 1990; x_wconf 79' lang='grc' dir='ltr'>ἡμῶν,</span> <span class='ocrx_word' id='word_1_387' title='bbox 3469 1917 3540 1971; x_wconf 79' lang='grc' dir='ltr'>καὶ</span> <span class='ocrx_word' id='word_1_388' title='bbox 3578 1916 3623 1982; x_wconf 78' lang='grc' dir='ltr'>μὴ</span> 
     </span>
    </p>
   </div>
   <div class='ocr_carea' id='block_1_51' title="bbox 2161 2008 3623 2090">
    <p class='ocr_par' dir='ltr' id='par_1_51' title="bbox 2161 2008 3623 2090">
     <span class='ocr_line' id='line_1_51' title="bbox 2161 2008 3623 2090; baseline 0.001 -26"><span class='ocrx_word' id='word_1_389' title='bbox 2161 2013 2348 2080; x_wconf 83' lang='grc' dir='ltr'><strong>λέγετε</strong></span> <span class='ocrx_word' id='word_1_390' title='bbox 2380 2015 2507 2080; x_wconf 84' lang='grc' dir='ltr'><strong>περί</strong></span> <span class='ocrx_word' id='word_1_391' title='bbox 2529 2013 2664 2065; x_wconf 85' lang='grc' dir='ltr'>Θεοῦ</span> <span class='ocrx_word' id='word_1_392' title='bbox 2700 2012 2837 2082; x_wconf 78' lang='grc' dir='ltr'>πλὴν</span> <span class='ocrx_word' id='word_1_393' title='bbox 2867 2011 2965 2082; x_wconf 79' lang='grc' dir='ltr'>τῆς</span> <span class='ocrx_word' id='word_1_394' title='bbox 2993 2012 3272 2090; x_wconf 61' lang='grc' dir='ltr'>ἀληθείας,</span> <span class='ocrx_word' id='word_1_395' title='bbox 3302 2012 3374 2063; x_wconf 83' lang='grc' dir='ltr'>ὅτι</span> <span class='ocrx_word' id='word_1_396' title='bbox 3418 2011 3442 2062; x_wconf 85' lang='grc' dir='ltr'>ὁ</span> <span class='ocrx_word' id='word_1_397' title='bbox 3469 2008 3623 2077; x_wconf 62' lang='grc' dir='ltr'>Χριπός</span> 
     </span>
    </p>
   </div>
   <div class='ocr_carea' id='block_1_52' title="bbox 2177 2095 3623 2174">
    <p class='ocr_par' dir='ltr' id='par_1_52' title="bbox 2177 2095 3623 2174">
     <span class='ocr_line' id='line_1_52' title="bbox 2177 2095 3623 2174; baseline -0.004 -18"><span class='ocrx_word' id='word_1_398' title='bbox 2177 2104 2385 2172; x_wconf 83' lang='grc' dir='ltr'>Ἰησοῦς</span> <span class='ocrx_word' id='word_1_399' title='bbox 2418 2105 2532 2163; x_wconf 84' lang='grc' dir='ltr'>υἱός</span> <span class='ocrx_word' id='word_1_400' title='bbox 2568 2106 2681 2157; x_wconf 78' lang='grc' dir='ltr'>ἐστι</span> <span class='ocrx_word' id='word_1_401' title='bbox 2709 2105 2806 2174; x_wconf 80' lang='grc' dir='ltr'>τῆς</span> <span class='ocrx_word' id='word_1_402' title='bbox 2835 2103 3079 2174; x_wconf 83' lang='grc' dir='ltr'>Μαρίας.</span> <span class='ocrx_word' id='word_1_403' title='bbox 3140 2104 3233 2157; x_wconf 76' lang='grc' dir='ltr'><strong>καὶ</strong></span> <span class='ocrx_word' id='word_1_404' title='bbox 3289 2100 3534 2160; x_wconf 73' lang='grc' dir='ltr'>ἀπόστολος</span> <span class='ocrx_word' id='word_1_405' title='bbox 3566 2095 3623 2149; x_wconf 66' lang='grc' dir='ltr'><strong>τοῦ</strong></span> 
     </span>
    </p>
   </div>
   <div class='ocr_carea' id='block_1_53' title="bbox 2165 2186 3625 2263">
    <p class='ocr_par' dir='ltr' id='par_1_53' title="bbox 2165 2186 3625 2263">
     <span class='ocr_line' id='line_1_53' title="bbox 2165 2186 3625 2263; baseline -0.005 -18"><span class='ocrx_word' id='word_1_406' title='bbox 2165 2193 2322 2259; x_wconf 90' lang='grc' dir='ltr'>Θεοῦ,</span> <span class='ocrx_word' id='word_1_407' title='bbox 2358 2194 2451 2246; x_wconf 76' lang='grc' dir='ltr'><strong>καὶ</strong></span> <span class='ocrx_word' id='word_1_408' title='bbox 2485 2195 2652 2262; x_wconf 81' lang='grc' dir='ltr'>Λόγος</span> <span class='ocrx_word' id='word_1_409' title='bbox 2675 2194 2833 2256; x_wconf 84' lang='grc' dir='ltr'>Θεοῦ,</span> <span class='ocrx_word' id='word_1_410' title='bbox 2881 2194 2910 2245; x_wconf 84' lang='grc' dir='ltr'><strong>ὃ</strong></span> <span class='ocrx_word' id='word_1_411' title='bbox 2968 2194 3026 2244; x_wconf 79' lang='grc' dir='ltr'>ὲν</span> <span class='ocrx_word' id='word_1_412' title='bbox 3056 2194 3195 2263; x_wconf 68' lang='grc' dir='ltr'>αὐτῇ</span> <span class='ocrx_word' id='word_1_413' title='bbox 3230 2192 3379 2261; x_wconf 72' lang='grc' dir='ltr'>ἔθηκε</span> <span class='ocrx_word' id='word_1_414' title='bbox 3412 2190 3483 2243; x_wconf 71' lang='grc' dir='ltr'>διὰ</span> <span class='ocrx_word' id='word_1_415' title='bbox 3523 2186 3625 2241; x_wconf 55' lang='lat' dir='ltr'><strong>Ilva}</strong></span> 
     </span>
    </p>
   </div>
   <div class='ocr_carea' id='block_1_54' title="bbox 2170 2279 3627 2355">
    <p class='ocr_par' dir='ltr' id='par_1_54' title="bbox 2170 2279 3627 2355">
     <span class='ocr_line' id='line_1_54' title="bbox 2170 2279 3627 2355; baseline -0.005 -18"><span class='ocrx_word' id='word_1_416' title='bbox 2170 2303 2359 2355; x_wconf 86' lang='grc' dir='ltr'>ματος.</span> <span class='ocrx_word' id='word_1_417' title='bbox 2385 2287 2516 2338; x_wconf 77' lang='grc' dir='ltr'>Ἰδοὺ</span> <span class='ocrx_word' id='word_1_418' title='bbox 2548 2285 2782 2338; x_wconf 77' lang='grc' dir='ltr'>ἐνταῦθα</span> <span class='ocrx_word' id='word_1_419' title='bbox 2803 2283 3058 2353; x_wconf 79' lang='grc' dir='ltr'><strong>ὀνομάζει</strong></span> <span class='ocrx_word' id='word_1_420' title='bbox 3082 2285 3232 2349; x_wconf 87' lang='grc' dir='ltr'>Θεὸν,</span> <span class='ocrx_word' id='word_1_421' title='bbox 3268 2285 3354 2336; x_wconf 75' lang='grc' dir='ltr'><strong>καὶ</strong></span> <span class='ocrx_word' id='word_1_422' title='bbox 3394 2284 3529 2348; x_wconf 84' lang='grc' dir='ltr'>Λόγον</span> <span class='ocrx_word' id='word_1_423' title='bbox 3544 2279 3627 2331; x_wconf 73' lang='grc' dir='ltr'>Θεοῦ</span> 
     </span>
    </p>
   </div>
   <div class='ocr_carea' id='block_1_55' title="bbox 2167 2367 3627 2445">
    <p class='ocr_par' dir='ltr' id='par_1_55' title="bbox 2167 2367 3627 2445">
     <span class='ocr_line' id='line_1_55' title="bbox 2167 2367 3627 2445; baseline -0.005 -18"><span class='ocrx_word' id='word_1_424' title='bbox 2167 2377 2261 2427; x_wconf 76' lang='grc' dir='ltr'><strong>καὶ</strong></span> <span class='ocrx_word' id='word_1_425' title='bbox 2302 2377 2525 2444; x_wconf 84' lang='grc' dir='ltr'>Πνεῦμα</span> <span class='ocrx_word' id='word_1_426' title='bbox 2577 2379 2751 2443; x_wconf 84' lang='grc' dir='ltr'>ᾰγιον.</span> <span class='ocrx_word' id='word_1_427' title='bbox 2814 2375 2973 2428; x_wconf 80' lang='grc' dir='ltr'>Ἀλλὰ</span> <span class='ocrx_word' id='word_1_428' title='bbox 3019 2376 3343 2445; x_wconf 75' lang='grc' dir='ltr'>φοϐούμενος</span> <span class='ocrx_word' id='word_1_429' title='bbox 3381 2367 3542 2440; x_wconf 66' lang='grc' dir='ltr'>ἵναμὴ</span> <span class='ocrx_word' id='word_1_430' title='bbox 3577 2372 3627 2420; x_wconf 70' lang='lat' dir='ltr'><strong>iii</strong></span> 
     </span>
    </p>
   </div>
   <div class='ocr_carea' id='block_1_56' title="bbox 2168 2461 3625 2537">
    <p class='ocr_par' dir='ltr' id='par_1_56' title="bbox 2168 2461 3625 2537">
     <span class='ocr_line' id='line_1_56' title="bbox 2168 2461 3625 2537; baseline -0.003 -18"><span class='ocrx_word' id='word_1_431' title='bbox 2168 2466 2341 2519; x_wconf 86' lang='grc' dir='ltr'>ταῦτα</span> <span class='ocrx_word' id='word_1_432' title='bbox 2362 2468 2395 2536; x_wconf 87' lang='grc' dir='ltr'><strong>ή</strong></span> <span class='ocrx_word' id='word_1_433' title='bbox 2430 2467 2551 2521; x_wconf 84' lang='grc' dir='ltr'>θεία</span> <span class='ocrx_word' id='word_1_434' title='bbox 2582 2468 2739 2519; x_wconf 81' lang='grc' dir='ltr'>οὐσία</span> <span class='ocrx_word' id='word_1_435' title='bbox 2774 2467 3031 2537; x_wconf 77' lang='grc' dir='ltr'>μερισθῇ,</span> <span class='ocrx_word' id='word_1_436' title='bbox 3059 2468 3092 2536; x_wconf 82' lang='grc' dir='ltr'><strong>ἢ</strong></span> <span class='ocrx_word' id='word_1_437' title='bbox 3127 2465 3408 2535; x_wconf 80' lang='grc' dir='ltr'>πληθυνθῇ,</span> <span class='ocrx_word' id='word_1_438' title='bbox 3434 2465 3460 2533; x_wconf 83' lang='grc' dir='ltr'>ἦ</span> <span class='ocrx_word' id='word_1_439' title='bbox 3485 2461 3625 2529; x_wconf 70' lang='grc' dir='ltr'>ὁρισθῇ.</span> 
     </span>
    </p>
   </div>
   <div class='ocr_carea' id='block_1_57' title="bbox 2170 2556 3630 2628">
    <p class='ocr_par' dir='ltr' id='par_1_57' title="bbox 2170 2556 3630 2628">
     <span class='ocr_line' id='line_1_57' title="bbox 2170 2556 3630 2628; baseline -0.005 -17"><span class='ocrx_word' id='word_1_440' title='bbox 2170 2559 2493 2628; x_wconf 76' lang='grc' dir='ltr'>προστίθησι</span> <span class='ocrx_word' id='word_1_441' title='bbox 2518 2558 2796 2628; x_wconf 83' lang='grc' dir='ltr'>παρευθύς</span> <span class='ocrx_word' id='word_1_442' title='bbox 2819 2576 2836 2592; x_wconf 79' lang='grc' dir='ltr'><strong><em>ο</em></strong></span> <span class='ocrx_word' id='word_1_443' title='bbox 2893 2558 3007 2612; x_wconf 78' lang='grc' dir='ltr'><strong>Καὶ</strong></span> <span class='ocrx_word' id='word_1_444' title='bbox 3034 2560 3112 2628; x_wconf 83' lang='grc' dir='ltr'><strong>μὴ</strong></span> <span class='ocrx_word' id='word_1_445' title='bbox 3144 2560 3339 2611; x_wconf 78' lang='grc' dir='ltr'>εἴποιτε</span> <span class='ocrx_word' id='word_1_446' title='bbox 3370 2558 3511 2624; x_wconf 81' lang='grc' dir='ltr'>τρεῖς,</span> <span class='ocrx_word' id='word_1_447' title='bbox 3536 2556 3588 2605; x_wconf 68' lang='grc' dir='ltr'>ὅτι</span> <span class='ocrx_word' id='word_1_448' title='bbox 3615 2556 3630 2600; x_wconf 67' lang='grc' dir='ltr'>ὁ</span> 
     </span>
    </p>
   </div>
   <div class='ocr_carea' id='block_1_58' title="bbox 2169 2644 3631 2729">
    <p class='ocr_par' dir='ltr' id='par_1_58' title="bbox 2169 2644 3631 2729">
     <span class='ocr_line' id='line_1_58' title="bbox 2169 2644 3631 2729; baseline -0.005 -25"><span class='ocrx_word' id='word_1_449' title='bbox 2169 2650 2297 2715; x_wconf 69' lang='grc' dir='ltr'>Θεὸς</span> <span class='ocrx_word' id='word_1_450' title='bbox 2326 2651 2471 2729; x_wconf 39' lang='grc' dir='ltr'>Θεός-</span> <span class='ocrx_word' id='word_1_451' title='bbox 2505 2653 2653 2704; x_wconf 78' lang='grc' dir='ltr'>ἐστιν</span> <span class='ocrx_word' id='word_1_452' title='bbox 2709 2645 2811 2715; x_wconf 77' lang='grc' dir='ltr'>εἷς.</span> <span class='ocrx_word' id='word_1_453' title='bbox 2860 2651 2996 2705; x_wconf 79' lang='grc' dir='ltr'>Ἰδοὺ</span> <span class='ocrx_word' id='word_1_454' title='bbox 3046 2651 3212 2703; x_wconf 86' lang='grc' dir='ltr'>πόσον</span> <span class='ocrx_word' id='word_1_455' title='bbox 3266 2644 3631 2717; x_wconf 63' lang='grc' dir='ltr'>πεπλησίακεηᾶ</span> 
     </span>
    </p>
   </div>
   <div class='ocr_carea' id='block_1_59' title="bbox 2174 2738 3631 2813">
    <p class='ocr_par' dir='ltr' id='par_1_59' title="bbox 2174 2738 3631 2813">
     <span class='ocr_line' id='line_1_59' title="bbox 2174 2738 3631 2813; baseline -0.007 -18"><span class='ocrx_word' id='word_1_456' title='bbox 2174 2744 2406 2813; x_wconf 75' lang='grc' dir='ltr'>μάλιστα</span> <span class='ocrx_word' id='word_1_457' title='bbox 2460 2743 2715 2812; x_wconf 80' lang='grc' dir='ltr'>μέγιστόν</span> <span class='ocrx_word' id='word_1_458' title='bbox 2740 2743 2888 2795; x_wconf 74' lang='grc' dir='ltr'>ἐστιν</span> <span class='ocrx_word' id='word_1_459' title='bbox 2913 2744 2972 2795; x_wconf 81' lang='grc' dir='ltr'>ὲν</span> <span class='ocrx_word' id='word_1_460' title='bbox 2997 2746 3065 2813; x_wconf 75' lang='grc' dir='ltr'>τῇ</span> <span class='ocrx_word' id='word_1_461' title='bbox 3124 2744 3323 2807; x_wconf 80' lang='grc' dir='ltr'>πίστει,</span> <span class='ocrx_word' id='word_1_462' title='bbox 3370 2740 3532 2809; x_wconf 80' lang='grc' dir='ltr'>τρόπον</span> <span class='ocrx_word' id='word_1_463' title='bbox 3560 2738 3631 2787; x_wconf 67' lang='grc' dir='ltr'>τινὰ</span> 
     </span>
    </p>
   </div>
   <div class='ocr_carea' id='block_1_60' title="bbox 2171 2826 3633 2911">
    <p class='ocr_par' dir='ltr' id='par_1_60' title="bbox 2171 2826 3633 2911">
     <span class='ocr_line' id='line_1_60' title="bbox 2171 2826 3633 2911; baseline -0.01 -22"><span class='ocrx_word' id='word_1_464' title='bbox 2171 2836 2343 2889; x_wconf 74' lang='grc' dir='ltr'>ταυτα</span> <span class='ocrx_word' id='word_1_465' title='bbox 2370 2835 2543 2902; x_wconf 83' lang='grc' dir='ltr'>λέγων</span> <span class='ocrx_word' id='word_1_466' title='bbox 2573 2834 2650 2902; x_wconf 83' lang='grc' dir='ltr'>τῷ</span> <span class='ocrx_word' id='word_1_467' title='bbox 2685 2833 2927 2906; x_wconf 82' lang='grc' dir='ltr'><strong>Ἰωάννῃ·</strong></span> <span class='ocrx_word' id='word_1_468' title='bbox 2972 2852 3017 2911; x_wconf 76' lang='lat' dir='ltr'><strong>_t</strong></span> <span class='ocrx_word' id='word_1_469' title='bbox 3050 2835 3080 2886; x_wconf 88' lang='grc' dir='ltr'>ὁ</span> <span class='ocrx_word' id='word_1_470' title='bbox 3106 2833 3308 2903; x_wconf 78' lang='grc' dir='ltr'>Πατὴρ,</span> <span class='ocrx_word' id='word_1_471' title='bbox 3365 2834 3390 2883; x_wconf 83' lang='grc' dir='ltr'>ὁ</span> <span class='ocrx_word' id='word_1_472' title='bbox 3412 2832 3543 2895; x_wconf 81' lang='grc' dir='ltr'>Λόγος</span> <span class='ocrx_word' id='word_1_473' title='bbox 3578 2826 3633 2877; x_wconf 73' lang='lat' dir='ltr'><strong>xz&quot;.</strong></span> 
     </span>
    </p>
   </div>
   <div class='ocr_carea' id='block_1_61' title="bbox 2172 2914 3632 2992">
    <p class='ocr_par' dir='ltr' id='par_1_61' title="bbox 2172 2914 3632 2992">
     <span class='ocr_line' id='line_1_61' title="bbox 2172 2914 3632 2992; baseline -0.009 -16"><span class='ocrx_word' id='word_1_474' title='bbox 2172 2925 2233 2976; x_wconf 92' lang='grc' dir='ltr'><strong>τὸ</strong></span> <span class='ocrx_word' id='word_1_475' title='bbox 2264 2923 2504 2992; x_wconf 83' lang='grc' dir='ltr'>Πνεῦμα,</span> <span class='ocrx_word' id='word_1_476' title='bbox 2546 2922 2640 2985; x_wconf 73' lang='grc' dir='ltr'><strong>καὶ</strong></span> <span class='ocrx_word' id='word_1_477' title='bbox 2663 2916 2806 2974; x_wconf 78' lang='grc' dir='ltr'>οῦτοι</span> <span class='ocrx_word' id='word_1_478' title='bbox 2829 2922 2877 2973; x_wconf 88' lang='grc' dir='ltr'><strong>οί</strong></span> <span class='ocrx_word' id='word_1_479' title='bbox 2910 2924 3060 2992; x_wconf 83' lang='grc' dir='ltr'>τρεῖς</span> <span class='ocrx_word' id='word_1_480' title='bbox 3086 2924 3147 2974; x_wconf 84' lang='grc' dir='ltr'><strong>τὸ</strong></span> <span class='ocrx_word' id='word_1_481' title='bbox 3176 2923 3233 2975; x_wconf 81' lang='grc' dir='ltr'>ἓν</span> <span class='ocrx_word' id='word_1_482' title='bbox 3260 2923 3403 2974; x_wconf 81' lang='grc' dir='ltr'>εἰσιν.</span> <span class='ocrx_word' id='word_1_483' title='bbox 3438 2938 3453 2968; x_wconf 73' lang='grc' dir='ltr'><strong>ι</strong></span> <span class='ocrx_word' id='word_1_484' title='bbox 3491 2914 3632 2978; x_wconf 66' lang='grc' dir='ltr'>Είσὰγνι</span> 
     </span>
    </p>
   </div>
   <div class='ocr_carea' id='block_1_62' title="bbox 498 3004 2065 3099">
    <p class='ocr_par' dir='ltr' id='par_1_62' title="bbox 498 3017 2065 3089">
     <span class='ocr_line' id='line_1_62' title="bbox 498 3017 2065 3089; baseline -0.001 -17"><span class='ocrx_word' id='word_1_485' title='bbox 498 3018 769 3089; x_wconf 87' lang='lat' dir='ltr'><strong>gulariter</strong></span> <span class='ocrx_word' id='word_1_486' title='bbox 796 3036 810 3085; x_wconf 90' lang='lat'><strong>;</strong></span> <span class='ocrx_word' id='word_1_487' title='bbox 837 3026 1125 3086; x_wconf 88' lang='lat' dir='ltr'><strong>propterea</strong></span> <span class='ocrx_word' id='word_1_488' title='bbox 1153 3017 1503 3084; x_wconf 85' lang='lat' dir='ltr'><strong>autemquod</strong></span> <span class='ocrx_word' id='word_1_489' title='bbox 1537 3017 1713 3071; x_wconf 89' lang='lat' dir='ltr'><strong>triuus</strong></span> <span class='ocrx_word' id='word_1_490' title='bbox 1746 3026 1831 3070; x_wconf 90' lang='lat' dir='ltr'><strong>est</strong></span> <span class='ocrx_word' id='word_1_491' title='bbox 1864 3017 1919 3070; x_wconf 91' lang='lat' dir='ltr'><strong>in</strong></span> <span class='ocrx_word' id='word_1_492' title='bbox 1950 3033 2065 3087; x_wconf 54' lang='lat' dir='ltr'><strong>per»</strong></span> 
     </span>
    </p>
   </div>
   <div class='ocr_carea' id='block_1_63' title="bbox 2162 3004 3633 3099">
    <p class='ocr_par' dir='ltr' id='par_1_63' title="bbox 2173 3004 3633 3085">
     <span class='ocr_line' id='line_1_63' title="bbox 2173 3004 3633 3085; baseline -0.011 -14"><span class='ocrx_word' id='word_1_493' title='bbox 2173 3017 2353 3071; x_wconf 83' lang='grc' dir='ltr'>τοίνυν</span> <span class='ocrx_word' id='word_1_494' title='bbox 2384 3017 2442 3069; x_wconf 82' lang='grc' dir='ltr'><strong>ὲν</strong></span> <span class='ocrx_word' id='word_1_495' title='bbox 2469 3015 2546 3085; x_wconf 85' lang='grc' dir='ltr'>τῷ</span> <span class='ocrx_word' id='word_1_496' title='bbox 2592 3014 2906 3084; x_wconf 80' lang='grc' dir='ltr'>Ἀλκοράνῳ</span> <span class='ocrx_word' id='word_1_497' title='bbox 2937 3015 2964 3065; x_wconf 85' lang='grc' dir='ltr'>ὁ</span> <span class='ocrx_word' id='word_1_498' title='bbox 2993 3015 3239 3084; x_wconf 82' lang='grc' dir='ltr'>Μωάμεθ</span> <span class='ocrx_word' id='word_1_499' title='bbox 3294 3013 3374 3067; x_wconf 72' lang='grc' dir='ltr'><strong>τὸν</strong></span> <span class='ocrx_word' id='word_1_500' title='bbox 3408 3010 3513 3063; x_wconf 79' lang='grc' dir='ltr'>Θεὸν</span> <span class='ocrx_word' id='word_1_501' title='bbox 3550 3004 3633 3071; x_wconf 66' lang='grc' dir='ltr'>πλη·</span> 
     </span>
    </p>
   </div>
   <div class='ocr_carea' id='block_1_64' title="bbox 499 3107 1834 3182">
    <p class='ocr_par' dir='ltr' id='par_1_64' title="bbox 499 3107 1834 3182">
     <span class='ocr_line' id='line_1_64' title="bbox 499 3107 1834 3182; baseline -0.004 -17"><span class='ocrx_word' id='word_1_502' title='bbox 499 3113 674 3180; x_wconf 71' lang='grc' dir='ltr'>εοιιίε,</span> <span class='ocrx_word' id='word_1_503' title='bbox 714 3112 1012 3182; x_wconf 87' lang='lat' dir='ltr'><strong>aliquando</strong></span> <span class='ocrx_word' id='word_1_504' title='bbox 1047 3112 1115 3165; x_wconf 90' lang='lat' dir='ltr'><strong>de</strong></span> <span class='ocrx_word' id='word_1_505' title='bbox 1146 3124 1203 3163; x_wconf 90' lang='lat' dir='ltr'><strong>se</strong></span> <span class='ocrx_word' id='word_1_506' title='bbox 1242 3109 1527 3177; x_wconf 89' lang='lat' dir='ltr'><strong>pluraliter</strong></span> <span class='ocrx_word' id='word_1_507' title='bbox 1562 3107 1834 3177; x_wconf 86' lang='lat' dir='ltr'><strong>loquitur.</strong></span> 
     </span>
    </p>
   </div>
   <div class='ocr_carea' id='block_1_65' title="bbox 2181 3097 3634 3176">
    <p class='ocr_par' dir='ltr' id='par_1_65' title="bbox 2181 3097 3634 3176">
     <span class='ocr_line' id='line_1_65' title="bbox 2181 3097 3634 3176; baseline -0.014 -13"><span class='ocrx_word' id='word_1_508' title='bbox 2181 3108 2448 3169; x_wconf 85' lang='grc' dir='ltr'>Θυντικῶς</span> <span class='ocrx_word' id='word_1_509' title='bbox 2482 3105 2887 3174; x_wconf 83' lang='grc' dir='ltr'>διαλεγόμενον,</span> <span class='ocrx_word' id='word_1_510' title='bbox 2942 3106 3160 3172; x_wconf 83' lang='grc' dir='ltr'>ἀγνοῶν</span> <span class='ocrx_word' id='word_1_511' title='bbox 3212 3106 3303 3176; x_wconf 80' lang='grc' dir='ltr'>τὴν</span> <span class='ocrx_word' id='word_1_512' title='bbox 3328 3103 3493 3157; x_wconf 83' lang='grc' dir='ltr'>αἰτίαν.</span> <span class='ocrx_word' id='word_1_513' title='bbox 3528 3097 3634 3166; x_wconf 73' lang='grc' dir='ltr'>Δῆλον</span> 
     </span>
    </p>
   </div>
   <div class='ocr_carea' id='block_1_66' title="bbox 496 3186 3635 3276">
    <p class='ocr_par' dir='ltr' id='par_1_66' title="bbox 496 3186 3635 3276">
     <span class='ocr_line' id='line_1_66' title="bbox 496 3186 3635 3276; baseline -0.007 -17"><span class='ocrx_word' id='word_1_514' title='bbox 496 3209 677 3259; x_wconf 72' lang='grc' dir='ltr'>τοίνυν</span> <span class='ocrx_word' id='word_1_515' title='bbox 731 3206 978 3259; x_wconf 81' lang='grc' dir='ltr'>ἐντεῦθεν</span> <span class='ocrx_word' id='word_1_516' title='bbox 1009 3205 1069 3258; x_wconf 91' lang='grc' dir='ltr'><strong>τὸ</strong></span> <span class='ocrx_word' id='word_1_517' title='bbox 1104 3206 1318 3272; x_wconf 57' lang='grc' dir='ltr'>πρῶτον</span> <span class='ocrx_word' id='word_1_518' title='bbox 1347 3204 1585 3273; x_wconf 77' lang='grc' dir='ltr'>ζήτημα,</span> <span class='ocrx_word' id='word_1_519' title='bbox 1612 3205 1695 3256; x_wconf 82' lang='grc' dir='ltr'>ὅτι</span> <span class='ocrx_word' id='word_1_520' title='bbox 1725 3206 1918 3268; x_wconf 82' lang='grc' dir='ltr'>κοινῶς</span> <span class='ocrx_word' id='word_1_521' title='bbox 1967 3209 2293 3276; x_wconf 75' lang='grc' dir='ltr'>πιστεύομεν</span> <span class='ocrx_word' id='word_1_522' title='bbox 2344 3205 2461 3272; x_wconf 89' lang='grc' dir='ltr'>μετ’</span> <span class='ocrx_word' id='word_1_523' title='bbox 2513 3200 2692 3255; x_wconf 82' lang='grc' dir='ltr'>αὐτῶν</span> <span class='ocrx_word' id='word_1_524' title='bbox 2759 3200 2849 3253; x_wconf 88' lang='grc' dir='ltr'><strong>τὸν</strong></span> <span class='ocrx_word' id='word_1_525' title='bbox 2915 3198 3047 3251; x_wconf 82' lang='grc' dir='ltr'>Θεὸν</span> <span class='ocrx_word' id='word_1_526' title='bbox 3105 3200 3203 3252; x_wconf 76' lang='grc' dir='ltr'><strong>ἕνα</strong></span> <span class='ocrx_word' id='word_1_527' title='bbox 3269 3197 3356 3251; x_wconf 75' lang='grc' dir='ltr'>καὶ</span> <span class='ocrx_word' id='word_1_528' title='bbox 3397 3194 3522 3265; x_wconf 83' lang='grc' dir='ltr'>μόνον</span> <span class='ocrx_word' id='word_1_529' title='bbox 3552 3186 3635 3241; x_wconf 68' lang='grc' dir='ltr'>εἶναι</span> 
     </span>
    </p>
   </div>
   <div class='ocr_carea' id='block_1_67' title="bbox 499 3286 3636 3367">
    <p class='ocr_par' dir='ltr' id='par_1_67' title="bbox 499 3286 3636 3367">
     <span class='ocr_line' id='line_1_67' title="bbox 499 3286 3636 3367; baseline -0.004 -19"><span class='ocrx_word' id='word_1_530' title='bbox 499 3298 595 3348; x_wconf 75' lang='grc' dir='ltr'><strong>καὶ</strong></span> <span class='ocrx_word' id='word_1_531' title='bbox 619 3294 845 3349; x_wconf 80' lang='grc' dir='ltr'>ἁπλοῦν,</span> <span class='ocrx_word' id='word_1_532' title='bbox 878 3295 1040 3348; x_wconf 74' lang='grc' dir='ltr'>Αὐτοὶ</span> <span class='ocrx_word' id='word_1_533' title='bbox 1066 3296 1123 3348; x_wconf 87' lang='grc' dir='ltr'>δὲ</span> <span class='ocrx_word' id='word_1_534' title='bbox 1144 3295 1359 3365; x_wconf 76' lang='grc' dir='ltr'>ἔχουσιν</span> <span class='ocrx_word' id='word_1_535' title='bbox 1413 3296 1471 3347; x_wconf 82' lang='grc' dir='ltr'>ὲν</span> <span class='ocrx_word' id='word_1_536' title='bbox 1504 3294 1579 3363; x_wconf 81' lang='grc' dir='ltr'>τῷ</span> <span class='ocrx_word' id='word_1_537' title='bbox 1638 3292 1953 3365; x_wconf 82' lang='grc' dir='ltr'>Ἀλκοράνῳ</span> <span class='ocrx_word' id='word_1_538' title='bbox 1982 3311 1995 3325; x_wconf 85' lang='lat'><strong><em>‘</em></strong></span> <span class='ocrx_word' id='word_1_539' title='bbox 2042 3296 2103 3349; x_wconf 86' lang='grc' dir='ltr'><strong>Ὀ</strong></span> <span class='ocrx_word' id='word_1_540' title='bbox 2175 3296 2308 3357; x_wconf 87' lang='grc' dir='ltr'>Θεὸς</span> <span class='ocrx_word' id='word_1_541' title='bbox 2348 3295 2460 3365; x_wconf 78' lang='grc' dir='ltr'>ἔχει</span> <span class='ocrx_word' id='word_1_542' title='bbox 2487 3294 2580 3347; x_wconf 68' lang='grc' dir='ltr'>καὶ</span> <span class='ocrx_word' id='word_1_543' title='bbox 2641 3293 2810 3367; x_wconf 80' lang='grc' dir='ltr'>Λόγον</span> <span class='ocrx_word' id='word_1_544' title='bbox 2846 3293 2938 3345; x_wconf 77' lang='grc' dir='ltr'>καὶ</span> <span class='ocrx_word' id='word_1_545' title='bbox 2995 3292 3247 3359; x_wconf 87' lang='grc' dir='ltr'>Πνεῦμα.</span> <span class='ocrx_word' id='word_1_546' title='bbox 3299 3290 3397 3343; x_wconf 81' lang='grc' dir='ltr'>Καὶ</span> <span class='ocrx_word' id='word_1_547' title='bbox 3437 3286 3542 3339; x_wconf 75' lang='grc' dir='ltr'>οὕτω</span> <span class='ocrx_word' id='word_1_548' title='bbox 3583 3295 3636 3329; x_wconf 57' lang='grc' dir='ltr'>τι·</span> 
     </span>
    </p>
   </div>
   <div class='ocr_carea' id='block_1_68' title="bbox 500 3369 3635 3460">
    <p class='ocr_par' dir='ltr' id='par_1_68' title="bbox 500 3369 3635 3460">
     <span class='ocr_line' id='line_1_68' title="bbox 500 3369 3635 3460; baseline -0.006 -17"><span class='ocrx_word' id='word_1_549' title='bbox 500 3390 761 3460; x_wconf 84' lang='grc' dir='ltr'>στεύομεν</span> <span class='ocrx_word' id='word_1_550' title='bbox 786 3392 875 3442; x_wconf 91' lang='grc' dir='ltr'><strong>τὸν</strong></span> <span class='ocrx_word' id='word_1_551' title='bbox 901 3390 1076 3458; x_wconf 83' lang='grc' dir='ltr'><strong>ἀληθῆ</strong></span> <span class='ocrx_word' id='word_1_552' title='bbox 1106 3392 1200 3441; x_wconf 74' lang='grc' dir='ltr'><strong>καὶ</strong></span> <span class='ocrx_word' id='word_1_553' title='bbox 1232 3389 1327 3441; x_wconf 73' lang='grc' dir='ltr'><strong>ἕνα</strong></span> <span class='ocrx_word' id='word_1_554' title='bbox 1354 3388 1451 3442; x_wconf 76' lang='grc' dir='ltr'>καὶ</span> <span class='ocrx_word' id='word_1_555' title='bbox 1472 3388 1676 3440; x_wconf 80' lang='grc' dir='ltr'>ἁπλοῦν</span> <span class='ocrx_word' id='word_1_556' title='bbox 1736 3387 1895 3453; x_wconf 85' lang='grc' dir='ltr'>Θεὸν,</span> <span class='ocrx_word' id='word_1_557' title='bbox 1937 3389 2013 3451; x_wconf 85' lang='grc' dir='ltr'><strong>ὡς</strong></span> <span class='ocrx_word' id='word_1_558' title='bbox 2077 3390 2176 3459; x_wconf 82' lang='grc' dir='ltr'>μὲν</span> <span class='ocrx_word' id='word_1_559' title='bbox 2213 3387 2534 3451; x_wconf 52' lang='grc' dir='ltr'>ἓνακὲνικῶς</span> <span class='ocrx_word' id='word_1_560' title='bbox 2566 3384 2926 3453; x_wconf 80' lang='grc' dir='ltr'>διαλέγεσθαι·</span> <span class='ocrx_word' id='word_1_561' title='bbox 2951 3383 3053 3454; x_wconf 42' lang='grc' dir='ltr'>,διὰ</span> <span class='ocrx_word' id='word_1_562' title='bbox 3092 3385 3153 3437; x_wconf 82' lang='grc' dir='ltr'><strong>δὲ</strong></span> <span class='ocrx_word' id='word_1_563' title='bbox 3172 3384 3234 3437; x_wconf 87' lang='grc' dir='ltr'><strong>τὸ</strong></span> <span class='ocrx_word' id='word_1_564' title='bbox 3291 3380 3520 3451; x_wconf 82' lang='grc' dir='ltr'>τριαδικὸν</span> <span class='ocrx_word' id='word_1_565' title='bbox 3550 3369 3635 3427; x_wconf 76' lang='grc' dir='ltr'>εἶναι</span> 
     </span>
    </p>
   </div>
   <div class='ocr_carea' id='block_1_69' title="bbox 502 3482 1743 3553">
    <p class='ocr_par' dir='ltr' id='par_1_69' title="bbox 502 3482 1743 3553">
     <span class='ocr_line' id='line_1_69' title="bbox 502 3482 1743 3553; baseline -0.002 -14"><span class='ocrx_word' id='word_1_566' title='bbox 502 3488 615 3548; x_wconf 77' lang='grc' dir='ltr'>τοῖς</span> <span class='ocrx_word' id='word_1_567' title='bbox 641 3485 979 3553; x_wconf 82' lang='grc' dir='ltr'>προσώποις,</span> <span class='ocrx_word' id='word_1_568' title='bbox 1021 3483 1191 3534; x_wconf 73' lang='grc' dir='ltr'>ἐνίοτε</span> <span class='ocrx_word' id='word_1_569' title='bbox 1226 3483 1322 3535; x_wconf 69' lang='lat' dir='ltr'><strong>xat</strong></span> <span class='ocrx_word' id='word_1_570' title='bbox 1344 3482 1743 3549; x_wconf 83' lang='grc' dir='ltr'>πληθυντικῶς.</span> 
     </span>
    </p>
   </div>
   <div class='ocr_carea' id='block_1_70' title="bbox 573 3567 2065 3644">
    <p class='ocr_par' dir='ltr' id='par_1_70' title="bbox 573 3573 2065 3644">
     <span class='ocr_line' id='line_1_70' title="bbox 573 3573 2065 3644; baseline -0.003 -11"><span class='ocrx_word' id='word_1_571' title='bbox 573 3577 825 3633; x_wconf 90' lang='lat' dir='ltr'><strong>Secunda</strong></span> <span class='ocrx_word' id='word_1_572' title='bbox 852 3575 1082 3644; x_wconf 77' lang='lat' dir='ltr'><strong>qua:stio</strong></span> <span class='ocrx_word' id='word_1_573' title='bbox 1122 3583 1230 3637; x_wconf 89' lang='lat' dir='ltr'><strong>est,</strong></span> <span class='ocrx_word' id='word_1_574' title='bbox 1259 3573 1406 3643; x_wconf 88' lang='lat' dir='ltr'><strong>quod</strong></span> <span class='ocrx_word' id='word_1_575' title='bbox 1440 3574 1772 3628; x_wconf 86' lang='lat' dir='ltr'><strong>Alcoranum</strong></span> <span class='ocrx_word' id='word_1_576' title='bbox 1820 3575 2065 3637; x_wconf 67' lang='lat' dir='ltr'><strong>continui</strong></span> 
     </span>
    </p>
   </div>
   <div class='ocr_carea' id='block_1_71' title="bbox 2162 3567 3636 3644">
    <p class='ocr_par' dir='ltr' id='par_1_71' title="bbox 2247 3567 3636 3643">
     <span class='ocr_line' id='line_1_71' title="bbox 2247 3567 3636 3643; baseline -0.013 -18"><span class='ocrx_word' id='word_1_577' title='bbox 2247 3571 2510 3643; x_wconf 85' lang='grc' dir='ltr'>Δεύτερον</span> <span class='ocrx_word' id='word_1_578' title='bbox 2546 3572 2770 3641; x_wconf 77' lang='grc' dir='ltr'><strong>ζήτημά</strong></span> <span class='ocrx_word' id='word_1_579' title='bbox 2799 3572 2968 3634; x_wconf 72' lang='grc' dir='ltr'>ἐστιν,</span> <span class='ocrx_word' id='word_1_580' title='bbox 3001 3572 3085 3624; x_wconf 87' lang='grc' dir='ltr'>ὅτι</span> <span class='ocrx_word' id='word_1_581' title='bbox 3131 3572 3193 3624; x_wconf 86' lang='grc' dir='ltr'><strong>τὸ</strong></span> <span class='ocrx_word' id='word_1_582' title='bbox 3227 3567 3510 3643; x_wconf 77' lang='grc' dir='ltr'>Ἀλκοράνον</span> <span class='ocrx_word' id='word_1_583' title='bbox 3540 3574 3636 3613; x_wconf 69' lang='grc' dir='ltr'>συνε-</span> 
     </span>
    </p>
   </div>
   <div class='ocr_carea' id='block_1_72' title="bbox 504 3648 2065 3734">
    <p class='ocr_par' dir='ltr' id='par_1_72' title="bbox 504 3663 2065 3734">
     <span class='ocr_line' id='line_1_72' title="bbox 504 3663 2065 3734; baseline -0.003 -12"><span class='ocrx_word' id='word_1_584' title='bbox 504 3667 757 3722; x_wconf 89' lang='lat' dir='ltr'><strong>meminit</strong></span> <span class='ocrx_word' id='word_1_585' title='bbox 786 3665 1030 3734; x_wconf 89' lang='lat' dir='ltr'><strong>Spiritus</strong></span> <span class='ocrx_word' id='word_1_586' title='bbox 1060 3664 1259 3727; x_wconf 89' lang='lat' dir='ltr'><strong>sancti,</strong></span> <span class='ocrx_word' id='word_1_587' title='bbox 1286 3674 1342 3717; x_wconf 92' lang='lat' dir='ltr'><strong>et</strong></span> <span class='ocrx_word' id='word_1_588' title='bbox 1373 3664 1535 3717; x_wconf 70' lang='lat' dir='ltr'><strong>Verbi</strong></span> <span class='ocrx_word' id='word_1_589' title='bbox 1570 3663 1686 3717; x_wconf 86' lang='lat' dir='ltr'><strong>Dei.</strong></span> <span class='ocrx_word' id='word_1_590' title='bbox 1720 3664 1853 3730; x_wconf 82' lang='lat' dir='ltr'><strong>Quis</strong></span> <span class='ocrx_word' id='word_1_591' title='bbox 1880 3675 1961 3719; x_wconf 92' lang='lat' dir='ltr'><strong>est</strong></span> <span class='ocrx_word' id='word_1_592' title='bbox 1991 3664 2065 3718; x_wconf 73' lang='lat' dir='ltr'><strong>illi</strong></span> 
     </span>
    </p>
   </div>
   <div class='ocr_carea' id='block_1_73' title="bbox 2162 3648 3634 3734">
    <p class='ocr_par' dir='ltr' id='par_1_73' title="bbox 2179 3648 3634 3733">
     <span class='ocr_line' id='line_1_73' title="bbox 2179 3648 3634 3733; baseline -0.011 -18"><span class='ocrx_word' id='word_1_593' title='bbox 2179 3664 2418 3731; x_wconf 79' lang='grc' dir='ltr'>χέστατα</span> <span class='ocrx_word' id='word_1_594' title='bbox 2467 3665 2745 3733; x_wconf 79' lang='grc' dir='ltr'>μέμνηται</span> <span class='ocrx_word' id='word_1_595' title='bbox 2795 3663 2889 3718; x_wconf 88' lang='grc' dir='ltr'><strong>τοῦ</strong></span> <span class='ocrx_word' id='word_1_596' title='bbox 2922 3663 3079 3730; x_wconf 82' lang='grc' dir='ltr'>ἁγίου</span> <span class='ocrx_word' id='word_1_597' title='bbox 3134 3663 3445 3731; x_wconf 82' lang='grc' dir='ltr'>Πνεῦματος,</span> <span class='ocrx_word' id='word_1_598' title='bbox 3484 3657 3552 3706; x_wconf 66' lang='grc' dir='ltr'><strong>καὶ</strong></span> <span class='ocrx_word' id='word_1_599' title='bbox 3582 3648 3634 3700; x_wconf 67' lang='grc' dir='ltr'><strong>τοῦ</strong></span> 
     </span>
    </p>
   </div>
   <div class='ocr_carea' id='block_1_74' title="bbox 504 3736 2065 3831">
    <p class='ocr_par' dir='ltr' id='par_1_74' title="bbox 504 3756 2065 3831">
     <span class='ocr_line' id='line_1_74' title="bbox 504 3756 2065 3831; baseline -0.003 -15"><span class='ocrx_word' id='word_1_600' title='bbox 504 3761 744 3831; x_wconf 87' lang='lat' dir='ltr'><strong>Spiritus</strong></span> <span class='ocrx_word' id='word_1_601' title='bbox 778 3767 1027 3822; x_wconf 75' lang='lat' dir='ltr'><strong>sanctus,</strong></span> <span class='ocrx_word' id='word_1_602' title='bbox 1068 3766 1125 3810; x_wconf 87' lang='lat' dir='ltr'><strong>et</strong></span> <span class='ocrx_word' id='word_1_603' title='bbox 1157 3756 1303 3824; x_wconf 91' lang='lat' dir='ltr'><strong>quod</strong></span> <span class='ocrx_word' id='word_1_604' title='bbox 1354 3766 1437 3810; x_wconf 88' lang='lat' dir='ltr'><strong>est</strong></span> <span class='ocrx_word' id='word_1_605' title='bbox 1491 3756 1621 3810; x_wconf 90' lang='lat' dir='ltr'><strong>illud</strong></span> <span class='ocrx_word' id='word_1_606' title='bbox 1659 3756 1898 3811; x_wconf 75' lang='lat' dir='ltr'><strong>Verbum</strong></span> <span class='ocrx_word' id='word_1_607' title='bbox 1951 3756 2065 3811; x_wconf 87' lang='lat' dir='ltr'><strong>Dei‘</strong></span> 
     </span>
    </p>
   </div>
   <div class='ocr_carea' id='block_1_75' title="bbox 2162 3736 3636 3831">
    <p class='ocr_par' dir='ltr' id='par_1_75' title="bbox 2179 3736 3636 3831">
     <span class='ocr_line' id='line_1_75' title="bbox 2179 3736 3636 3831; baseline -0.011 -22"><span class='ocrx_word' id='word_1_608' title='bbox 2179 3757 2356 3823; x_wconf 80' lang='grc' dir='ltr'>Λόγου</span> <span class='ocrx_word' id='word_1_609' title='bbox 2386 3755 2481 3808; x_wconf 86' lang='grc' dir='ltr'><strong>τοῦ</strong></span> <span class='ocrx_word' id='word_1_610' title='bbox 2505 3753 2666 3817; x_wconf 78' lang='grc' dir='ltr'>Θεοῦ.</span> <span class='ocrx_word' id='word_1_611' title='bbox 2697 3754 2762 3806; x_wconf 89' lang='grc' dir='ltr'>Τί</span> <span class='ocrx_word' id='word_1_612' title='bbox 2785 3755 2961 3808; x_wconf 87' lang='grc' dir='ltr'>τοίνυν</span> <span class='ocrx_word' id='word_1_613' title='bbox 2989 3754 3111 3807; x_wconf 75' lang='grc' dir='ltr'>ἐστὶ</span> <span class='ocrx_word' id='word_1_614' title='bbox 3146 3753 3301 3808; x_wconf 91' lang='grc' dir='ltr'>τοῦτο</span> <span class='ocrx_word' id='word_1_615' title='bbox 3339 3751 3391 3804; x_wconf 85' lang='grc' dir='ltr'><strong>τὸ</strong></span> <span class='ocrx_word' id='word_1_616' title='bbox 3420 3736 3636 3831; x_wconf 47' lang='grc' dir='ltr'>Πνεῦμαιῆ</span> 
     </span>
    </p>
   </div>
   <div class='ocr_carea' id='block_1_76' title="bbox 509 3827 2065 3920">
    <p class='ocr_par' dir='ltr' id='par_1_76' title="bbox 509 3827 2065 3920">
     <span class='ocr_line' id='line_1_76' title="bbox 509 3827 2065 3920; baseline -0.001 -16"><span class='ocrx_word' id='word_1_617' title='bbox 509 3827 581 3907; x_wconf 80' lang='lat' dir='ltr'><strong>De</strong></span> <span class='ocrx_word' id='word_1_618' title='bbox 605 3851 815 3920; x_wconf 83' lang='lat' dir='ltr'><strong>Spiritu</strong></span> <span class='ocrx_word' id='word_1_619' title='bbox 852 3859 1041 3903; x_wconf 87' lang='lat' dir='ltr'><strong>sancto</strong></span> <span class='ocrx_word' id='word_1_620' title='bbox 1088 3849 1309 3917; x_wconf 86' lang='lat' dir='ltr'><strong>quidem</strong></span> <span class='ocrx_word' id='word_1_621' title='bbox 1344 3849 1479 3902; x_wconf 87' lang='lat' dir='ltr'><strong>dicit</strong></span> <span class='ocrx_word' id='word_1_622' title='bbox 1509 3850 1564 3903; x_wconf 91' lang='lat' dir='ltr'><strong>in</strong></span> <span class='ocrx_word' id='word_1_623' title='bbox 1597 3850 1835 3917; x_wconf 89' lang='lat' dir='ltr'><strong>capitulo</strong></span> <span class='ocrx_word' id='word_1_624' title='bbox 1861 3850 2065 3918; x_wconf 30' lang='lat' dir='ltr'><strong>Elpace‘</strong></span> 
     </span>
    </p>
   </div>
   <div class='ocr_carea' id='block_1_77' title="bbox 2162 3827 3635 3920">
    <p class='ocr_par' dir='ltr' id='par_1_77' title="bbox 2182 3827 3635 3915">
     <span class='ocr_line' id='line_1_77' title="bbox 2182 3827 3635 3915; baseline -0.014 -16"><span class='ocrx_word' id='word_1_625' title='bbox 2182 3846 2371 3915; x_wconf 77' lang='grc' dir='ltr'>ἅγιον,</span> <span class='ocrx_word' id='word_1_626' title='bbox 2408 3847 2502 3899; x_wconf 77' lang='grc' dir='ltr'>καὶ</span> <span class='ocrx_word' id='word_1_627' title='bbox 2531 3847 2617 3909; x_wconf 89' lang='grc' dir='ltr'><strong>τίς</strong></span> <span class='ocrx_word' id='word_1_628' title='bbox 2649 3847 2678 3897; x_wconf 78' lang='grc' dir='ltr'>ὁ</span> <span class='ocrx_word' id='word_1_629' title='bbox 2708 3845 2800 3897; x_wconf 89' lang='grc' dir='ltr'><strong>τοῦ</strong></span> <span class='ocrx_word' id='word_1_630' title='bbox 2834 3845 2969 3897; x_wconf 83' lang='grc' dir='ltr'>Θεοῦ</span> <span class='ocrx_word' id='word_1_631' title='bbox 3002 3845 3219 3913; x_wconf 77' lang='grc' dir='ltr'>Λόγος;</span> <span class='ocrx_word' id='word_1_632' title='bbox 3251 3844 3377 3913; x_wconf 74' lang='grc' dir='ltr'>Περὶ</span> <span class='ocrx_word' id='word_1_633' title='bbox 3401 3842 3481 3910; x_wconf 74' lang='grc' dir='ltr'><strong>μὲν</strong></span> <span class='ocrx_word' id='word_1_634' title='bbox 3505 3831 3569 3889; x_wconf 72' lang='grc' dir='ltr'>οὖν</span> <span class='ocrx_word' id='word_1_635' title='bbox 3583 3827 3635 3881; x_wconf 69' lang='grc' dir='ltr'><strong>τοῦ</strong></span> 
     </span>
    </p>
   </div>
   <div class='ocr_carea' id='block_1_78' title="bbox 507 3923 2065 4018">
    <p class='ocr_par' dir='ltr' id='par_1_78' title="bbox 507 3939 2065 4011">
     <span class='ocr_line' id='line_1_78' title="bbox 507 3939 2065 4011; baseline -0.004 -11"><span class='ocrx_word' id='word_1_636' title='bbox 507 3961 624 4000; x_wconf 89' lang='lat' dir='ltr'><strong>ram</strong></span> <span class='ocrx_word' id='word_1_637' title='bbox 676 3960 740 3998; x_wconf 76' lang='lat' dir='ltr'><strong>ex</strong></span> <span class='ocrx_word' id='word_1_638' title='bbox 795 3956 1025 4011; x_wconf 87' lang='lat' dir='ltr'><strong>persona</strong></span> <span class='ocrx_word' id='word_1_639' title='bbox 1074 3942 1164 3994; x_wconf 88' lang='lat' dir='ltr'><strong>Dei</strong></span> <span class='ocrx_word' id='word_1_640' title='bbox 1216 3956 1231 3991; x_wconf 85' lang='lat'><strong>:</strong></span> <span class='ocrx_word' id='word_1_641' title='bbox 1278 3939 1537 3993; x_wconf 88' lang='lat' dir='ltr'><strong>Dedimus</strong></span> <span class='ocrx_word' id='word_1_642' title='bbox 1590 3939 1719 3994; x_wconf 89' lang='lat' dir='ltr'><strong>Jesu</strong></span> <span class='ocrx_word' id='word_1_643' title='bbox 1763 3940 1873 3995; x_wconf 83' lang='lat' dir='ltr'><strong>lilio</strong></span> <span class='ocrx_word' id='word_1_644' title='bbox 1901 3940 2065 3994; x_wconf 82' lang='lat' dir='ltr'><strong>Maria</strong></span> 
     </span>
    </p>
   </div>
   <div class='ocr_carea' id='block_1_79' title="bbox 2162 3923 3637 4018">
    <p class='ocr_par' dir='ltr' id='par_1_79' title="bbox 2189 3923 3637 4018">
     <span class='ocr_line' id='line_1_79' title="bbox 2189 3923 3637 4018; baseline -0.015 -23"><span class='ocrx_word' id='word_1_645' title='bbox 2189 3943 2343 4009; x_wconf 83' lang='grc' dir='ltr'>ἁγίου</span> <span class='ocrx_word' id='word_1_646' title='bbox 2367 3938 2683 4008; x_wconf 80' lang='grc' dir='ltr'>Πνεῦματός</span> <span class='ocrx_word' id='word_1_647' title='bbox 2725 3952 2892 4006; x_wconf 82' lang='grc' dir='ltr'>φησιν</span> <span class='ocrx_word' id='word_1_648' title='bbox 2924 3938 2981 3987; x_wconf 79' lang='grc' dir='ltr'>ὲν</span> <span class='ocrx_word' id='word_1_649' title='bbox 3013 3935 3093 4004; x_wconf 85' lang='grc' dir='ltr'>τῷ</span> <span class='ocrx_word' id='word_1_650' title='bbox 3143 3934 3405 4003; x_wconf 74' lang='grc' dir='ltr'>κεφαλαίῳ</span> <span class='ocrx_word' id='word_1_651' title='bbox 3428 3929 3489 3997; x_wconf 77' lang='grc' dir='ltr'>τῷ</span> <span class='ocrx_word' id='word_1_652' title='bbox 3517 3923 3637 4018; x_wconf 60' lang='lat' dir='ltr'><strong>’Eizz:</strong></span> 
     </span>
    </p>
   </div>
   <div class='ocr_carea' id='block_1_80' title="bbox 509 4018 2065 4105">
    <p class='ocr_par' dir='ltr' id='par_1_80' title="bbox 509 4033 2065 4105">
     <span class='ocr_line' id='line_1_80' title="bbox 509 4033 2065 4105; baseline -0.003 -13"><span class='ocrx_word' id='word_1_653' title='bbox 509 4048 569 4092; x_wconf 95' lang='lat' dir='ltr'><strong>ut</strong></span> <span class='ocrx_word' id='word_1_654' title='bbox 603 4039 808 4093; x_wconf 78' lang='lat' dir='ltr'><strong>faceret</strong></span> <span class='ocrx_word' id='word_1_655' title='bbox 833 4036 1078 4105; x_wconf 86' lang='lat' dir='ltr'><strong>prodigia</strong></span> <span class='ocrx_word' id='word_1_656' title='bbox 1110 4044 1165 4087; x_wconf 90' lang='lat' dir='ltr'><strong>et</strong></span> <span class='ocrx_word' id='word_1_657' title='bbox 1184 4034 1448 4087; x_wconf 88' lang='lat' dir='ltr'><strong>miracula</strong></span> <span class='ocrx_word' id='word_1_658' title='bbox 1477 4033 1786 4095; x_wconf 79' lang='lat' dir='ltr'><strong>manifesta,</strong></span> <span class='ocrx_word' id='word_1_659' title='bbox 1813 4042 1870 4088; x_wconf 90' lang='lat' dir='ltr'><strong>et</strong></span> <span class='ocrx_word' id='word_1_660' title='bbox 1895 4035 2065 4103; x_wconf 70' lang='grc' dir='ltr'>ρει-[οι</span> 
     </span>
    </p>
   </div>
   <div class='ocr_carea' id='block_1_81' title="bbox 2162 4018 3635 4105">
    <p class='ocr_par' dir='ltr' id='par_1_81' title="bbox 2187 4018 3635 4102">
     <span class='ocr_line' id='line_1_81' title="bbox 2187 4018 3635 4102; baseline -0.01 -19"><span class='ocrx_word' id='word_1_661' title='bbox 2187 4030 2371 4102; x_wconf 83' lang='grc' dir='ltr'>κερὰμ</span> <span class='ocrx_word' id='word_1_662' title='bbox 2398 4031 2460 4081; x_wconf 83' lang='grc' dir='ltr'>ὲκ</span> <span class='ocrx_word' id='word_1_663' title='bbox 2489 4027 2782 4099; x_wconf 82' lang='grc' dir='ltr'>προσώπου</span> <span class='ocrx_word' id='word_1_664' title='bbox 2810 4026 2901 4079; x_wconf 90' lang='grc' dir='ltr'><strong>τοῦ</strong></span> <span class='ocrx_word' id='word_1_665' title='bbox 2929 4026 3062 4078; x_wconf 84' lang='grc' dir='ltr'>Θεοῦ</span> <span class='ocrx_word' id='word_1_666' title='bbox 3091 4043 3107 4057; x_wconf 87' lang='grc'><strong>·</strong></span> <span class='ocrx_word' id='word_1_667' title='bbox 3148 4027 3442 4093; x_wconf 81' lang='grc' dir='ltr'>Ἐδώκαμεν</span> <span class='ocrx_word' id='word_1_668' title='bbox 3463 4018 3635 4088; x_wconf 67' lang='grc' dir='ltr'><strong>τῷἶῃπυ</strong></span> 
     </span>
    </p>
   </div>
   <div class='ocr_carea' id='block_1_82' title="bbox 509 4110 2065 4194">
    <p class='ocr_par' dir='ltr' id='par_1_82' title="bbox 509 4124 2065 4194">
     <span class='ocr_line' id='line_1_82' title="bbox 509 4124 2065 4194; baseline -0.003 -10"><span class='ocrx_word' id='word_1_669' title='bbox 509 4130 689 4184; x_wconf 78' lang='lat' dir='ltr'><strong>cimus</strong></span> <span class='ocrx_word' id='word_1_670' title='bbox 729 4140 856 4180; x_wconf 86' lang='lat' dir='ltr'><strong>eum</strong></span> <span class='ocrx_word' id='word_1_671' title='bbox 901 4140 1001 4194; x_wconf 88' lang='lat' dir='ltr'><strong>per</strong></span> <span class='ocrx_word' id='word_1_672' title='bbox 1051 4125 1319 4193; x_wconf 90' lang='lat' dir='ltr'><strong>Spiritum</strong></span> <span class='ocrx_word' id='word_1_673' title='bbox 1369 4134 1657 4189; x_wconf 90' lang='lat' dir='ltr'><strong>sanctum;</strong></span> <span class='ocrx_word' id='word_1_674' title='bbox 1693 4124 1885 4180; x_wconf 87' lang='lat' dir='ltr'><strong>ethoc</strong></span> <span class='ocrx_word' id='word_1_675' title='bbox 1935 4125 2065 4179; x_wconf 88' lang='lat' dir='ltr'><strong>ideu</strong></span> 
     </span>
    </p>
   </div>
   <div class='ocr_carea' id='block_1_83' title="bbox 2162 4110 3635 4194">
    <p class='ocr_par' dir='ltr' id='par_1_83' title="bbox 2186 4110 3635 4194">
     <span class='ocr_line' id='line_1_83' title="bbox 2186 4110 3635 4194; baseline -0.012 -21"><span class='ocrx_word' id='word_1_676' title='bbox 2186 4120 2264 4188; x_wconf 80' lang='grc' dir='ltr'>τῷ</span> <span class='ocrx_word' id='word_1_677' title='bbox 2300 4117 2400 4187; x_wconf 79' lang='grc' dir='ltr'>υἱῷ</span> <span class='ocrx_word' id='word_1_678' title='bbox 2426 4120 2525 4188; x_wconf 77' lang='grc' dir='ltr'>τῆς</span> <span class='ocrx_word' id='word_1_679' title='bbox 2554 4116 2776 4185; x_wconf 83' lang='grc' dir='ltr'>Μαρίας</span> <span class='ocrx_word' id='word_1_680' title='bbox 2812 4114 2983 4167; x_wconf 83' lang='grc' dir='ltr'>ποιεῖν</span> <span class='ocrx_word' id='word_1_681' title='bbox 3016 4114 3217 4182; x_wconf 79' lang='grc' dir='ltr'>τέρατα</span> <span class='ocrx_word' id='word_1_682' title='bbox 3243 4114 3333 4165; x_wconf 80' lang='grc' dir='ltr'><strong>καὶ</strong></span> <span class='ocrx_word' id='word_1_683' title='bbox 3357 4110 3554 4177; x_wconf 78' lang='grc' dir='ltr'>θαύματα</span> <span class='ocrx_word' id='word_1_684' title='bbox 3574 4116 3635 4194; x_wconf 63' lang='grc' dir='ltr'><strong>ςι-</strong></span> 
     </span>
    </p>
   </div>
   <div class='ocr_carea' id='block_1_84' title="bbox 512 4193 2065 4291">
    <p class='ocr_par' dir='ltr' id='par_1_84' title="bbox 512 4217 2065 4291">
     <span class='ocr_line' id='line_1_84' title="bbox 512 4217 2065 4291; baseline -0.003 -15"><span class='ocrx_word' id='word_1_685' title='bbox 512 4220 710 4291; x_wconf 87' lang='lat' dir='ltr'><strong>repetit</strong></span> <span class='ocrx_word' id='word_1_686' title='bbox 740 4235 837 4289; x_wconf 90' lang='lat' dir='ltr'><strong>per</strong></span> <span class='ocrx_word' id='word_1_687' title='bbox 863 4226 1035 4272; x_wconf 89' lang='lat' dir='ltr'><strong>totum</strong></span> <span class='ocrx_word' id='word_1_688' title='bbox 1071 4218 1391 4286; x_wconf 83' lang='lat' dir='ltr'><strong>capitulum.</strong></span> <span class='ocrx_word' id='word_1_689' title='bbox 1421 4218 1555 4272; x_wconf 90' lang='lat' dir='ltr'><strong>Item</strong></span> <span class='ocrx_word' id='word_1_690' title='bbox 1587 4217 1723 4272; x_wconf 91' lang='lat' dir='ltr'><strong>dicit</strong></span> <span class='ocrx_word' id='word_1_691' title='bbox 1752 4218 1806 4272; x_wconf 92' lang='lat' dir='ltr'><strong>in</strong></span> <span class='ocrx_word' id='word_1_692' title='bbox 1839 4218 2065 4287; x_wconf 73' lang='lat' dir='ltr'><strong>capituli</strong></span> 
     </span>
    </p>
   </div>
   <div class='ocr_carea' id='block_1_85' title="bbox 2162 4193 3634 4291">
    <p class='ocr_par' dir='ltr' id='par_1_85' title="bbox 2187 4193 3634 4276">
     <span class='ocr_line' id='line_1_85' title="bbox 2187 4193 3634 4276; baseline -0.017 -15"><span class='ocrx_word' id='word_1_693' title='bbox 2187 4207 2341 4276; x_wconf 85' lang='grc' dir='ltr'>νερὰ,</span> <span class='ocrx_word' id='word_1_694' title='bbox 2369 4208 2465 4259; x_wconf 73' lang='grc' dir='ltr'><strong>καὶ</strong></span> <span class='ocrx_word' id='word_1_695' title='bbox 2495 4205 2890 4273; x_wconf 81' lang='grc' dir='ltr'>ἐτελειώσαμεν</span> <span class='ocrx_word' id='word_1_696' title='bbox 2916 4204 3077 4256; x_wconf 84' lang='grc' dir='ltr'>αὐτὸν</span> <span class='ocrx_word' id='word_1_697' title='bbox 3105 4203 3194 4256; x_wconf 73' lang='grc' dir='ltr'>διὰ</span> <span class='ocrx_word' id='word_1_698' title='bbox 3222 4202 3500 4270; x_wconf 77' lang='grc' dir='ltr'>Πνεύματις</span> <span class='ocrx_word' id='word_1_699' title='bbox 3516 4193 3634 4258; x_wconf 55' lang='grc' dir='ltr'>ἀγέτω</span> 
     </span>
    </p>
   </div>
   <div class='ocr_carea' id='block_1_86' title="bbox 514 4286 2065 4379">
    <p class='ocr_par' dir='ltr' id='par_1_86' title="bbox 514 4308 2065 4379">
     <span class='ocr_line' id='line_1_86' title="bbox 514 4308 2065 4379; baseline -0.002 -14"><span class='ocrx_word' id='word_1_700' title='bbox 514 4312 754 4379; x_wconf 80' lang='lat' dir='ltr'><strong>Elcmpai</strong></span> <span class='ocrx_word' id='word_1_701' title='bbox 790 4308 1053 4363; x_wconf 80' lang='lat' dir='ltr'><strong>de&#39;Maria</strong></span> <span class='ocrx_word' id='word_1_702' title='bbox 1081 4324 1096 4361; x_wconf 87' lang='lat'><strong>:</strong></span> <span class='ocrx_word' id='word_1_703' title='bbox 1127 4308 1523 4378; x_wconf 78' lang='lat' dir='ltr'><strong>luspiravimus</strong></span> <span class='ocrx_word' id='word_1_704' title='bbox 1549 4308 1604 4361; x_wconf 92' lang='lat' dir='ltr'><strong>in</strong></span> <span class='ocrx_word' id='word_1_705' title='bbox 1634 4324 1750 4361; x_wconf 87' lang='lat' dir='ltr'><strong>eam</strong></span> <span class='ocrx_word' id='word_1_706' title='bbox 1776 4324 1841 4363; x_wconf 80' lang='lat' dir='ltr'><strong>ex</strong></span> <span class='ocrx_word' id='word_1_707' title='bbox 1874 4308 2065 4377; x_wconf 84' lang='lat' dir='ltr'><strong>Spiritt</strong></span> 
     </span>
    </p>
   </div>
   <div class='ocr_carea' id='block_1_87' title="bbox 2162 4286 3635 4379">
    <p class='ocr_par' dir='ltr' id='par_1_87' title="bbox 2191 4286 3635 4379">
     <span class='ocr_line' id='line_1_87' title="bbox 2191 4286 3635 4379; baseline -0.01 -27"><span class='ocrx_word' id='word_1_708' title='bbox 2191 4303 2285 4355; x_wconf 75' lang='grc' dir='ltr'><strong>καὶ</strong></span> <span class='ocrx_word' id='word_1_709' title='bbox 2308 4298 2452 4352; x_wconf 70' lang='grc' dir='ltr'>τοῦτ’</span> <span class='ocrx_word' id='word_1_710' title='bbox 2482 4298 2612 4351; x_wconf 83' lang='grc' dir='ltr'>αὐτὸ</span> <span class='ocrx_word' id='word_1_711' title='bbox 2644 4296 3096 4365; x_wconf 77' lang='grc' dir='ltr'>ὲπαναλαμὸἀνει</span> <span class='ocrx_word' id='word_1_712' title='bbox 3120 4296 3209 4348; x_wconf 78' lang='grc' dir='ltr'><strong>διὰ</strong></span> <span class='ocrx_word' id='word_1_713' title='bbox 3239 4294 3425 4355; x_wconf 85' lang='grc' dir='ltr'>παντὸς</span> <span class='ocrx_word' id='word_1_714' title='bbox 3450 4286 3635 4379; x_wconf 82' lang='grc' dir='ltr'><strong>τοῦ</strong></span> 
     </span>
    </p>
   </div>
   <div class='ocr_carea' id='block_1_88' title="bbox 512 4376 2065 4475">
    <p class='ocr_par' dir='ltr' id='par_1_88' title="bbox 512 4376 2065 4465">
     <span class='ocr_line' id='line_1_88' title="bbox 512 4376 2065 4465; baseline -0.003 -11"><span class='ocrx_word' id='word_1_715' title='bbox 512 4376 723 4455; x_wconf 83' lang='lat' dir='ltr'><strong>sancto.</strong></span> <span class='ocrx_word' id='word_1_716' title='bbox 767 4399 830 4453; x_wconf 76' lang='lat' dir='ltr'><strong>Et</strong></span> <span class='ocrx_word' id='word_1_717' title='bbox 871 4400 925 4452; x_wconf 90' lang='lat' dir='ltr'><strong>in</strong></span> <span class='ocrx_word' id='word_1_718' title='bbox 959 4376 1233 4465; x_wconf 11' lang='lat' dir='ltr'><strong>pluribusﬁ</strong></span> <span class='ocrx_word' id='word_1_719' title='bbox 1266 4400 1391 4453; x_wconf 86' lang='lat' dir='ltr'><strong>aliis</strong></span> <span class='ocrx_word' id='word_1_720' title='bbox 1437 4399 1575 4462; x_wconf 80' lang='lat' dir='ltr'><strong>locis</strong></span> <span class='ocrx_word' id='word_1_721' title='bbox 1609 4400 1811 4453; x_wconf 86' lang='lat' dir='ltr'><strong>similia</strong></span> <span class='ocrx_word' id='word_1_722' title='bbox 1842 4376 1977 4454; x_wconf 83' lang='lat' dir='ltr'><strong>dicit</strong></span> <span class='ocrx_word' id='word_1_723' title='bbox 2021 4400 2065 4453; x_wconf 78' lang='lat' dir='ltr'><strong>dt</strong></span> 
     </span>
    </p>
   </div>
   <div class='ocr_carea' id='block_1_89' title="bbox 2162 4376 3638 4475">
    <p class='ocr_par' dir='ltr' id='par_1_89' title="bbox 2162 4376 3638 4475">
     <span class='ocr_line' id='line_1_89' title="bbox 2162 4376 3638 4475; baseline -0.007 -30"><span class='ocrx_word' id='word_1_724' title='bbox 2162 4402 2166 4425; x_wconf 68' lang='grc'><strong><em>⁵</em></strong></span> <span class='ocrx_word' id='word_1_725' title='bbox 2195 4393 2373 4447; x_wconf 85' lang='grc' dir='ltr'>λαίου.</span> <span class='ocrx_word' id='word_1_726' title='bbox 2404 4392 2524 4443; x_wconf 82' lang='grc' dir='ltr'>Ἔτι</span> <span class='ocrx_word' id='word_1_727' title='bbox 2543 4389 2708 4458; x_wconf 72' lang='grc' dir='ltr'>φησὶν</span> <span class='ocrx_word' id='word_1_728' title='bbox 2726 4391 2781 4441; x_wconf 81' lang='grc' dir='ltr'><strong>ὲν</strong></span> <span class='ocrx_word' id='word_1_729' title='bbox 2799 4388 2877 4457; x_wconf 82' lang='grc' dir='ltr'>τῷ</span> <span class='ocrx_word' id='word_1_730' title='bbox 2900 4387 3181 4457; x_wconf 81' lang='grc' dir='ltr'>κεφαλαίῳ</span> <span class='ocrx_word' id='word_1_731' title='bbox 3208 4386 3285 4454; x_wconf 81' lang='grc' dir='ltr'>τῷ</span> <span class='ocrx_word' id='word_1_732' title='bbox 3299 4383 3466 4439; x_wconf 83' lang='grc' dir='ltr'>Ἐλπιᾶ</span> <span class='ocrx_word' id='word_1_733' title='bbox 3484 4376 3638 4475; x_wconf 60' lang='grc' dir='ltr'><strong>ττξρὶτξῖ</strong></span> 
     </span>
    </p>
   </div>
   <div class='ocr_carea' id='block_1_90' title="bbox 514 4469 2065 4563">
    <p class='ocr_par' dir='ltr' id='par_1_90' title="bbox 514 4490 2065 4563">
     <span class='ocr_line' id='line_1_90' title="bbox 514 4490 2065 4563; baseline -0.005 -14"><span class='ocrx_word' id='word_1_734' title='bbox 514 4495 721 4563; x_wconf 85' lang='lat' dir='ltr'><strong>Spiritu</strong></span> <span class='ocrx_word' id='word_1_735' title='bbox 763 4501 974 4547; x_wconf 89' lang='lat' dir='ltr'><strong>sancto.</strong></span> <span class='ocrx_word' id='word_1_736' title='bbox 1030 4490 1096 4545; x_wconf 87' lang='lat' dir='ltr'><strong>Et</strong></span> <span class='ocrx_word' id='word_1_737' title='bbox 1142 4506 1247 4545; x_wconf 89' lang='lat' dir='ltr'><strong>non</strong></span> <span class='ocrx_word' id='word_1_738' title='bbox 1286 4500 1519 4560; x_wconf 87' lang='lat' dir='ltr'><strong>possunt</strong></span> <span class='ocrx_word' id='word_1_739' title='bbox 1563 4490 1750 4545; x_wconf 87' lang='lat' dir='ltr'><strong>dicere</strong></span> <span class='ocrx_word' id='word_1_740' title='bbox 1796 4490 2065 4545; x_wconf 86' lang='lat' dir='ltr'><strong>Saraceni</strong></span> 
     </span>
    </p>
   </div>
   <div class='ocr_carea' id='block_1_91' title="bbox 2162 4469 3638 4563">
    <p class='ocr_par' dir='ltr' id='par_1_91' title="bbox 2190 4469 3638 4563">
     <span class='ocr_line' id='line_1_91' title="bbox 2190 4469 3638 4563; baseline -0.014 -28"><span class='ocrx_word' id='word_1_741' title='bbox 2190 4479 2433 4548; x_wconf 83' lang='grc' dir='ltr'>Μαρίας,</span> <span class='ocrx_word' id='word_1_742' title='bbox 2450 4477 2896 4547; x_wconf 79' lang='grc' dir='ltr'>Ἐνεφυσὴσαμεν</span> <span class='ocrx_word' id='word_1_743' title='bbox 2925 4478 3003 4538; x_wconf 81' lang='grc' dir='ltr'><strong>εἰς</strong></span> <span class='ocrx_word' id='word_1_744' title='bbox 3036 4475 3207 4545; x_wconf 81' lang='grc' dir='ltr'>αὐτὴν</span> <span class='ocrx_word' id='word_1_745' title='bbox 3237 4476 3299 4526; x_wconf 82' lang='grc' dir='ltr'>ὲκ</span> <span class='ocrx_word' id='word_1_746' title='bbox 3320 4470 3403 4525; x_wconf 86' lang='grc' dir='ltr'><strong>τοῦ</strong></span> <span class='ocrx_word' id='word_1_747' title='bbox 3427 4469 3638 4563; x_wconf 41' lang='lat' dir='ltr'><strong>limiti“;</strong></span> 
     </span>
    </p>
   </div>
   <div class='ocr_carea' id='block_1_92' title="bbox 514 4548 2065 4653">
    <p class='ocr_par' dir='ltr' id='par_1_92' title="bbox 514 4579 2055 4653">
     <span class='ocr_line' id='line_1_92' title="bbox 514 4579 2055 4653; baseline -0.006 -13"><span class='ocrx_word' id='word_1_748' title='bbox 514 4595 827 4640; x_wconf 90' lang='lat' dir='ltr'><strong>creaturam</strong></span> <span class='ocrx_word' id='word_1_749' title='bbox 866 4583 1155 4653; x_wconf 88' lang='lat' dir='ltr'><strong>quamdam</strong></span> <span class='ocrx_word' id='word_1_750' title='bbox 1198 4597 1341 4646; x_wconf 90' lang='lat' dir='ltr'><strong>csse,</strong></span> <span class='ocrx_word' id='word_1_751' title='bbox 1370 4585 1513 4635; x_wconf 90' lang='lat' dir='ltr'><strong>sicut</strong></span> <span class='ocrx_word' id='word_1_752' title='bbox 1560 4581 1788 4651; x_wconf 88' lang='lat' dir='ltr'><strong>angelus</strong></span> <span class='ocrx_word' id='word_1_753' title='bbox 1836 4579 2055 4647; x_wconf 90' lang='lat' dir='ltr'><strong>quidam</strong></span> 
     </span>
    </p>
   </div>
   <div class='ocr_carea' id='block_1_93' title="bbox 2162 4548 3640 4653">
    <p class='ocr_par' dir='ltr' id='par_1_93' title="bbox 2192 4548 3640 4649">
     <span class='ocr_line' id='line_1_93' title="bbox 2192 4548 3640 4649; baseline -0.008 -28"><span class='ocrx_word' id='word_1_754' title='bbox 2192 4570 2283 4622; x_wconf 87' lang='grc' dir='ltr'><strong>τοῦ</strong></span> <span class='ocrx_word' id='word_1_755' title='bbox 2308 4570 2485 4637; x_wconf 83' lang='grc' dir='ltr'>ἁγίου·</span> <span class='ocrx_word' id='word_1_756' title='bbox 2510 4570 2678 4639; x_wconf 72' lang='grc' dir='ltr'><strong>καίξέν</strong></span> <span class='ocrx_word' id='word_1_757' title='bbox 2696 4568 2935 4622; x_wconf 86' lang='grc' dir='ltr'>πλείοσιν</span> <span class='ocrx_word' id='word_1_758' title='bbox 2962 4567 3145 4629; x_wconf 79' lang='grc' dir='ltr'>ἄλλοις</span> <span class='ocrx_word' id='word_1_759' title='bbox 3166 4566 3345 4625; x_wconf 82' lang='grc' dir='ltr'>τόποις</span> <span class='ocrx_word' id='word_1_760' title='bbox 3364 4561 3424 4615; x_wconf 77' lang='grc' dir='ltr'>τὰ</span> <span class='ocrx_word' id='word_1_761' title='bbox 3444 4560 3559 4626; x_wconf 71' lang='grc' dir='ltr'>ὅμοια</span> 
     </span>
    </p>
   </div>
   <div class='ocr_carea' id='block_1_94' title="bbox 513 4648 2065 4742">
    <p class='ocr_par' dir='ltr' id='par_1_94' title="bbox 513 4670 2062 4742">
     <span class='ocr_line' id='line_1_94' title="bbox 513 4670 2062 4742; baseline -0.007 -11"><span class='ocrx_word' id='word_1_762' title='bbox 513 4675 726 4731; x_wconf 85' lang='lat' dir='ltr'><strong>scilicet</strong></span> <span class='ocrx_word' id='word_1_763' title='bbox 756 4673 1228 4742; x_wconf 87' lang='lat' dir='ltr'><strong>bonus,quoniam</strong></span> <span class='ocrx_word' id='word_1_764' title='bbox 1255 4671 1604 4741; x_wconf 81' lang='lat' dir='ltr'><strong>singulariter</strong></span> <span class='ocrx_word' id='word_1_765' title='bbox 1629 4670 1698 4725; x_wconf 86' lang='lat' dir='ltr'><strong>de</strong></span> <span class='ocrx_word' id='word_1_766' title='bbox 1729 4684 1796 4723; x_wconf 91' lang='lat' dir='ltr'><strong>eo</strong></span> <span class='ocrx_word' id='word_1_767' title='bbox 1821 4670 2062 4738; x_wconf 86' lang='lat' dir='ltr'><strong>loquitur</strong></span> 
     </span>
    </p>
   </div>
   <div class='ocr_carea' id='block_1_95' title="bbox 2162 4648 3639 4742">
    <p class='ocr_par' dir='ltr' id='par_1_95' title="bbox 2192 4648 3639 4728">
     <span class='ocr_line' id='line_1_95' title="bbox 2192 4648 3639 4728; baseline -0.018 -13"><span class='ocrx_word' id='word_1_768' title='bbox 2192 4663 2250 4713; x_wconf 79' lang='grc' dir='ltr'>λέ</span> <span class='ocrx_word' id='word_1_769' title='bbox 2260 4676 2412 4728; x_wconf 45' lang='grc' dir='ltr'>ἵεται</span> <span class='ocrx_word' id='word_1_770' title='bbox 2428 4677 2494 4712; x_wconf 87' lang='grc' dir='ltr'><strong>πε</strong></span> <span class='ocrx_word' id='word_1_771' title='bbox 2506 4662 2557 4727; x_wconf 84' lang='grc' dir='ltr'>ρὶ</span> <span class='ocrx_word' id='word_1_772' title='bbox 2574 4659 2665 4712; x_wconf 90' lang='grc' dir='ltr'><strong>τοῦ</strong></span> <span class='ocrx_word' id='word_1_773' title='bbox 2679 4658 2835 4726; x_wconf 83' lang='grc' dir='ltr'>ἁγίου</span> <span class='ocrx_word' id='word_1_774' title='bbox 2856 4651 3306 4725; x_wconf 78' lang='grc' dir='ltr'>Πνεῦματος.Καὶ</span> <span class='ocrx_word' id='word_1_775' title='bbox 3322 4656 3379 4709; x_wconf 69' lang='grc' dir='ltr'><strong>οὐ</strong></span> <span class='ocrx_word' id='word_1_776' title='bbox 3393 4648 3639 4705; x_wconf 60' lang='lat' dir='ltr'><strong>adurunt-</strong></span> 
     </span>
    </p>
   </div>
   <div class='ocr_carea' id='block_1_96' title="bbox 518 4761 2085 4838">
    <p class='ocr_par' dir='ltr' id='par_1_96' title="bbox 518 4761 2085 4838">
     <span class='ocr_line' id='line_1_96' title="bbox 518 4761 2085 4838; baseline -0.005 -14"><span class='ocrx_word' id='word_1_777' title='bbox 518 4780 773 4838; x_wconf 87' lang='lat' dir='ltr'><strong>tanquam</strong></span> <span class='ocrx_word' id='word_1_778' title='bbox 796 4767 864 4821; x_wconf 89' lang='lat' dir='ltr'><strong>de</strong></span> <span class='ocrx_word' id='word_1_779' title='bbox 892 4782 1001 4820; x_wconf 92' lang='lat' dir='ltr'><strong>uno</strong></span> <span class='ocrx_word' id='word_1_780' title='bbox 1024 4774 1237 4819; x_wconf 90' lang='lat' dir='ltr'><strong>sancto.</strong></span> <span class='ocrx_word' id='word_1_781' title='bbox 1260 4765 1448 4819; x_wconf 88' lang='lat' dir='ltr'><strong>Sancti</strong></span> <span class='ocrx_word' id='word_1_782' title='bbox 1474 4773 1658 4817; x_wconf 87' lang='lat' dir='ltr'><strong>autem</strong></span> <span class='ocrx_word' id='word_1_783' title='bbox 1687 4761 1865 4831; x_wconf 81' lang='lat' dir='ltr'><strong>angeli</strong></span> <span class='ocrx_word' id='word_1_784' title='bbox 1898 4762 2085 4831; x_wconf 87' lang='lat' dir='ltr'><strong>plures</strong></span> 
     </span>
    </p>
   </div>
   <div class='ocr_carea' id='block_1_97' title="bbox 514 4848 2090 4923">
    <p class='ocr_par' dir='ltr' id='par_1_97' title="bbox 514 4848 2090 4923">
     <span class='ocr_line' id='line_1_97' title="bbox 514 4848 2090 4923; baseline -0.006 -9"><span class='ocrx_word' id='word_1_785' title='bbox 514 4871 667 4923; x_wconf 89' lang='lat' dir='ltr'><strong>sunt,</strong></span> <span class='ocrx_word' id='word_1_786' title='bbox 699 4868 756 4913; x_wconf 90' lang='lat' dir='ltr'><strong>et</strong></span> <span class='ocrx_word' id='word_1_787' title='bbox 794 4872 989 4911; x_wconf 90' lang='lat' dir='ltr'><strong>omnes</strong></span> <span class='ocrx_word' id='word_1_788' title='bbox 1022 4864 1151 4911; x_wconf 86' lang='lat' dir='ltr'><strong>sunt</strong></span> <span class='ocrx_word' id='word_1_789' title='bbox 1179 4856 1296 4910; x_wconf 91' lang='lat' dir='ltr'><strong>Dei.</strong></span> <span class='ocrx_word' id='word_1_790' title='bbox 1336 4853 1468 4919; x_wconf 71' lang='lat' dir='ltr'><strong>Quae</strong></span> <span class='ocrx_word' id='word_1_791' title='bbox 1511 4852 1679 4920; x_wconf 82' lang='lat' dir='ltr'><strong>igitur</strong></span> <span class='ocrx_word' id='word_1_792' title='bbox 1709 4864 1899 4912; x_wconf 86' lang='lat' dir='ltr'><strong>causa,</strong></span> <span class='ocrx_word' id='word_1_793' title='bbox 1932 4859 1993 4903; x_wconf 92' lang='lat' dir='ltr'><strong>ut</strong></span> <span class='ocrx_word' id='word_1_794' title='bbox 2022 4848 2090 4904; x_wconf 88' lang='lat' dir='ltr'><strong>de</strong></span> 
     </span>
    </p>
   </div>
   <div class='ocr_carea' id='block_1_98' title="bbox 515 4941 2090 5021">
    <p class='ocr_par' dir='ltr' id='par_1_98' title="bbox 515 4941 2090 5021">
     <span class='ocr_line' id='line_1_98' title="bbox 515 4941 2090 5021; baseline -0.008 -15"><span class='ocrx_word' id='word_1_795' title='bbox 515 4954 612 5007; x_wconf 90' lang='lat' dir='ltr'><strong>illo</strong></span> <span class='ocrx_word' id='word_1_796' title='bbox 658 4948 1009 5021; x_wconf 82' lang='lat' dir='ltr'><strong>singulariter</strong></span> <span class='ocrx_word' id='word_1_797' title='bbox 1041 4946 1276 5011; x_wconf 86' lang='lat' dir='ltr'><strong>diceret,</strong></span> <span class='ocrx_word' id='word_1_798' title='bbox 1323 4955 1515 4999; x_wconf 90' lang='lat' dir='ltr'><strong>nostro</strong></span> <span class='ocrx_word' id='word_1_799' title='bbox 1563 4952 1619 4997; x_wconf 90' lang='lat' dir='ltr'><strong>et</strong></span> <span class='ocrx_word' id='word_1_800' title='bbox 1669 4942 1909 4995; x_wconf 86' lang='lat' dir='ltr'><strong>sancto?</strong></span> <span class='ocrx_word' id='word_1_801' title='bbox 1956 4941 2090 4994; x_wconf 91' lang='lat' dir='ltr'><strong>ltcm</strong></span> 
     </span>
    </p>
   </div>
   <div class='ocr_carea' id='block_1_99' title="bbox 484 5034 2089 5109">
    <p class='ocr_par' dir='ltr' id='par_1_99' title="bbox 484 5034 2089 5109">
     <span class='ocr_line' id='line_1_99' title="bbox 484 5034 2089 5109; baseline -0.008 -12"><span class='ocrx_word' id='word_1_802' title='bbox 484 5065 487 5068; x_wconf 44' lang='grc'><em>⁴</em></span> <span class='ocrx_word' id='word_1_803' title='bbox 515 5059 624 5097; x_wconf 91' lang='lat' dir='ltr'><strong>non</strong></span> <span class='ocrx_word' id='word_1_804' title='bbox 657 5049 805 5096; x_wconf 89' lang='lat' dir='ltr'><strong>esset</strong></span> <span class='ocrx_word' id='word_1_805' title='bbox 831 5054 1025 5109; x_wconf 86' lang='lat' dir='ltr'><strong>magna</strong></span> <span class='ocrx_word' id='word_1_806' title='bbox 1056 5040 1179 5092; x_wconf 92' lang='lat' dir='ltr'><strong>laus</strong></span> <span class='ocrx_word' id='word_1_807' title='bbox 1205 5037 1273 5091; x_wconf 85' lang='lat' dir='ltr'><strong>de</strong></span> <span class='ocrx_word' id='word_1_808' title='bbox 1298 5036 1543 5097; x_wconf 90' lang='lat' dir='ltr'><strong>Christo,</strong></span> <span class='ocrx_word' id='word_1_809' title='bbox 1577 5049 1743 5103; x_wconf 88' lang='lat' dir='ltr'><strong>quem</strong></span> <span class='ocrx_word' id='word_1_810' title='bbox 1758 5034 2089 5086; x_wconf 83' lang='lat' dir='ltr'><strong>Alcoranum</strong></span> 
     </span>
    </p>
   </div>
   <div class='ocr_carea' id='block_1_100' title="bbox 517 5121 2092 5197">
    <p class='ocr_par' dir='ltr' id='par_1_100' title="bbox 517 5121 2092 5197">
     <span class='ocr_line' id='line_1_100' title="bbox 517 5121 2092 5197; baseline -0.007 -12"><span class='ocrx_word' id='word_1_811' title='bbox 517 5132 755 5186; x_wconf 84' lang='lat' dir='ltr'><strong>intendit</strong></span> <span class='ocrx_word' id='word_1_812' title='bbox 787 5127 1137 5197; x_wconf 85' lang='lat' dir='ltr'><strong>singulariter</strong></span> <span class='ocrx_word' id='word_1_813' title='bbox 1179 5123 1591 5184; x_wconf 86' lang='lat' dir='ltr'><strong>commendare,</strong></span> <span class='ocrx_word' id='word_1_814' title='bbox 1636 5123 1783 5192; x_wconf 86' lang='lat' dir='ltr'><strong>quod</strong></span> <span class='ocrx_word' id='word_1_815' title='bbox 1821 5123 1967 5176; x_wconf 89' lang='lat' dir='ltr'><strong>Deus</strong></span> <span class='ocrx_word' id='word_1_816' title='bbox 1999 5121 2092 5174; x_wconf 90' lang='lat' dir='ltr'><strong>de-</strong></span> 
     </span>
    </p>
   </div>
   <div class='ocr_carea' id='block_1_101' title="bbox 516 5212 2092 5290">
    <p class='ocr_par' dir='ltr' id='par_1_101' title="bbox 516 5212 2092 5290">
     <span class='ocr_line' id='line_1_101' title="bbox 516 5212 2092 5290; baseline -0.008 -13"><span class='ocrx_word' id='word_1_817' title='bbox 516 5224 693 5277; x_wconf 87' lang='lat' dir='ltr'><strong>disset</strong></span> <span class='ocrx_word' id='word_1_818' title='bbox 724 5223 775 5275; x_wconf 91' lang='lat' dir='ltr'><strong>ei</strong></span> <span class='ocrx_word' id='word_1_819' title='bbox 803 5222 1052 5290; x_wconf 88' lang='lat' dir='ltr'><strong>angelum</strong></span> <span class='ocrx_word' id='word_1_820' title='bbox 1088 5222 1392 5273; x_wconf 85' lang='lat' dir='ltr'><strong>custodem.</strong></span> <span class='ocrx_word' id='word_1_821' title='bbox 1425 5217 1668 5284; x_wconf 85' lang='lat' dir='ltr'><strong>Quisque</strong></span> <span class='ocrx_word' id='word_1_822' title='bbox 1727 5215 1877 5269; x_wconf 91' lang='lat' dir='ltr'><strong>enim</strong></span> <span class='ocrx_word' id='word_1_823' title='bbox 1907 5212 2092 5267; x_wconf 90' lang='lat' dir='ltr'><strong>homi-</strong></span> 
     </span>
    </p>
   </div>
   <div class='ocr_carea' id='block_1_102' title="bbox 518 5304 2095 5380">
    <p class='ocr_par' dir='ltr' id='par_1_102' title="bbox 518 5304 2095 5380">
     <span class='ocr_line' id='line_1_102' title="bbox 518 5304 2095 5380; baseline -0.008 -12"><span class='ocrx_word' id='word_1_824' title='bbox 518 5331 651 5368; x_wconf 90' lang='lat' dir='ltr'><strong>num</strong></span> <span class='ocrx_word' id='word_1_825' title='bbox 702 5312 867 5366; x_wconf 86' lang='lat' dir='ltr'><strong>habet</strong></span> <span class='ocrx_word' id='word_1_826' title='bbox 906 5311 1160 5380; x_wconf 88' lang='lat' dir='ltr'><strong>angelum</strong></span> <span class='ocrx_word' id='word_1_827' title='bbox 1206 5311 1515 5363; x_wconf 78' lang='lat' dir='ltr'><strong>custodem.</strong></span> <span class='ocrx_word' id='word_1_828' title='bbox 1554 5307 1766 5360; x_wconf 69' lang='lat' dir='ltr'><strong>litenim</strong></span> <span class='ocrx_word' id='word_1_829' title='bbox 1795 5305 1940 5359; x_wconf 81' lang='lat' dir='ltr'><strong>Deus</strong></span> <span class='ocrx_word' id='word_1_830' title='bbox 1966 5304 2095 5357; x_wconf 81' lang='lat' dir='ltr'><strong>facit</strong></span> 
     </span>
    </p>
   </div>
   <div class='ocr_carea' id='block_1_103' title="bbox 521 5395 2096 5476">
    <p class='ocr_par' dir='ltr' id='par_1_103' title="bbox 521 5395 2096 5476">
     <span class='ocr_line' id='line_1_103' title="bbox 521 5395 2096 5476; baseline -0.007 -16"><span class='ocrx_word' id='word_1_831' title='bbox 521 5406 745 5476; x_wconf 85' lang='lat' dir='ltr'><strong>angelos</strong></span> <span class='ocrx_word' id='word_1_832' title='bbox 790 5401 1043 5474; x_wconf 76' lang='lat' dir='ltr'><strong>s’piritus,</strong></span> <span class='ocrx_word' id='word_1_833' title='bbox 1080 5412 1136 5456; x_wconf 90' lang='lat' dir='ltr'><strong>et</strong></span> <span class='ocrx_word' id='word_1_834' title='bbox 1188 5411 1408 5455; x_wconf 87' lang='lat' dir='ltr'><strong>nostros</strong></span> <span class='ocrx_word' id='word_1_835' title='bbox 1442 5400 1744 5469; x_wconf 90' lang='lat' dir='ltr'><strong>apostolos,</strong></span> <span class='ocrx_word' id='word_1_836' title='bbox 1773 5398 1915 5451; x_wconf 86' lang='lat' dir='ltr'><strong>sient</strong></span> <span class='ocrx_word' id='word_1_837' title='bbox 1962 5395 2096 5449; x_wconf 88' lang='lat' dir='ltr'><strong>dicit</strong></span> 
     </span>
    </p>
   </div>
   <div class='ocr_carea' id='block_1_104' title="bbox 520 5484 2094 5561">
    <p class='ocr_par' dir='ltr' id='par_1_104' title="bbox 520 5484 2094 5561">
     <span class='ocr_line' id='line_1_104' title="bbox 520 5484 2094 5561; baseline -0.008 -12"><span class='ocrx_word' id='word_1_838' title='bbox 520 5498 853 5551; x_wconf 75' lang='lat' dir='ltr'><strong>Alcoranum</strong></span> <span class='ocrx_word' id='word_1_839' title='bbox 901 5495 955 5547; x_wconf 89' lang='lat' dir='ltr'><strong>in</strong></span> <span class='ocrx_word' id='word_1_840' title='bbox 1002 5491 1241 5561; x_wconf 91' lang='lat' dir='ltr'><strong>capitulo</strong></span> <span class='ocrx_word' id='word_1_841' title='bbox 1289 5490 1552 5544; x_wconf 86' lang='lat' dir='ltr'><strong>Elmaice.</strong></span> <span class='ocrx_word' id='word_1_842' title='bbox 1590 5487 1727 5542; x_wconf 89' lang='lat' dir='ltr'><strong>ltem</strong></span> <span class='ocrx_word' id='word_1_843' title='bbox 1769 5484 1950 5556; x_wconf 86' lang='lat' dir='ltr'><strong>angeli</strong></span> <span class='ocrx_word' id='word_1_844' title='bbox 1982 5498 2094 5538; x_wconf 90' lang='lat' dir='ltr'><strong>non</strong></span> 
     </span>
    </p>
   </div>
   <div class='ocr_carea' id='block_1_105' title="bbox 597 5648 1490 5715">
    <p class='ocr_par' dir='ltr' id='par_1_105' title="bbox 597 5648 1490 5715">
     <span class='ocr_line' id='line_1_105' title="bbox 597 5648 1490 5715; baseline -0.001 -12"><span class='ocrx_word' id='word_1_845' title='bbox 597 5652 645 5687; x_wconf 79' lang='grc'><strong><em>²⁶</em></strong></span> <span class='ocrx_word' id='word_1_846' title='bbox 669 5650 809 5703; x_wconf 85' lang='lat' dir='ltr'><strong>Gen.</strong></span> <span class='ocrx_word' id='word_1_847' title='bbox 848 5667 886 5715; x_wconf 88' lang='grc' dir='ltr'><strong>ι,</strong></span> <span class='ocrx_word' id='word_1_848' title='bbox 919 5651 1009 5704; x_wconf 71' lang='lat'><strong>&#39;27.</strong></span> <span class='ocrx_word' id='word_1_849' title='bbox 1087 5650 1130 5681; x_wconf 82' lang='lat'><strong>&quot;</strong></span> <span class='ocrx_word' id='word_1_850' title='bbox 1164 5648 1322 5703; x_wconf 83' lang='lat' dir='ltr'><strong>Joau.</strong></span> <span class='ocrx_word' id='word_1_851' title='bbox 1352 5666 1403 5713; x_wconf 72' lang='grc' dir='ltr'>γ,</span> <span class='ocrx_word' id='word_1_852' title='bbox 1436 5650 1490 5702; x_wconf 81' lang='lat'><strong>7.</strong></span> 
     </span>
    </p>
   </div>
   <div class='ocr_carea' id='block_1_106' title="bbox 2192 4733 3640 4825">
    <p class='ocr_par' dir='ltr' id='par_1_106' title="bbox 2192 4733 3640 4825">
     <span class='ocr_line' id='line_1_106' title="bbox 2192 4733 3640 4825; baseline -0.02 -6"><span class='ocrx_word' id='word_1_853' title='bbox 2192 4769 2312 4818; x_wconf 89' lang='grc' dir='ltr'>γειν</span> <span class='ocrx_word' id='word_1_854' title='bbox 2341 4752 2391 4803; x_wconf 75' lang='grc' dir='ltr'>οἱ</span> <span class='ocrx_word' id='word_1_855' title='bbox 2412 4752 2753 4822; x_wconf 56' lang='grc' dir='ltr'>Μρῤακηνοί</span> <span class='ocrx_word' id='word_1_856' title='bbox 2773 4750 2975 4819; x_wconf 80' lang='grc' dir='ltr'>κτίσμα</span> <span class='ocrx_word' id='word_1_857' title='bbox 3004 4766 3058 4801; x_wconf 92' lang='grc' dir='ltr'><strong>τι</strong></span> <span class='ocrx_word' id='word_1_858' title='bbox 3080 4746 3244 4812; x_wconf 83' lang='grc' dir='ltr'>εἶναι,</span> <span class='ocrx_word' id='word_1_859' title='bbox 3278 4740 3380 4799; x_wconf 75' lang='grc' dir='ltr'>οἷον</span> <span class='ocrx_word' id='word_1_860' title='bbox 3407 4733 3640 4825; x_wconf 73' lang='grc' dir='ltr'>ἄγγελός</span> 
     </span>
    </p>
   </div>
   <div class='ocr_carea' id='block_1_107' title="bbox 2196 4827 3639 4910">
    <p class='ocr_par' dir='ltr' id='par_1_107' title="bbox 2196 4827 3639 4910">
     <span class='ocr_line' id='line_1_107' title="bbox 2196 4827 3639 4910; baseline -0.01 -15"><span class='ocrx_word' id='word_1_861' title='bbox 2196 4843 2419 4910; x_wconf 73' lang='grc' dir='ltr'>ἀγαθός’</span> <span class='ocrx_word' id='word_1_862' title='bbox 2448 4841 2572 4893; x_wconf 76' lang='grc' dir='ltr'>ἐπεὶ</span> <span class='ocrx_word' id='word_1_863' title='bbox 2600 4840 2793 4902; x_wconf 82' lang='grc' dir='ltr'>ἑνικῶς</span> <span class='ocrx_word' id='word_1_864' title='bbox 2822 4841 2950 4907; x_wconf 73' lang='grc' dir='ltr'>περὶ</span> <span class='ocrx_word' id='word_1_865' title='bbox 2977 4840 3141 4891; x_wconf 79' lang='grc' dir='ltr'>αὑτοῦ</span> <span class='ocrx_word' id='word_1_866' title='bbox 3166 4840 3467 4904; x_wconf 73' lang='grc' dir='ltr'>διαλέγεται,</span> <span class='ocrx_word' id='word_1_867' title='bbox 3483 4827 3539 4885; x_wconf 74' lang='grc' dir='ltr'>ὡς</span> <span class='ocrx_word' id='word_1_868' title='bbox 3566 4831 3639 4881; x_wconf 60' lang='grc' dir='ltr'>εἶρε</span> 
     </span>
    </p>
   </div>
   <div class='ocr_carea' id='block_1_108' title="bbox 2197 4912 3640 5001">
    <p class='ocr_par' dir='ltr' id='par_1_108' title="bbox 2197 4912 3640 5001">
     <span class='ocr_line' id='line_1_108' title="bbox 2197 4912 3640 5001; baseline -0.031 6"><span class='ocrx_word' id='word_1_869' title='bbox 2197 4933 2313 4995; x_wconf 66' lang='grc' dir='ltr'><strong>ἐνὸς</strong></span> <span class='ocrx_word' id='word_1_870' title='bbox 2335 4933 2509 5001; x_wconf 68' lang='grc' dir='ltr'>ἁγίου.</span> <span class='ocrx_word' id='word_1_871' title='bbox 2530 4933 2593 4985; x_wconf 69' lang='grc' dir='ltr'><strong>οἱ</strong></span> <span class='ocrx_word' id='word_1_872' title='bbox 2615 4932 2670 4984; x_wconf 72' lang='grc' dir='ltr'><strong>δὲ</strong></span> <span class='ocrx_word' id='word_1_873' title='bbox 2692 4930 2836 4997; x_wconf 66' lang='grc' dir='ltr'>ἆῖιοι</span> <span class='ocrx_word' id='word_1_874' title='bbox 2860 4931 3079 4998; x_wconf 81' lang='grc' dir='ltr'>ἄγγελοι</span> <span class='ocrx_word' id='word_1_875' title='bbox 3104 4929 3286 4983; x_wconf 82' lang='grc' dir='ltr'>πολλοί</span> <span class='ocrx_word' id='word_1_876' title='bbox 3307 4929 3421 4989; x_wconf 88' lang='grc' dir='ltr'>είσι,</span> <span class='ocrx_word' id='word_1_877' title='bbox 3437 4912 3640 4998; x_wconf 52' lang='lat' dir='ltr'><strong>mum}</strong></span> 
     </span>
    </p>
   </div>
   <div class='ocr_carea' id='block_1_109' title="bbox 2199 5002 3639 5090">
    <p class='ocr_par' dir='ltr' id='par_1_109' title="bbox 2199 5002 3639 5090">
     <span class='ocr_line' id='line_1_109' title="bbox 2199 5002 3639 5090; baseline 0.006 -16"><span class='ocrx_word' id='word_1_878' title='bbox 2199 5023 2305 5074; x_wconf 75' lang='grc' dir='ltr'><strong>εἰσί</strong></span> <span class='ocrx_word' id='word_1_879' title='bbox 2338 5021 2431 5074; x_wconf 87' lang='grc' dir='ltr'><strong>τοῦ</strong></span> <span class='ocrx_word' id='word_1_880' title='bbox 2468 5020 2626 5074; x_wconf 90' lang='grc' dir='ltr'>Θεοῦ.</span> <span class='ocrx_word' id='word_1_881' title='bbox 2658 5021 2755 5083; x_wconf 87' lang='grc' dir='ltr'>Τίς</span> <span class='ocrx_word' id='word_1_882' title='bbox 2776 5021 2952 5073; x_wconf 87' lang='grc' dir='ltr'>τοίνυν</span> <span class='ocrx_word' id='word_1_883' title='bbox 2976 5023 3009 5090; x_wconf 80' lang='grc' dir='ltr'><strong>ἡ</strong></span> <span class='ocrx_word' id='word_1_884' title='bbox 3040 5023 3184 5073; x_wconf 82' lang='grc' dir='ltr'>αἰτία</span> <span class='ocrx_word' id='word_1_885' title='bbox 3218 5017 3398 5078; x_wconf 80' lang='grc' dir='ltr'>ἑνικῶς</span> <span class='ocrx_word' id='word_1_886' title='bbox 3423 5002 3639 5090; x_wconf 32' lang='lat' dir='ltr'><strong>“Pus?”</strong></span> 
     </span>
    </p>
   </div>
   <div class='ocr_carea' id='block_1_110' title="bbox 2196 5088 3641 5183">
    <p class='ocr_par' dir='ltr' id='par_1_110' title="bbox 2196 5088 3641 5183">
     <span class='ocr_line' id='line_1_110' title="bbox 2196 5088 3641 5183; baseline -0.007 -16"><span class='ocrx_word' id='word_1_887' title='bbox 2196 5113 2571 5181; x_wconf 66' lang='grc' dir='ltr'>διαλέγεσθαι,</span> <span class='ocrx_word' id='word_1_888' title='bbox 2602 5114 2696 5165; x_wconf 72' lang='grc' dir='ltr'><strong>καὶ</strong></span> <span class='ocrx_word' id='word_1_889' title='bbox 2714 5114 2894 5177; x_wconf 74' lang='grc' dir='ltr'>λέγειν</span> <span class='ocrx_word' id='word_1_890' title='bbox 2922 5088 3189 5183; x_wconf 75' lang='grc' dir='ltr'>ἡμετέρου</span> <span class='ocrx_word' id='word_1_891' title='bbox 3213 5112 3303 5164; x_wconf 79' lang='grc' dir='ltr'>καὶ</span> <span class='ocrx_word' id='word_1_892' title='bbox 3322 5108 3487 5175; x_wconf 78' lang='grc' dir='ltr'>ἁγίους</span> <span class='ocrx_word' id='word_1_893' title='bbox 3513 5088 3641 5183; x_wconf 34' lang='grc' dir='ltr'>καί-ἕξ</span> 
     </span>
    </p>
   </div>
   <div class='ocr_carea' id='block_1_111' title="bbox 2198 5177 3639 5273">
    <p class='ocr_par' dir='ltr' id='par_1_111' title="bbox 2198 5177 3639 5273">
     <span class='ocr_line' id='line_1_111' title="bbox 2198 5177 3639 5273; baseline -0.022 -15"><span class='ocrx_word' id='word_1_894' title='bbox 2198 5207 2296 5258; x_wconf 75' lang='grc' dir='ltr'><strong>οὐκ</strong></span> <span class='ocrx_word' id='word_1_895' title='bbox 2316 5177 2380 5257; x_wconf 78' lang='grc' dir='ltr'><strong>ἂν</strong></span> <span class='ocrx_word' id='word_1_896' title='bbox 2399 5201 2466 5273; x_wconf 78' lang='grc' dir='ltr'>ἦν</span> <span class='ocrx_word' id='word_1_897' title='bbox 2489 5177 2631 5272; x_wconf 80' lang='grc' dir='ltr'>μέγα</span> <span class='ocrx_word' id='word_1_898' title='bbox 2650 5202 2923 5272; x_wconf 75' lang='grc' dir='ltr'>ἐγκώμιον</span> <span class='ocrx_word' id='word_1_899' title='bbox 2942 5177 3077 5271; x_wconf 42' lang='grc' dir='ltr'>’περὶ</span> <span class='ocrx_word' id='word_1_900' title='bbox 3097 5177 3199 5254; x_wconf 59' lang='grc' dir='ltr'><strong>⁷τοῦ</strong></span> <span class='ocrx_word' id='word_1_901' title='bbox 3214 5194 3449 5270; x_wconf 82' lang='grc' dir='ltr'>Χριστοῦ,</span> <span class='ocrx_word' id='word_1_902' title='bbox 3468 5188 3513 5239; x_wconf 81' lang='grc' dir='ltr'>ὃν</span> <span class='ocrx_word' id='word_1_903' title='bbox 3527 5177 3639 5273; x_wconf 29' lang='lat' dir='ltr'><strong>ab}?</strong></span> 
     </span>
    </p>
   </div>
   <div class='ocr_carea' id='block_1_112' title="bbox 2201 5265 3640 5366">
    <p class='ocr_par' dir='ltr' id='par_1_112' title="bbox 2201 5265 3640 5366">
     <span class='ocr_line' id='line_1_112' title="bbox 2201 5265 3640 5366; baseline -0.017 -16"><span class='ocrx_word' id='word_1_904' title='bbox 2201 5296 2606 5365; x_wconf 67' lang='lat' dir='ltr'><strong>xopa’vovidiw;</strong></span> <span class='ocrx_word' id='word_1_905' title='bbox 2642 5299 2832 5348; x_wconf 87' lang='grc' dir='ltr'>σκοπεῖ</span> <span class='ocrx_word' id='word_1_906' title='bbox 2872 5297 3149 5366; x_wconf 74' lang='grc' dir='ltr'>συνιστᾷν,</span> <span class='ocrx_word' id='word_1_907' title='bbox 3198 5293 3260 5345; x_wconf 88' lang='grc' dir='ltr'><strong>τὸ</strong></span> <span class='ocrx_word' id='word_1_908' title='bbox 3294 5289 3456 5344; x_wconf 85' lang='grc' dir='ltr'>δοῦναι</span> <span class='ocrx_word' id='word_1_909' title='bbox 3481 5265 3640 5366; x_wconf 43' lang='lat' dir='ltr'><strong>etei)</strong></span> 
     </span>
    </p>
   </div>
   <div class='ocr_carea' id='block_1_113' title="bbox 2203 5364 3641 5460">
    <p class='ocr_par' dir='ltr' id='par_1_113' title="bbox 2203 5364 3641 5460">
     <span class='ocr_line' id='line_1_113' title="bbox 2203 5364 3641 5460; baseline 0.002 -18"><span class='ocrx_word' id='word_1_910' title='bbox 2203 5389 2353 5460; x_wconf 81' lang='grc' dir='ltr'>αὐτῷ</span> <span class='ocrx_word' id='word_1_911' title='bbox 2384 5388 2613 5456; x_wconf 78' lang='grc' dir='ltr'>ἄγγελον</span> <span class='ocrx_word' id='word_1_912' title='bbox 2644 5364 3158 5455; x_wconf 53' lang='grc' dir='ltr'>φύλακαέεκυτος</span> <span class='ocrx_word' id='word_1_913' title='bbox 3190 5384 3295 5453; x_wconf 75' lang='grc' dir='ltr'>γὰρ</span> <span class='ocrx_word' id='word_1_914' title='bbox 3324 5378 3419 5433; x_wconf 75' lang='grc' dir='ltr'><strong>τῶν</strong></span> <span class='ocrx_word' id='word_1_915' title='bbox 3438 5364 3641 5459; x_wconf 27' lang='lat' dir='ltr'><strong>“ei”?</strong></span> 
     </span>
    </p>
   </div>
   <div class='ocr_carea' id='block_1_114' title="bbox 2201 5461 3643 5551">
    <p class='ocr_par' dir='ltr' id='par_1_114' title="bbox 2201 5461 3643 5551">
     <span class='ocr_line' id='line_1_114' title="bbox 2201 5461 3643 5551; baseline -0.029 -2"><span class='ocrx_word' id='word_1_916' title='bbox 2201 5482 2314 5551; x_wconf 74' lang='grc' dir='ltr'>ἔχει</span> <span class='ocrx_word' id='word_1_917' title='bbox 2344 5481 2576 5551; x_wconf 79' lang='grc' dir='ltr'>ἄγγελον</span> <span class='ocrx_word' id='word_1_918' title='bbox 2610 5479 2848 5549; x_wconf 75' lang='grc' dir='ltr'>φύλακα.</span> <span class='ocrx_word' id='word_1_919' title='bbox 2878 5480 2987 5532; x_wconf 77' lang='grc' dir='ltr'><strong>Καὶ</strong></span> <span class='ocrx_word' id='word_1_920' title='bbox 3011 5479 3117 5548; x_wconf 80' lang='grc' dir='ltr'>γὰρ</span> <span class='ocrx_word' id='word_1_921' title='bbox 3145 5480 3173 5530; x_wconf 87' lang='grc' dir='ltr'>ὁ</span> <span class='ocrx_word' id='word_1_922' title='bbox 3205 5476 3328 5535; x_wconf 77' lang='grc' dir='ltr'>Θεὸς</span> <span class='ocrx_word' id='word_1_923' title='bbox 3352 5468 3473 5524; x_wconf 79' lang='grc' dir='ltr'>ποιεῖ</span> <span class='ocrx_word' id='word_1_924' title='bbox 3494 5461 3643 5514; x_wconf 60' lang='grc' dir='ltr'>τοὺςατ</span> 
     </span>
    </p>
   </div>
  </div>
