3862 6220
264 245 401 312 ili")
433 273 446 287 -

1453 239 1752 299 CONTRA
1793 233 2300 296 MAHOMETEM.

3373 228 3506 291 ΙῙὋ

260 365 456 433 τέλους
513 341 798 429 πνεύματα
860 359 953 410 καὶ
1007 354 1308 426 ἡμετέρους
1351 353 1705 412 ἀποστόλους,
1760 348 1835 410 ὡς

1961 345 2282 399 ιοηοιίῆεοηι
2307 343 2577 407 homines,
2606 352 2699 398 seu
2728 344 2871 400 Deus
2892 345 3225 407 immediate,
3245 348 3465 402 etselus
3490 365 3502 399 :

266 454 400 524 φησὶ
428 449 491 503 τὸ
524 447 848 517 Ἀλκοράνον
875 446 932 497 ὲν
961 444 1038 515 τῷ
1066 442 1348 512 κεφαλαίῳ
1382 440 1458 509 τῷ
1496 437 1839 507 Ἐλμελαικέ.

271 547 390 598 Ἐτι
419 544 469 596 οἱ
497 539 720 609 ἄγγελοι
749 539 849 608 οὐχ
878 536 1162 604 ἁγιάζουσι
1196 535 1321 595 τοὺς
1351 530 1697 602 ἀνθρώπους,
1726 527 1840 581 ἀλλ’

266 638 294 691 6
323 633 458 698 Θεὸς
486 633 709 702 ἀμέσως
734 630 828 682 καὶ
863 628 1054 697 μόνος·
1087 625 1275 693 ὥσπερ
1309 623 1472 693 μόνος
1513 622 1542 673 ό
1579 619 1710 684 Θεὸς
1744 620 1841 682 τὰς

269 725 541 797 ἁμαρτίας
572 721 786 798 ἀφίησι,
819 717 1004 780 καθὼς
1033 717 1252 784 λέγεται
1291 717 1349 766 ὲν
1382 714 1462 782 τῷ
1507 712 1837 780 ’Λλκοράνιμ

269 821 343 874 Τὸ
373 815 770 888 προειρημένον
800 811 978 864 τοίνυν
1025 806 1250 877 Πνεῦμα
1282 803 1493 886 ἀληθής
1541 804 1658 854 ἐστι
1681 802 1834 863 Θεός.

279 909 512 979 ’Λληθὴς
542 907 600 960 δὲ
630 904 761 967 Θεὸς
783 902 880 956 καὶ
907 903 935 955 6
965 900 1094 969 περὶ
1122 897 1216 951 τοῦ
1256 895 1574 962 Πνεῦματος
1592 892 1768 958 διαλεγ
1783 892 1840 942 ό-

271 1022 454 1076 μενος,
485 1004 513 1054 6
546 1001 724 1068 λέγων
749 1013 762 1028 ·
803 1014 822 1048 ι
861 993 1186 1061 Δεδώκαμεν
1211 987 1362 1058 αὐτῷ
1402 985 1630 1076 [Ινεῦμα
1661 983 1837 1076 ᾇγιον,

270 1075 365 1152 καὶ
407 1093 830 1162 ὲνεφυσήσαμεν-
865 1087 929 1138 ὲκ
957 1083 1054 1137 τοῦ
1098 1079 1420 1150 Πνεύματος
1465 1075 1560 1129 τοῦ
1592 1075 1770 1142 ἁγίου.
1815 1092 1833 1124 ι

279 1188 437 1241 Ἐπεὶ
481 1184 662 1237 τοίνυν,
690 1182 722 1251 ἠ
771 1177 892 1231 θεία
921 1175 1080 1229 οὐσία
1115 1171 1216 1242 μία.
1258 1171 1376 1222 ἐστὶ
1423 1168 1518 1221 καὶ
1545 1165 1714 1231 ἁπλῆ,
1748 1165 1843 1217 καὶ

268 1280 330 1332 o6
357 1277 582 1330 δύναται
615 1269 1014 1340 διακρίνεσθαι,
1047 1265 1079 1335 ἢ
1111 1262 1442 1332 διαιρεῖσθαι
1463 1275 1476 1290 ο
1507 1259 1623 1311 ἐκεῖ
1648 1256 1704 1308 δέ
1727 1255 1842 1307 ἐστι

269 1369 450 1431 διδοὺς
483 1367 577 1419 καὶ
601 1363 895 1433 διδόμενον,
925 1358 1100 1419 διδοὺς
1137 1353 1236 1424 μὲν
1257 1353 1286 1406 6
1316 1351 1516 1418 λέγων,
1545 1366 1563 1399 ι
1591 1343 1841 1399 Δεδώκςι.⁴

275 1478 396 1531 μεν,
431 1478 448 1510 ι
482 1456 760 1526 ὸίδομενον
791 1452 849 1504 δὲ
879 1450 939 1502 τὸ
967 1445 1190 1515 Πνεῦμα
1223 1444 1252 1497 6
1281 1442 1479 1496 διδόται
1515 1437 1625 1531 καί-
1665 1439 1841 1531 ’.μ-φυ-

275 1526 433 1604 οᾶται
458 1564 472 1578 ’
489 1546 690 1616 μεταξὺ
717 1541 773 1594 δὲ
795 1539 888 1593 τοῦ
911 1539 1142 1598 διδόντος
1174 1533 1266 1587 καὶ
1293 1531 1568 1600 διδομένου
1596 1526 1840 1594 ζητεῖται

1947 451 2204 507 tanquam
2236 439 2382 491 solus
2409 437 2551 490 Deus
2583 446 2759 506 potest
2786 449 3007 506 peccata
3041 438 3340 500 dimittere.
3367 441 3512 494 sicut

1946 530 2078 584 dicit
2115 529 2168 581 in
2202 529 2492 585 Alcorano.
2533 527 2831 580 Praedictus
2854 527 3029 596 igitur
3065 526 3307 596 Spiritus
3346 544 3511 581 verus

1945 628 2028 671 est
2060 603 2241 682 Deus;
2284 635 2449 671 verus
2501 627 2684 672 autem
2738 618 2880 671 Deus
2925 626 2980 670 et
3016 618 3110 686 qui
3156 617 3222 671 de
3257 618 3513 687 prtedieto

1944 707 2152 776 Spiritu
2176 706 2418 774 loquitur
2441 705 2629 759 dicens
2655 721 2667 756 :
2708 726 2724 756 ι
2749 704 3008 760 Dedimus
3028 705 3079 760 ei
3096 705 3361 776 Spiritum
3392 721 3518 762 san-

1945 809 2120 858 ctum,
2153 808 2210 851 et
2242 796 2628 866 inspiravimus
2651 811 2717 850 ex
2747 795 2954 864 Spiritu
2974 805 3161 851 sancto
3207 815 3223 846 ι
3248 797 3516 861 Quoniam

1948 890 2114 958 igitur
2142 888 2328 942 divina
2357 888 2594 941 essentia
2632 902 2740 940 una
2768 895 2854 941 est
2890 897 2944 941 et
2984 887 3236 956 simplex,
3270 903 3379 941 non
3421 905 3518 956 po-

1951 986 2053 1031 test
2081 977 2338 1038 discerni,
2370 976 2453 1030 vel
2503 976 2709 1042 dividi,
2741 985 2795 1030 et
2825 977 2898 1030 ibi
2939 985 3024 1033 est
3056 977 3190 1031 dans
3222 986 3274 1030 et
3305 977 3514 1031 datum.

1949 1071 2092 1123 Dans
2113 1107 2126 1130 ,
2163 1068 2255 1137 qui
2297 1068 2451 1132 dicit,
2499 1067 2829 1134 «Dedimus;
2865 1087 2881 1117 ›
2910 1078 2964 1123 et
2992 1070 3168 1133 datus,
3199 1070 3288 1138 qui
3315 1069 3518 1122 dicitur

1950 1159 2188 1228 Spiritus
2236 1167 2492 1222 sanctus,
2525 1158 2619 1226 qui
2666 1157 2868 1211 dicitur
2899 1159 3059 1213 datus
3105 1170 3159 1213 et
3199 1161 3514 1226 insgiiratus.

1950 1250 2094 1304 lnter
2141 1249 2360 1302 dantem
2414 1256 2622 1324 autem,
2661 1258 2717 1303 et
2751 1249 2844 1317 qui
2887 1249 3066 1312 datur,
3105 1251 3408 1319 requiritur
3459 1258 3520 1304 ut

1946 1339 2322 1409 distinguatur
2356 1339 2720 1407 personaliter
2752 1340 2956 1405 solum,
2994 1357 3102 1394 non
3129 1343 3516 1404 essentialiter,

1945 1441 1999 1485 et
2016 1431 2094 1485 sic
2114 1432 2246 1484 solis
2264 1425 2621 1484 relationibus
2637 1429 3078 1500 distinguuntur.
3098 1431 3162 1485 Et
3178 1432 3292 1485 hazc
3309 1442 3389 1486 est
3408 1434 3522 1486 sola

1945 1521 2402 1590 discretiquuam
2418 1520 2714 1575 Christiani
2733 1520 2786 1573 in
2802 1520 3052 1589 personis
3072 1521 3274 1576 divinis
3290 1521 3520 1576 faciunt.

275 1614 544 1713 διάκρισίς
569 1654 582 1668 .
615 1637 828 1706 ἀνάγκη
854 1634 944 1686 τὸν
975 1630 1187 1684 διδόντα
1213 1627 1306 1680 καὶ
1329 1622 1657 1713 ἐμφυσῶντα
1680 1619 1835 1713 Θεὸν,
1875 1616 1970 1713 καὶ
2003 1615 2064 1666 τὸ
2095 1614 2397 1713 διδόμενον-
2434 1616 2530 1713 καὶ
2597 1616 3005 1713 ὲμιρυιςὼμενον-
3028 1614 3251 1686 Πνεῦμα
3302 1635 3522 1686 προσω-
3578 1667 3583 1672 .

279 1706 451 1796 πικιῦς
494 1726 867 1798 διακρίνεσθαι
899 1726 1078 1795 μόνον,
1121 1720 1238 1798 αλλ’
1268 1710 1694 1774 οὖκ¹οὖσιωδῶς.
1728 1711 1840 1762 Καὶ
1875 1709 2020 1761 οὕτω
2053 1707 2247 1798 μόναις
2305 1706 2444 1767 ταῖς
2486 1707 2790 1798 όιναφοραῖς
2820 1708 3186 1778 διακρίνονται
3211 1725 3225 1740 .
3269 1714 3363 1764 καὶ
3384 1713 3522 1784 αὕτη

277 1827 392 1879 ἰπὶ
450 1823 583 1889 μόνη
627 1796 670 1890 ἦ
709 1818 1000 1884 διάκρισις,
1050 1813 1117 1881 ἢν
1149 1796 1208 1862 ὀί
1258 1803 1574 1878 Χριστιανοὶ
1619 1803 1679 1890 έν
1714 1801 1836 1890 ,τοῖς
1877 1797 2390 1890 θείοις-προσώποις
2419 1796 2648 1850 τιθέασι.

345 1915 421 1968 Τὸ
447 1913 503 1966 δὲ
532 1887 668 1963 αῦτὸ
709 1903 1025 1960 παντάπασι
1058 1901 1300 1968 ζήτημα,
1331 1895 1359 1947 6
1387 1895 1516 1964 περὶ
1556 1889 1652 1943 τοῦ
1682 1889 1840 1956 ἁγίου

2021 1887 2170 1940 llatae
2231 1887 2482 1941 eamdem
2534 1887 2758 1941 omnino
2819 1890 3175 1958 qumstionem
3220 1909 3385 1964 quam
3455 1898 3524 1953 de

277 2008 594 2074 Πνεῦματος
637 1997 1008 2066 ἐζητήσαμεν,
1039 1988 1315 2060 δυνάμεθα
1349 1986 1535 2056 ζητεῖν
1569 1985 1664 2074 καὶ
1717 1978 1846 2047 περὶ

274 2103 371 2160 τοῦ
408 2072 584 2167 Λόγου
611 2093 704 2147 τοῦ
729 2088 876 2162 Θεοῦ,
900 2087 1008 2141 Καὶ
1031 2083 1139 2152 γὰρ
1173 2083 1230 2134 ὲν
1264 2076 1343 2147 τῷ
1387 2072 1692 2167 Ἀλκοράνῳ
1721 2083 1848 2167 συν·

287 2196 426 2266 εχῶς
463 2161 737 2261 μέμνηται
769 2161 869 2234 τοῦ
900 2179 1075 2247 Λόγου
1136 2169 1424 2266 τοῦΘεοῦ.
1460 2166 1702 2266 Λέγεται
1739 2161 1846 2266 γὰρ

279 2255 774 2355 ιζτῷάέωλώφ
821 2272 900 2341 τῷ
936 2268 1179 2340 ’Λμρὰμ,
1213 2260 1379 2318 Εῐπον
1527 2256 1746 2355 ἄγγελοι
1777 2255 1846 2355 τῇ

285 2344 532 2448 μακαρίᾳ
558 2344 841 2439 Μαρία-,Ὠ
867 2362 1076 2431 Μαρία,
1107 2361 1135 2411 6
1156 2359 1287 2419 Θεὸς
1316 2349 1588 2448 προέθηκέ
1623 2344 1848 2448 cie-61:69

284 2439 462 2531 πάσας
491 2439 590 2524 τὰς
619 2461 903 2530 γυναῖκας.
937 2453 1045 2506 Καὶ
1068 2449 1207 2520 μετὰ
1235 2447 1408 2501 ταῦτα
1436 2439 1588 2496 εἷπον
1614 2441 1663 2531 οἱ
1686 2439 1850 2506 ἄγγε-

282 2559 386 2616 λοι,
415 2527 486 2607 Ὦ
531 2527 738 2621 Μαρία,
771 2537 1183 2612 εὐαγγελίζεται
1228 2552 1310 2588 σοι
1355 2535 1382 2586 6
1426 2531 1577 2595 Θεὸς,
1619 2527 1849 2621 ἢόιναγζ

285 2649 467 2719 γέλλει
530 2615 640 2696 σοι-
669 2639 761 2692 τὸν
810 2637 980 2703 Λόγον
1035 2629 1221 2693 αὑτοῦ,
1257 2622 1443 2719 καὶτὸ
1473 2622 1645 2719 όνομα
1683 2615 1848 2670 αὑτοῦ

285 2710 517 2810 ξριοτὸς
559 2729 765 2803 Ἰησοῦς
793 2729 905 2788 υίὸς
938 2725 1044 2794 τῆς
1071 2720 1310 2787 Μαρίας.
1347 2715 1452 2770 Καὶ
1485 2715 1542 2810 ὲν
1574 2710 1850 2810 τῷ.κὶφαῖ

285 2800 423 2900 λαίῳ
451 2827 528 2897 τῷ
571 2800 796 2892 Ἑλνεσᾷ
841 2819 1093 2885 λέγεται,
1123 2811 1216 2880 Μὴ
1245 2811 1405 2879 εἴπῃς
1429 2806 1553 2900 περὶ
1577 2801 1685 2900 τοῦ
1716 2800 1850 2900 Θεοῦ

290 2891 434 2989 πλην
463 2891 558 2987 τῆς
587 2911 865 2982 ἀληθείας,
893 2909 975 2960 ὅτι
1000 2906 1028 2958 6
1056 2902 1290 2971 Χριστὸς
1330 2896 1536 2990 Ἰησοῦς
1566 2896 1594 2946 6
1615 2891 1729 2990 υίὸς
1754 2891 1853 2990 της

288 2981 822 3078 Μαρίας-ἀπόστολός
845 3000 958 3050 ἐστι
979 2992 1071 3046 τοῦ
1092 2991 1248 3053 Θεοῦ,
1273 2989 1367 3041 καὶ
1386 2984 1555 3053 Λόγος
1577 2981 1671 3078 τοῦ
1693 2981 1850 3078 Θεοῦ,

286 3102 346 3154 ὃν
376 3074 535 3159 αὐτὸς
562 3095 752 3161 ἔθηκεν
802 3091 858 3142 ἐν
890 3087 1024 3156 αὐτῇ
1056 3083 1146 3136 διὰ
1177 3080 1490 3147 Πνεύματος
1520 3075 1700 3143 ἁγίου.
1737 3074 1852 3122 Διι-

1950 1975 2160 2045 Spiritu
2213 1987 2404 2031 sancto
2475 1978 2864 2046 quscsivimus,
2916 1997 3205 2048 possumus
3278 2002 3526 2055 qumrere

1947 2070 2114 2123 etiam
2174 2068 2242 2124 de
2298 2067 2475 2124 Verbo
2509 2069 2654 2124 Dei.
2717 2071 2927 2126 Dicitur
2977 2075 3125 2128 enim
3175 2076 3229 2130 in
3279 2080 3523 2148 capitulo

1950 2161 2223 2215 Abraham
2256 2176 2270 2212 :
2311 2161 2574 2215 Dixerunt
2598 2163 2775 2230 angeli
2809 2164 2980 2218 beata:
3008 2165 3188 2222 Maria:
3217 2184 3229 2220 τ
3263 2169 3306 2223 0
3332 2171 3522 2234 Maria.

1953 2250 2096 2305 Deus
2139 2253 2437 2321 pra'posuit
2477 2264 2528 2308 te
2559 2267 2722 2322 supra
2747 2268 2939 2308 omnes
2986 2257 3262 2311 mulieres.
3302 2260 3369 2314 Et
3403 2273 3527 2329 post

1952 2343 2067 2398 haec
2097 2343 2354 2399 dixerunt
2382 2346 2600 2415 angeli:
2645 2344 2690 2400 Ο
2731 2345 2918 2407 Maria.
2958 2349 3176 2404 nuntiat
3216 2351 3313 2406 tibi
3353 2351 3522 2418 Deus,
3561 2412 3568 2417 κ

1954 2435 2038 2490 vel
2106 2435 2320 2490 nuntiat
2369 2436 2465 2490 tibi
2525 2437 2760 2492 Verbum
2817 2439 2970 2508 ejus,
3022 2450 3077 2494 et
3148 2425 3344 2498 nomen
3407 2447 3528 2515 ejus

1955 2526 2208 2578 Christus
2233 2524 2394 2580 Jesus
2443 2526 2588 2580 lilius
2632 2527 2836 2582 Mariae.
2868 2527 2936 2582 Et
2967 2529 3022 2583 in
3055 2532 3297 2600 capitulo
3329 2533 3524 2587 Elncsa

1954 2615 2196 2670 dicitur:
2246 2616 2324 2672 Ne
2371 2617 2521 2672 dicas
2562 2618 2629 2673 de
2657 2618 2768 2673 Deo
2801 2631 3001 2689 praeter
3027 2623 3336 2686 veritatem,
3379 2627 3528 2694 quod

1953 2703 2205 2761 Christus
2243 2710 2406 2761 .iesus
2451 2705 2595 2761 ﬁlius
2641 2708 2824 2763 Maria:
2869 2711 3148 2778 apostolus
3193 2720 3279 2767 est
3317 2714 3432 2780 Dei,
3471 2725 3528 2770 et

1955 2796 2194 2850 Verbum
2241 2799 2351 2856 Dei.
2381 2798 2527 2867 quod
2575 2799 2689 2867 ipse
2718 2801 2898 2869 posuit
2932 2801 2987 2855 in
3033 2817 3097 2856 ea
3135 2818 3232 2873 per
3261 2803 3527 2874 Spiritum

1955 2899 2226 2943 sanctum.
2260 2889 2502 2944 Allirmat
2527 2890 2691 2960 igitur
2715 2893 2961 2959 omnino,
2983 2892 3265 2950 Christum
3295 2898 3530 2953 Verbum

1953 2994 2074 3034 esse
2128 2978 2242 3034 Dei.
2293 2980 2568 3045 Qumritur
2620 2982 2802 3050 igitur,
2839 2983 2986 3052 quod
3032 2987 3100 3040 sit
3157 2987 3262 3042 hoc
3291 2987 3529 3044 Verbum

1955 3069 2096 3126 Dei?
2125 3079 2304 3124 utrum
2336 3069 2577 3127 Verbum
2607 3072 2944 3129 accidentale
2969 3116 2981 3138 ,
3018 3077 3102 3132 vel
3131 3078 3312 3146 potius
3341 3098 3534 3150 perso-

289 3185 605 3257 σχυρίζεται
657 3177 836 3231 τοίνυν
897 3168 1358 3257 παντάπασι-τὸν
1396 3165 1632 3257 Χριστὸν
1679 3161 1854 3257 Λόγον

1961 3163 2080 3216 nale
2103 3172 2160 3216 et
2183 3163 2352 3216 reale?
2382 3161 2436 3217 Si
2468 3163 2602 3218 dicit
2634 3165 2859 3219 verbum
2889 3181 3011 3221 esse
3038 3171 3225 3225 vocale
3251 3172 3451 3238 solum,
3476 3182 3533 3228 ct

292 3246 430 3326 εῖναι
458 3246 618 3324 Θεοῦ.
665 3264 918 3333 Ζητείται
957 3258 1156 3323 τοίνυν,
1183 3247 1265 3319 τίς
1312 3255 1377 3309 ἂν
1411 3254 1498 3322 εἴη
1529 3246 1681 3312 οὗτος
1704 3253 1732 3302 6
1760 3246 1854 3300 106

1961 3254 2316 3318 accidentale,
2350 3254 2453 3308 hoc
2478 3269 2586 3308 non
2613 3265 2792 3323 potest
2820 3256 2948 3310 dici.
2983 3257 3253 3328 Loquitur
3283 3264 3430 3317 enim
3449 3269 3533 3319 de

240 3408 243 3410 _
291 3358 428 3414 Θεοῦ
454 3357 658 3424 Λόγος;
705 3352 930 3417 πότερον
972 3347 1143 3414 Λόγος
1176 3341 1560 3410 συμϐεϐηκὼς,
1589 3338 1622 3406 ἦ
1657 3337 1854 3406 μᾶλλον

293 3446 641 3520 προσωπικὸς
673 3445 768 3499 καὶ
805 3438 1218 3512 πραγματικόςς
1254 3435 1317 3487 El
1350 3435 1499 3500 λέγει
1532 3431 1698 3520 λόγον
1719 3426 1858 3520 εἶναι

293 3517 598 3607 ςέονητικὸν
647 3531 829 3602 μόνον,
864 3529 958 3582 καὶ
1009 3523 1414 3596 συμϐεϐηκότα,
1449 3520 1607 3607 τοῦτο
1651 3519 1749 3570 οὐκ
1793 3517 1859 3607 διν

290 3605 512 3681 δύναιτο
543 3623 750 3690 λέγειν.
777 3617 1095 3684 Διαλέγεται
1131 3613 1240 3683 γὰρ
1282 3612 1410 3680 περὶ
1440 3606 1603 3661 αὐτοῦ
1641 3607 1702 3658 τὸ
1741 3605 1858 3657 ’Λλ-

294 3718 523 3788 κορὰνον
568 3714 660 3765 καὶ
699 3711 760 3763 τὸ
795 3705 1122 3776 Εὖαγγέλιον
1173 3703 1386 3767 ἑνικῶς,
1437 3701 1511 3762 ὡς
1555 3700 1686 3768 περὶ
1714 3695 1860 3788 γὲνὸς

295 3786 462 3876 μόνου
489 3804 689 3870 Λόγου.
728 3799 786 3853 '0
815 3799 869 3852 δὲ
911 3793 1217 3867 φωνητικὸς
1253 3791 1408 3856 λόγος
1455 3791 1549 3843 καὶ
1577 3786 1862 3858 0031.62617-

293 3898 408 3960 κὼς
445 3897 544 3965 οὐχ
583 3889 684 3959 εἷς,
741 3892 876 3944 ἀλλὰ
926 3888 1133 3943 πολλοί.
1177 3887 1386 3944 Πάντες
1433 3886 1542 3952 γὰρ
1573 3883 1620 3935 οί
1666 3879 1863 3947 ἁγαθοὶ

292 3990 444 4056 λόγοι
492 3990 583 4041 καὶ
611 3987 781 4052 ἅγιοι,
811 3983 908 4036 καὶ
967 3980 1208 4049 ἀληθεῖς,
1239 3978 1388 4046 λόγοι
1442 3973 1578 4028 Θεοῦ
1607 3973 1863 4026 δύνανται

293 4079 551 4147 λέγεσθαι
582 4078 702 4130 Ἔτι
731 4075 790 4128 δὲ
815 4075 914 4127 οὐκ
949 4073 1016 4126 ἂν
1036 4067 1102 4142 ἦν
1132 4065 1469 4137 ὑπερϐάλλον
1501 4082 1557 4117 τι
1584 4064 1864 4132 ἐγκώμιον

297 4171 393 4225 τοῦ
419 4167 680 4239 Χριστοῦ,
710 4167 768 4220 ὃν
797 4165 940 4228 ἰδίως
972 4165 1034 4217 τὸ
1049 4161 1372 4231 ’Δλκοράνον
1423 4157 1674 4226 βούλεται
1711 4157 1867 4206 ὲπαι·

297 4265 436 4327 νεῖν,
467 4263 515 4315 εἰ
538 4259 629 4314 διὰ
659 4259 815 4312 τοῦτο
843 4257 1054 4324 λέγοιτο
1084 4255 1256 4321 Λόγος
1302 4250 1459 4313 Θεοῦ,
1495 4250 1570 4312 ὡς
1615 4248 1741 4310 τοὺς
1771 4246 1865 4299 λόο

301 4368 434 4422 γους
466 4350 635 4405 είπὼν
659 4349 751 4402 τοῦ
780 4347 938 4402 Θεοῦ.
971 4347 1045 4400 06
1079 4344 1240 4414 μόνος
1259 4343 1368 4412 γὰρ
1391 4343 1418 4395 6
1439 4339 1692 4410 Χριστὸς,
1729 4335 1866 4391 ἀλλὰ

299 4442 396 4496 καὶ
425 4443 475 4494 ot
507 4439 658 4494 ἄλλοι
691 4437 967 4508 προςῆται
1011 4435 1136 4496 τοὺς
1178 4432 1370 4500 λόγους
1405 4430 1739 4499 ἀνήγγειλαν
1771 4424 1867 4478 τοῦ

303 4531 464 4592 Θεοῦ,
503 4531 594 4579 ml.
652 4529 800 4595 ὅμως
829 4522 1006 4584 οὐδεὶς
1039 4519 1264 4574 ἐκείνων
1313 4518 1487 4585 Λόγος
1513 4519 1730 4584 λέγεται
1770 4512 1866 4566 τοῦ

304 4621 462 4673 Θεοῦ.
495 4619 630 4689 Περὶ
662 4620 825 4688 μόνου
851 4617 971 4684 ξγὰρ
1015 4612 1110 4666 τοῦ
1162 4611 1400 4680 Χριστοῦ
1434 4610 1495 4663 τὸ
1534 4608 1869 4675 Εὐαγγέλιον

304 4713 402 4765 καὶ
429 4715 490 4764 τὸ
531 4709 856 4777 Ἀλκοράνον
887 4706 1074 4774 φησιν,
1104 4704 1178 4767 ὡς
1208 4703 1293 4771 εἴη
1317 4702 1489 4770 Λόγος
1522 4701 1677 4754 Θεοῦ.
1720 4698 1782 4752 Εἰ
1815 4696 1875 4750 δὲ

301 4800 579 4864 οὐσιωδῶς
606 4799 702 4854 καὶ
729 4796 1099 4868 προσωπικῶς
1133 4797 1161 4847 6
1198 4795 1369 4860 Λόγος
1403 4792 1752 4861 λαμϐάνοιτο,
1780 4787 1874 4856 δῆ-

299 4895 418 4960 λον,
454 4892 530 4951 ὡς
565 4891 734 4952 ἀΐδιος
768 4889 833 4943 ἂν
875 4889 960 4958 εἴη
987 4891 1016 4941 6
1040 4885 1134 4940 1:06
1170 4885 1306 4938 Θεοῦ
1351 4883 1546 4952 Λόγος,
1601 4881 1698 4935 καὶ
1742 4880 1874 4942 Θεὸς

303 4982 535 5053 ἀληθής.
562 4981 773 5048 Ὥσπερ
791 4979 900 5048 γὰρ
926 4979 954 5031 6
981 4979 1045 5030 ἐκ
1073 4974 1167 5030 τοῦ
1199 4977 1466 5044 στόματος
1493 4971 1587 5026 τοῦ
1621 4967 1866 5041 φθαρτοῦ

304 5069 592 5140 ἀνθρώπου
626 5067 832 5138 προῖὼν
852 5066 1010 5133 λόγος
1044 5064 1283 5133 φθαρτὸς
1326 5063 1384 5128 ἐξ
1419 5063 1666 5128 ἀνάγκης
1697 5057 1870 5121 ἐστὶν,

303 5159 447 5214 οὕτω
483 5161 579 5213 καὶ
623 5158 651 5210 6
691 5158 751 5224 ἐξ
782 5157 954 5210 ἀϊδίου
1009 5153 1286 5224 προελθὼν
1325 5152 1419 5205 τοῦ
1462 5152 1728 5220 στόματος
1775 5147 1870 5201 τοῦ

305 5252 442 5307 Θεοῦ
475 5253 673 5320 Λόγος,
704 5251 776 5303 δι’·
796 5242 856 5302 οὗ
898 5250 987 5302 τὸν
1017 5247 1259 5318 οὐρανὸπι
1277 5245 1372 5298 καὶ
1403 5248 1503 5313 τὴν
1549 5243 1652 5312 γῆν
1681 5243 1776 5294 καὶ
1805 5240 1876 5292 τὰ

311 5343 514 5412 μεταξὺ
572 5344 689 5413 (ἵνα
732 5343 810 5417 τῷ
851 5341 944 5394 τοῦ
983 5340 1307 5410 Ἀλκοράνου
1358 5339 1652 5408 χρήσωμαι
1703 5334 1871 5403 λόγῳ)

305 5433 583 5502 ἐποίησεν,
612 5431 890 5502 ἄφθαρτον
921 5429 1017 5483 καὶ
1038 5429 1208 5482 ἀΐδιον
1241 5423 1378 5482 εἶναι
1409 5428 1642 5495 ἀνάγκη.
1676 5427 1790 5490 Πᾶν
1816 5423 1873 5475 δὲ

304 5522 366 5574 τὸ
392 5524 456 5576 ἐκ
482 5522 576 5576 τοῦ
605 5523 738 5594 Θεοῦ
768 5522 957 5592 προϊὸν
985 5520 1260 5584 οὐσιωδῶς
1288 5522 1401 5573 ἐστι
1438 5519 1591 5581 Θεὸς,
1618 5518 1714 5570 καὶ
1746 5515 1875 5568 τοῦ·

255 5639 262 5645 -
304 5628 394 5666 τον
418 5614 509 5666 τὸν
539 5615 740 5683 τρόπον
770 5613 900 5674 Θεός
944 5614 1092 5663 ἐστιν
1118 5611 1147 5662 6
1190 5611 1284 5662 106
1321 5608 1457 5663 Θεοῦ
1488 5609 1683 5674 Λόγος.
1706 5606 1872 5658 Ὅθεν

643 5710 914 5769 Parnm“
959 5710 1075 5772 Gn.
1116 5711 1318 5776 CLIV.

1967 3342 2076 3397 Deo
2107 3343 2435 3397 Alcoranum
2487 3353 2542 3399 et
2578 3344 2930 3414 Evangelinm
2964 3349 3336 3420 singulariter,
3379 3365 3435 3409 et
3466 3355 3534 3408 de

1962 3449 2071 3487 uno
2107 3433 2281 3488 Verbo
2331 3443 2538 3488 tantum
2563 3475 2578 3499 ,
2620 3437 2845 3493 verbum
2891 3447 3072 3494 autem
3128 3441 3221 3496 Dei
3262 3445 3446 3499 vocale
3480 3455 3538 3500 et

1960 3525 2318 3588 accidentale,
2338 3527 2482 3594 quod
2512 3541 2540 3577 a
2571 3527 2680 3580 Dco
2706 3530 2838 3592 exit,
2858 3546 2967 3583 non
2991 3547 3184 3596 unum,
3208 3535 3302 3587 sed
3335 3538 3529 3589 multa.

1960 3611 2153 3666 Omnia
2187 3613 2333 3667 enim
2389 3613 2530 3667 bona
2568 3616 2729 3669 verba
2774 3624 2830 3670 et
2857 3629 3046 3673 sancta
3094 3633 3150 3674 ct
3211 3638 3336 3675 vera
3371 3624 3535 3677 verba

1964 3704 2060 3760 Dei
2102 3707 2210 3762 diei
2245 3717 2496 3776 possunt.
2543 3708 2673 3764 Item
2715 3725 2826 3764 non
2878 3722 3026 3768 esset
3066 3716 3341 3770 excellens
3381 3734 3535 3772 com~

1965 3799 2240 3853 mendatio
2285 3799 2514 3862 Christi,
2563 3817 2723 3870 quem
2755 3803 3084 3858 Alcoranum
3141 3807 3377 3861 intendit
3424 3810 3536 3862 siri-

1963 3890 2219 3958 gulariter
2255 3891 2660 3956 commendare,
2694 3894 2738 3947 si
2776 3896 3130 3963 propter-hoe
3159 3897 3373 3953 dicatur
3407 3900 3534 3954 Ver—

1966 3982 2093 4037 bum
2143 3984 2261 4048 Dei,
2315 3991 2573 4052 tanquam
2627 3984 2794 4038 verba
2836 3987 2927 4040 Dei
2977 3987 3186 4043 diccns.
3222 3988 3337 4042 Non
3387 3991 3534 4044 enim

1966 4071 2117 4125 solus
2149 4071 2422 4137 Christus,
2453 4073 2544 4127 sed
2588 4074 2754 4128 etiam
2795 4075 2885 4128 alii
2932 4079 3211 4147 prophct:e
3242 4081 3405 4134 verba
3441 4080 3534 4133 Dei

1966 4160 2380 4223 nuntiaverunt,
2403 4172 2458 4215 et
2491 4170 2668 4216 tamen
2712 4164 2894 4217 nullus
2920 4165 3135 4218 illorum
3171 4167 3373 4222 dicitur
3407 4168 3538 4222 Ver-

1970 4248 2101 4302 bum
2145 4249 2260 4304 Dei.
2310 4250 2384 4305 De
2433 4252 2552 4306 solo
2599 4253 2746 4306 enim
2799 4239 3018 4308 Christo
3072 4257 3424 4327 Eviingelium
3481 4272 3538 4314 ct

1968 4341 2296 4395 Alcoranum
2336 4342 2491 4401 dicit,
2524 4343 2668 4410 quod
2713 4347 2782 4398 sit
2815 4344 3051 4400 Verbum
3093 4349 3206 4402 Dei.
3239 4348 3292 4404 Si
3353 4361 3536 4406 autem

1968 4431 2338 4486 essentialiter
2378 4432 2612 4485 Verbum
2661 4436 2930 4504 capiatur,
2996 4439 3341 4495 manifestum
3391 4445 3537 4511 quod

1974 4520 2367 4587 sempiternum
2425 4523 2829 4578 essetVerbum
2880 4526 3001 4588 Dei,
3044 4540 3100 4582 et
3145 4529 3287 4585 Deus
3353 4549 3535 4587 verus.

1975 4611 2130 4667 Sicut
2160 4611 2304 4666 enim
2343 4613 2569 4666 verbum
2601 4615 2745 4682 quod
2785 4619 3033 4683 procedit
3075 4635 3137 4678 ex
3184 4636 3276 4673 ore
3311 4637 3538 4692 corrup-

1974 4703 2146 4757 tibilis
2177 4702 2436 4763 hominis,
2469 4705 2828 4772 corruptibile
2850 4719 2934 4759 est
2965 4722 3028 4760 ex
3057 4711 3379 4763 necessitate
3409 4729 3422 4763 :
3458 4714 3538 4766 sic

1974 4794 2215 4848 Verbum
2263 4793 2410 4860 quod
2462 4807 2526 4846 es
2573 4795 2910 4862 sempiterno
2965 4813 3061 4852 ore
3123 4802 3390 4867 procedit,
3441 4817 3539 4870 per

1974 4885 2118 4953 quod
2152 4883 2348 4938 etclqu
2391 4891 2446 4935 et
2479 4892 2678 4937 terram
2715 4895 2770 4939 et
2813 4902 2933 4954 qua:
2985 4899 3110 4942 sunt
3145 4892 3196 4945 in
3247 4896 3424 4947 medio
3457 4898 3540 4963 (nt

1979 4979 2230 5034 Alcorani
2274 4979 2440 5032 verbo
2471 4981 2615 5045 utar)
2671 4978 2819 5038 fecit.
2853 4982 3247 5051 sempiternum
3272 4995 3326 5038 et
3354 4984 3539 5040 incor-

1980 5070 2237 5138 ruptibile
2263 5084 2384 5123 esse
2422 5084 2646 5124 necesse
2672 5079 2772 5125 cst.
2811 5071 3083 5141 Quidquid
3117 5089 3182 5128 ex
3211 5074 3320 5130 Deo
3355 5069 3538 5131 autem

1983 5159 2250 5229 procedit,
2291 5159 2652 5211 essentialitcr
2678 5169 2760 5213 est
2793 5161 2954 5224 Deus,
2983 5171 3038 5215 et
3071 5163 3173 5217 hoc
3203 5164 3364 5219 modo
3400 5165 3543 5219 Deus

1982 5257 2067 5304 est
2098 5249 2192 5301 Dei
2228 5247 2487 5303 Verbum.
2516 5247 2672 5304 Unde
2702 5266 2822 5302 cum
2862 5250 3112 5305 Verbum
3158 5254 3341 5324 aliquo
3383 5257 3545 5308 modo

1982 5341 2199 5396 ditl‘erat
2223 5355 2252 5393 a
2288 5341 2502 5393 dicente
2533 5349 2588 5394 et
2620 5341 2932 5396 continente
2973 5342 3236 5408 Verbum,
3270 5359 3325 5401 et
3356 5348 3408 5400 in
3447 5349 3545 5403 Dei

1983 5433 2221 5486 essentia
2252 5447 2358 5485 non
2393 5432 2565 5501 possit
2603 5446 2725 5486 esse
2757 5434 2953 5488 divisio
3000 5451 3092 5490 seu
3128 5437 3408 5493 distinctio
3455 5456 3547 5494 cs-

1981 5520 2246 5584 scntialis,
2281 5531 2497 5590 oportet
2524 5521 2668 5592 quod
2700 5523 2773 5577 ibi
2803 5524 2874 5578 sit
2899 5524 3180 5582 distinctio
3210 5532 3510 5598 personalis
3536 5544 3550 5582 :

1980 5625 2036 5670 et
2066 5612 2211 5683 quod
2246 5613 2480 5668 Verbum
2513 5629 2543 5666 a
2569 5613 2788 5670 dicente
2812 5617 3048 5696 propriis
3075 5628 3132 5675 et
3165 5621 3297 5676 solis
3332 5623 3549 5677 relatio-

3163 5713 3241 5774 36
