3904 6216
481 275 613 342 1131

1714 256 2095 323 neuneu
2138 261 2479 345 CYDONII‘

3508 257 3603 322 illi

478 384 644 440 nibus
672 380 1063 451 distinguatur,
1097 376 1238 434 sicut
1277 383 1332 428 et
1361 374 1429 428 de
1469 366 1673 442 Spiritu
1703 369 1912 425 dictum
1940 378 2042 425 est.

2158 370 2270 425 ἐπεὶ
2296 372 2325 424 6
2358 369 2516 451 λόγος
2550 364 2643 419 τοῦ
2674 365 2922 434 λέγοντος
2960 360 3055 417 καὶ
3083 362 3173 416 τοῦ
3212 363 3424 429 νοοῦντος
3450 367 3520 420 τὸν
3545 369 3608 421 li-

476 477 547 532 Et
569 478 673 530 hoc
691 484 775 529 est
791 472 1050 534 Verbum,
1069 483 1180 537 quo
1202 467 1346 522 Deus
1368 466 1549 521 omnia
1577 479 1698 535 quae
1727 472 1855 519 sunt
1883 464 2043 525 dixit,

484 586 503 619 ι
529 568 691 622 Fiant
714 564 927 620 etfacta
948 569 1102 616 sunt:
1124 572 1142 609 ι
1164 559 1304 613 sicut
1320 566 1373 613 et
1390 559 1443 610 in
1462 556 1730 611 Alcorano
1747 553 1947 610 dicitur
1980 554 2047 608 Et

487 661 793 716 secundum
822 656 929 711 hoc
961 652 1219 710 convenit
1251 651 1581 706 Alcoranum
1605 663 1728 702 cum
1750 645 2046 718 Evangelio

480 748 834 817 Joannis,qui
864 748 1029 802 dicit:
1058 764 1077 797 ι
1098 744 1285 799 Omnia
1313 758 1411 812 per
1430 742 1606 811 ipsum
1628 744 1767 794 facta
1796 738 2040 794 sunt'h

483 840 753 909 Quoniam
793 838 961 907 igitur
986 836 1053 892 ab
1086 849 1152 889 eo
1202 835 1295 902 qui
1334 833 1596 902 loquitur,
1625 831 1866 885 Verbum
1904 843 2050 885 com-

483 930 866 1002 prehenditur,
910 935 966 982 et
999 923 1440 980 intellectualiter
1480 921 1723 992 gignitur
1753 935 1767 973 :
1799 928 1856 973 et
1901 917 2049 988 quod

482 1026 552 1081 ab
579 1024 753 1078 altero
776 1028 1071 1093 generatur
1088 1018 1387 1072 secundum
1407 1011 1823 1077 similitudinem
1844 1006 2048 1079 speciei

482 1126 539 1170 et
567 1123 800 1175 naturae,
829 1111 1033 1165 dicitur
1066 1108 1210 1161 ﬁlius
1240 1123 1254 1171 ;
1284 1112 1507 1186 prOpter
1538 1103 1658 1166 hoc,
1688 1098 1926 1153 Verbum
1955 1095 2049 1150 Dei

483 1206 720 1277 dicimus
749 1202 945 1256 Filium
987 1199 1106 1261 Dei,
1134 1198 1274 1251 sicut
1304 1196 1385 1251 sol
1416 1195 1458 1247 si
1490 1199 1775 1263 generaret
1801 1205 1867 1263 ex
1888 1203 1946 1244 se
1974 1197 2055 1242 ta-

452 1332 455 1335 ‹
483 1301 590 1355 lem
627 1296 974 1367 splendorem
1002 1290 1093 1361 qui
1120 1296 1265 1367 esset
1292 1286 1565 1351 sol,illum
1597 1282 1763 1337 solem
1789 1291 1843 1335 et
1873 1280 2055 1350 splen-

482 1366 674 1442 dorem
726 1387 1035 1439 diceremus
1081 1366 1249 1431 ﬁlium
1302 1374 1453 1430 solis.
1492 1373 1551 1427 In
1588 1372 1693 1426 hoc
1741 1380 1921 1424 tamen
1967 1374 2055 1423 est

485 1476 824 1538 differentia,
874 1471 1019 1541 quod
1072 1471 1124 1523 in
1174 1464 1463 1525 creaturis,
1506 1464 1559 1517 in
1609 1462 1809 1531 quibus
1850 1474 1969 1515 esse
1998 1466 2055 1513 et

481 1565 724 1623 essentia
771 1560 1052 1625 differunt,
1080 1572 1184 1611 non
1219 1562 1447 1624 possunt
1485 1549 1840 1619 multiplicari
1871 1548 2057 1619 subje-

488 1672 599 1721 cta,
626 1672 751 1713 cum
799 1670 908 1709 non
935 1650 1330 1721 multiplicatur
1370 1655 1587 1700 natura.
1620 1642 1775 1699 Unde
1802 1642 1857 1694 iet
1890 1641 2054 1694 homo

487 1752 655 1806 alium
690 1745 966 1801 hominem
997 1741 1211 1812 gignit:
1239 1738 1382 1792 Deus
1418 1742 1625 1800 autem,
1668 1734 1722 1786 in
1759 1747 1869 1802 quo
1908 1729 2054 1785 idem

489 1848 574 1893 est
598 1851 717 1891 esse
743 1844 799 1890 et
824 1830 1084 1896 essentia,
1111 1844 1176 1883 ex
1203 1827 1383 1895 seipse
1406 1824 1634 1878 verbum
1668 1822 1913 1892 gignens,
1944 1835 2057 1874 non

490 1930 657 1984 alium
700 1929 870 1981 Deum
904 1930 1151 1994 generat.
1185 1918 1376 1972 Divina
1408 1916 1555 1971 enim
1591 1914 1829 1968 essentia
1879 1925 2059 1980 neque

490 2017 773 2072 dissimilis
798 2023 903 2076 est,
933 2024 1115 2079 neque
1142 2009 1326 2063 innata
1353 2015 1438 2061 est
1475 2001 1827 2072 multiplicari
1858 2014 2061 2055 secun-

490 2109 620 2163 dum
639 2108 873 2174 aliquem
894 2102 1135 2165 modum,
1152 2107 1376 2169 propter
1387 2110 1651 2150 summam
1672 2091 2060 2164 perfectionem

491 2210 548 2255 et
590 2195 1017 2266 simplicitatem.
1053 2191 1398 2246 Mahometus
1431 2187 1595 2257 igitur
1641 2186 1871 2240 audiens
1907 2181 2068 2239 Chri-

493 2291 673 2344 tianos
708 2288 955 2341 dicentes
979 2284 1150 2338 Deum
1199 2280 1403 2334 habere
1438 2277 1632 2342 ﬁlium,
1669 2275 1905 2331 nescivit
1927 2288 2064 2329 con-

494 2380 759 2441 siderare,
787 2374 933 2442 quod
965 2369 1226 2441 possibile
1257 2375 1342 2421 est
1366 2380 1487 2421 esse
1519 2365 1689 2419 tilium
1715 2362 1922 2432 absque
1951 2376 2067 2416 tnu-

494 2471 648 2524 liere.
681 2468 749 2521 Et
791 2464 1012 2535 propter
1043 2462 1150 2515 hoc
1192 2459 1401 2513 nullam
1447 2456 1615 2511 aliam
1643 2454 1869 2508 adduxit
1900 2468 2066 2521 argu-

496 2558 891 2613 mentationem
946 2553 1054 2607 nisi
1100 2548 1245 2620 quod
1295 2549 1435 2602 Deus
1478 2560 1589 2599 non
1630 2551 1809 2612 potest
1860 2541 2065 2594 habere

500 2649 723 2711 Filium,
754 2647 882 2715 quia
908 2657 1133 2699 uxorem
1161 2656 1268 2695 non
1299 2639 1481 2692 habet.
1505 2636 1573 2690 Et
1601 2651 1709 2688 non
1738 2631 2067 2701 excogitavit

494 2738 642 2811 quod
678 2737 816 2791 dixit
858 2734 1051 2798 David,
1084 2746 1247 2801 quem
1281 2738 1491 2783 tantum
1522 2723 1928 2780 commendavit
1956 2720 2069 2774 Ma-

504 2810 776 2888 hometus,
811 2822 908 2893 qui
935 2828 1135 2891 praeter
1167 2819 1338 2870 ﬁlium
1385 2814 1694 2869 naturalem
1727 2811 1867 2865 dixit
1893 2810 2066 2863 Deum

502 2918 706 2976 multos
726 2915 933 2970 habere
965 2911 1104 2965 ﬁlios
1127 2906 1436 2976 adoptivos,
1465 2905 1656 2958 dicens
1681 2918 1695 2956 :
1734 2920 1753 2952 ι
1792 2900 1904 2969 Ego
1930 2898 2068 2962 dixi,

2148 479 2243 531 γον
2283 440 2535 530 διαφέρει
2569 459 2769 527 τρόπον
2811 454 2954 535 τινα,
3005 454 3062 508 ἐν
3094 454 3149 506 δὲ
3194 457 3255 523 τῇ
3285 454 3390 525 θείᾳ
3425 457 3549 527 obuia
3568 459 3609 511 οὐ

2148 553 2369 606 δύναται
2409 546 2550 603 εῖναι
2611 548 2873 616 διαίρεσις
2931 546 2963 616 ἦ
3012 544 3300 615 διάκρισις·
3340 548 3516 615 ἀνάγκη
3537 550 3612 600 ἐκεῖ

2150 647 2291 700 εἶναι
2324 641 2681 714 προσωπικὴν
2726 638 2898 708 μόνην
2940 636 3227 707 διάκρισιν,
3260 636 3386 688 ὥστε
3410 636 3485 689 τὸν
3504 638 3614 705 λόγον

2150 734 2244 789 τοῦ
2276 734 2526 801 λέγοντος
2563 729 2861 801 ἀναφοραῖς
2885 724 3249 796 διακρίνεσθαι
3276 726 3457 793 μόναις,
3482 727 3616 797 ὥσπερ

2151 824 2247 879 καὶ
2275 823 2405 892 περὶ
2436 820 2531 874 τοῦ
2565 820 2723 886 ἁγίου
2771 818 3088 888 Πνεῦματος
3126 818 3348 887 εἴρηται.
3391 819 3482 870 Καὶ
3512 811 3617 880 οὗτός

2152 918 2301 970 ἐστιν
2331 915 2358 967 6
2386 913 2566 980 λόγος,
2606 905 2652 979 ᾧ
2690 911 2719 964 6
2767 910 2922 975 Θεὸς,
2959 908 3141 962 Πάντα
3165 909 3232 961 τὰ
3278 908 3498 977 γινόμεκο
3521 908 3616 971 εἷπε,

2157 1024 2179 1060 ι
2213 1003 2476 1065 Γενέσθω,
2510 1002 2605 1057 καὶ
2630 1001 2853 1069 γέγονεν
2872 1012 2888 1031 ⁸
2927 1017 2946 1052 ι
2978 1001 3167 1070 ὥσπερ
3210 1000 3297 1051 καὶ
3322 1002 3372 1053 ἐν
3390 998 3457 1068 τῷ
3487 1000 3618 1053 Ἀλκοο

2154 1094 2305 1162 ράνῳ
2332 1091 2572 1156 λέγεται,
2606 1088 2715 1141 Καὶ
2760 1083 2903 1138 κατὰ
2930 1084 3088 1137 τοῦτο
3132 1088 3392 1154 συμφωνεῖ
3411 1086 3461 1138 τὸ
3487 1085 3621 1137 ’Λλκοι

2158 1185 2317 1255 ράνον
2346 1182 2425 1251 τῷ
2450 1178 2766 1248 Εὐαγγελίῳ
2798 1176 2892 1231 τοῦ
2938 1176 3207 1242 Ἰωάννου,
3231 1177 3286 1240 ὃς
3303 1194 3437 1246 φησι,
3456 1194 3471 1228 ι
3491 1176 3620 1229 Πάντα

2153 1275 2220 1328 δι’
2251 1271 2417 1327 αὑτοῦ
2445 1272 2682 1340 ἐγένετο.
2716 1287 2735 1320 ι
2784 1269 2938 1321 Ἐπεὶ
2975 1268 3155 1321 τοίνυν
3192 1266 3294 1321 ὑπὸ
3324 1266 3406 1320 τοῦ
3440 1267 3623 1333 λέγοντα

2153 1369 2183 1421 6
2208 1367 2364 1435 λόγος
2405 1361 2866 1432 συλλαμϐάνεται,
2909 1359 3007 1413 καὶ
3047 1358 3245 1425 νοερῶς
3290 1360 3538 1425 γεννᾶταιο
3561 1356 3623 1408 καὶ

2155 1459 2216 1512 τὸ
2247 1457 2340 1527 ἀφ’
2373 1457 2559 1525 ἐτέρου
2585 1451 2927 1522 γεννώμενον
2949 1448 3076 1504 καθ’
3101 1449 3378 1520 ὁμοιότητα
3402 1448 3481 1501 τοῦ
3506 1448 3624 1510 alia);

2156 1549 2373 1617 καὶτῆς
2406 1546 2619 1614 φύσεως
2650 1543 2874 1612 λέγεται
2900 1542 3039 1609 υίὸς,
3078 1539 3167 1595 διὰ
3211 1542 3359 1594 τοῦτο
3395 1541 3471 1593 τὸν
3508 1540 3624 1606 Λόγον

2156 1638 2250 1694 τοῦ
2284 1636 2420 1692 Θεοῦ
2459 1636 2689 1705 λέγομεν
2716 1635 2843 1688 Υίὸν
2865 1632 2958 1687 τοῦ
2994 1631 3133 1686 Θεοῦ
3153 1645 3173 1666 ο
3203 1630 3379 1700 ὥσπερ
3414 1632 3440 1683 6
3465 1630 3575 1699 ἥλιος
3594 1630 3625 1679 εἰ

2157 1730 2395 1785 τοιοῦτον
2442 1728 2797 1796 ’ἀπαύγασμα
2829 1724 3023 1793 ἐγέννα
3052 1723 3111 1789 ἐξ
3143 1722 3346 1785 ἐαυτοῦ,
3374 1721 3492 1775 ὥστε
3530 1716 3625 1773 εἶναι

2157 1821 2331 1893 ἥλιον,
2365 1821 2581 1882 πάντως
2608 1816 2818 1871 ἐκεῖνον
2853 1817 2961 1890 τὸν.
2979 1816 3136 1886 ἥλιον
3158 1814 3253 1868 καὶ
3282 1816 3339 1866 τὸ
3368 1812 3625 1879 ἀπαύγασμα

2159 1911 2256 1965 καὶ
2285 1910 2399 1963 υίὸν
2441 1910 2508 1962 ἂν
2548 1907 2812 1977 ἐλέγομεν
2861 1906 2956 1958 τοῦ
2993 1906 3171 1974 ἡλίου.
3203 1903 3288 1957 Ἐν
3331 1900 3479 1970 τούτῳ
3505 1900 3627 1969 μέντοι

2159 2004 2376 2071 ἐστινὴ
2420 1998 2676 2069 διαφορὰ,
2730 1997 2814 2050 ὅτι
2838 1998 2897 2049 ἐν
2930 1996 3033 2063 μὲν
3088 1998 3199 2057 τοῖς
3238 1986 3627 2063 κτίσμασινὲνοῖς

2160 2094 2409 2162 διαφέρει
2448 2091 2513 2143 τὸ
2551 2083 2697 2144 εἶναι
2732 2087 2830 2141 καὶ
2860 2088 2896 2157 ὴ
2924 2086 3109 2151 οὐσία,
3144 2088 3206 2139 οῦ
3234 2085 3460 2137 δύνανται
3490 2081 3629 2133 nom-

2162 2182 2558 2246 πλασιάζεσοαι
2579 2179 2646 2234 τὰ
2665 2179 3022 2250 ὑποκείμενα,
3046 2177 3123 2248 μὴ
3144 2178 3237 2230 καὶ
3258 2177 3347 2246 τῆς
3363 2171 3629 2243 φύσεωςιωὶ·

2162 2273 2697 2358 λαττλασιαζομένης.
2720 2271 2885 2358 Ὀρεν
2915 2270 3248 2343 δᾶνθρωπος
3262 2269 3405 2325 ἄλλον
3428 2265 3632 2333 Nigrum

2162 2354 2331 2434 γεννᾶ
2347 2379 2362 2396 ο
2387 2368 2416 2419 6
2440 2365 2496 2417 δὲ
2522 2364 2677 2427 Θεὸς,
2696 2362 2758 2416 ἐν
2778 2356 3039 2430 ᾧταυτόν
3064 2363 3181 2414 ἐστι
3204 2360 3263 2413 τὸ
3282 2355 3407 2413 εῖναι
3431 2357 3549 2423 καὶὴ
3572 2354 3631 2406 οὐ·

2166 2460 2277 2522 σία,
2300 2446 2357 2523 ἐξ
2395 2456 2589 2509 ἐαυτοῦ
2619 2453 2824 2524 γεννῶν
2857 2452 3173 2520 Λόγον,οὐκ
3201 2450 3361 2513 ἄλλως
3388 2444 3632 2513 Θεὸνγεννᾶ.

2177 2552 2241 2603 Ἥ
2267 2548 2377 2617 γὰρ
2409 2549 2526 2601 Θεία
2547 2545 2728 2609 οὐσία,
2750 2543 2858 2597 οὒτ’
2882 2542 3141 2613 ἀνόμοιός
3169 2544 3327 2603 ἐστιν,
3357 2540 3463 2593 οὔτε
3485 2538 3633 2603 πέφυκε

2167 2637 2736 2701 πολλαπλασιάζεσθαι
2761 2635 2905 2690 κατά
2936 2652 3064 2687 τινα
3088 2636 3280 2702 τρόπον
3306 2633 3385 2685 διὰ
3412 2635 3490 2699 τὴν
3516 2629 3633 2692 ἄκραν

2168 2732 2481 2801 τελειότητα
2505 2729 2599 2781 καὶ
2633 2729 2934 2798 ἁπλότητα.
2976 2727 3040 2780 '0
3069 2724 3305 2795 Μωάμεθ
3349 2723 3496 2775 τοίνυν
3526 2715 3657 2771 ἀχώ-ν

2170 2841 2272 2889 σας
2305 2824 2430 2886 τοὺς
2455 2821 2819 2892 Χριστιανοὺς
2849 2820 3113 2887 λέγοντας
3142 2818 3231 2871 τὸν
3266 2817 3385 2868 Θεὸν
3403 2812 3519 2885 ἔχειν
3536 2809 3633 2867 Υῐὸν,

2168 2916 2271 2969 οὐκ
2294 2914 2533 2985 ἠδυνήθη
2569 2912 2919 2979 λογίσασθαι,
2955 2912 3035 2970 ὡς
3058 2910 3278 2963 δυνατὸν
3308 2904 3431 2960 εἶναι
3464 2905 3551 2956 υἱὸν
3567 2916 3635 2968 χω-

498 3011 575 3066 dii
614 3010 768 3071 estis,
803 3015 860 3061 et
892 3004 989 3058 ﬁlii
1023 3000 1233 3057 Excelsi
1264 3013 1456 3051 omnes
1484 2996 1553 3056 ”,
1583 3014 1602 3045 ι
1636 3004 1689 3049 et
1716 3008 1826 3047 non
1852 3005 1918 3044 ex
1948 3003 2067 3042 mu-

2176 3008 2260 3077 ρὶς
2283 3003 2561 3073 γυναικός.
2603 3003 2715 3055 Καὶ
2743 3000 2833 3053 διὰ
2873 2998 3039 3051 τοῦτο
3070 2999 3221 3052 οὐδὲν
3250 2997 3365 3050 ἄλλο
3402 2993 3633 3063 παρήγαγεν

498 3106 654 3159 iiere.
693 3099 841 3154 Alias
882 3106 1062 3151 tamen
1098 3093 1229 3147 licet
1258 3089 1625 3143 Malmmetum
1658 3082 1821 3140 simul
1850 3096 1977 3136 cum
2002 3094 2067 3134 eo

2170 3095 2508 3166 ἐπιχείρημα
2534 3093 2667 3165 περὶ
2694 3091 2787 3146 τοῦ
2831 3091 2907 3163 μὴ
2944 3091 3099 3161 ἐχειν
3138 3093 3248 3143 υἱὸν
3276 3090 3357 3141 τὸν
3388 3086 3511 3148 Θεὸν,
3534 3081 3557 3149 ἢ
3582 3080 3634 3130 ὅτι

500 3192 826 3261 intelligere,
880 3188 973 3255 qui
1015 3185 1147 3239 dicit
1177 3182 1401 3236 Mariam
1432 3192 1594 3251 posse
1642 3176 1846 3230 habere
1897 3174 2069 3228 ﬁlium

502 3286 712 3353 absque
738 3281 860 3335 viro
885 3295 901 3332 ε
931 3276 1026 3332 sed
1055 3273 1351 3344 quomodo,
1381 3287 1488 3325 non
1522 3269 1913 3324 convenienter
1938 3281 2072 3320 con-

503 3374 789 3436 sideravit,
831 3369 978 3440 quod
1014 3370 1155 3422 Deus
1202 3373 1257 3418 ct
1288 3366 1492 3430 absque
1524 3358 1754 3412 muliere
1802 3355 2074 3426 potuisset

503 3467 705 3522 habere
764 3462 959 3517 ﬁlium.
1022 3459 1234 3521 Verum,
1280 3454 1445 3522 igitur
1502 3450 1642 3504 dixit
1694 3448 2073 3508 Mahometus,

2170 3191 2270 3242 οὐκ
2295 3188 2409 3258 ἔχει
2433 3188 2691 3257 γυναῖκα.
2718 3184 2833 3239 Καὶ
2858 3184 2960 3237 οὐκ
2985 3184 3271 3250 ἐνενόησεν
3293 3182 3367 3233 ὅτι
3395 3179 3419 3229 6
3447 3168 3634 3258 Δαϐίδρν

2172 3256 2425 3333 τοσοῦτον
2450 3256 2820 3344 ἐγκωμιάζει,
2881 3270 3063 3345 παρὰ
3094 3274 3184 3325 τὸν
3236 3271 3381 3340 φύσει
3432 3267 3521 3318 υίὸν
3556 3256 3634 3312 εἶτα

2174 3370 2268 3423 καὶ
2306 3368 2501 3431 ἄλλους
2529 3368 2675 3428 υἱοὺς
2712 3363 3064 3434 εἰσποιητοὺς
3098 3362 3259 3431 ἔχειν,
3287 3360 3463 3426 λέγων·
3497 3370 3511 3398 ι
3544 3347 3635 3414 Ἕῐὼ

2174 3451 2325 3520 εἶπα,
2362 3455 2487 3508 Θεοί
2530 3456 2675 3519 ἐστε,
2717 3453 2817 3505 καὶ
2846 3450 2956 3504 υίοὶ
2989 3436 3254 3520 ’Υψίστου
3300 3449 3498 3504 πάντες·
3535 3434 3634 3489 »καὶ

501 3557 724 3629 quando
756 3553 891 3609 dixit
918 3549 1194 3607 Christum
1215 3520 1400 3601 Jes'um
1436 3542 1607 3596 ﬁlium
1635 3540 1911 3602 Mariaet
1938 3537 2067 3591 Ver-

2158 3543 2273 3618 ,οὐκ
2300 3544 2365 3597 ἐκ
2391 3539 2875 3610 γυναικός.”ομως
2899 3537 3083 3603 ἔξεστι
3113 3533 3501 3602 συνανοηταίνειν
3522 3520 3633 3587 αὐτῷ.

505 3650 636 3704 bum
678 3646 774 3701 Dei
816 3657 937 3698 esse
968 3659 981 3695 :
1010 3637 1106 3695 sed
1157 3652 1266 3690 non
1315 3633 1603 3689 intellexit.
1638 3631 1695 3687 Si
1728 3630 1876 3686 enim
1916 3629 2076 3685 intel-

503 3737 754 3794 lexisset,
801 3733 1071 3787 dixisset:
1122 3727 1201 3780 Ex
1238 3736 1348 3794 quo
1402 3732 1481 3778 est
1533 3721 1678 3776 ﬁlius
1730 3720 1945 3787 Mariae,
1991 3730 2078 3775 est

506 3844 670 3886 verus
719 3826 923 3888 homo;
967 3836 1035 3877 ex
1084 3832 1194 3887 quo
1246 3825 1333 3870 est
1364 3814 1601 3869 Verbum
1650 3812 1770 3878 Dei,
1801 3821 1886 3868 est
1914 3825 2079 3867 verus

506 3919 675 3974 Deus.
704 3916 824 3970 Non
853 3913 1005 3967 enim
1046 3920 1129 3966 est
1160 3910 1305 3964 Deus
1339 3906 1676 3975 compositus
1704 3914 1761 3959 et
1794 3902 2081 3972 imperfec-

511 4021 620 4073 tus,
651 4008 794 4063 sicut
836 4006 1023 4065 homo,
1072 4000 1231 4070 cujus
1290 3998 1517 4052 verbum
1568 4005 1622 4049 et
1663 3992 2080 4062 comprehensio

398 4108 400 4111 ’
510 4101 735 4163 mentis,
764 4108 817 4151 et
864 4110 955 4150 ars
1003 4103 1060 4147 et
1107 4090 1274 4155 actio,
1317 4104 1429 4144 non
1470 4095 1557 4141 est
1583 4085 1769 4140 homo.
1801 4082 2081 4153 Quidquid

510 4202 693 4247 autem
742 4196 827 4244 est
892 4184 1020 4249 Dei,
1058 4191 1144 4239 est
1187 4180 1350 4235 Deus.
1398 4177 1553 4235 Unde
1606 4185 1662 4231 et
1692 4174 1933 4230 Verbum
1985 4174 2080 4229 Dei

518 4285 657 4336 Deus
681 4290 786 4344 est,
821 4286 877 4332 et
910 4275 1219 4331 intellectus
1271 4270 1367 4325 Dei
1394 4270 1545 4324 Deus
1574 4277 1658 4322 est
1700 4275 1757 4321 et
1797 4266 1941 4320 actio
1981 4263 2080 4319 Dei

2186 3630 2246 3685 '0
2271 3630 2573 3701 Μαχούμετ
2601 3627 2772 3682 είπὼν
2801 3628 2903 3697 τὴν
2925 3628 3152 3697 Μαρίαν
3171 3623 3411 3679 δύνασθαι
3435 3620 3546 3687 ἔχειν
3562 3610 3634 3664 υἱὸν

2176 3724 2306 3780 ἄνευ
2362 3722 2578 3792 ἀνδρὸς,
2610 3722 2728 3784 πῶς
2761 3721 2861 3775 οὐκ
2890 3720 2956 3774 ἄν
3001 3721 3233 3781 εἰκότως
3266 3715 3521 3783 ἐλογίσατο,
3548 3702 3633 3757 ὅτιὸ

2176 3816 2309 3879 Θεὸς
2325 3817 2420 3869 καὶ
2447 3815 2577 3869 ἄνευ
2610 3812 2869 3882 γυναικὸς
2892 3811 3124 3865 ἐδύνατο
3154 3811 3220 3865 ἆν
3244 3808 3375 3878 ἔχειν
3396 3804 3517 3864 υίόν;
3536 3795 3634 3860 Ἀλτπ

2178 3909 2268 3971 θὲς
2296 3907 2473 3961 τοίνυν
2504 3907 2707 3975 ἔφησεν
2729 3907 2756 3958 6
2783 3903 3105 3974 Μαχοῦμετ,
3136 3904 3224 3956 ὅτε
3253 3895 3365 3954 εἷπε
3388 3882 3464 3949 τὸν
3480 3887 3634 3975 xm?!”

2190 3969 2405 4064 Ἰησοῦν
2438 3969 2683 4046 τὸν-υἱὸν
2708 3992 2809 4059 τῆς
2836 3969 3075 4058 Μαρίας
3095 3969 3191 4042 καὶ
3216 3987 3375 4053 Λόγον
3398 3977 3506 4035 εἶναι

2179 4058 2293 4139 ἀλλ’
2320 4086 2423 4139 οὐκ
2454 4058 2769 4152 ἐνενόησεν,
2792 4082 2854 4134 Ei
2889 4082 2998 4151 γὰρ
3033 4081 3195 4144 ἐνόει,
3223 4073 3364 4131 εἶπεν
3388 4074 3459 4135 ἂν,
3483 4068 3532 4122 ΕΞ
3551 4058 3634 4152 καίδ

2182 4177 2298 4239 υίός
2328 4178 2447 4229 ἐστι
2473 4175 2571 4243 τῆς
2608 4150 2848 4242 Μαρίας,
2893 4150 3103 4239 ἀληθής
3139 4172 3282 4222 ἐστιν
3304 4165 3546 4233 ἄνθρωπος.

2182 4238 2319 4321 καονδ
2354 4238 2557 4331 Λόγος-η
2583 4238 2824 4317 ἐστὶ-τοῦ
2854 4238 3013 4327 Θεοῦ,
3060 4238 3270 4331 Ῠάληθὴς
3307 4260 3409 4315 ἐστι
3456 4238 3631 4305 Θεόςο⁰)

516 4373 665 4426 Deus
694 4380 796 4424 est.
830 4369 1160 4423 Alcoranum
1193 4374 1375 4418 autem
1423 4360 1702 4415 hominem
1734 4358 1911 4412 solum
1939 4355 2067 4425 cepil

2158 4358 2296 4427 »γάρ
2323 4361 2471 4410 ἐστιν
2524 4358 2552 4409 6
2582 4355 2715 4418 Θεὸς
2751 4354 3004 4416 σύνθετος
3042 4354 3074 4423 ἢ
3107 4351 3319 4419 ἀτελὴς,
3356 4331 3630 4427 sumpti».

517 4463 815 4521 Christum.
866 4457 935 4511 Et
978 4467 1201 4526 propter
1245 4454 1351 4508 hoc
1396 4460 1684 4522 postquam
1730 4448 1900 4511 dixit,
1931 4444 2079 4516 quod

519 4553 760 4609 Verbum
787 4557 871 4605 est
905 4545 1021 4609 Dei,
1058 4543 1293 4604 addidit,
1320 4541 1465 4611 quod
1500 4541 1660 4596 Jesus
1688 4538 1770 4594 sic
1812 4545 1898 4591 est
1934 4532 2079 4604 apud

518 4646 712 4709 Deum,
742 4641 884 4696 sicut
921 4637 1117 4700 Adam,
1147 4648 1309 4704 quem
1358 4630 1568 4686 creavit
1599 4630 1668 4684 de
1712 4628 1845 4681 limo
1877 4635 2037 4681 terra:
2063 4639 2081 4688 ;

514 4748 573 4793 et
613 4734 753 4789 dixit
782 4731 854 4795 ei,
883 4729 1032 4784 Esto.
1062 4726 1130 4781 Et
1158 4720 1435 4793 quomodo
1466 4720 1570 4774 hoc
1612 4732 1734 4772 cum
1767 4716 2084 4787 praeceden-

518 4828 664 4882 tibus
694 4820 997 4877 convenit?
1033 4816 1168 4872 Cum
1199 4813 1347 4869 enim
1377 4809 1601 4878 dixerit,
1635 4808 1783 4879 quod
1814 4808 1957 4862 Deus
1992 4806 2079 4859 in-

514 4916 719 4972 fuderit
751 4913 991 4970 Verbum
1052 4905 1250 4971 Mariae,
1285 4912 1341 4958 et
1386 4900 1653 4971 Spiritum
1702 4899 1842 4970 ejus,
1871 4911 1937 4951 ex
1970 4910 2080 4966 quo

520 5014 680 5062 natus
712 5010 796 5058 est
836 5000 1109 5060 Christus,
1137 5004 1195 5051 et
1228 5002 1353 5063 pOst
1399 4993 1514 5046 haec
1560 5004 1750 5044 rursus
1795 4986 2079 5057 opinatur,

520 5107 578 5153 nt
630 5096 801 5152 Adam
849 5093 895 5146 is
937 5092 1009 5146 sit
1036 5103 1200 5159 quem
1236 5084 1490 5141 formavit
1526 5096 1593 5136 ex
1627 5090 1794 5157 terra,
1829 5081 2089 5133 inconve-

522 5194 678 5249 niens
711 5190 897 5260 igitur,
934 5186 1170 5242 Verbum
1200 5180 1298 5235 Dei
1329 5189 1386 5235 et
1425 5176 1690 5249 Spiritum
1724 5176 1843 5246 ejus
1880 5180 2082 5229 terram

519 5298 663 5340 esse.
693 5279 806 5335 Nisi
835 5278 1019 5346 aliquo
1050 5273 1211 5328 modo
1238 5271 1330 5326 Dei
1362 5280 1611 5328 naturam
1650 5276 1847 5322 terram
1880 5279 2085 5335 suppoq

518 5390 731 5438 namus,
765 5369 911 5440 quod
961 5366 1120 5422 absit.
1170 5365 1328 5420 Esset
1371 5361 1520 5417 enim
1558 5358 1795 5414 Verbum
1849 5360 1987 5429 ejus,
2024 5368 2084 5414 et

520 5465 757 5535 Spiritus
789 5462 909 5530 eius
940 5456 1085 5513 sicut
1111 5452 1361 5524 quasdam
1397 5460 1596 5514 statua,
1626 5463 1749 5520 quae
1792 5462 1969 5517 neque
1998 5448 2083 5502 in-

591 5641 634 5673 ⁸³
658 5639 811 5693 Joan.
846 5656 883 5705 ι,
912 5640 972 5698 3.
1046 5636 1090 5669 ¹⁹
1126 5632 1271 5691 νηὶ.
1299 5644 1476 5686 uxxt.
1505 5629 1558 5684 6.

2186 4425 2422 4519 όρῷπος,
2477 4440 2539 4500 οὗ
2587 4448 2616 4500 6
2669 4445 2988 4513 λόγος,¹κα“ι
3054 4447 3088 4513 ἡ
3152 4438 3409 4510 σύλληψιςκ
3449 4434 3522 4496 τῆς
3560 4425 3631 4519 θέλ·

2185 4510 2355 4603 νδίας.
2386 4510 2508 4590 Hmi-
2558 4539 2591 4606 ἡ
2621 4510 2804 4606 τέχνη,
2834 4510 2936 4587 ἐκαὶ
2985 4535 3019 4603 ἠ
3066 4510 3307 4601 ἐνέργεια
3338 4520 3424 4579 οὐκ
3451 4510 3629 4606 {attrito

2188 4597 2426 4701 Θρωττος.
2454 4597 2793 4697 Μᾶλλον
2815 4621 2910 4678 οὖν
2958 4597 3095 4694 ὅττερ
3117 4597 3183 4677 ἂν
3205 4618 3236 4694 ᾖ
3261 4619 3346 4671 τοῦ
3385 4611 3509 4701 Θεοῦ,
3538 4597 3633 4701 ,θεέῖ

2188 4694 2356 4773 ἐστιν.
2412 4717 2574 4771 Ὅθεν
2617 4694 2712 4771 καί.
2757 4718 2787 4768 6
2839 4714 2936 4769 τοῦ
2990 4712 3127 4767 Θεοῦ
3178 4710 3339 4777 Λόγος
3388 4700 3494 4760 θεάς
3535 4694 3630 4781 ἔστί

2190 4812 2286 4864 καὶ
2313 4811 2341 4863 6
2371 4808 2494 4872 νοῦς
2525 4806 2619 4861 τοῦ
2644 4806 2781 4859 Θεοῦ
2812 4805 2946 4867 Θεός
2988 4807 3144 4857 ἐστι’
3179 4802 3269 4854 καὶ
3303 4799 3333 4865 ἡ
3360 4792 3554 4858 ἐνέργεια
3573 4788 3632 4877 vf)

2189 4900 2323 4955 Θεοῦ
2377 4899 2512 4963 Θεός
2547 4901 2686 4952 ἐστι.
2721 4897 2795 4950 Τὸ
2851 4895 2910 4949 δέ
2944 4894 3261 4965 Ἀλκοράνον
3313 4885 3544 4951 ἄνθρωπον
3572 4880 3633 4965 si?

2190 5011 2281 5049 νον
2301 4992 2460 5046 ἔλαϐε
2488 4959 2578 5043 τὸν
2599 4988 2856 5059 Χριστόν.
2886 4988 2993 5040 Καὶ
3016 4959 3278 5039 διὰ-τοῦτο
3298 4978 3417 5051 μετὰ
3440 4976 3489 5024 τὸ
3502 4959 3631 5059 tm??-

2191 5085 2274 5136 δτι
2312 5084 2483 5147 Λόγος
2528 5076 2596 5151 ἦν
2622 5056 2716 5134 τὸς»
2761 5078 2919 5141 Θεοῦ,
2956 5076 3306 5148 προσέθηκεν,
3340 5070 3408 5121 ὅτι
3445 5056 3634 5151 ὄνἹτίαξυῖ

2191 5174 2368 5237 οὕτως
2399 5140 2517 5227 '56.?"-
2537 5140 2676 5242 ’ἱερὸς
2701 5178 2793 5225 τὸν
2826 5170 2980 5237 Θεὸν,
3001 5140 3197 5235 ’ὥσπερ
3232 5166 3258 5216 6
3290 5150 3517 5223 ’Δδὰμ.ὃν

2191 5281 2283 5318 σεν
2331 5265 2395 5317 ἐκ
2429 5263 2527 5331 τῆς
2565 5238 2668 5334 ’ίῆς
2693 5277 2708 5293 ⁸
2744 5261 2838 5314 καὶ
2878 5255 3028 5314 εἶπεν
3073 5256 3235 5326 αὖτῷο
3258 5238 3633 5334 »Ἕσίλκωτφῗο

2192 5356 2310 5419 πῶς
2367 5316 2950 5424 τοῖςάροηγουμένοις
2987 5316 3373 5419 συνᾴδείξῶστε
3418 5335 3491 5385 τὸν

2190 5402 2434 5515 ὼξέὶζειν
2875 5402 2953 5514 vti
2985 5402 3171 5512 Μαρίᾳ
3204 5402 3301 5491 ’τὸν
3333 5430 3476 5495 Λόγον
3510 5412 3577 5469 καὶ
3597 5402 3633 5455 τὸ
