3904 6216
312 230 448 297 1133

1497 238 1798 299 CONTRA
1840 236 2345 300 ΜΛΙΙΟΜΕΤΕΜ.

3425 238 3556 302 1134

306 341 531 412 Πνεῦμα
555 342 739 407 αὑτοῦ,
769 336 900 417 ἐξοῦ
932 346 1179 412 γενέσθαι
1214 346 1298 397 τὸν
1326 347 1555 415 Χριστὸν
1579 362 1591 375 ·
1624 346 1713 399 καὶ
1740 344 1880 413 μετὰ

1990 343 2196 413 lelligit,
2231 359 2405 412 neque
2438 344 2627 412 spirat.
2664 343 2817 398 Nunc
2849 352 3032 398 autem
3058 343 3201 399 Deus
3233 354 3439 411 noster,
3465 350 3559 417 qui

304 432 481 485 ταῦτα
510 432 675 485 πάλιν
703 434 967 498 δοξάζειν,
992 436 1068 498 ῶς
1098 436 1187 489 τὸν
1226 436 1395 503 ’Λόὰμ
1426 436 1588 487 αὐτὸν
1625 431 1788 499 εἶναι,
1818 434 1880 486 6v

304 523 541 575 ἔπλασεν
570 523 634 574 ἐκ
660 523 760 589 τῆς
792 528 929 593 γῆςς
977 526 1317 595 Ἀσύμὸατον
1358 526 1636 589 παντελῶς
1667 527 1760 581 τὸν
1782 526 1881 581 Λό-

304 631 402 682 γον
432 614 525 668 τοῦ
568 614 706 667 Θεοῦ
739 618 834 669 καὶ
872 619 931 670 τὸ
984 618 1208 688 Πνεῦμα
1244 620 1408 671 αὐτοῦ
1460 617 1591 688 χοῦν
1618 614 1793 671 εἶναι·
1830 618 1880 671 ει

306 707 384 776 μή
416 722 519 785 που
549 706 650 776 τὴν
676 708 766 761 τοῦ
804 708 941 761 Θεοῦ
974 709 1139 778 φύσιν
1191 710 1321 780 χοῦν
1355 709 1709 781 ὑποθώμεθα,
1740 711 1881 781 ὅπερ

217 838 224 844 -
304 800 497 868 ἀπείη.
525 794 638 851 Ἦν
686 799 797 870 γὰρ
829 800 894 854 ἂν
942 804 971 854 6
995 803 1173 871 Λόγος
1223 804 1390 856 αὑτοῦ
1419 806 1513 857 καλ⁸
1545 803 1607 856 τὸ
1653 803 1881 873 Πνεῦμα

303 889 471 943 αὐτοῦ
508 889 696 961 ὥσπερ
730 908 812 955 τις
845 893 1088 963 ἀνδριὰς,
1123 895 1262 965 μήτε
1295 895 1454 958 νοῶν,
1492 895 1630 965 μήτε
1679 894 1878 948 πνέων.

202 1032 209 1037 .
308 979 423 1032 Νῦν
461 979 517 1033 δὲ
549 981 578 1032 6
606 979 739 1045 Θεὸς
766 982 943 1052 ἡμῶν,
980 984 1038 1046 ὃς
1060 985 1209 1037 ἐστιν
1238 985 1603 1054 εὐλογημένος
1637 986 1718 1048 εἰς
1753 984 1881 1048 τοὺς

303 1070 537 1134 αἰῶνας,
564 1071 668 1142 ὁρᾷ
702 1074 796 1126 καὶ
823 1071 1015 1127 ἀκούει
1064 1074 1259 1139 πάντα,
1291 1075 1385 1127 καὶ
1431 1074 1548 1145 ἔχει
1581 1075 1755 1143 Λόγον
1788 1090 1881 1127 σε·

308 1164 755 1232 σαρκωμένονὲκ
784 1165 882 1234 τῆς
914 1166 1076 1235 ἁγίας
1098 1166 1401 1238 Παρθένου,
1434 1169 1527 1221 καὶ
1562 1166 1783 1236 Πνεῦμα
1812 1170 1878 1239 τῇ

311 1255 575 1324 Παρθένῳ
604 1256 957 1321 ὲπισκιὰσαν,
984 1259 1080 1312 καὶ
1112 1258 1209 1327 τὴν
1239 1259 1538 1331 ἀνδρότητα
1578 1259 1671 1312 τοῦ
1700 1261 1879 1327 Λόγου

307 1341 625 1411 πληρώσαν.
662 1344 725 1396 Ei
764 1343 810 1395 δ’
848 1345 1329 1415 ὑπολαμϐάνουσιν
1361 1349 1564 1417 ὁμοίως
1590 1348 1686 1402 καὶ
1716 1350 1774 1403 ἐν
1802 1348 1882 1418 τῷ

316 1433 493 1501 ’Λδὰμ
520 1433 610 1485 τόν
648 1450 707 1485 τε
741 1433 914 1502 Λόγον
942 1434 1036 1488 τοῦ
1077 1435 1213 1488 Θεοῦ
1246 1439 1339 1490 καὶ
1370 1440 1431 1491 τὸ
1476 1437 1702 1507 Πνεῦμα
1725 1439 1879 1507 γενέο

308 1525 455 1589 σθαι,
483 1525 601 1578 ἀλλ’
630 1526 730 1578 οὐκ
753 1525 1109 1595 ἐκφεύξονται
1138 1529 1228 1580 τοῦ
1271 1529 1503 1597 ψεύδους
1536 1530 1596 1582 τὸ
1622 1529 1875 1598 φανερόν.

308 1619 368 1669 Εἰ
396 1618 503 1686 γὰρ
528 1617 555 1668 6
587 1617 760 1683 Λόγος
797 1617 891 1671 τοῦ
922 1618 1058 1671 Θεοῦ
1089 1622 1158 1689 τῇ
1193 1622 1359 1691 σαρκὶ
1384 1624 1477 1674 καὶ
1508 1620 1592 1691 τῷ
1630 1620 1717 1691 χοῒ
1745 1620 1881 1673 ἐκεί·

1984 441 2068 485 est
2101 432 2425 487 benedictus
2462 432 2515 484 in
2547 430 2763 494 saecula,
2798 432 2946 487 videt
2970 441 3044 487 ‘et
3076 433 3230 487 audit
3273 436 3475 502 omnia,
3506 450 3563 492 et

1989 522 2154 576 habet
2212 523 2452 578 Verbum
2500 523 2843 576 ineat-natum
2897 537 2965 578 ex
3017 524 3181 579 Maria
3237 526 3479 598 Virgine,
3509 541 3564 583 et

1984 612 2249 683 Spiritum
2283 622 2531 667 sanetum
2561 614 2653 681 qui
2682 630 2802 668 eam
2833 613 3280 679 obutnbravit,et
3308 617 3562 671 humani-

1985 711 2149 758 tatem
2180 704 2343 759 Verbi
2387 705 2731 781 adimplevitt‘
2760 705 2817 760 Si
2847 715 3033 781 autem
3075 706 3392 761 existimant
3417 718 3472 762 et
3508 710 3564 763 in
3674 724 3677 727 λ

1986 793 2156 850 Adam
2178 795 2412 850 Verbum
2447 796 2543 851 Dei
2568 807 2619 851 et
2649 794 2914 866 Spiritum
2946 796 3136 864 fuisse,
3159 812 3267 851 non
3297 788 3563 869 eﬂ‘ugieut

1984 885 2339 965 manifestum
2370 886 2739 942 mendacium.
2773 887 2829 943 Si
2860 888 3004 943 enim
3038 889 3277 944 Verbum
3308 889 3402 946 Dei
3435 908 3559 947 cum

1979 990 2151 1031 carne
2185 984 2243 1031 et
2279 987 2427 1031 terra
2475 977 2627 1048 illius
2663 981 2876 1033 unitum
2900 987 3072 1051 esset,
3100 989 3156 1035 et
3186 980 3428 1053 Spiritus
3476 1002 3564 1039 re-

1984 1067 2245 1137 plevisset
2282 1068 2483 1130 Adam,
2528 1084 2808 1138 nunquam
2838 1068 3094 1140 decipere
3125 1074 3392 1141 potuisset
3413 1075 3564 1130 illum

1985 1159 2237 1221 Satanas,
2261 1162 2348 1214 vel
2376 1159 2683 1215 fefellisset.
2702 1162 2879 1216 Verbo
2909 1174 3089 1217 tamen
3124 1180 3225 1218 suo
3253 1165 3389 1221 dixit
3422 1167 3566 1224 Deus

1986 1253 2152 1306 Adae:
2202 1253 2353 1317 Esto,
2406 1253 2510 1307 hoc
2555 1254 2749 1308 eadem
2794 1256 2962 1308 veri-0
3030 1271 3139 1325 quo
3185 1258 3313 1314 fecit
3358 1244 3565 1324 Omnia.

1984 1344 2127 1412 quod
2162 1343 2382 1413 quidem
2425 1345 2493 1397 ab
2554 1354 2763 1398 aeterno
2806 1355 2927 1400 erat
2975 1347 3116 1414 apud
3150 1346 3344 1402 Deum.
3377 1350 3567 1420 Itaque

1982 1435 2235 1491 Christus
2282 1451 2447 1489 verus
2495 1447 2580 1490 est
2628 1436 2769 1490 licus
2813 1445 2869 1491 et
2915 1437 3153 1492 Verbum
3212 1440 3330 1495 Dei.
3376 1442 3563 1511 Neque

1983 1527 2130 1581 enim
2162 1527 2399 1581 Verbum
2439 1527 2531 1580 Dei
2569 1527 2751 1582 minus
2780 1538 2865 1582 cst
2901 1543 3064 1597 quam
3104 1540 3249 1584 totus
3282 1532 3441 1587 Deus.
3469 1534 3566 1587 Est

1984 1619 2152 1672 etiam
2184 1618 2348 1672 homo
2380 1634 2562 1679 verus,
2592 1635 2658 1675 ex
2686 1618 2907 1688 Virgine
2946 1620 3113 1674 Maria
3145 1623 3391 1690 genitus;
3419 1636 3476 1680 et
3509 1627 3561 1679 in

306 1729 395 1763 vov
430 1711 632 1780 ἧνωτο,
668 1710 763 1760 καὶ
792 1708 852 1761 τὸ
888 1709 1114 1779 Πνεῦμα
1159 1711 1254 1764 τοῦ
1295 1712 1432 1763 Θεοῦ
1473 1713 1757 1782 ἐπλήρωσε
1788 1712 1880 1764 τὸν

1990 1720 2250 1782 quantum
2304 1712 2490 1774 homo.
2534 1721 2591 1766 et
2624 1714 2907 1781 apostolus
2947 1724 3032 1769 est
3064 1714 3182 1780 Dei,
3215 1726 3269 1769 et
3297 1718 3563 1788 propheta

318 1800 510 1868 Ἄδαρ..
538 1799 787 1851 οὐδέποτ’
813 1798 879 1850 ἂν
908 1799 1192 1869 ἠπάτησεν
1243 1802 1452 1853 ἐκεῖνον
1482 1804 1509 1854 6
1546 1804 1812 1869 Σατανᾶς,
1842 1802 1875 1871 ἢ

306 1890 604 1943 κατέὸαλεν
632 1906 646 1919 ’
684 1890 762 1958 τῷ
787 1889 844 1942 δὲ
876 1891 1034 1958 Λόγῳ
1064 1891 1231 1943 αὑτοῦ
1281 1888 1433 1945 εἶπεν
1458 1894 1485 1945 6
1514 1892 1644 1955 Θεὸς
1675 1892 1751 1962 τῷ
1795 1894 1879 1944 ’Λ-

303 1984 439 2051 δὰμ,
473 1984 621 2047 Ἐπί),
654 1975 697 2049 ᾧ
756 1982 932 2036 πάντα
967 1983 1258 2054 πεποίηκε,
1317 1987 1411 2037 καὶ
1441 1984 1500 2047 ὃς
1536 1986 1594 2050 ἐξ
1617 1984 1788 2038 ἀϊδίου
1809 1979 1877 2053 ἦν

305 2078 441 2145 παρ’
493 2074 661 2145 αὐτῷ.
695 2076 850 2129 Ἐστι
901 2076 1082 2129 τοίνυν
1132 2077 1160 2129 6
1214 2074 1447 2146 Χριστὸς
1476 2076 1607 2138 Θεὸς
1647 2074 1877 2144 ἀληθὴς,

304 2169 430 2221 ἐπεὶ
460 2168 553 2219 καὶ
582 2168 755 2235 Λόγος
781 2166 937 2220 Θεοῦ.
972 2168 1047 2221 Οὐ
1078 2168 1189 2236 γάρ
1211 2168 1327 2221 ἐστι
1354 2168 1594 2221 ἐλάττων
1618 2169 1712 2218 τοῦ
1741 2166 1877 2219 Θεοῦ

301 2256 332 2307 6
370 2256 541 2321 Λόγος
579 2254 765 2308 αὑτοῦ.
803 2256 957 2308 Ἐστι
1010 2256 1066 2319 δὲ
1104 2258 1199 2309 καὶ
1245 2255 1535 2325 ἄνθρωπος
1577 2255 1782 2326 ἀληθὴς
1816 2257 1880 2307 ὲκ

302 2351 403 2418 τῆς
465 2346 739 2418 Παρθένου
775 2348 999 2417 Μαρίας
1052 2349 1473 2417 γεγεννημένος,
1510 2346 1603 2399 καὶ
1648 2346 1880 2398 καθόσῡν

303 2438 592 2509 ἄνθρωπος
643 2438 736 2490 καὶ
770 2437 1065 2499 ἀπόστολός
1098 2439 1213 2489 ἐστι
1240 2436 1335 2491 τοῦ
1368 2436 1524 2497 Θεοῦ,
1554 2437 1649 2489 καὶ
1674 2436 1882 2505 προφή-

304 2547 407 2599 της
436 2527 604 2581 αὐτοῦ
650 2530 742 2581 καὶ
770 2528 975 2592 δοῦλος.
1013 2528 1123 2581 Καὶ
1160 2529 1286 2581 ὅσον
1318 2529 1456 2601 πρὸς
1495 2527 1652 2581 τοῦτο
1699 2529 1880 2591 καλῶς

306 2634 443 2686 φησι
472 2618 532 2670 τὸ
554 2617 875 2688 ’Λλκοράνον
900 2619 958 2669 ἐν
982 2617 1062 2688 τῷ
1089 2618 1371 2688 κεφαλαίῳ
1411 2619 1490 2688 τῷ
1525 2618 1772 2685 νἘλνεσᾶ,
1799 2619 1880 2673 ὅτι

308 2710 433 2762 οὔτε
466 2712 494 2763 6
552 2711 811 2779 Χριστὸς,
834 2700 962 2762 οὔτε
993 2711 1042 2762 οἱ
1082 2711 1268 2763 πιστοὶ
1305 2710 1529 2778 ἄγγελοι
1556 2711 1881 2781 ἀρνήσονται

304 2801 490 2853 δοῦλον
522 2802 683 2855 αὐτὸν
722 2798 862 2853 εἶναι
886 2801 982 2854 τοῦ
1009 2799 1169 2865 Θεοῦ,
1202 2802 1451 2854 τουτέστι
1494 2802 1631 2853 καθὸ
1676 2800 1883 2869 ἄνθρω-

310 2911 433 2947 πον.
467 2894 579 2961 Οὐχ
614 2893 930 2964 εὑρίσκεται
982 2896 1167 2963 μέντοι
1211 2895 1270 2947 ὲν
1299 2893 1406 2964 ὅλῳ
1442 2892 1519 2961 τῷ
1564 2891 1883 2962 Εὑαγγελίῳ

309 2987 474 3039 aeu.»
516 2988 606 3039 τὸν
641 2987 876 3054 Χριστὸν
903 2988 1077 3040 εἰπεῖν
1108 2987 1237 3056 περὶ
1267 2986 1461 3040 ἑαυτοῦ
1482 2987 1557 3049 ὡς
1583 2986 1667 3057 εἴη
1697 2987 1882 3050 δοῦλος

1991 1802 2105 1867 Dei,
2138 1812 2192 1856 et
2223 1816 2420 1856 servus
2453 1803 2569 1856 Dei.
2594 1802 2664 1855 Et
2696 1814 2961 1871 quantum
2990 1805 3059 1859 ad
3101 1805 3225 1869 hoc.
3257 1807 3395 1862 bene
3432 1808 3567 1863 dicit

1989 1894 2316 1949 Alcoranum
2374 1895 2431 1947 in
2477 1894 2717 1963 capitulo
2768 1894 2989 1960 Elnesa,
3024 1897 3170 1966 quod
3201 1912 3380 1968 neque
3409 1900 3572 1955 Chri-

1989 1996 2123 2047 stus.
2172 2001 2350 2057 neque
2406 1985 2596 2039 fideles
2643 1986 2818 2053 angeli
2856 1989 3134 2055 negabunt
3178 2005 3303 2045 eum
3350 2006 3565 2047 servum

1985 2090 2109 2131 esse
2139 2074 2256 2140 Dei,
2296 2076 2348 2130 id
2383 2083 2488 2140 est,
2522 2074 2576 2127 in
2606 2084 2873 2142 quantum
2917 2078 3080 2131 homo
3118 2090 3221 2131 est.
3267 2079 3387 2133 Non
3422 2081 3573 2135 inve-

1989 2168 2141 2220 nitur
2180 2176 2363 2219 tamen
2408 2166 2462 2219 in
2494 2176 2611 2221 toto
2642 2166 2958 2235 Evangelio,
2986 2168 3130 2236 quod
3168 2168 3283 2237 ipse
3313 2170 3567 2224 Christus

1988 2256 2130 2309 dicat
2181 2255 2249 2309 de
2292 2255 2494 2324 seipse,
2542 2254 2686 2323 quod
2730 2255 2803 2309 sit
2833 2269 3023 2309 servus
3070 2255 3185 2322 Dei,
3220 2272 3287 2311 ne
3307 2264 3566 2313 ‘errorem

1990 2347 2232 2403 inducat.
2279 2345 2383 2400 Sed
2432 2333 2606 2414 neque
2646 2347 2823 2415 palam
2861 2347 3036 2401 dixit:
3078 2349 3191 2418 Ego
3234 2364 3354 2403 sum
3401 2351 3569 2413 Deus,

1989 2454 2167 2509 neque
2196 2438 2383 2503 homo,
2405 2437 2501 2492 sed
2528 2438 2673 2492 veris
2700 2448 2755 2491 et
2776 2437 3076 2493 manifestis
3107 2441 3366 2509 aperibus
3387 2450 3573 2496 osten-

1990 2532 2093 2597 dit,
2124 2532 2366 2601 seipsum
2408 2539 2465 2585 et
2497 2529 2665 2583 Deum
2694 2544 2816 2585 esse
2847 2545 3061 2597 verum,
3090 2543 3146 2587 et
3169 2531 3449 2587 hominem
3482 2548 3572 2587 ve-

1991 2632 2136 2671 rum.
2186 2616 2253 2671 Et
2282 2624 2512 2685 prOpter
2547 2616 2652 2671 hoc
2686 2616 2857 2671 dixit:
2904 2636 2922 2669 ι
2957 2618 3013 2673 Si
3068 2620 3205 2674 mihi
3249 2637 3358 2676 non
3401 2621 3569 2675 vultis

1989 2710 2237 2774 credere,
2268 2708 2526 2777 operibus
2554 2708 2763 2765 credite
2795 2711 2860 2763 ³ο.
2888 2729 2907 2761 ι
2940 2711 3003 2765 Ει
3039 2713 3153 2767 hare
3180 2721 3262 2767 est
3294 2714 3569 2769 efficacior

1988 2797 2268 2869 probatio,
2296 2813 2459 2866 quam
2490 2797 2535 2852 si
2562 2798 2752 2854 verbis
2777 2801 2907 2855 solis
2936 2801 3041 2855 hoc
3068 2801 3317 2858 dixisset.
3353 2803 3569 2859 Dictum

1988 2900 2075 2944 est
2100 2899 2279 2945 autem
2309 2886 2585 2959 superius,
2614 2905 2783 2960 quare
2807 2900 2937 2947 ante
2976 2896 3284 2962 passionem
3316 2897 3420 2951 hoc
3455 2912 3565 2951 non

1990 2978 2128 3033 dixit
2156 2976 2358 3049 palam.
2391 2980 2639 3049 Apostoli
2672 2992 2856 3036 autem
2911 2990 2967 3037 et
3002 2986 3351 3054 evangelista:
3390 2986 3568 3055 prius,

307 3076 469 3141 Θεοῦ,
504 3077 588 3130 ἵνα
632 3078 708 3146 μὴ
752 3079 962 3146 πλάνην
994 3077 1287 3149 εἰσαγάγῃ.
1333 3077 1474 3131 Ἀλλ’
1506 3078 1627 3131 οὐδὲ
1654 3077 1881 3149 διαρῤἠ⁴¹

1990 3078 2044 3126 et
2069 3071 2311 3139 posthaec
2342 3080 2398 3126 et
2426 3072 2518 3125 alii
2548 3071 2957 3142 prmdicatores,
2984 3073 3061 3127 sic
3087 3075 3376 3129 nianifesta
3405 3074 3569 3130 verba

307 3164 407 3233 δην
447 3160 618 3229 εἶπεν,
666 3164 804 3232 Ἐγώ
863 3166 979 3234 εἰμι
1032 3163 1185 3228 Θεὸς,
1240 3164 1349 3218 οὐδ’
1405 3165 1716 3236 ἄνθρωπος,
1766 3165 1880 3217 ἀλλ’

309 3256 538 3323 ἀληθέσι
561 3258 653 3308 καὶ
693 3258 945 3325 φανεροῖς
971 3255 1152 3326 ἔργοις
1183 3255 1383 3345 ἔδειξεν
1414 3257 1605 3308 ἑαυτὸν
1625 3258 1719 3309 καὶ
1750 3256 1883 3309 Θεὸν

308 3346 438 3400 ὄντα
476 3347 675 3415 ἀληθῆ,
737 3348 832 3399 καὶ
890 3346 1177 3415 ἄνθρωπον
1211 3347 1411 3415 ἀληθῆ.
1451 3348 1562 3399 Καὶ
1591 3349 1680 3400 διὰ
1723 3346 1883 3399 τοῦτο

309 3436 486 3503 εἶπεν,
522 3457 540 3490 ι
576 3439 640 3491 El
705 3439 828 3507 ἐμοὶ
872 3438 933 3490 οὐ
963 3438 1147 3490 θέλετε
1206 3437 1507 3504 πιστεύειν,
1536 3440 1650 3500 τοῖς
1698 3437 1882 3507 ἔργοις

310 3530 663 3583 πιστεύσατε.
708 3548 725 3580 ι
760 3530 869 3583 ΚαὶΙ
899 3528 1041 3599 αῦτη
1074 3530 1189 3581 ἐστὶ
1219 3529 1630 3600 δραστικωτέρα
1662 3529 1884 3582 ἀπόδει-

309 3626 413 3688 ξις,
443 3623 475 3692 ἢ
506 3623 554 3673 εί
589 3622 768 3689 λόγοις
812 3623 994 3691 μόνοις
1022 3621 1181 3674 τοῦτο
1203 3618 1378 3675 εἶπεν.
1409 3621 1638 3691 Εἴρηται
1667 3621 1723 3674 δὲ
1748 3622 1885 3673 ἀνω-

305 3718 475 3783 τέρω,
509 3714 596 3766 διὰ
626 3714 676 3766 τί
714 3714 820 3784 πρὸ
845 3712 939 3766 τοῦ
971 3712 1177 3776 πάθους
1211 3712 1371 3766 τοῦτο
1398 3713 1498 3765 οὐκ
1524 3712 1717 3782 εἴρηκε
1737 3711 1885 3783 διαρ-

309 3805 505 3875 manv.
532 3805 593 3855 Ui
631 3803 678 3856 δ’
700 3803 989 3857 ἀπόστολοι
1022 3802 1119 3857 καὶ
1140 3803 1189 3854 οἱ
1213 3801 1601 3870 εὐαγγελισταὶ
1632 3798 1729 3883 καλ
1756 3798 1888 3869 πρό·

307 3908 469 3958 τερον
506 3890 600 3941 καὶ
650 3888 789 3956 μετά
822 3888 998 3941 ταῦτα
1030 3886 1175 3940 οὕτω
1234 3888 1505 3957 φανεροὺς
1558 3886 1750 3955 λόγους
1792 3885 1886 3938 καὶ

310 3979 570 4047 θαύματα
597 3981 689 4031 καὶ
720 3971 873 4030 εἶπον
908 3978 1003 4029 καὶ
1046 3975 1275 4040 ἔδειξαν,
1300 3975 1375 4038 ὠς
1416 3975 1594 4029 πάντα
1641 3977 1733 4028 τὸν
1789 3972 1885 4026 x6-

315 4088 453 4140 σμον
486 4069 866 4139 συνελαθῆναι,
882 4068 1041 4121 τοῦτο
1059 4068 1364 4122 πιστεῦσαι.
1383 4066 1443 4121 '0
1467 4067 1524 4120 δὲ
1554 4067 1876 4136 Μαχούμετ,

315 4162 459 4231 μετὰ
487 4161 548 4212 τὸ
582 4162 763 4223 καλῶς
795 4161 970 4212 εἰπεῖν
989 4158 1081 4212 τὸν
1105 4156 1342 4228 Χριστὸν
1366 4154 1505 4210 εἶναι
1528 4156 1700 4225 Λόγον
1726 4152 1885 4220 Θεοῦ,

308 4253 418 4304 οὐκ
444 4251 573 4320 ἔστη
606 4254 660 4303 ἐν
689 4252 755 4319 τῇ
782 4249 1032 4320 ἀληθείᾳ,
1060 4249 1177 4301 ἀλλ’
1205 4251 1459 4303 ἀντεῖπεν
1486 4245 1688 4313 ἑαυτῷ,
1717 4232 1887 4298 εἰπὼῦ

314 4343 481 4397 αὑτὸν
521 4342 608 4394 τὸν
642 4342 885 4412 Χριστὸν
910 4344 986 4411 μὴ
1016 4337 1158 4394 εἶναι
1187 4341 1320 4393 Θεόν
1339 4355 1354 4370 ’
1391 4339 1549 4391 τοῦτο
1573 4338 1670 4407 μὲν
1700 4338 1774 4399 ὡς
1811 4337 1887 4389 ει·-

311 4436 434 4488 πὼν
489 4435 938 4505 παραιτήσασθαι
992 4434 1086 4488 τὸν
1146 4432 1381 4504 Χριστὸν
1429 4430 1627 4484 ἑαυτὸν
1671 4432 1764 4482 ἐπὶ
1793 4428 1886 4482 τοῦ

316 4525 454 4579 Θεοῦ
482 4528 613 4596 περὶ
637 4527 855 4591 τούτου,
897 4525 925 4578 6
960 4524 1213 4596 φανερῶς
1254 4523 1469 4593 ἐδείχθη
1512 4520 1704 4590 ψεῦδος
1739 4520 1797 4573 ὃν
1832 4522 1892 4574 ὲν

316 4616 396 4687 τῷ
426 4617 630 4685 ὲννάτῳ
660 4616 941 4684 κεφαλαίῳ
961 4629 977 4644 ·
1001 4613 1241 4667 τοῦτοδὲ
1274 4614 1355 4665 ὅτι
1386 4607 1538 4665 εἶπεν
1561 4612 1724 4667 αὐτὸν
1754 4610 1891 4681 Χρι-

314 4710 444 4760 στὸν
483 4708 691 4760 εἰπεῖν·
732 4725 750 4757 ι
801 4707 1162 4775 Προσκυνείτε
1194 4705 1287 4758 τὸν
1321 4704 1455 4757 Θεόν
1497 4721 1603 4774 μου
1629 4704 1724 4756 καὶ
1752 4703 1887 4757 Θεὸν

321 4799 498 4868 ὑμῶν,
547 4799 637 4850 τὸν
668 4797 885 4867 ,Κύριόν
927 4814 1029 4865 μου
1086 4798 1180 4849 καὶ
1238 4795 1446 4866 Κύριον
1480 4795 1653 4866 ὑμῶν.
1701 4814 1720 4847 ι
1755 4793 1892 4849 Τοῦ-

317 4906 379 4943 το
445 4887 499 4940 δὲ
558 4888 806 4958 οὐδαμῶς
854 4886 933 4958 τῷ
987 4886 1131 4956 λόγῳ
1192 4884 1571 4955 προσίσταται.
1646 4883 1893 4937 Καθόσον

290 4979 431 5049 ’γὰρ
483 4978 685 5049 ἀληθὴς
732 4978 1018 5046 ἄνθρωπος
1063 4973 1154 5048 ἦν,
1203 4978 1298 5030 καὶ
1346 4975 1551 5046 ἀληθὴς
1611 4975 1796 5038 δοῦλος
1824 4970 1892 5045 ἦν

320 5073 416 5124 τοῦ
469 5072 630 5136 Θεοῦ,
667 5073 742 5133 ὡς
801 5071 1062 5137 ἀνωτέρω
1108 5072 1298 5138 γέγονε
1354 5068 1534 5139 δῆλον.
1570 5067 1891 5138 Συμὸἐόηκε

319 5163 501 5215 τοίνυν
540 5161 617 5232 τῷ
643 5162 965 5231 Μαχούμετ,
990 5160 1019 5213 6
1049 5160 1178 5230 περὶ
1211 5160 1319 5216 τῶν
1343 5159 1517 5213 ἄλλων
1537 5158 1697 5221 αὐτὸς
1721 5158 1891 5230 ἐγρα-

319 5254 421 5323 ψεν
456 5258 513 5307 ὲν
551 5253 629 5321 τῷ
658 5253 941 5323 κεφαλαίῳ
978 5252 1071 5305 τοῦ
1111 5250 1284 5314 Ἰωνᾶ,
1324 5248 1521 5320 λέγων,
1560 5246 1700 5303 εἷναί
1739 5264 1890 5311 τινας

322 5345 831 5414 ἀποδοκιμάζοντας
886 5345 923 5399 6.
978 5348 1053 5415 μὴ
1088 5344 1288 5406 νοοῦσι,
1326 5344 1420 5396 καὶ
1460 5342 1496 5396 ἃ
1527 5342 1602 5412 μὴ
1633 5342 1887 5395 δύνανται

1989 3169 2045 3214 et
2072 3160 2332 3215 dixerunt
2360 3169 2414 3215 et
2451 3162 2836 3227 ostenderunt,
2871 3172 2929 3215 ut
2963 3174 3112 3217 totus
3162 3164 3397 3219 mundus
3438 3180 3573 3220 con-

1991 3252 2309 3306 vinceretur
2356 3252 2461 3304 hoc
2506 3252 2757 3306 credere.
2789 3253 3133 3308 Mahometus
3182 3263 3388 3321 autem,
3423 3265 3573 3325 post-

1993 3356 2158 3410 quam
2188 3342 2337 3395 bene
2368 3341 2507 3394 dixit
2558 3341 2840 3396 Christum
2872 3358 2991 3399 esse
3028 3346 3265 3400 Verbum
3306 3346 3424 3409 Dei,
3458 3364 3568 3403 non

1992 3432 2142 3487 stetit
2173 3432 2225 3485 in
2259 3431 2513 3495 veritate,
2545 3433 2640 3487 sed
2666 3434 3020 3507 contradixit
3050 3437 3153 3490 sibi
3192 3438 3318 3507 ipsi,
3353 3438 3565 3507 dicens,

1992 3520 2173 3590 ipsum
2224 3519 2505 3575 Christum
2576 3506 2686 3575 non
2734 3537 2856 3578 esse
2916 3525 3109 3581 Deum.
3156 3506 3361 3582 Tamen
3407 3506 3569 3595 dixit,

1992 3610 2140 3679 quod
2170 3611 2311 3679 apud
2346 3611 2513 3664 Deum
2547 3626 2606 3665 se
2657 3613 2961 3677 excusavit,
2995 3615 3140 3684 quod
3173 3616 3353 3685 patuit
3399 3631 3568 3685 supe-

1988 3701 2111 3755 rius
2149 3701 2202 3755 in
2231 3717 2376 3755 nono
2407 3703 2669 3772 capitulo,
2694 3704 2983 3761 manifeste
3025 3705 3223 3781 falsan
3251 3722 3396 3773 esse,
3439 3718 3558 3761 tum

1991 3792 2120 3862 quia
2162 3791 2298 3847 dicit
2347 3794 2492 3861 quod
2540 3793 2657 3863 ipse
2708 3794 2962 3851 Christus
3008 3798 3189 3853 dixit:
3252 3817 3270 3849 ι
3330 3799 3568 3853 Adorate

1992 3883 2166 3939 Deum
2195 3898 2377 3941 meum
2404 3892 2461 3940 et
2487 3885 2657 3941 Deum
2686 3896 2950 3953 vestrum,
2980 3888 3272 3943 Dominum
3305 3905 3483 3944 meum
3511 3900 3570 3944 et

1994 3975 2286 4031 Dominum
2334 3986 2581 4031 vestrum
2609 3978 2677 4033 ".
2722 3996 2742 4029 ι
2778 3978 2904 4033 llaec
2943 3988 3124 4033 autem
3181 3980 3322 4034 ratio
3363 3997 3572 4050 nequa-

1988 4080 2158 4136 quam
2191 4076 2425 4122 constat.
2467 4067 2524 4122 lu
2562 4077 2830 4139 quantum
2864 4070 3009 4124 enim
3053 4086 3214 4127 verus
3246 4072 3409 4127 homo
3440 4073 3566 4140 fuit,

1994 4173 2161 4213 verus
2191 4174 2383 4215 servus
2411 4168 2494 4214 est
2528 4161 2647 4226 Dei,
2682 4170 2742 4215 ut
2772 4163 3032 4231 superius
3065 4148 3410 4221 manifestum
3441 4164 3597 4221 fuit.~

1993 4247 2275 4317 Contingit
2318 4265 2450 4318 ergo
2503 4249 2572 4304 de
2623 4249 2954 4317 Mahometo,
2998 4253 3144 4322 quod
3177 4254 3248 4307 de
3298 4254 3420 4307 aliis
3451 4255 3571 4324 ipse

1996 4337 2218 4406 scripsit
2243 4337 2296 4389 in
2333 4337 2572 4408 capitulo
2594 4336 2768 4401 Jonas,
2799 4339 3010 4404 dicens,
3044 4341 3188 4408 quod
3219 4341 3442 4410 quidam
3484 4356 3571 4396 re-

1997 4426 2230 4496 probant
2261 4442 2381 4495 qua:
2427 4443 2537 4494 non
2587 4429 2920 4500 intelligunt,
2953 4438 3008 4485 et
3032 4447 3154 4501 quae
3198 4447 3307 4486 non
3340 4442 3573 4502 posSunt

1995 4532 2295 4588 exponere.
2344 4517 2501 4571 Sicut
2540 4527 2597 4573 et
2624 4521 2741 4589 ipse
2771 4519 3089 4589 reprobavit
3118 4522 3439 4592 mysterium
3482 4524 3572 4576 iu-

1992 4608 2353 4672 carnationis,
2383 4616 2669 4678 propterea
2726 4611 2873 4679 quod
2900 4611 3017 4680 ipse
3069 4628 3175 4667 non
3210 4614 3569 4684 intelligebat.

1999 4714 2101 4753 nec
2132 4706 2347 4769 poterat
2373 4714 2646 4769 exponere
2672 4715 2793 4770 qua:
2820 4700 2875 4755 in
2912 4701 3212 4771 Evangelio
3248 4704 3574 4755 dicebantur

1997 4788 2066 4845 de
2093 4789 2340 4845 Christo.
2364 4790 2440 4845 Et
2469 4790 2773 4847 secundum
2811 4791 3059 4846 eamdem
3094 4797 3371 4845 rationem
3392 4806 3573 4859 neque

1998 4880 2284 4941 Trinitatis
2335 4883 2654 4951 mysterium
2705 4882 2988 4951 suscepit;
3030 4897 3140 4936 non
3190 4883 3339 4936 enim
3391 4883 3571 4951 potuit

1999 4974 2305 5044 intelligere
2341 4988 2704 5042 personarum
2750 4972 3167 5039 discretionem,
3217 4974 3424 5041 absque
3460 4972 3574 5025 dis-

1998 5067 2246 5122 cretione
2299 5080 2423 5135 qua:
2475 5071 2560 5144 es}
2617 5064 2918 5119 secundum
2974 5065 3287 5118 essentiam.
3326 5065 3388 5115 lit
3438 5062 3571 5131 quid

2000 5159 2200 5213 mirum
2251 5157 2295 5211 si
2344 5157 2508 5211 homo
2537 5156 2774 5212 carnalis
2816 5171 2927 5209 non
2960 5156 3196 5224 percipit
3226 5156 3571 5209 «~xcellntis—

1998 5251 2134 5305 sima
2179 5248 2275 5305 Dei
2323 5247 2776 5319 mysteria?‘lla:c
2819 5248 3041 5318 quidem
3091 5248 3255 5319 igitur
3300 5249 3571 5302 sufficiant

1998 5342 2065 5396 de
2105 5344 2262 5396 tertia
2301 5341 2625 5411 quaestione.

324 5438 673 5507 ἐξηγεῖσθαι·
712 5436 899 5506 ὥσπερ
940 5437 1031 5488 κα)⁵
1084 5435 1245 5497 αὐτὸς
1298 5433 1670 5503 ἀπεδοκίμασε
1726 5432 1788 5484 τὸ
1858 5434 2161 5502 μυστήριον
2188 5431 2288 5501 τῆς
2337 5431 2689 5502 σαρκώσεως,
2723 5433 2813 5487 διὰ
2868 5433 2929 5486 τὸ
2984 5434 3119 5504 μήτε
3152 5434 3294 5487 νοεῖν
3325 5436 3460 5503 μήτε
3487 5432 3578 5485 δύο

254 5596 275 5611 .
322 5532 514 5584 νασθαι
558 5529 870 5598 ἐξηγεῖσθαι
927 5532 993 5584 τὰ
1027 5533 1084 5583 ὲν
1130 5531 1211 5599 τῷ
1238 5529 1559 5598 Εὗαγγελίῳ
1615 5529 1887 5599 λεγόμενα
1930 5530 2060 5597 περὶ
2126 5529 2221 5580 τοῦ
2288 5528 2697 5599 Χριστοῦηιὶαὶ
2748 5532 2886 5584 κατὰ
2923 5532 3011 5583 τὸν
3046 5530 3207 5582 αὐτὸν
3237 5530 3396 5598 λόγον
3448 5529 3571 5583 οὐδὲ

397 5630 439 5659 ³⁰
471 5628 628 5681 Joan.
680 5644 730 5691 ι,
760 5628 847 5681 58.
930 5627 971 5658 ⁸⁸
1013 5626 1168 5681 Joan.
1198 5640 1287 5689 xx,
1320 5625 1404 5677 Π.
1495 5647 1513 5654 -
