3904 6216
133 1237 136 1240 ί
236 1208 549 1267 ίαυτοῦκαι
577 1213 826 1282 γράφων,
853 1213 1144 1268 Πιστεύετε
1170 1217 1249 1278 είς
1270 1215 1362 1268 τὸν
1391 1215 1524 1268 Θεὸν
1551 1218 1645 1268 καὶ
1668 1216 1805 1269 ἀπό-

253 355 388 420 113‘7
1417 354 1711 416 CONTRA
1753 355 2265 418 MAHOMETEM.
2338 403 2340 405 -
3355 355 3494 423 1138

245 473 348 534 λῶς
375 471 679 542 ἐλάμϐανον
699 472 798 542 τὴν
828 455 921 526 τοῦ
957 471 1282 542 Ἀλκοράνου
1295 472 1628 540 συμβουλὴν,
1651 475 1824 542 ἀναμ-

1943 485 1988 530 ει
2017 477 2155 532 alios
2201 476 2500 546 prophetas
2521 518 2534 541 ,
2578 484 2633 531 ct
2682 473 3126 545 frequentissime
3153 474 3316 535 dicat.
3348 474 3490 542 quod

247 564 478 631 φιόόλως
505 563 571 616 ἂν
601 563 906 632 ὡδηγοῦντο
928 559 1117 634 ἐεῖχον
1149 563 1255 631 γὰρ
1280 561 1347 614 ἂν
1382 562 1440 614 τὸ
1463 563 1816 632 Εὑαγγέλιον,

1943 567 2158 622 titerum
2207 567 2364 622 alteri
2419 581 2528 621 non
2587 566 2825 636 prtefert.
2874 565 2941 620 Et
3000 565 3114 620 haec
3151 565 3212 620 ad
3243 574 3492 635 quartam

249 656 442 707 καὶτὸν
464 656 626 723 νόμον
647 657 947 718 Μωῦσέως,
967 656 1060 709 καὶ
1080 655 1178 716 τὰς
1195 654 1362 716 ἄλλας
1390 655 1550 722 ἁγίας
1570 655 1816 723 Γραφὰς,
1924 656 2304 724 (ιιιωειίοιιοιιι.

250 751 486 820 μάλιστα
517 752 681 804 αὐτοῦ
713 751 808 804 τοῦ
850 751 1180 821 Ἀλκοράνου
1210 750 1340 803 ὅταν
1369 751 1694 822 ἐγκωμιάζῃ
1726 752 1818 804 τὸν
1851 752 2120 822 Μωῦσῆν,
2149 755 2242 807 τὸν
2295 756 2476 815 Δαδὶδ,
2510 754 2600 807 τὸν
2664 752 3003 821 Σολομῶντα,
3031 754 3125 806 καὶ
3154 753 3278 815 τοὺς
3307 753 3498 812 ἄλλους

248 848 552 916 προφήτας,
589 845 841 914 λέγοντος
872 844 1136 914 συνεχῶς,
1170 842 1248 907 ὡς
1279 843 1487 898 τούτων
1513 845 1664 900 οὐδέν
1699 847 1816 898 ἐστι
1854 849 2249 920 προτιμότερον
2277 849 2369 902 τοῦ
2437 849 2648 918 ἑτέρον.
2704 848 2888 912 Ταῦτα
2915 851 3010 902 καὶ
3044 849 3178 920 προς
3212 849 3271 902 τὸ
3303 849 3498 918 τέταρ-

243 956 330 992 τον
349 939 594 1008 ζήτημα.

309 1034 564 1103 Πέμπτον
593 1031 818 1101 ζήτημά
844 1034 978 1086 ἐστι·
999 1029 1066 1085 Τί
1089 1031 1154 1086 ἂν
1175 1031 1423 1103 βούλοιτο
1442 1033 1625 1100 λέγειν
1648 1033 1675 1086 ὁ
1697 1034 1816 1087 Ma-

249 1123 331 1194 (ού
342 1140 460 1192 μετ,
480 1125 537 1176 ὲν
552 1122 628 1192 τῷ
651 1121 955 1192 Ἀλκοράνῳ
971 1123 1297 1187 τοσαυτάκις
1320 1124 1655 1192 παλιλλογῶν
1671 1142 1738 1177 πε
1746 1126 1802 1195 pl.

1989 1038 2187 1103 Quinta
2220 1038 2449 1107 qmestio
2471 1047 2555 1092 est
2587 1037 2763 1103 :Quid
2793 1043 2909 1092 vult
2933 1037 3117 1092 dicere
3149 1037 3492 1092 Mahometus

1922 1127 1978 1181 in
2006 1129 2297 1190 Alcorano,
2327 1129 2472 1198 quod
2499 1129 2659 1183 toties
2693 1129 2826 1183 dicit
2860 1139 2913 1182 et
2941 1129 3240 1197 repetit'de
3267 1145 3323 1182 se
3354 1129 3494 1182 seri-

1922 1216 2077 1283 bens,
2097 1216 2317 1272 Credite
2361 1218 2415 1272 in
2451 1219 2619 1272 Deum
2650 1227 2705 1272 et
2747 1220 3074 1287 apostolum,
3121 1219 3339 1273 obedire
3386 1220 3498 1273 Deo

238 1304 439 1368 στολον,
455 1303 757 1356 ὑπακούετε
771 1303 848 1374 τῷ
860 1304 978 1375 Θεῷ
991 1305 1084 1359 καὶ
1096 1305 1174 1374 τῷ
1191 1306 1502 1376 ἀποστόλῳ,
1513 1305 1820 1360 ἀκολουθεῖο

1943 1307 1974 1358 ει
1997 1307 2264 1374 apostolo,
2299 1307 2604 1377 sequamini
2635 1307 2800 1360 Deum
2823 1319 2879 1362 et
2903 1310 3208 1376 apostolum
3231 1309 3497 1363 ?‘Scitnus

234 1413 288 1448 τε
310 1395 390 1466 τῷ
411 1395 528 1466 Θεῷ
547 1397 636 1448 καὶ
667 1396 744 1465 τῷ
763 1397 1044 1466 ἁποστὸλῳ
1063 1414 1078 1464 ;
1103 1398 1295 1466 Ἰσμεν
1309 1398 1416 1468 γὰρ
1438 1397 1583 1468 μόνῳ
1597 1395 1672 1468 τῷ
1690 1397 1809 1466 Θεῷ

1943 1393 2089 1459 inim,
2122 1395 2222 1459 soli
2274 1397 2385 1450 Deo
2418 1396 2605 1450 deberi
2658 1396 2842 1458 fidem.
2871 1397 3140 1451 honorem
3181 1398 3354 1450 divini
3385 1400 3504 1452 cul-

235 1486 534 1556 ὀφείλεσθαι
575 1486 781 1552 πίστιν,
816 1488 981 1556 τιμὴν
1019 1486 1294 1557 λατρείας,
1332 1489 1614 1558 ἐνέργειαν
1670 1489 1809 1543 ὕπα-

1943 1497 2022 1549 us,
2054 1483 2323 1538 actionem
2375 1485 2724 1549 obedientim,
2774 1495 2830 1540 et
2877 1487 3154 1554 sequelam
3215 1488 3338 1541 riae.
3373 1487 3490 1556 Ipse

238 1580 386 1647 κοῆς,
427 1578 518 1630 καὶ
553 1577 905 1646 ἀκολούθησιν
936 1577 1076 1632 ὀδοῦ.
1115 1579 1286 1642 Αὐτὸς
1318 1580 1425 1651 γάρ
1454 1582 1748 1651 ἐστι’μόνος
1774 1584 1808 1653 ἡ

1943 1575 2059 1629 snim
2082 1577 2231 1631 solus
2264 1587 2348 1632 est
2383 1579 2732 1647 principium,
2760 1587 2815 1632 et
2859 1579 2980 1633 linis
3044 1579 3309 1632 omnium.
3347 1579 3502 1634 Unde

237 1670 372 1739 ἁρχὴ
398 1671 573 1723 καὶτὸ
599 1669 748 1732 τέλος
777 1672 1014 1725 πάντων.
1039 1671 1198 1724 Ὅθεν
1214 1672 1385 1734 οὐδεὶς
1403 1673 1654 1726 οὐδέποτε
1678 1691 1810 1744 προ-

1943 1668 2099 1723 iullus
2142 1684 2379 1738 unquam
2439 1660 2700 1738 propheta
2733 1685 2898 1724 ausus
2940 1679 3023 1724 est
3050 1670 3164 1722 luce.
3200 1669 3407 1730 dicere.
3437 1679 3494 1722 et

237 1761 409 1826 φήτης
435 1757 702 1827 ἐτόλμησε
729 1758 902 1811 ταῦτα
937 1759 1134 1823 εἰπεῖν,
1165 1761 1260 1814 καὶ
1287 1759 1364 1830 τῷ
1389 1761 1508 1830 Θεῷ
1531 1761 1810 1830 ἐξομοιοῦν

1943 1762 2026 1816 leo
2049 1761 2287 1830 scipsum
2319 1760 2372 1814 in
2417 1761 2616 1818 talibus
2659 1761 2932 1815 associare
2963 1778 2986 1814 ιι
3008 1761 3096 1814 eui
3145 1763 3354 1815 nullum
3389 1777 3494 1814 un-

236 1845 424 1897 ἐαυτὺν
457 1848 513 1897 ὲν
542 1847 649 1906 τοίς
680 1845 964 1908 τοιούτοις,
997 1839 1042 1912 ᾧ
1069 1845 1273 1913 μηδένα
1315 1847 1584 1916 μηδέποτε
1615 1865 1805 1903 κοινω-

1943 1869 2075 1923 uam
2119 1853 2499 1924 possibileest
2551 1854 2765 1908 socium
2818 1854 2902 1907 vel
2956 1853 3118 1932 simul
3168 1855 3488 1922 participem

233 1938 320 1989 ν⁵ιν
350 1937 382 2005 ἢ
418 1937 790 2006 συμμεριστὴν
821 1936 1098 2004 γενέσθαι.
1145 1935 1204 1989 Ὁ
1245 1937 1342 2006 μὲν
1370 1939 1480 2008 γὰρ
1509 1938 1714 2010 Κύριος
1750 1943 1812 1995 ὲν

1943 1947 2052 2002 ieri.
2107 1947 2371 2002 Dominus
2409 1946 2558 2002 enim
2601 1947 2656 2000 in
2704 1949 2821 2017 lege
2868 1947 3033 2016 Moysi
3066 1947 3268 2002 Judaeis
3305 1947 3482 2000 dixit:

230 2026 310 2095 τῷ
339 2029 488 2096 νόμῳ
515 2026 609 2079 τοῦ
637 2027 914 2090 Μωῦσέως
943 2030 1058 2091 τοῖς
1081 2028 1354 2092 Ἰουδαίοις
1395 2033 1582 2101 φησιν,
1612 2032 1811 2086 «Ἴδετε

1976 2035 2142 2092 Scitis
2172 2037 2317 2107 quod
2367 2052 2467 2106 ego
2505 2052 2624 2091 sum
2658 2037 2807 2091 solus
2833 2037 2900 2090 “.
2948 2057 2965 2088 ι
3004 2038 3235 2107 Propter
3271 2038 3372 2092 hoc
3404 2053 3500 2090 au-

235 2117 314 2170 ὂτι
341 2118 449 2185 ὲγὼ
470 2119 584 2187 είμι
611 2119 823 2188 μόνος.)
855 2119 955 2172 Διὰ
979 2119 1137 2174 τοῦτο
1154 2120 1210 2173 δὲ
1233 2123 1328 2175 καὶ
1349 2123 1378 2174 ὁ
1416 2121 1602 2186 Ἠλίας
1627 2126 1814 2192 φησιν,

1943 2142 2026 2181 em
2088 2133 2142 2180 et
2198 2127 2347 2180 Elias
2399 2127 2574 2181 dicit:
2622 2146 2650 2178 ι·
2690 2127 2747 2182 Si
2795 2127 3060 2182 Dominus
3120 2138 3224 2192 est,
3269 2129 3343 2181 ite
3378 2136 3500 2195 post

242 2231 260 2263 ι
291 2201 352 2263 Εἰ
386 2211 588 2282 Κύριος
619 2214 646 2265 ὁ
677 2211 809 2273 Θεός
837 2214 975 2279 ἐστι,
1002 2214 1302 2282 πορεύεσθε
1332 2215 1508 2269 ὀπίσω
1535 2215 1702 2270 αὐτοῦ
1727 2235 1740 2248 ο
1767 2218 1814 2268 εί

1943 2232 2096 2291 psum
2121 2256 2135 2282 ,
2158 2217 2204 2271 si
2239 2226 2422 2270 autem
2451 2217 2599 2279 Daal,
2624 2217 2929 2286 sequamini
2963 2233 3089 2272 cum
3113 2216 3180 2271 ³³.
3221 2237 3240 2268 ι
3272 2217 3496 2272 Videtur

238 2305 294 2357 δὲ
328 2303 496 2368 Βάαλ,
524 2304 928 2372 ἀκολουθήσατε
959 2305 1132 2375 αὐτῷ.
1166 2325 1183 2358 ι
1218 2309 1380 2360 Δοκεῖ
1404 2308 1584 2360 τοίνυν
1611 2309 1676 2361 ἐκ
1708 2309 1817 2360 τῶν

1943 2307 2086 2377 gitur
2134 2323 2202 2361 ex
2252 2307 2474 2373 talibus,
2501 2307 2868 2362 M‘ahometum
2900 2323 3009 2362 non
3049 2309 3229 2363 solum
3272 2309 3404 2362 dare
3433 2322 3492 2361 se

239 2391 501 2444 τοιούτων
526 2395 554 2446 ὁ
584 2393 881 2462 Μαχούμετ
915 2393 977 2445 οὐ
999 2392 1396 2462 μόνον’διδόναι
1418 2394 1510 2446 τὸν
1541 2394 1675 2448 Θεὸν
1709 2413 1821 2448 κοι-

1943 2398 2038 2452 )eo
2074 2399 2419 2468 participem,
2446 2384 2541 2452 sed
2575 2398 2752 2454 facere
2784 2399 3025 2467 scipsum
3081 2400 3231 2454 illius
3264 2400 3494 2460 socium,

240 2480 429 2547 νωνδν,
460 2480 595 2534 ἀλλὰ
626 2472 946 2535 κα“ι’ὲαυτδν
973 2483 1148 2535 ποιεῖν
1183 2484 1397 2535 ἐκείνου
1432 2486 1691 2536 κοινωνὸν
1723 2485 1818 2539 καὶ

1943 2497 1977 2544 ιι
2009 2489 2174 2544 simul
2225 2499 2559 2543 consortem.
2588 2491 2652 2543 Et
2695 2491 2774 2544 sic
2816 2490 3020 2544 dicitur
3045 2492 3099 2545 in
3135 2492 3375 2560 capitulo
3403 2491 3490 2543 El-

243 2574 644 2642 συμμεριστήν.
672 2572 783 2627 Καὶ
818 2572 960 2626 οὕτω
990 2574 1206 2640 λέγεται
1228 2576 1283 2627 ὲν
1305 2574 1380 2645 τῷ
1411 2575 1743 2647 Ἀλκοράνῳ,
1767 2581 1825 2631 ἐν

1943 2595 2098 2635 iesa:
2132 2580 2251 2635 Non
2292 2592 2478 2649 parcet
2529 2582 2693 2645 Deus,
2724 2582 2769 2636 si
2800 2583 2924 2651 quis
2949 2582 2996 2636 ei
3030 2583 3238 2637 dederit
3265 2582 3492 2651 partici-

236 2665 318 2734 τῷ
344 2664 625 2735 κεφαλαίῳ
652 2664 728 2734 τῷ
762 2665 1014 2719 Ἐλνεσᾶ·
1047 2666 1120 2720 Οὐ
1151 2667 1401 2736 φείσεται
1426 2669 1453 2720 ὁ
1482 2668 1634 2732 Θεὶς,
1666 2668 1827 2732 εἴτις

1943 2686 2072 2740 sem.
2112 2669 2271 2725 Solus
2301 2681 2480 2724 autem
2515 2670 2787 2734 Christus,
2825 2687 3003 2742 neque
3048 2687 3275 2726 consors
3327 2689 3506 2742 neque

240 2757 392 2827 αὐτῷ
412 2758 575 2827 διδοίη
597 2759 872 2813 κοινωνόν.
892 2758 1067 2821 Μόνος
1083 2758 1140 2811 δὲ
1163 2761 1200 2812 δ’
1215 2758 1450 2827 Χριστὸς
1479 2759 1824 2829 μήτεξκοινω-

239 2850 352 2911 νδς,
379 2851 516 2917 μήτε
546 2850 922 2919 συμμεριστὴς
944 2850 1019 2903 ὢν
1043 2850 1136 2903 τοῦ
1163 2850 1322 2915 Θεοῦ,
1350 2851 1486 2904 ἀλλὰ
1515 2851 1643 2912 Θεὸς
1673 2850 1746 2903 ὣν
1762 2851 1825 2902 ἀ·

240 2941 412 3011 ληθὴς
438 2942 531 2994 καὶ
544 2941 820 3012 ἄνθρωπος
844 2943 1047 3010 ἀληθὴς
1062 2943 1342 3013 δεδύνηται
1358 2943 1559 3011 λέγειν,
1573 2960 1591 2993 ι
1606 2928 1829 2996 Πιστεύ-

242 3051 332 3086 ετε
362 3035 446 3096 είς
462 3036 553 3087 τὸν
566 3035 717 3094 Θεὸν,
735 3034 828 3087 καὶ
848 3034 923 3096 είς
936 3034 1035 3104 ἐμὲ
1056 3035 1362 3089 πιστεύετεο
1375 3055 1393 3087 ι
1411 3035 1587 3089 καίτοι
1614 3035 1821 3095 ἐκεῖνος

1930 2762 2202 2832 particeps
2248 2761 2361 2825 Dei,
2392 2761 2486 2815 sed
2520 2761 2688 2815 Deus'
2709 2778 2873 2816 verus
2907 2770 2961 2817 et
2996 2763 3160 2815 homo
3195 2779 3379 2824 verus,
3411 2781 3507 2832 po-

1936 2851 2040 2906 tuit
2093 2851 2277 2905 dicere
2311 2868 2325 2904 :
2369 2869 2386 2901 ι
2427 2852 2646 2905 Credite
2699 2853 2751 2906 in
2793 2853 2982 2914 Deum,
3023 2863 3080 2907 et
3124 2854 3179 2906 in
3213 2869 3298 2907 me
3330 2855 3509 2908 credi-

1937 2951 1991 2996 te
2025 2942 2088 2994 ³⁵.
2144 2959 2162 2992 ι
2219 2941 2321 3007 Qui
2371 2951 2550 2995 tamen
2609 2958 2888 3011 nunquam
2948 2944 3086 2998 dixit
3137 2961 3151 2997 :
3193 2943 3411 2999 Credite
3452 2944 3506 2997 in

1939 3035 2110 3088 Deum
2137 3045 2188 3088 et
2222 3034 2274 3086 in
2309 3049 2416 3096 me,
2448 3035 2529 3088 vel
2563 3035 2783 3089 obedite
2813 3037 2924 3090 Deo
2954 3046 3008 3089 et
3047 3037 3203 3099 mihi,
3229 3053 3294 3091 ne
3329 3037 3509 3089 horni-

242 3127 502 3179 οὐδέποτε
533 3123 988 3193 εἷπε,,ῐῖιστεύετε
1027 3127 1106 3191 είς
1127 3121 1218 3181 τδν
1250 3129 1501 3199 Θεὸνζκαὶ
1527 3130 1606 3192 είς
1631 3126 1824 3196 ὲμὲ,ἢ,

1943 3135 2032 3176 nes
2085 3120 2376 3175 crederent
2424 3137 2548 3175 eum
2583 3123 2679 3176 Dei
2716 3124 3030 3190 participem
3084 3132 3139 3176 et
3172 3133 3506 3177 consortem.

254 3217 589 3272 ’Υπακούετε
619 3219 698 3290 τῷ
720 3219 837 3290 Θεῷ
861 3223 955 3275 καὶ
984 3221 1128 3292 ἐμοὶ,
1161 3221 1249 3275 ἵνα
1275 3222 1348 3292 μὴ
1375 3221 1701 3276 πιστεύωσιν
1731 3220 1780 3273 οί
1806 3217 2083 3288 ἄνθρωποι
2115 3215 2371 3268 κοινωνὸν
2411 3218 2571 3268 αὑτὸν
2603 3217 2696 3268 τοῦ
2725 3217 2857 3268 Θεοῦ
2889 3218 2983 3268 καὶ
3013 3221 3376 3286 συμμέτνχον.

321 3335 520 3389 Ἕκτον
566 3332 787 3405 ζήτημά
829 3335 996 3400 ἐστιν,
1042 3337 1191 3398 ὅπως
1231 3337 1292 3390 τὸ
1329 3339 1656 3409 Ἀλκοράνον
1692 3337 1822 3407 περὶ

243 3428 350 3497 μὲν
377 3427 467 3480 τοῦ
497 3426 730 3497 Χριστοῦ
763 3427 933 3482 πολλά
972 3445 1106 3498 φησι
1135 3428 1230 3483 καὶ
1263 3429 1685 3500 μεγαλοπρεπῆ,
1709 3429 1826 3483 τού-

243 3520 464 3573 ναντίον
497 3520 779 3590 δὲηεύτελῆ
813 3521 942 3588 περὶ
975 3520 1070 3574 τοῦ
1109 3521 1357 3591 Μωάμεθ
1379 3536 1394 3552 °
1433 3521 1680 3591 ζητεῖται
1709 3522 1824 3576 τοί-

244 3630 366 3676 νυν,
400 3613 553 3665 Διατί
585 3613 634 3664 οί
669 3612 1018 3684 Σαρρακηνολ
1040 3613 1100 3666 οὐ
1138 3613 1339 3682 μᾶλλον
1369 3613 1724 3667 ἀκολουθοῦσι
1749 3612 1828 3683 τῷ

245 3703 370 3774 Θεῷ
399 3705 430 3777 ἣ
459 3704 536 3774 τῷ
562 3697 833 3773 Μωάμεθ,
869 3705 963 3758 καὶ
994 3705 1073 3774 τῷ
1095 3703 1414 3774 Εὗαγγελίῳ
1444 3702 1483 3774 ¹ἢ
1516 3703 1594 3772 τῷ
1637 3703 1829 3757 Ἀλκο-

250 3796 439 3866 ρὰνῳς
487 3797 595 3848 Καὶ
625 3796 746 3848 ἐπεὶ
772 3796 1033 3848 τάναντία
1065 3796 1388 3864 παράλληλα
1412 3795 1670 3864 τιθέμενα
1696 3794 1831 3863 μᾶλ-

246 3887 344 3940 λον
366 3886 740 3953 ὲκφαίνονται,
762 3887 962 3956 ίδωμεν
984 3887 1077 3939 καὶ
1097 3886 1535 3955 παραϐάλλοντες
1555 3885 1830 3954 ἀλλήλοις,

247 3978 305 4030 τί
345 3978 406 4029 τὸ
448 3958 770 4048 Ἀλκδράνον
808 3979 935 4048 περὶ
970 3978 1240 4044 ἐκατέρου
1278 3975 1695 4050 διέξεισιᾼίνησι
1726 3976 1834 4046 γὰρ

249 4069 314 4121 τὸ
355 4067 680 4138 Ἀλκοράνον
704 4067 794 4120 τὸν
823 4067 1060 4138 Χριστὸν
1088 4071 1154 4138 τῇ
1191 4067 1386 4120 ἑαυτοῦ
1427 4069 1598 4138 μητρὶ
1626 4067 1694 4120 δι’
1727 4069 1833 4135 ἀγ-

251 4160 418 4227 γέλου
474 4158 894 4229 εύηγγελῆσθαι,
948 4160 1039 4211 καὶ
1076 4159 1164 4211 διὰ
1216 4157 1535 4226 Πνεύματος
1587 4157 1745 4224 ἁγίου
1779 4157 1836 4224 ήο

251 4252 504 4319 γιᾶσθαι,
536 4252 630 4304 καὶ
658 4251 886 4320 δυνάμει
917 4251 1052 4303 Θεοῦ
1085 4250 1470 4319 συνειλῆφθαι,
1493 4249 1611 4301 ἀλλ’
1641 4248 1701 4301 ού
1738 4247 1837 4316 φύ-

255 4338 395 4398 σεως
413 4339 689 4408 ἐνεργείᾳ·
715 4341 809 4392 καὶ
830 4341 893 4392 ὲκ
914 4338 1190 4408 Παρθένου
1221 4337 1560 4407 ἁγιωτάτης,
1581 4337 1679 4388 καὶ
1695 4335 1837 4406 ὑπὲρ

255 4432 440 4492 πάσας
490 4432 590 4493 τὰς
638 4432 800 4494 ἄλλας
833 4433 1100 4497 γυναῖκας
1136 4429 1390 4512 καθαρὰς
1450 4427 1835 4498 γεγεννῆσθαι.

1999 3333 2161 3390 Sexta
2195 3334 2426 3403 quaestio
2481 3341 2566 3386 est
2596 3351 2609 3386 :
2645 3330 2780 3386 Cum
2833 3333 3161 3386 Aleoranum
3198 3332 3266 3386 de
3289 3332 3517 3386 Clu-isto

1927 3429 2148 3499 quidem
2185 3428 2356 3481 multa
2405 3427 2538 3481 dicit
2593 3433 2648 3480 et
2685 3421 2988 3496 magnifica,
3022 3441 3052 3479 e
3102 3424 3380 3480 contrario
3411 3440 3509 3478 an-

1934 3532 2044 3577 tem
2078 3537 2252 3592 pauca
2291 3523 2359 3577 de
2405 3521 2737 3581 Mahometo,
2769 3526 2825 3572 et
2857 3518 3081 3586 quidem
3134 3518 3284 3579 vilia,
3309 3517 3512 3584 qumri-

1931 3623 2019 3670 tur
2051 3598 2241 3685 igitur,
2296 3628 2465 3683 quare
2502 3610 2758 3666 Saraceni
2798 3626 2903 3663 non
2957 3610 3142 3679 potius
3208 3619 3514 3678 slquuntur

1931 3707 2212 3786 Christum
2253 3721 2416 3775 quam
2454 3703 2842 3765 Maltometum,
2873 3716 2927 3755 et
2961 3687 3320 3772 Evangeliuni
3347 3717 3510 3769 quam

1935 3777 2309 3851 Alcoranu'm?
2337 3797 2404 3850 Et
2452 3795 2580 3865 quia
2615 3795 2888 3848 contraria
2917 3795 3068 3864 juxta
3105 3810 3162 3848 se
3192 3796 3368 3862 posita
3400 3810 3516 3846 ma.

1935 3889 2016 3960 gis
2052 3889 2404 3952 elucescunt,’
2428 3886 2714 3939 videamus
2746 3901 2774 3937 e
2809 3885 3028 3954 regione
3069 3895 3126 3939 ct
3160 3886 3511 3948 intrinsecus,

1936 3979 2071 4050 quid
2120 3980 2448 4034 Alcoranum
2490 3978 2574 4032 'de
2629 3985 2861 4045 utroque
2919 3983 3122 4030 narrat.
3170 3977 3311 4030 Dicit
3365 3978 3512 4030 enim

1937 4057 2294 4133 Alcoranum,
2325 4068 2470 4138 quod
2509 4067 2762 4122 Christus
2811 4083 2923 4121 suae
2972 4069 3129 4120 matri
3174 4066 3274 4120 fuit
3304 4083 3516 4120 annuu-

1941 4166 2110 4229 tiatus
2162 4179 2256 4229 per
2296 4161 2568 4228 angelum,
2603 4169 2659 4212 et
2693 4155 3065 4212 san'ctiﬁcatus
3121 4174 3215 4228 per
3250 4157 3514 4227 Spiritunt

1939 4263 2211 4314 sanctum,
2236 4262 2292 4307 et
2335 4253 2534 4304 Virtute
2567 4250 2656 4304 Dei
2697 4258 3019 4318 conceptus,
3057 4267 3163 4302 non
3197 4249 3516 4319 operatione

1941 4353 2172 4404 naturae,
2201 4349 2252 4393 et
2305 4355 2369 4393 ex
2402 4339 2746 4394 sanctissima
2784 4337 3002 4407 Virgine
3037 4338 3226 4401 Maria,
3263 4349 3317 4393 et
3351 4354 3518 4407 supra

1944 4443 2134 4482 omnes
2167 4428 2302 4480 alias
2337 4426 2596 4479 mulieres
2641 4425 2894 4489 mundas,
2924 4427 3143 4497 genitus
3169 4437 3269 4479 est.
3309 4428 3381 4479 De
3408 4428 3521 4484 Ma-

257 4523 397 4592 Περὶ
424 4523 481 4575 δὲ
509 4523 599 4575 τοῦ
644 4523 886 4591 Μωάμεθ
917 4521 1067 4574 οὐδὲν
1108 4520 1351 4574 τοιοῦτόν
1389 4538 1576 4589 φησιν,
1611 4519 1726 4572 ἀλλ’
1757 4520 1834 4571 ὅτι

1945 4521 2170 4574 hometo
2218 4525 2401 4570 autem
2438 4516 2575 4569 nihil
2640 4516 2742 4570 tale
2773 4517 2928 4578 dicit,
2960 4516 3053 4570 sed
3109 4517 3253 4585 quod
3284 4516 3385 4569 fuit
3423 4533 3517 4569 or-

254 4610 330 4684 ἧν
359 4614 590 4683 ὀρφανὸς
613 4613 706 4666 καὶ⁴
741 4613 1038 4683 πλανήτης,
1070 4613 1174 4665 ὑπὸ
1207 4611 1342 4665 Θεοῦ
1381 4611 1686 4680 συναχθείς.
1713 4611 1834 4663 Ἔτι

1947 4610 2184 4679 phanus,
2212 4621 2267 4663 et
2321 4622 2512 4676 vagus,
2546 4622 2574 4659 a
2611 4607 2722 4660 Deo
2761 4609 3084 4661 conductus.
3115 4608 3247 4666 Item
3281 4609 3417 4661 dicit
3450 4607 3518 4661 de

257 4707 401 4772 φησὶ
442 4705 572 4776 περὶ
611 4702 1004 4775 τοῦ-Χριστοῦ,
1034 4705 1116 4757 ὅτι
1157 4702 1275 4756 ἐστὶ
1316 4703 1487 4770 Λόγος
1527 4701 1700 4755 Θεοῦ·
1745 4703 1834 4754 καὶ

1947 4699 2191 4766 Christo,
2226 4699 2370 4768 quod
2420 4706 2503 4752 est
2536 4697 2769 4752 Verbum
2826 4699 2942 4762 Dei,
2967 4709 3024 4753 et
3073 4698 3374 4753 secundum
3412 4699 3518 4751 hoc

258 4794 410 4847 κατὰ
438 4793 598 4846 τοῦτο
632 4794 788 4846 οὐδὲν
812 4791 1048 4862 ἠδύνατο
1079 4793 1315 4860 ἀγνοεῖν.
1361 4791 1421 4844 '0
1451 4792 1505 4844 δὲ
1542 4791 1841 4862 Μαχούμετ

253 4881 334 4954 ἦν
363 4886 652 4955 προφήτης
684 4885 1004 4955 ἀμφίϐολος.
1037 4885 1176 4954 Φησὶ
1223 4883 1331 4953 γὰρ
1358 4884 1551 4937 ἑαυτὸν
1599 4886 1839 4951 ἀγνοεῖν,

259 4976 320 5029 τί
349 4976 501 5030 ἔσται
536 4977 703 5046 αὐτῷ,
729 4979 760 5046 ἢ
788 4979 902 5039 τοῖς
930 4977 1098 5040 ίδίοις.
1127 4977 1297 5039 Αὐτός
1319 4993 1376 5030 τε
1408 4971 1560 5030 εἶπεν
1579 5017 1594 5040 ,
1639 4976 1843 5043 Ἀγνοῶ

260 5069 499 5138 πότερον
527 5067 690 5139 ὲγὼῆ
723 5070 880 5138 ὑμεῖς
912 5069 1032 5121 ἐστε
1059 5069 1118 5120 ὲν
1145 5067 1420 5137 εὐθύτητι.
1445 5065 1606 5120 Ὅθεν
1631 5066 1722 5119 καὶ
1749 5065 1844 5133 φέ-

264 5178 425 5230 ρεται
460 5161 636 5213 εἰπεῖν
662 5161 823 5214 αὑτὸν
854 5160 983 5230 περὶ
1008 5155 1103 5213 τοῦ
1133 5159 1338 5230 πατρὸς
1369 5159 1578 5228 καὶτῆς
1608 5157 1835 5227 μητρὸς,

262 5252 384 5305 Εἶθ’
435 5252 582 5322 ᾔδειν
653 5251 706 5305 τί
783 5253 898 5304 ἐστι
950 5251 1013 5304 τὸ
1079 5251 1238 5321 ἔργον
1299 5249 1500 5303 αὐτῶν.
1567 5251 1687 5302 Ἔτι
1781 5266 1836 5302 τε

257 5345 532 5413 φέρεται,
586 5343 668 5397 ὃτι
735 5341 897 5406 αὐτὸς
957 5342 1144 5413 γέγονε
1200 5342 1392 5412 παρὰ,
1424 5341 1534 5395 τῶν
1576 5340 1844 5395 Ἰουδαίων

263 5471 384 5489 .....
419 5437 514 5486 καὶ
556 5434 636 5497 εἰς
669 5436 850 5505 φρέαρ
879 5434 1231 5506 ἀπορριφείς.
1262 5432 1580 5503 Ἐπικραεεῖ
1601 5449 1660 5486 τε
1691 5433 1842 5502 κοινῇ

260 5526 437 5580 αὑτὸν
465 5528 558 5578 τὸν
581 5521 879 5597 Μαχούμετ
901 5527 1214 5599 δηλητηρίῳ
1238 5526 1337 5597 τὴν
1362 5525 1509 5596 ζωὴν
1538 5525 1840 5587 ἐκτελέσαι,

256 5619 412 5685 ὅπερ
453 5617 675 5672 ὲνέὅαλε
723 5619 895 5689 τούτῳ
927 5621 1024 5691 τὴν
1052 5620 1222 5690 quem
1269 5619 1574 5688 τεμνομένη
1617 5617 1846 5673 Ἰουδαία

357 5769 398 5800 ³¹
430 5772 593 5827 Deut.
631 5789 802 5838 xxxii,
835 5773 923 5828 '59.
1003 5773 1048 5804 ³³
1085 5771 1126 5826 ll
1161 5773 1289 5842 Reg.
1328 5787 1482 5836 vivnt,
1511 5771 1600 5824 2f.
1685 5770 1726 5802 ³⁸·
1759 5769 1916 5825 Joan.

1943 4790 2083 4844 nihil
2124 4790 2302 4859 potuit
2336 4790 2585 4857 ignOrarc
2616 4804 2628 4840 :
2657 4787 2998 4840 Mahometus
3040 4797 3222 4841 autent
3251 4788 3354 4840 fuit
3384 4803 3519 4856 pro.

1943 4883 2106 4952 pheta
2141 4881 2410 4939 incertus:
2465 4878 2600 4933 dicit
2649 4879 2818 4936 enim,
2850 4891 2906 4931 se
2963 4880 3175 4932 nescire
3205 4878 3336 4947 quid
3363 4878 3430 4932 de
3458 4895 3516 4932 se

1944 4975 2038 5029 ﬁet
2086 4989 2149 5026 ac
2195 4972 2330 5025 suis.
2360 4969 2502 5029 Dicit
2557 4969 2721 5024 etiam
2760 4970 2915 5038 ipse:
2955 4971 3150 5024 Nescio
3202 4979 3383 5024 utrum
3416 4988 3517 5040 ego

1942 5074 2036 5117 aut
2101 5077 2196 5116 vos
2250 5076 2440 5115 sumus
2492 5061 2546 5114 in
2616 5059 2968 5113 rectitudine.
3023 5061 3178 5116 Unde
3234 5071 3290 5116 et
3342 5060 3518 5115 fertur

1948 5156 2154 5210 dixisse
2184 5153 2250 5207 de
2278 5160 2430 5220 patre
2459 5159 2515 5205 et
2538 5160 2709 5204 matre
2746 5165 2868 5213 sua,
2903 5150 3116 5204 Utinam
3144 5153 3340 5206 scirem
3371 5152 3517 5222 quod
3562 5213 3568 5220 ε

1951 5255 2038 5301 est
2076 5259 2214 5313 opus
2268 5257 2479 5297 eorum.
2519 5240 2650 5295 Item
2692 5238 2880 5306 fertur,
2909 5243 3053 5311 quod
3087 5243 3200 5312 ipse
3251 5244 3354 5297 fuit
3388 5261 3523 5311 pne.
3560 5235 3582 5273 τ

1951 5335 2200 5405 stigiatus
2226 5347 2256 5386 a
2286 5331 2510 5394 Judwis,
2535 5329 2744 5383 acubus
2775 5329 2843 5382 ab
2889 5329 3164 5398 aliquibus
3197 5329 3520 5383 mulieribus

1953 5426 2011 5481 in
2057 5425 2265 5478 vultum
2306 5437 2537 5477 cmreum
2575 5420 2836 5473 immissis
2892 5429 2948 5474 ct
3009 5421 3265 5490 projectis
3309 5421 3362 5474 in
3419 5436 3520 5488 pu-

1954 5525 2122 5570 teum.
2153 5513 2543 5582 Afﬁrmantque
2595 5511 2984 5573 communiter,
3033 5511 3209 5578 ipsum
3247 5511 3524 5566 Mallomc-

1965 5622 2079 5665 tum
2114 5626 2325 5667 veneno
2371 5609 2535 5662 vitam
2588 5605 2850 5671 finivissc,
2875 5607 3020 5675 quod
3058 5610 3374 5679 assumpsit;
3397 5623 3538 5664 cum.

1954 5784 2065 5833 xxv,
2101 5770 2150 5824 l.
