3904 6216
334 286 466 355 1141

1534 308 1831 370 CONTRA
1871 311 2381 403 MAIIOMETEM.’

3438 316 3577 382 1122

325 408 430 503 χὴν
462 410 526 461 ὲκ
562 409 669 503 τών
716 413 971 484 ἀνωτέρω
1023 419 1329 490 εἰρημένων
1374 422 1574 491 ῥᾳδίως
1621 424 1900 494 δυνάμεθα

2018 426 2159 482 'acile
2189 444 2255 484 ex
2293 430 2673 501 superioribus
2702 432 2879 490 dictis
2908 444 3201 503 possumus
3224 447 3593 502 cognoscere._

328 498 555 565 γνῶναι.
590 499 1081 569 Προαποδέδεικται
1117 513 1225 580 γὰρ
1251 511 1326 581 μὴ
1354 506 1495 567 εἶναι
1537 515 1597 566 τὸ
1635 515 1895 585 Ἀλκορά-

328 602 417 639 νον
439 587 601 657 νόμον
625 589 782 656 Θεοῦ,
809 592 897 647 διὰ
940 596 1000 648 τὸ
1036 601 1173 666 μήτε
1201 600 1299 669 τὴν
1332 600 1601 663 Παλαιὰν,
1632 602 1771 671 μήτε
1797 601 1895 672 τὴν

325 674 473 727 Νέαν
529 676 704 745 τούτῳ
764 688 1224 755 συμμαρτυρεῖν⁹
1281 686 1377 740 καὶ
1419 687 1502 745 ὅτι
1548 685 1669 739 οὔτε
1723 690 1782 740 ἐν
1827 689 1894 757 τῇ

328 767 551 833 φράσει,
601 769 725 822 οὔτε
774 773 831 825 ἐν
881 776 1002 838 ταῖς
1048 778 1379 845 ἀποφάσεσι,
1440 778 1725 847 συμβαίνει
1783 781 1897 842 τοῖς

326 856 547 921 ἄλλοις·
591 861 682 913 καὶ
738 863 818 918 ὅτι
876 867 1145 934 ἀντιλέγει
1194 870 1413 939 ἑαυτῷο
1451 874 1544 926 καὶ
1582 872 1663 925 ὅτι
1718 871 1898 925 οὐδενὶ⁸

329 949 570 1018 θαύματι
613 951 964 1021 βεϐαιοῦται-ο
990 960 1083 1013 καὶ
1112 961 1196 1015 ὅτι
1237 963 1386 1016 ἐστὶν
1418 964 1614 1031 ἄλογον
1640 980 1653 995 ο
1688 964 1785 1016 καὶ
1814 966 1897 1017 ὅτι

328 1037 539 1109 φανερὰ
592 1044 837 1112 περιέχει
889 1046 1095 1118 ψεύδηο
1145 1053 1241 1104 καὶ
1292 1054 1372 1108 δτι
1427 1054 1621 1124 βίαιον,
1671 1062 1766 1108 καὶ
1815 1055 1899 1109 ὅτι

327 1132 581 1203 ἄτακτον,
616 1137 711 1188 καὶ
738 1138 821 1188 ὅτι
852 1140 1109 1210 πονηρδνς
1136 1145 1231 1197 καὶ
1259 1144 1342 1197 δτι
1364 1145 1690 1213 ἀμφίϐολον.
1711 1146 1897 1199 Ταῦτα

326 1223 437 1294 γὰρ
471 1226 646 1278 πάντα
687 1228 765 1290 ὡς
796 1231 853 1282 ὲν
886 1229 1080 1302 βραχεί
1123 1234 1192 1289 δι’
1239 1235 1403 1290 αὑτοῦ
1432 1236 1527 1289 τοῦ
1567 1238 1897 1307 Ἀλκοράνου

328 1316 839 1401 προαποδεδεικται.
868 1321 1016 1391 Πλὴν
1046 1326 1161 1388 τοῖς
1190 1325 1249 1377 ἂν
1276 1324 1428 1394 αύτῷ
1463 1325 1542 1395 τῷ
1585 1326 1898 1396 Ἀλκοράνῳ

328 1407 761 1474 ἀναγινώσκουσι
794 1409 1003 1479 βέλτιον
1024 1413 1301 1470 δείκνυται
1327 1416 1522 1471 ταῦτα.
1555 1416 1710 1470 Ὠσθ’
1750 1418 1899 1487 ἡμᾶς

329 1496 679 1565 θαρρούντως
709 1498 969 1555 δύνασθαι
1000 1502 1200 1571 λέγειν,
1238 1505 1300 1559 El
1334 1508 1467 1575 ἡμῖν
1512 1505 1792 1561 πιστεύειν
1836 1507 1899 1559 οὐ

330 1585 621 1657 βούλεσθε,
684 1589 745 1645 τὸ
812 1592 1140 1663 Ἀλκοράνον
1190 1596 1498 1664 άνάγνωτε.
1563 1596 1783 1651 Τούτων
1843 1598 1900 1652 δὲ

328 1678 588 1733 τάναντία
618 1681 710 1733 ἐπὶ
736 1682 837 1751 τῆς
868 1684 1246 1759 Εὐαγγελικῆς
1266 1688 1617 1751 διδασκαλίας
1648 1690 1900 1759 φαίνεται

2005 518 2145 574 Ante
2174 520 2320 575 enim
2351 522 2784 580 demonstratum
2828 536 2934 593 est,
2960 542 3069 581 non
3098 541 3217 582 esse
3242 525 3570 580 Alcoranum

2003 608 2178 677 legem
2235 613 2353 677 Dei,
2407 624 2698 685 propterea
2747 617 2893 686 quod
2941 632 3120 686 neque
3181 617 3351 671 Vetus
3398 632 3576 687 neque.

2004 701 2216 756 Novum
2275 706 2693 763 Testamentum
2755 709 2900 765 hanc
2952 718 3261 775 testantur,
3319 718 3374 763 et
3431 710 3577 779 quod

2003 807 2185 862 neque
2210 793 2264 847 in
2296 796 2461 867 stylo,
2482 814 2660 868 neque
2705 801 2760 854 in
2816 802 3113 857 sententiis
3138 816 3261 855 cum
3294 801 3417 855 aliis
3448 817 3580 867 con-

2004 886 2176 949 venit,
2205 894 2261 940 et
2308 889 2455 956 quod
2500 890 2828 947 contradicit
2863 893 2967 947 sibi
3000 893 3129 965 ipsi,
3161 901 3215 946 et
3240 892 3384 961 quod
3424 893 3575 945 nullo

2005 978 2276 1034 miraculo
2314 982 2711 1050 conﬁrmatur,
2759 994 2817 1040 et
2859 987 3005 1055 quod
3055 996 3139 1041 est
3183 986 3577 1049 irrationabile,

2003 1075 2060 1122 et
2089 1071 2233 1137 quod
2268 1073 2555 1129 manifesta
2590 1077 2841 1132 continet
2881 1078 3184 1136 mendacia.
3211 1090 3263 1131 et
3299 1079 3441 1146 quod
3470 1078 3583 1129 vin-
3676 1099 3683 1113 ο

2004 1156 2239 1225 lentum,
2265 1173 2319 1216 et
2352 1163 2497 1231 quod
2546 1164 2943 1231 inordinatum,
2970 1177 3025 1221 et
3053 1167 3199 1235 quod
3228 1168 3497 1234 iniquum.
3527 1173 3582 1219 et

2003 1245 2151 1313 quod
2189 1247 2533 1317 ambiguum.
2573 1247 2697 1304 Haec
2752 1254 2899 1305 enim
2935 1253 3118 1306 omnia
3160 1266 3256 1321 per
3290 1251 3463 1317 ipsum
3491 1251 3583 1303 Al—

2006 1348 2269 1389 coranum
2316 1337 2558 1393 breviter
2600 1350 2729 1394 sunt
2770 1350 2897 1395 ante
2949 1339 3583 1394 demonstrata.Vernn-

2007 1433 2188 1480 tamen
2212 1427 2453 1497 idipsum
2498 1430 2829 1484 Alctvranum
2881 1432 3207 1500 legentibus,
3242 1430 3440 1481 melius
3471 1429 3584 1481 lure

2007 1516 2479 1575 demonstrantur.
2505 1520 2704 1589 ,Quate
2749 1536 2849 1576 nos
2889 1521 3149 1576 audacter
3183 1520 3366 1573 didere
3396 1532 3586 1587 possu-

2010 1623 2153 1674 mus,
2194 1608 2254 1663 Si
2294 1610 2452 1664 nohis
2491 1612 2715 1665 credere
2751 1627 2859 1665 non
2906 1611 3091 1675 vultis,
3138 1610 3469 1664 Alcoranum
3496 1608 3583 1659 ie-

2010 1698 2145 1767 gite.
2172 1696 2377 1752 Horum
2406 1710 2590 1754 autem
2619 1701 2889 1754 contraria
2918 1700 2973 1753 in
2996 1699 3306 1769 evangeliea
3333 1697 3582 1751 doctrina

330 1770 609 1839 καθαρῶς.
642 1772 748 1825 Καὶ
778 1773 886 1843 γὰρ
914 1774 942 1828 δ
975 1776 1298 1848 Μαχούμετ,
1330 1777 1521 1846 ὥσπερ
1549 1777 1907 1849 ὲξῃρημένως

2018 1786 2307 1843 manifeste
2350 1797 2638 1858 apparent.
2671 1791 2886 1845 Etenim
2919 1791 3259 1845 Mabometus
3288 1788 3582 1857 praecipue,

330 1862 471 1933 ὕπερ
534 1863 743 1927 πάντας
795 1866 921 1930 τοὺς
970 1867 1129 1931 ὄντας
1192 1870 1481 1941 προφήτας
1524 1870 1560 1941 ἢ
1613 1870 1905 1938 ἐσομένους

332 1954 564 2024 ἐπῄνεσε
596 1954 689 2008 τὸν
730 1954 985 2025 Χριστὸν,
1007 1957 1153 2012 οὔτω
1190 1961 1282 2017 καὶ
1313 1962 1413 2031 τὴν
1448 1961 1541 2017 τοῦ
1568 1961 1903 2030 Εύαγγελίου

328 2042 683 2098 διδασκαλίαν
704 2045 1041 2114 ἐμεγάλυνεν
1072 2048 1213 2119 ὑπὲρ
1244 2050 1427 2113 πάσας
1450 2050 1551 2114 τὰς
1585 2050 1733 2112 θείας
1767 2050 1907 2119 Γρα-

333 2134 462 2200 φάς.
494 2132 682 2202 Ἷσμεν
714 2133 772 2187 δὲ
831 2134 907 2197 ώς
935 2135 1094 2191 οὐδέν
1153 2138 1302 2191 ἐστιν
1352 2137 1765 2213 οὕτως-ισχυρᾲ
1813 2139 1908 2191 καὶ

331 2225 535 2295 δυνατὴ
572 2225 853 2297 μαρτυρία
885 2226 1231 2291 διδασκαλίας
1265 2229 1299 2298 ἢ
1333 2229 1451 2299 βίου
1480 2229 1512 2299 ἢ
1554 2230 1580 2282 δ
1607 2229 1757 2299 παρά
1798 2230 1906 2282 τῶν

332 2315 563 2381 ἐπάγειν
589 2316 773 2380 αὐτοῖς
804 2316 1014 2387 μέμψιν
1042 2319 1471 2390 ἐπιχειρούντων
1497 2320 1739 2383 ἔπαινος.
1768 2322 1908 2390 Φησὶ

335 2406 394 2463 δὲ
441 2409 601 2473 αὐτὸς
643 2410 672 2462 ὁ
727 2411 1026 2481 Μαχούμετ
1072 2412 1130 2464 ὲν
1180 2413 1259 2482 τῷ
1322 2413 1656 2484 Ἀλκοράνῳ,
1714 2416 1775 2467 ὲν
1829 2413 1909 2484 τῷ

336 2502 618 2573 κεφαλαίῳ
659 2490 754 2572 τῷ’
787 2504 1056 2574 Ἐλμεῖδὲ,
1122 2505 1422 2575 Ὠρίσαμεν
1476 2506 1577 2575 τὴν
1634 2506 1753 2560 ὁδὸν
1802 2507 1909 2561 τῶν

336 2592 642 2664 ἀνθρώπων
690 2592 781 2648 διὰ
832 2594 924 2667 τοιῦ
985 2594 1162 2665 Ἰησοῦ
1206 2593 1443 2665 Χριστοῦ
1489 2595 1584 2649 τοῦ
1637 2596 1754 2649 υίοῦ
1809 2596 1908 2665 τῆς

335 2685 577 2754 Μαρίας,
608 2684 703 2738 τοῦ
731 2685 1097 2753 ἀληθεστάτων
1127 2689 1407 2761 προφήτου
1428 2704 1443 2721 ·
1470 2688 1566 2743 καὶ
1596 2686 1908 2757 δεδώκαμεν

337 2774 488 2845 αύτῴ
521 2776 581 2828 τὺ
616 2776 970 2845 Εύαγγέλιον,
1001 2778 1060 2833 ἐν
1105 2770 1151 2846 ᾧ
1199 2778 1348 2832 ἐστιν
1390 2778 1604 2849 ὁδηγία,
1641 2780 1735 2832 καὶ
1771 2779 1906 2846 φῶς,

340 2869 435 2923 καὶ
472 2869 700 2937 ἀλήθεια
748 2871 981 2938 φανερά,
1027 2869 1189 2931 Ἀλλά
1223 2872 1313 2925 καὶ
1364 2873 1423 2924 ὲν
1472 2871 1689 2934 πολλοῖς
1722 2872 1909 2935 τόποις

336 2957 801 3047 τοῦΙἌλκοράνου
833 2960 1004 3032 ὲξῃρη
1015 2958 1188 3029 μένως
1213 2962 1638 3036 ὲγκωμιάζειτδ
1661 2961 1908 3028 Εὐαγγέ-

338 3050 474 3103 λιον.
519 3049 680 3102 Ἀλλά
725 3048 816 3103 καὶ
863 3050 996 3102 αὐτὸ
1026 3048 1087 3109 τὸ
1120 3050 1455 3119 Εὑαγγέλιον
1487 3055 1545 3104 ὲν
1575 3051 1728 3121 πάσῃ
1756 3050 1911 3120 χώρᾳ

2006 1879 2165 1947 quasi
2210 1894 2376 1949 supra
2418 1896 2608 1936 omnes
2657 1888 2956 1950 prophetas
3013 1883 3105 1951 qui
3163 1891 3295 1935 sunt
3348 1882 3433 1935 vel
3487 1880 3581 1948 qui

2008 1970 2178 2025 futuri
2221 1981 2369 2035 sunt,
2422 1971 2711 2027 Christum
2742 1972 3173 2034 commendavit,
3199 1980 3255 2026 et
3298 1968 3583 2040 Evangelii

2008 2060 2321 2115 doctrinam
2367 2076 2535 2131 supra
2559 2077 2748 2117 omnes
2787 2064 3001 2119 divinas
3034 2062 3350 2131 Scripturas
3381 2063 3589 2129 magni-

2010 2147 2213 2203 ﬁcavit.
2254 2149 2473 2205 Scimus
2523 2160 2741 2214 autem,
2772 2150 2919 2220 quod
2973 2151 3184 2204 nullum
3238 2150 3317 2204 sic
3362 2158 3583 2203 esttam

2011 2238 2281 2303 validum,
2310 2248 2532 2309 tamque
2578 2250 2772 2310 potens
2802 2242 3174 2299 testimonium
3207 2241 3472 2295 doctrinae
3505 2242 3585 2296 vel

2010 2332 2159 2398 vitae,
2180 2346 2344 2401 quam
2375 2331 2496 2387 laus
2521 2332 2591 2386 ab
2634 2332 2721 2387 his
2762 2333 2855 2401 qui
2887 2343 3159 2387 conantur
3203 2332 3590 2401 reprehensio-

2014 2436 2141 2477 nem
2176 2422 2467 2477 inducere.‘
2501 2422 2644 2478 Dicit
2674 2430 2857 2477 autem
2885 2425 2999 2492 ipse
3034 2422 3377 2477 Mahometns
3402 2423 3453 2475 in
3494 2422 3590 2476 Al-

2010 2526 2236 2577 corano,
2270 2514 2325 2567 in
2354 2513 2597 2583 capitulo
2627 2513 2874 2568 Elmeide
2911 2530 2927 2569 :
2977 2514 3421 2568 Terminavimus
3444 2512 3587 2566 viam

2011 2602 2299 2656 hominum
2336 2618 2433 2672 per
2480 2603 2665 2659 Jesum
2706 2603 2985 2658 Christum
3020 2605 3190 2656 lilium
3245 2604 3449 2661 Mariae,
3495 2617 3588 2654 ve-

2012 2692 2720 2763 racissimumprophetam,
2745 2706 2801 2748 et
2836 2695 3093 2749 dedimus
3122 2693 3585 2761 ei‘Evangelinm,

2011 2780 2067 2834 in
2094 2796 2205 2851 quo
2240 2792 2326 2837 est
2385 2783 2648 2837 deductio
2699 2793 2755 2838 et
2810 2785 2901 2837 lux
2930 2796 2982 2838 et
3018 2785 3222 2840 veritas
3274 2784 3584 2837 manifesta.

2011 2873 2080 2927 Et
2130 2873 2185 2925 in
2238 2873 2427 2928 multis
2455 2875 2595 2929 locis
2629 2875 2884 2929 Aleorani
2937 2876 3208 2944 prmcipue
3240 2874 3589 2930 commendat

2013 2959 2402 3028 Evangeliutn.
2454 2961 2674 3018 Etenim
2712 2964 2889 3031 ipsum
2932 2964 3289 3035 Evangelium
3345 2965 3401 3017 in
3435 2964 3588 3018 omni

2013 3050 2136 3105 loco
2198 3061 2255 3105 et
2314 3052 2502 3120 lingua
2558 3053 3025 3108 excellentissime
3085 3052 3290 3107 mundo
3346 3053 3587 3122 seipsum

342 3142 437 3194 καὶ
469 3139 732 3211 διαλέκτῳ
758 3140 1075 3211 ὑψηλότατα
1114 3141 1193 3211 τῷ
1229 3112 1422 3214 κόσμῳ
1468 3112 1908 3211 φανεροίηέαυτό.

2018 3140 2346 3195 manifestat.
2406 3142 2585 3207 Quare
2648 3142 2995 3197 conﬁdenter
3049 3144 3234 3197 dicere
3270 3156 3484 3211 possem
3520 3140 3589 3194 de

344 3233 504 3285 Ὥστε
537 3224 885 3303 θαβρούντως
915 3234 1127 3305 εἴποιμι
1159 3234 1225 3290 ἂν
1268 3235 1399 3305 περὶ
1431 3234 1596 3289 αὐτοῦ
1622 3236 1737 3296 τοῖς
1769 3234 1909 3304 Σαρ-

343 3325 622 3391 ρακηνοίς,
653 3324 713 3375 Εί
752 3323 826 3391 τῷ
863 3324 1115 3395 ὑμετέρῳ
1162 3324 1408 3391 Μωάμεθ
1439 3322 1719 3394 βούλοισθε
1756 3321 1788 3391 ἢ
1836 3322 1913 3389 μὴ

342 3412 623 3484 βούλοισθε
650 3414 929 3469 πιστεύειν
971 3417 1101 3487 περὶ
1134 3414 1226 3469 τοῦ
1276 3414 1635 3482 Εύαγγελίου,
1672 3415 1730 3465 ἐν
1765 3411 1913 3481 αὐτῷ

340 3507 420 3576 τῷ
455 3507 772 3578 Εύαγγελίῳ
809 3510 1112 3577 ἁνάγνωτε.
1145 3509 1257 3562 Καὶ
1306 3510 1449 3572 ἐπεὶ,
1487 3506 1671 3569 καθὼς
1698 3506 1915 3573 λέγεται

343 3600 404 3651 ὲν
446 3598 524 3664 τῷ
583 3599 896 3670 Ἀλκορᾶνῳ
942 3603 1002 3653 ἐν
1047 3598 1127 3670 τῷ
1174 3599 1454 3670 κεφαλαίῳ
1496 3599 1575 3669 τῷ
1634 3597 1915 3667 Ἐλενφάν,

346 3686 669 3756 βουλόμενος
700 3691 729 3741 ὁ
776 3688 907 3750 Θεὸς
940 3689 1231 3758 ἀληθεύειν
1270 3690 1369 3760 τὴν
1403 3690 1660 3759 ἀλήθειαν
1704 3688 1793 3743 διὰ
1822 3687 1916 3741 τοῦ

342 3781 506 3847 λόγου
549 3782 739 3848 αὐτοῦ,
776 3784 869 3836 καὶ
906 3783 1295 3837 διακόπτεσθαι
1332 3784 1432 3851 τὴν
1471 3784 1644 3853 ἀρχὴν
1674 3782 1785 3837 τῶν
1830 3785 1918 3836 αἰ-

347 3873 601 3942 ρετικῶν,
645 3873 786 3926 ὥστε
836 3874 934 3944 τὴν
1002 3875 1263 3945 ἀλήθειαν
1314 3874 1624 3947 ἀληθεύειν,
1672 3877 1768 3928 καὶ
1819 3876 1921 3944 τὴν

351 3966 687 4037 ματαιότητα
748 3968 1141 4035 ματαιοῦσθαι,
1173 3970 1577 4039 προενοήσατο,
1598 3969 1691 4020 καὶ
1717 3967 1920 4037 ᾠκονόο

351 4074 525 4127 μησεν
552 4061 579 4111 ὁ
613 4059 768 4126 Θεὸς,
802 4060 892 4113 ἵνα
929 4062 1004 4132 μὴ
1051 4062 1080 4114 δ
1130 4060 1333 4130 κόσμος
1376 4060 1444 4113 δι’
1491 4061 1716 4127 ἄγνοιαν
1755 4058 1925 4112 ἀπόλ-

349 4154 525 4216 λυται,
567 4151 655 4204 τὸν
684 4152 878 4214 κοινῶς
918 4154 1054 4206 πᾶσι
1096 4156 1192 4209 καὶ
1223 4153 1383 4222 μόνον
1417 4154 1713 4219 ἀναγκαῖον
1737 4153 1924 4221 νόμον,

347 4244 627 4297 τουτέστιν
656 4244 748 4298 τὸν
779 4245 874 4298 τοῦ
906 4245 1391 4314 Εὐαγγελίουνούκ
1416 4247 1474 4296 ἐν
1496 4245 1581 4297 ἑνὶ
1604 4244 1777 4314 τόπῳ,
1805 4243 1923 4299 ἀλλ’

351 4334 410 4385 ἐν
455 4333 735 4405 διαφόροις
772 4334 1084 4406 ἐπαρχίαις,
1118 4333 1229 4388 οὐδ’
1276 4334 1336 4387 ὲν
1369 4334 1452 4387 ἑνὶ
1486 4335 1757 4406 ἰδιώματι,
1790 4335 1926 4390 ἀλλὰ

2013 3245 2081 3285 eo
2112 3230 2403 3286 Saracenis
2438 3250 2450 3283 :
2486 3232 2540 3285 Si
2585 3243 2765 3286 vestro
2804 3234 3114 3286 Mahometo
3140 3233 3328 3294 vultis,
3361 3232 3445 3286 vel
3477 3247 3587 3285 non

2015 3322 2185 3375 vultis
2215 3323 2447 3376 credere
2476 3323 2542 3376 de
2573 3324 2892 3393 Evangelio,
2931 3325 2983 3378 id
3022 3324 3199 3389 ipsum
3230 3323 3587 3390 Evangelium

2017 3412 2202 3481 legite.
2252 3413 2319 3466 Et
2356 3414 2642 3481 quoniam,
2675 3415 2818 3469 sicut
2870 3417 3075 3470 dicitur
3130 3417 3184 3470 in
3236 3416 3507 3470 Alcorano
3535 3417 3589 3469 in

2017 3503 2259 3571 capitulo
2313 3504 2622 3574 Elemphal,
2672 3506 2865 3561 volens
2913 3509 3056 3563 Deus
3086 3508 3231 3577 quod
3276 3509 3593 3562 veriﬁcetur

2019 3594 2225 3648 veritas
2252 3612 2351 3662 per
2385 3598 2617 3652 verbum
2673 3613 2856 3663 suum,
2890 3608 2945 3654 et
2999 3600 3367 3655 intercidatur
3398 3600 3594 3669 guber-

2021 3684 2175 3738 natio
2240 3686 2650 3750 haereticorum,
2700 3699 2756 3743 et
2811 3699 2873 3743 ut
2923 3691 3128 3743 veritas
3171 3690 3479 3743 verilicetur
3536 3698 3593 3742 et

2023 3776 2237 3830 vamitas
2281 3790 2594 3845 evanescat,
2650 3781 2894 3849 providit
2938 3793 2995 3837 et
3050 3782 3390 3851 dispensavit
3425 3781 3591 3844 Deus,

2022 3883 2093 3921 ne
2145 3869 2383 3924 mundus
2430 3886 2527 3939 per
2586 3872 2950 3943 ignorantiam
3006 3874 3230 3943 periret,
3260 3882 3317 3925 ut
3352 3873 3435 3926 lex
3473 3872 3581 3934 illa,

2024 3974 2146 4028 qua:
2195 3962 2524 4030 generaliter
2565 3962 2820 4016 omnibus
2864 3972 2920 4016 et
2950 3963 3062 4017 sola
3114 3961 3421 4033 necessaria
3452 3968 3590 4025 erat,

2026 4051 2114 4105 lex
2148 4066 2211 4105 ea
2247 4067 2369 4120 quae
2395 4062 2481 4106 est
2500 4052 2803 4122 Evangelii,
2838 4068 2947 4107 non
2990 4053 3045 4105 in
3076 4067 3187 4106 uno
3238 4052 3384 4115 loco,
3411 4052 3504 4106 sed
3540 4055 3594 4105 in
3688 4066 3689 4069 ‘

2027 4142 2266 4197 diversis
2313 4144 2642 4212 provinciis;
2697 4159 2876 4212 neque
2932 4145 3132 4205 inuno
3181 4142 3463 4206 idiomate,
3497 4149 3591 4197 sed

2028 4231 2265 4289 diversis
2289 4243 2345 4289 et
2377 4235 2433 4289 in
2466 4236 2720 4290 omnibus
2749 4236 2951 4305 linguis
2982 4235 3336 4297 scriberetur,
3370 4234 3599 4290 Hebrai-

2029 4338 2121 4389 ce,
2148 4323 2359 4388 Graece,
2392 4337 2450 4379 et
2477 4324 2691 4388 Latine,
2720 4334 2781 4380 et
2824 4335 2947 4395 post
2984 4325 3099 4381 haec
3140 4325 3376 4381 ﬁdeliter
3416 4336 3608 4399 trans-_

352 4427 628 4495 διαφόροις
707 4429 800 4480 καὶ
872 4426 1187 4490 καθολικαῖς
1252 4427 1554 4491 διαλέκτοις
1607 4430 1913 4499 γραφῆναι,

2033 4418 2293 4473 ferretur.
2330 4418 2391 4472 ln
2425 4418 2533 4473 [ine
2573 4429 2758 4473 autem
2793 4418 3071 4489 Evangelii
3106 4419 3389 4473 mandavit
3435 4420 3603 4474 disci-

352 4516 623 4586 ἑῦραῐκῶς
674 4521 768 4570 καὶ
818 4516 1132 4586 ῥωμαῖκῶς,
1162 4515 1256 4569 καὶ
1308 4515 1446 4584 μετά
1492 4516 1666 4575 ταῦτα
1696 4516 1924 4582 πιστῶς,

353 4612 433 4674 εἰς
465 4608 640 4672 πάσας
674 4608 1062 4679 μετενεχθῆναι
1096 4609 1192 4672 τὰς
1215 4608 1550 4672 διαλέκτους.
1592 4609 1734 4677 Πρὸς
1766 4610 1824 4662 δὲ
1850 4609 1928 4679 τῷ

353 4701 449 4753 τοῦ
486 4702 821 4771 Εὑαγγελίου
851 4703 995 4755 τέλει
1039 4701 1344 4755 ἐνετείλατο
1388 4704 1499 4764 τοῖς
1549 4699 1718 4755 αὐτοῦ
1751 4702 1929 4773 μαθη-

264 4828 271 4835 .
358 4795 478 4853 ταῖς
509 4792 538 4843 δ
568 4793 800 4863 Χριστὸς
852 4794 933 4854 είς
981 4792 1158 4846 πάντα
1203 4793 1297 4845 τὸν
1340 4794 1545 4861 κόσμον
1591 4792 1928 4862 δραστηρίως

358 4882 595 4951 κηρύξαι
634 4883 694 4934 τὸ
717 4883 1068 4950 Εὑαγγέλιον.
1106 4884 1285 4952 Ὅπερ
1318 4882 1403 4935 ἵνα
1448 4883 1735 4936 τελειῶσαι
1778 4883 1931 4952 ἰσχύ-

361 4991 522 5039 σωσι,
546 4974 781 5027 δέδωκεν
819 4976 1000 5037 αὐτοῖς
1051 4974 1298 5044 χάρισμα
1326 4975 1609 5041 γλωσσῶν,
1642 4975 1737 5028 καὶ
1769 4973 1929 5027 δύνα-

365 5084 457 5135 μιν
503 5067 820 5135 θαυμάτων.
853 5067 1009 5137 ’τὸδ’
1061 5068 1384 5136 Ἀλκοράνον
1433 5066 1717 5138 ἁραόικῶς
1774 5066 1933 5135 μόνον

360 5159 543 5229 ἑαυτῷ
572 5177 736 5228 φησιν
765 5161 868 5213 ὑπὸ
897 5160 992 5213 τοῦ
1022 5161 1158 5214 Θεοῦ
1185 5160 1433 5214 δεδόσθαι
1464 5176 1478 5192 ο
1509 5160 1606 5213 καὶ
1630 5161 1679 5211 οἱ
1711 5160 1931 5230 Σαρῤα-

363 5252 521 5317 κηνοὶ
576 5249 810 5317 βεὸαίως
859 5252 1177 5303 πιστεύουσι
1229 5251 1432 5321 μηδένα
1479 5250 1739 5304 δύνασθαι
1778 5247 1936 5301 τοῦτο

364 5340 693 5408 γινώσκειν,
754 5343 853 5413 τὴν
930 5342 1205 5414 ἀραϐικὴν
1270 5342 1573 5409 ἀγνοοῦντα
1634 5341 1933 5396 διάλεκτον.

369 5432 599 5486 Ἐπεται
647 5432 701 5485 δὲ
761 5435 836 5503 μὴ
888 5433 1098 5498 πάντας
1160 5433 1453 5501 γινώσκειν
1503 5434 1602 5500 τὴν
1664 5433 1938 5501 ἁραὸικὴν

362 5524 640 5590 γλῶσσαν,
677 5527 813 5593 μήτε
844 5525 1102 5578 δύνασθαι
1135 5524 1343 5593 ταύτην
1389 5523 1701 5592 μανθάνειν.
1729 5524 1940 5592 Γέγρα-

368 5634 503 5669 πται
530 5616 584 5670 δὲ
615 5620 672 5671 ἐν
699 5617 775 5686 τῷ
814 5604 1140 5687 Ἀλκοράνῳ,
1182 5616 1365 5679 καθὼς
1406 5615 1501 5669 καὶ
1537 5614 1935 5677 ἀποδέδεικται,

2029 4511 2176 4581 pulis
2202 4511 2320 4566 Suis
2364 4511 2639 4577 Christus,
2673 4521 2736 4564 ut
2764 4510 2821 4565 in
2873 4512 3143 4566 universo.
3178 4510 3387 4566 mundo
3416 4509 3601 4564 ettica-

2030 4604 2171 4659 citer
2200 4602 2561 4673 Evangelium
2596 4602 2983 4672 praedicarent.
3036 4601 3193 4669 Quod
3232 4610 3293 4656 ut
3334 4601 3603 4670 perﬁcere

2033 4706 2281 4766 possent,
2315 4694 2469 4751 dedit
2506 4695 2589 4750 eis
2632 4694 2863 4766 gratiam
2894 4695 3208 4765 linguarum
3253 4702 3310 4746 et
3339 4693 3613 4746 virtutem»

2032 4790 2448 4845 miraculorum.
2500 4791 2833 4844 Alcoranum
2887 4798 3072 4842 autem
3123 4786 3358 4841 Arabico
3422 4782 3612 4839 solum.

2035 4883 2143 4938 sibi
2171 4883 2275 4953 ipsi
2327 4882 2465 4937 dicit
2507 4897 2537 4935 a
2574 4882 2687 4936 Deo
2722 4881 2910 4934 datum
2943 4894 3103 4939 esse;
3135 4886 3190 4932 et
3218 4876 3475 4931 Saraceni
3509 4875 3600 4928 ﬁr-

2036 4978 2202 5032 miter
2233 4975 2491 5037 credunt,
2526 4974 2736 5027 nullum
2774 4986 2933 5041 posse
2977 4970 3083 5025 hoc
3112 4970 3256 5025 scire
3284 4968 3385 5037 qui.
3409 4967 3603 5022 Arabi-

2035 5060 2155 5118 cam
2184 5063 2428 5132 linguam
2458 5062 2693 5130 ignoret.
2725 5059 2988 5130 Sequitur
3023 5064 3229 5123 autem,
3268 5070 3378 5109 non
3414 5069 3605 5109 omnes

2035 5153 2180 5209 scire
2200 5152 2487 5208 Arabicam
2514 5152 2779 5221 linguam,
2806 5164 2981 5219 neque
3010 5163 3169 5219 posse
3199 5148 3340 5202 hanc
3370 5145 3603 5200 discere.

2040 5245 2316 5315 Scriptum
2352 5253 2532 5299 autem
2572 5254 2656 5299 est
2683 5245 2738 5298 in
2772 5243 3062 5307 Alcorano,
3098 5241 3241 5296 sicut
3270 5250 3326 5295 et
3350 5246 3479 5293 ante
3512 5234 3609 5292 de-

2041 5347 2405 5393 monstratum
2443 5346 2549 5403 est,
2584 5337 2795 5391 nullum
2831 5351 2991 5406 posse
3026 5335 3245 5398 salvari,
3284 5343 3483 5403 praeter
3511 5345 3609 5384 eos

2041 5430 2135 5498 qui
2168 5438 2300 5483 sunt
2332 5429 2385 5483 in
2415 5428 2533 5497 lege
2567 5427 2988 5483 Saracenorum.
3014 5425 3193 5491 Quare
3218 5422 3608 5479 convenienter

2041 5520 2211 5591 quaeri
2262 5530 2467 5590 posset,
2499 5520 2545 5574 si
2578 5520 2723 5575 solos
2749 5519 2883 5573 velit
2913 5518 3220 5572 Saracenos
3258 5515 3400 5568 Dens
3430 5512 3609 5567 salvos

2045 5610 2186 5675 ﬁeri,
2213 5620 2271 5666 et
2296 5623 2391 5665 eos
2421 5610 2513 5679 qui
2534 5609 2819 5664 Arabicatn
2853 5607 3093 5675 linguam
3129 5602 3611 5660 sciunt.Christia—

373 5707 575 5776 μηδένα
624 5710 883 5763 δύνασθαι
937 5709 1176 5776 σωθῆναι
1227 5707 1364 5775 πλὴν
1421 5708 1477 5758 ὲν
1517 5709 1591 5774 τῷ
1644 5708 1907 5776 νόρῳλτὼ

2045 5718 2241 5759 norum
2275 5711 2457 5761 autem
2482 5703 2588 5769 lex,
2633 5717 2752 5770 qua:
2785 5701 2988 5769 scripta
3016 5709 3093 5753 est
3128 5698 3182 5752 in
3217 5696 3471 5753 omnibus
3503 5693 3608 5747 lin-
