3904 6216
477 289 616 355 1143

1722 297 2099 360 DEMETRII
2143 300 2454 362 CYDONII

3515 295 3610 361 liii

475 407 619 472 guis,
656 404 812 472 dicit,
843 406 988 475 quod
1021 407 1166 463 Deus
1191 408 1307 463 vult
1347 422 1539 464 omnes
1568 399 1820 464 homines
1865 410 2044 464 salvos

2153 413 2538 484 Σαῤῥακηνῶν.
2575 399 2983 474 Ὥστίεῑκότως
3013 412 3078 468 ἂν
3111 408 3374 480 ζητηθεῐη,
3400 409 3440 461 ei
3474 411 3611 478 μόνους

479 491 619 547 ﬁeri.
657 493 915 549 Saraceni
963 497 1148 566 igitur,
1190 501 1281 568 qui
1317 500 1438 554 solo
1477 500 1702 555 nomine
1740 501 1931 556 salvati
1963 500 2046 554 di-

475 595 701 649 cuntur,
736 585 878 640 sicut
927 595 1055 640 ante
1086 588 1292 642 dictum
1337 599 1441 655 est,
1470 599 1526 646 et
1579 591 1671 646 alii
1716 605 1906 646 onmes
1947 590 2043 660 qui

479 682 783 734 secundum
820 682 1105 738 veritatem
1136 685 1316 750 salvos
1344 700 1402 740 se
1439 685 1556 741 ﬁeri
1591 687 1800 752 volunt,
1831 687 2046 742 discant

474 769 752 825 Christum
802 787 923 826 esse
966 772 1330 837 Salvatorem,
1366 775 1656 845 legantque
1687 776 2041 847 Evangelium

478 861 532 914 in
591 877 918 935 quacunque
981 864 1164 934 lingua
1227 866 1440 930 volunt,
1495 876 1550 922 et
1593 868 1874 923 invenient
1925 869 2042 922 fere

476 956 748 1006 contraria
783 956 963 1018 omnia
989 971 1110 1024 quae
1144 957 1402 1024 praedicta
1432 967 1634 1012 suntet
1667 958 2042 1014 demonstrata

477 1043 546 1094 ab
593 1042 889 1098 Alcorano.
938 1045 1369 1114 lnvenientque,
1432 1048 1578 1116 quod
1628 1049 1795 1119 Moysi
1859 1049 1943 1102 lex
1989 1044 2045 1103 et

473 1130 758 1198 prephetae
811 1134 988 1202 ipsum
1038 1146 1330 1199 testantur,
1362 1145 1434 1191 ev
1467 1138 1672 1192 nullam
1710 1152 1830 1192 esse
1861 1139 2042 1194 Evan-

473 1222 600 1290 gelii
637 1224 1108 1289 contrarietatem,
1141 1227 1234 1280 sed
1272 1228 1456 1296 potius
1496 1229 1959 1297 complementum
1991 1239 2046 1285 et

473 1315 871 1382 perfectionem
898 1318 1142 1372 omnium
1183 1318 1411 1372 aliarum
1439 1318 1871 1388 Scripturarum.
1895 1319 2049 1375 Inve-

474 1407 630 1460 nient
662 1409 980 1477 quoque'in
1023 1410 1316 1479 Evangelio
1363 1410 1562 1479 stylum
1615 1426 1721 1464 non
1755 1412 2044 1466 metricum

472 1501 560 1553 vel
595 1499 1099 1569 rhythmicum,sed
1135 1495 1438 1572 simplicem
1466 1512 1520 1558 et
1547 1519 2044 1567 communem,non

477 1592 703 1658 quidem
756 1600 981 1660 propter
1043 1593 1445 1661 simplicitatem
1500 1593 1900 1660 scribentium,
1949 1595 2045 1650 sed

475 1693 701 1759 propter
753 1683 1045 1740 utilitatem
1104 1686 1442 1753 legentium,
1482 1694 1543 1738 ut
1592 1686 1660 1739 ab
1708 1685 1855 1738 omni
1911 1685 2044 1738 sim-

476 1773 606 1840 plici
639 1783 694 1826 et
728 1774 896 1827 idiota
923 1774 1316 1828 convenienter
1349 1774 1574 1842 intelligi
1607 1782 1805 1842 posset.
1834 1773 2049 1827 Modum
2081 1763 2126 1846 ,Β

435 1907 438 1910 .
475 1879 583 1916 non
615 1863 777 1916 habet
803 1863 1230 1917 assentatorium
1256 1880 1269 1929 ;
1299 1877 1475 1931 neque
1506 1863 1684 1930 turpia
1715 1863 1798 1916 vel
1824 1862 2049 1918 desueta

475 1957 726 2021 nomina,
759 1955 854 2009 sed
893 1955 1208 2010 communia
1242 1964 1298 2010 et
1331 1954 1743 2010 honestissima.
1785 1955 2045 2011 Fabulam

476 2056 660 2101 autem
703 2045 928 2100 omnino
960 2046 1166 2100 nullam
1199 2046 1448 2100 continet
1494 2045 1887 2116 Evangelium;
1919 2057 1972 2101 et
2002 2048 2046 2102 si

477 2138 744 2207 quasdam
767 2138 1066 2208 aliquando
1093 2137 1380 2206 parabolas
1405 2138 1649 2206 apponit,
1667 2153 1732 2192 ex
1755 2138 1867 2208 ipsa
1894 2139 2047 2194 verbi

479 2228 875 2298 consequentia
904 2228 1193 2284 manifeste
1220 2228 1548 2291 ostenditur,
1570 2229 1715 2298 quod
1740 2229 2047 2299 parabolice

476 2319 748 2388 loquitur.
780 2318 1051 2375 Convenit
1082 2328 1264 2373 autem
1297 2317 1353 2373 in
1389 2318 1701 2383 sententiis,
1732 2335 1842 2373 non
1869 2320 2078 2374 solum-

475 2426 602 2464 cum
636 2409 758 2465 aliis
798 2411 970 2464 sacris
1001 2409 1322 2478 Scripturis.
1350 2409 1495 2464 sicut
1535 2410 1744 2464 dictum
1794 2419 1902 2472 est,
1949 2411 2044 2465 sed

477 2501 642 2553 etiam
693 2516 820 2555 cum
869 2500 1237 2570 philosophis,
1272 2500 1364 2569 qui
1419 2499 1486 2554 de
1531 2500 1832 2555 virtutibus
1880 2508 1936 2554 et
1983 2502 2049 2554 de

475 2600 724 2644 extremo
756 2588 1038 2646 hominum
1080 2591 1187 2645 ﬁne
1211 2590 1662 2655 demonstrative,
1698 2591 1781 2645 vel
1812 2591 2053 2646 rationa—

481 2678 672 2734 biliter
707 2689 1104 2736 tractaverunt.
1138 2680 1305 2736 Addit
1353 2681 1521 2736 etiam
1575 2685 1823 2750 quaedam
1867 2682 2051 2736 excel-

476 2771 720 2850 sissima,
755 2772 818 2827 ad
848 2787 970 2841 quae
1005 2772 1273 2826 naturalis
1298 2772 1536 2826 hmnana
1567 2772 1705 2826 ratio
1731 2787 1839 2827 non
1869 2780 2051 2841 potest

473 2861 791 2930 pervenire.
843 2864 912 2918 Et
954 2877 1299 2932 nequaquam
1355 2863 1563 2933 aliquid
1605 2863 1771 2925 dicit,
1808 2864 1894 2917 cui
1925 2865 2050 2935 quis

476 2953 910 3008 demonstrative
933 2953 1107 3023 possit
1135 2954 1362 3016 inStare,
1393 2952 1523 3022 quia
1553 2968 1678 3008 cum
1707 2953 2050 3008 demonstra-

479 3043 557 3096 tio
591 3044 870 3100 contineat
893 3045 1262 3108 verum,nihil
1284 3053 1467 3114 potest
1497 3061 1618 3100 esse
1636 3047 1688 3100 ei
1715 3046 2052 3101 contrarium

481 3133 590 3189 nisi
625 3122 845 3190 falsum.
888 3133 1317 3206 Speculantibus
1345 3147 1527 3192 autem
1561 3136 1875 3208 diligenter,
1903 3137 2053 3192 nulla

481 3227 850 3282 contradictio
904 3227 960 3281 in
995 3229 1307 3299 Evangeliis
1351 3217 1688 3285 continetur.
1724 3229 1904 3296 Quare
1945 3245 2052 3285 non

477 3320 656 3373 solum
693 3335 861 3374 unum
890 3322 1244 3394 Evangelium
1274 3338 1398 3377 cum
1429 3323 1611 3392 seipso
1643 3323 1921 3388 convenit,
1957 3323 2052 3377 sed

477 3412 648 3466 etiam
695 3421 935 3480 quatuor
983 3413 1127 3467 inter
1169 3429 1249 3478 se,
1297 3414 1352 3467 in
1404 3413 1665 3468 omnibus
1723 3414 2053 3468 necessariis

474 3505 622 3558 circa
660 3503 844 3570 ﬁdem,
874 3504 1198 3572 simpliciter
1240 3505 1613 3569 conveniunt;
1640 3503 1692 3556 id
1724 3513 1827 3565 est,
1854 3503 1923 3557 de
1971 3503 2054 3556 in-

477 3596 822 3661 carnatione,
841 3594 1116 3660 doctrina,
1130 3595 1408 3665 passione,
1423 3595 1849 3661 resurrectione,
1870 3609 2056 3649 ascen-

478 3688 635 3742 sione
677 3689 917 3755 Christi,
962 3698 1020 3744 et
1060 3688 1296 3757 Spiritus
1336 3687 1510 3742 sancti
1560 3686 1822 3741 missione
1848 3729 1861 3751 ,
1903 3694 1960 3741 ot
2006 3687 2051 3741 si

477 3789 716 3849 quatuor
745 3780 1038 3851 Evangelia
1065 3782 1118 3835 in
1149 3780 1377 3836 diversis
1404 3779 1540 3835 locis
1569 3787 1624 3834 et
1668 3777 1899 3832 diversis
1949 3778 2076 3832 lin-'

478 3876 621 3944 guis,
669 3890 770 3929 nec
818 3889 927 3928 non
976 3890 1005 3926 a
1054 3874 1288 3929 diversis
1337 3872 1657 3927 auctoribus
1703 3887 1735 3926 a
1779 3870 2052 3941 principio

478 3964 792 4034 conscripta
823 3975 971 4030 sunt,
993 3973 1051 4017 ut
1079 3973 1205 4018 ante
1239 3963 1445 4016 dictum
1480 3971 1582 4016 est.
1601 3961 1832 4027 Quidam
1871 3971 2052 4017 tamen

480 4057 852 4126 simpliciores
899 4055 1392 4117 existimaverunt,
1455 4054 1510 4106 in
1569 4053 1866 4122 Evangelio
1932 4069 2054 4108 esse

480 4147 959 4208 contrarietatem,
987 4154 1278 4214 propterea
1313 4143 1458 4213 quod
1498 4143 1636 4197 illud
1669 4143 1815 4213 quod
1847 4145 1902 4196 in
1945 4143 2055 4197 alio

481 4237 784 4306 Evangelio
815 4236 1154 4301 continetur,
1187 4236 1239 4290 in
1271 4235 1378 4289 alio
1408 4234 1701 4304 Evangelio
1727 4249 1837 4288 non
1861 4235 2052 4300 {conti-

481 4337 669 4382 netur.
702 4309 814 4382 Ηοὲ
847 4340 1032 4383 autem
1061 4344 1169 4382 non
1210 4337 1292 4382 est
1321 4327 1708 4390 contradictio,
1743 4327 1837 4382 sed
1871 4326 2055 4396 potius

2155 506 2398 578 βούλοιτο
2451 505 2689 577 σωθῆναι
2744 503 2872 568 τοὺς
2927 499 3302 575 Σαρρακηνοῦς
3331 500 3356 551 ὁ
3399 499 3521 562 Θεὸς,
3552 503 3615 553 καὶ

2155 585 2284 661 τοὺς
2303 595 2667 665 γινώσκοντας
2693 596 2792 663 τὴν
2819 595 2926 648 τῶν
2965 593 3205 662 ’Δράῦων
3235 588 3477 656 γλῶσσαν.
3511 587 3556 640 '0
3578 590 3616 640 δὲ

2153 689 2260 742 τῶν
2302 686 2640 757 Χριστιανῶν
2684 686 2869 755 νόμος,
2899 686 2929 739 ὀ
2983 685 3042 737 έν
3085 682 3277 744 πάσαις
3318 678 3618 749 γεγραμμένος

2150 781 2273 840 ταῖς
2301 774 2627 841 διαλέκτοις,
2666 779 2800 845 φησὶ
2837 776 2930 828 τὸν
2971 774 3104 827 Θεὸν
3143 775 3341 832 πάντας
3375 770 3619 840 ἀνθρώπους

2154 868 2328 922 θέλειν
2373 865 2629 933 σωθῆναι.
2665 865 2730 918 ΟΞ
2767 861 3113 935 Σαρῤακηνοὶ
3157 859 3323 913 τοίνυν
3365 860 3407 911 οξ
3440 857 3554 926 μόνῳ
3571 857 3620 925 τῷ
3670 915 3676 932 1

2153 958 2376 1026 ὀνόματι
2408 957 2691 1024 λεγόμενοι
2743 952 3096 1023 σεσωσμένοι,
3138 950 3315 1012 καθὼς
3355 950 3621 1016 προεὶρηται,

2154 1048 2250 1103 καὶ
2278 1049 2326 1102 οἱ
2357 1047 2505 1102 ἄλλοι
2538 1048 2738 1108 πάντες
2762 1046 2812 1099 οἱ
2847 1045 2988 1098 κατά
3016 1039 3277 1112 ἀλήθειαν
3304 1041 3508 1109 σωθῆναι
3537 1038 3623 1108 βον-

2153 1139 2392 1208 λόμενοι,
2448 1137 2769 1206 μαθέτωσαν
2822 1136 2914 1188 τὸν
2970 1133 3207 1203 Χριστὸν
3263 1129 3390 1184 εῖναι
3438 1129 3622 1196 Σωτῆρι,

2153 1228 2674 1295 ἀναγινωσκέτωσάν
2706 1245 2767 1280 τε
2800 1226 2858 1280 τὸ
2886 1223 3220 1292 Εὗαγγέλιον
3247 1223 3301 1275 ὲν
3396 1222 3452 1276 ἂν
3473 1220 3625 1289 βούλον-

2154 1335 2246 1371 ται
2279 1318 2564 1387 διαλέκτῳ,
2597 1317 2690 1370 καὶ
2730 1317 3026 1388 εὑρήσουσι
3067 1313 3255 1384 σχεδὸν
3284 1313 3475 1365 ἐναντία
3501 1312 3627 1364 πάντα

2153 1412 2267 1472 τοῖς
2299 1409 2716 1480 προειρημένοις
2741 1408 2838 1461 καὶ
2874 1407 3238 1476 δεδειγμένοις
3264 1403 3359 1457 ὑπὸ
3386 1402 3465 1456 τοῦ
3498 1403 3629 1454 Ἀλκο-

2158 1503 2342 1572 ράνου.
2373 1503 2679 1572 Εὑρήσουσι
2703 1500 3223 1572 ,ωμμαρτυροῦντα
3277 1498 3410 1567 αὐτῷ
3459 1496 3530 1550 τὸν
3563 1496 3626 1548 τοῦ

2154 1593 2396 1656 Μωσέως
2430 1594 2591 1662 νόμον
2641 1594 2740 1646 καὶ
2769 1592 2895 1655 τοὺς
2924 1592 3228 1662 προφήτας,
3256 1588 3494 1659 μηδεμιᾶς
3513 1584 3628 1654 οὔσης

2156 1687 2294 1755 πρὸς
2341 1687 2538 1748 αὐτοὺς
2573 1682 2664 1738 τοῦ
2718 1686 3052 1755 Εὐαγγελιου
3096 1682 3460 1752 ἐναντιότητος,
3487 1679 3628 1748 μᾶλλον

2160 1781 2260 1847 μὲν
2287 1779 2378 1832 οὖν
2406 1779 2865 1856 συμπληρωτικὸν
2895 1778 2988 1831 καὶ
3013 1774 3323 1846 τελειότητα
3350 1773 3530 1827 πάντων
3557 1769 3629 1822 τῶν

2158 1867 2350 1922 ἄλλων.
2392 1867 2701 1939 Εύρήσουσι
2738 1885 2797 1920 τε
2846 1868 2906 1920 ὲν
2944 1865 3022 1936 τῷ
3053 1861 3553 1933 Εὐαγγελίῳφράσιν
3588 1859 3626 1910 οὔ

2161 1959 2490 2031 μετρικὴνῆ
2537 1957 2832 2029 ῥυθμικὴν,
2870 1956 2987 2011 ἀλλ’
3038 1956 3218 2027 ἁπλῆν
3263 1955 3353 2009 και
3399 1952 3562 2020 κοινὴν,
3587 1950 3625 2002 οὗ

2157 2050 2246 2103 διὰ
2291 2049 2390 2121 τὴν
2445 2048 2724 2118 ἁπλότητα
2775 2048 2885 2102 τῶν
2931 2047 3272 2117 γραφόντων,
3311 2043 3429 2097 ἀλλὰ
3467 2040 3535 2093 διὰ
3564 2040 3627 2106 τὴν

2157 2139 2425 2209 ὠφέλειαν
2488 2141 2598 2193 τῶν
2641 2137 3148 2206 ἀναγινωσκόντων,
3188 2132 3314 2188 ὥσθ’
3361 2130 3451 2186 ὐπὸ
3489 2127 3628 2187 παντὸς

2156 2234 2330 2288 ἁπλοῦ
2367 2251 2425 2287 τε
2483 2235 2578 2288 καὶ
2627 2233 2838 2288 ἰδιώτου
2887 2233 3104 2295 οἰκείως
3141 2227 3550 2300 ἀναγινώσκεσθαι
3572 2223 3630 2276 δύ-

2157 2326 2379 2381 νασθαι.
2411 2323 2585 2390 Ἥθος
2624 2326 2682 2379 δὲ
2735 2326 2849 2396 ἔχει
2895 2326 2956 2379 οὐ
3011 2321 3405 2388 κολακευτικὸν,
3433 2317 3523 2372 ἀλλ’
3556 2313 3628 2368 οὐδ’

2157 2416 2360 2488 αἰσχρὰ
2385 2417 2418 2486 ἢ
2449 2417 2591 2487 ἀήθη
2622 2416 2885 2486 ὀνόματα,
2914 2415 3052 2470 ἀλλά
3087 2414 3239 2470 κοινὰ
3269 2415 3355 2468 καὶ
3385 2409 3627 2479 σεμνότατα.

2156 2507 2342 2563 Μῦθον
2371 2507 2427 2561 δὲ
2455 2507 2648 2562 οὐδένα
2683 2506 2961 2571 παντελῶς
2994 2507 3241 2578 περιέχει
3273 2503 3329 2558 τδ
3360 2499 3628 2567 Εὑαγγέλιον,

2158 2599 2294 2654 ἀλλὰ
2319 2601 2413 2655 καὶ¹
2445 2602 2498 2654 εῐ
2519 2618 2673 2666 τινας
2701 2599 2871 2654 ἐνίοτε
2907 2599 3224 2671 παραϐολὰς
3251 2596 3574 2667 παρατίθησιν,
3592 2589 3630 2653 ἐξ

2159 2690 2330 2758 αὐτῆς
2382 2691 2483 2758 τῆς
2530 2689 2626 2743 τοῦ
2682 2690 2842 2758 λόγου
2879 2688 3206 2752 ἀκολουθίας
3252 2687 3489 2741 δείκνυται
3520 2697 3630 2750 φανε-

2117 2798 2124 2808 “
2163 2779 2293 2850 ρῶς,
2335 2780 2418 2833 ὅτι
2482 2779 2869 2849 παρασολικῶς
2915 2779 3252 2849 διαλέγεται.
3298 2777 3489 2847 Συνᾲδει
3525 2773 3628 2825 δὲέν

2121 2915 2133 2924 .
2159 2872 2279 2934 ταῖς
2318 2869 2659 2939 ἀποφάσεσιν
2701 2871 2762 2923 οὑ
2798 2869 2982 2940 μόνον,
2996 2871 3121 2933 ταῖς
3166 2869 3344 2931 ἄλλαις
3373 2867 3512 2936 ἱεραῖς
3534 2863 3629 2932 Γρα·

2161 2964 2309 3030 φαῖς,
2349 2961 2530 3024 καθὼς
2577 2962 2817 3032 εἴρηται,
2849 2960 2986 3016 ἀλλά
3019 2961 3249 3025 καὶτοῖς
3275 2958 3533 3028 φιλοσόφοις
3552 2955 3625 3012 τοῖς

2112 3096 2123 3123 ._
2161 3053 2289 3123 περὶ
2318 3054 2529 3122 ἀρετῶν
2555 3054 2650 3107 καὶ
2677 3054 2772 3107 τοῦ
2798 3054 3030 3123 ἐσχάτου
3072 3053 3179 3107 τῶν
3215 3051 3479 3120 ἀνθρώπων
3498 3045 3625 3104 τέλους

2156 3142 2553 3204 ἀποδεικτικῶς
2581 3142 2614 3211 ἢ
2642 3141 2877 3209 λογικῶς
2916 3135 3623 3212 πραγματευσαμένοιςοηροσ’

2157 3235 2346 3305 τίθησι
2371 3235 2558 3304 μέντοι
2600 3234 2698 3290 καί
2728 3251 2849 3288 τινα
2888 3233 3223 3304 ὑψηλότατα,
3258 3231 3336 3301 ἐφ’
3364 3229 3395 3284 ἀ
3415 3215 3445 3282 ἶ
3467 3222 3624 3294 φυσικὸς

2158 3330 2250 3383 καὶ
2294 3328 2636 3399 ἀνθρώπινος
2684 3327 2842 3395 λόγος
2890 3327 2950 3380 οὐ
2998 3328 3223 3381 δύναται
3269 3321 3525 3395 ἐφικέσθαι.
3550 3313 3626 3368 Καὶ

2156 3420 2306 3473 οὐδὲν
2361 3419 2614 3488 οὐδαμῶς
2667 3434 2866 3488 φησιν,
3047 3420 3114 3472 ἄν
3179 3435 3255 3481 τις
3325 3406 3625 3469 ἀποδεικτικῶς

2156 3513 2400 3578 ὲνσταίη.
2430 3510 2540 3576 Τῆς
2586 3509 2691 3579 γὰρ
2715 3509 3062 3573 ⁹ἀποδείξεως
3091 3509 3288 3579 ἀληθὲς
3329 3499 3620 3572 περιεχούσης.

2160 3602 2318 3671 μόνον
2386 3602 2448 3654 τὸ
2512 3601 2710 3670 ψεῦδος
2769 3602 2941 3672 ταύτῃ
3007 3579 3232 3656 δυνατὸν
3302 3591 3621 3657 ἐναντιωθῆναι

2168 3691 2436 3761 Ἀκριϐῶς
2475 3710 2534 3745 τε
2582 3693 3004 3756 σκοπουμένοις,
3035 3693 3157 3746 οὐδὲ
3207 3691 3300 3760 pia
3345 3680 3624 3744 ἐναντιολοτίπ

2156 3780 2216 3830 ὲν
2245 3781 2358 3841 τοῖς
2387 3779 2735 3847 Εὑαγγελίοις
2771 3780 3113 3848 εὑρίσκεται.
3155 3781 3310 3832 Ὥστε
3342 3777 3406 3845 μὴ
3441 3770 3561 3842 μόνον
3587 3764 3623 3813 ἓν

2158 3870 2488 3937 Εὐαγγέλιον
2518 3870 2694 3940 ἑαυτῴ
2733 3872 3072 3940 συμφωνεῖν,
3103 3870 3233 3923 ἀλλά
3260 3869 3344 3921 καὶ
3377 3866 3433 3918 τὰ
3456 3863 3623 3924 τέσσαρα

2157 3963 2419 4033 ἀλλήλοις.
2440 3964 2496 4016 ὲν
2529 3965 2664 4016 πᾶσι
2708 3967 2820 4026 τοῖς
2868 3963 3012 4034 περὶ.
3031 3964 3132 4035 τὴν
3165 3963 3338 4036 πίστιν
3371 3951 3622 4019 ἀναγκαίοις.

2155 4057 2400 4109 τουτέστι
2430 4057 2556 4126 περὶ
2584 4058 2680 4123 τῆς
2716 4055 3067 4127 σαρκώσεως,
3098 4057 3197 4126 τῆς
3224 4049 3534 4108 διδασκαλίας,
3561 4056 3621 4092 τον

2159 4147 2386 4212 πάθους,
2431 4147 2530 4216 τῆς
2572 4148 2948 4210 ἀναστάσεως,
2979 4148 3082 4217 τῆς
3111 4143 3410 4214 ἀναλήψεως
3444 4131 3621 4195 105x?"

2160 4237 2311 4301 στοῦ,
2344 4239 2521 4290 καίτοι
2552 4254 2616 4305 γε
2647 4239 2755 4290 τῶν
2791 4238 3075 4307 τεσσάρων
3122 4234 3450 4303 Εὐαγγελεωτ
3473 4230 3517 4280 ὲν
3547 4225 3622 4274 δια·

2159 4331 2346 4399 φόροις
2375 4330 2564 4392 τόποις
2604 4330 2701 4383 καὶ
2740 4330 3024 4400 διαφόροις
3071 4329 3380 4389 διαλέκτοις,
3405 4324 3470 4376 ἔτι
3495 4333 3535 4370 τε
3556 4309 3621 4365 imi

481 4415 824 4484 dispensatio
873 4417 991 4482 Dei,
1039 4418 1194 4484 quasi
1241 4418 1543 4486 inspirante
1593 4416 1800 4486 Spiritu
1838 4426 2051 4484 sancto,

2160 4420 2434 4492 διαφόρων
2479 4421 2845 4488 συγγραφέων
2880 4421 2938 4486 ὲξ
2969 4421 3148 4489 ἀρχῆς
3191 4406 3619 4500 συγγεγραμμένων

483 4517 546 4561 ut
590 4508 736 4575 quod
787 4507 859 4561 ab.
895 4523 1006 4561 uno
1048 4509 1396 4576 Evangelista
1457 4509 1888 4578 prmtermissum
1944 4521 2051 4570 est.

482 4600 622 4655 alter
659 4599 826 4665 dicat,
861 4599 1010 4670 quod
1063 4592 1244 4654 autem
1277 4600 1346 4654 ab
1376 4615 1486 4654 uno
1521 4601 1856 4670 evangelista
1888 4603 2060 4666 scrip.

485 4701 600 4746 tum
631 4700 739 4754 est,
772 4692 958 4746 nullus
989 4691 1221 4746 aliorum
1254 4691 1421 4746 trium
1451 4691 1693 4760 negavit,
1727 4692 1811 4745 vel
1836 4702 2058 4746 eontra-

486 4787 632 4849 t'ium
655 4785 862 4854 aliquid
879 4785 1150 4840 dixit.Sed
1179 4784 1229 4842 hi
1255 4792 1492 4853 quatuor
1521 4799 1629 4838 non
1659 4782 1842 4838 omnia
1869 4798 2056 4853 opera,

487 4880 574 4934 vel
611 4880 779 4934 verba
809 4879 1014 4942 Christi
1068 4878 1541 4947 conscripserunt,
1586 4875 1680 4932 sed
1731 4877 1908 4931 solum
1936 4892 2059 4946 qua:

487 4973 557 5028 ad
586 4972 818 5028 salutem
868 4980 997 5026 sunt
1029 4971 1201 5040 magis
1232 4971 1564 5025 necessaria.

2162 4510 2635 4584 ὡς’προείρηται.
2694 4515 2737 4565 Τ
2743 4513 2849 4575 ινές
2920 4512 3107 4582 μέντοι
3179 4511 3282 4563 τῶν
3334 4495 3620 4584 semper

2163 4580 2542 4659 ὑπέλαϐον-ὲν
2573 4604 2646 4676 τῷ
2689 4580 3008 4674 Εὑαγγελίῳ
3049 4600 3189 4656 εἶναι
3234 4580 3622 4682 ἐναντιότητα,δῆ

2163 4695 2223 4748 τὸ
2254 4696 2393 4767 ὅπερ
2444 4698 2501 4750 ὲν
2532 4697 2613 4752 ἐνὶ
2663 4695 2982 4764 Εὑαγγελξῳ
3018 4694 3342 4764 γέγραπταιι
3369 4689 3418 4739 ἓν
3440 4678 3631 4767 an"???

2166 4763 2538 4859 περιέχεσθαι.
2573 4763 2834 4841 Τοῦτο-δὲ
2860 4763 2962 4839 οὐκ
2987 4763 3140 4838 ἑστιν
3163 4773 3504 4868 ἐναντιολογία,
3522 4763 3618 4868 ,ἀλλά

2161 4880 2369 4948 μᾶλλον
2396 4879 2692 4946 -ιοῑκονομία
2731 4877 2886 4931 Θεοῦ.
2917 4878 3023 4930 Τοῦ
3075 4876 3181 4945 γὰρ
3216 4875 3360 4940 ἀγιου
3392 4861 3620 4927 Πνεὺμιτος

2167 4968 2598 5040 παροτρὺνοντος
2648 4968 2710 5021 τὸ
2753 4967 2884 5038 παρ’
2929 4969 3044 5029 ἐνὸς
3091 4958 3448 5031 εὐαγγελιστοῦ
3489 4958 3620 5002 σεσιω-

487 5067 733 5134 πημένον
772 5064 957 5133 ἕτερος
1003 5061 1148 5120 εἷπε.
1181 5064 1254 5117 Τὸ
1295 5063 1352 5116 δὲ
1388 5063 1476 5132 ὑφ’
1512 5062 1631 5126 ἐνὸς
1700 5061 2086 5132 εὐαγγελιστοῦ
2129 5063 2338 5131 γραφὲν
2383 5061 2561 5123 οὐδεὶς
2629 5062 2908 5130 ἠρνήσατο
2943 5059 3048 5112 τῶν
3077 5056 3244 5110 ἄλλων
3285 5041 3619 5134 τριῶννγῆίναψ

488 5163 604 5212 τῑον
662 5155 948 5212 τικεῖπεν.
996 5155 1159 5207 Ἀλλά
1206 5156 1300 5207 καὶ
1343 5147 1490 5207 οθτοι
1546 5155 1598 5207 οἱ
1649 5155 1935 5224 τέσσαρες,
1992 5154 2054 5206 οὐ
2092 5154 2269 5207 πάντα
2313 5153 2382 5206 τὰ
2431 5153 2567 5222 ἔργα
2617 5151 2652 5221 ἢ
2726 5150 2850 5211 τοὺς
2889 5148 3075 5217 λόγους
3120 5145 3210 5199 τοῦ
3258 5133 3461 5210 Χριστοῦ
3516 5135 3620 5180 σνν⁶⁶

490 5259 793 5327 γράψαντο,
825 5254 958 5307 ἀλλά
1001 5254 1160 5322 μόνον
1183 5253 1250 5305 τὰ
1279 5250 1414 5320 πρὸς
1447 5251 1722 5320 σωτηρίαν
1758 5251 2186 5322 ἀναγκαιότερα.

386 5350 394 5361 “
477 5359 481 5362 '
558 5348 845 5416 Quomodo
869 5355 1050 5400 autem
1079 5344 1330 5398 doctrina
1359 5342 1666 5399 Christiana
1693 5343 1932 5413 perfecte
1959 5345 2064 5398 mi-

492 5442 696 5495 raculis
751 5440 825 5495 sit
880 5437 1225 5501 conﬁrmata,
1269 5437 1324 5490 in
1357 5436 1589 5506 septimo
1623 5436 1860 5505 capitulo
1884 5438 2060 5493 mani-

494 5533 631 5585 feste
657 5540 783 5583 ante
828 5530 1262 5582 demonstratum
1316 5538 1421 5593 est,
1475 5543 1650 5597 quare
1691 5543 1797 5582 non
1847 5538 2064 5598 oportet

495 5620 734 5688 amplius
785 5621 838 5672 in
889 5621 1094 5674 eisdem
1150 5608 1379 5675 versari.
1429 5619 1586 5673 Nulla
1647 5629 1828 5675 autem
1879 5623 2061 5675 cst-in

496 5709 704 5770 mundo
729 5708 1000 5772 doctrina,
1026 5712 1109 5765 τοι
1142 5713 1246 5775 lex,
1294 5726 1412 5779 qua:
1435 5714 1511 5767 sic
1548 5711 1887 5767 rationabilis
1912 5711 2058 5768 exsi-

2051 5919 2080 5933 /

2235 5344 2362 5403 Πῶς
2395 5343 2452 5396 δὲ
2496 5345 2528 5410 ἡ
2565 5340 2930 5411 Χριστιανικὴ
2977 5333 3282 5390 διδασκαλία
3317 5323 3500 5380 τελείως

2169 5455 2302 5508 μασι
2333 5401 2665 5508 βεϐαιολῖται,
2695 5401 2950 5500 φανερῶς
2988 5434 3044 5483 ἐν
3072 5427 3148 5497 τῷ
3191 5423 3382 5490 ὲῦδάμφ

2167 5505 2654 5598 προαποδεδεικται
2675 5542 2690 5557 ο
2713 5525 2805 5578 καὶ
2830 5526 2891 5576 οὑ
2920 5525 3002 5578 δεῖ
3019 5521 3110 5574 ἐπὶ
3137 5517 3286 5570 πλέον
3308 5513 3359 5564 ιν
3381 5505 3616 5598 τοῖς-τιῡτθις

2164 5588 2483 5686 διατρίϐειν.
2521 5615 2761 5685 Οὐδεμία
2785 5615 2841 5667 δέ
2873 5616 3018 5666 ἐστιν
3046 5611 3102 5662 ἐν
3130 5603 3204 5676 τῷ
3237 5602 3402 5668 κόσμῳ

2170 5709 2313 5779 λίχῆ
2350 5712 2507 5780 νόμος
2550 5707 2728 5784 οθτιυς
2759 5707 2974 5776 εὔλογος
3017 5703 3090 5756 ὢν
3145 5699 3231 5754 καὶ
3275 5680 3614 5748 τέλειοςιοκντερ
