3904 6216
317 323 456 390 1145

1516 321 1814 384 CQNTRA:
1859 321 2022 380 MAH
2036 319 2372 387 JMETEM.

317 441 346 490 ὸ
382 435 774 504 εὐαγγελικδς,
823 435 881 499 δς
931 435 1111 488 πάντα
1159 435 1226 489 τὰ
1285 433 1430 501 πάθη
1476 436 1541 486 ὲκ
1585 437 1682 501 τῆς
1740 437 1893 503 ῥίζης

2031 443 2108 490 tat
2132 446 2189 490 et
2225 438 2468 506 perfecta
2512 436 2657 492 sicut
2682 436 3021 504 evangelica.
3052 450 3174 502 qua:
3207 401 3399 490 omnes
3445 451 3572 504 pas-

319 527 660 581 ἀνέσπασεν·
697 526 759 578 ού
801 526 964 594 μόνον
1013 526 1114 596 τὴν
1145 525 1384 578 ἄτακτον
1433 525 1739 592 ἐνέργειαν,
1772 526 1803 596 ἢ
1833 525 1894 578 τὸ

318 618 521 683 ἔξωθεν
567 617 722 686 ῥῆμα
767 616 1017 682 κωλύων,
1061 615 1196 669 ἀλλὰ
1241 617 1336 669 καὶ
1375 615 1475 683 τὴν
1521 614 1760 667 ἄτακτον
1799 614 1892 668 τοῦ

318 705 584 777 λογισμοῦ
634 705 877 777 κίνησιν,
917 707 950 776 ἢ
987 707 1087 776 τὴν
1131 707 1280 760 ἔνδον
1322 707 1585 774 διάθεσιν,
1615 702 1725 758 οἷον
1777 707 1896 758 tm-

323 798 545 867 θυμίαν,
575 797 747 867 ὀργὴν
782 798 1041 859 ἄτακτον,
1079 797 1173 849 καὶ
1218 799 1287 850 τὰ
1327 796 1573 861 τοιαῦτα,
1607 793 1687 860 οἷς
1721 801 1898 850 πάντα

323 889 392 943 τὰ
424 889 529 956 ἔξω
580 888 730 942 κακά
763 889 1008 943 ἕπονται.
1042 888 1342 958 Ἐφύτευσε
1372 889 1429 941 δὲ
1463 893 1555 942 καὶ
1602 892 1892 960 ἀπήρτησε

324 981 504 1034 πάντα
529 981 598 1033 τά
625 979 805 1046 ἀγαθὰ
839 982 896 1032 ὲν
925 981 989 1050 τῇ
1021 979 1210 1049 ἐντολῇ
1238 981 1338 1048 τῆς
1381 980 1724 1048 τελειοτάτης
1757 980 1898 1046 ἀγά-

323 1090 453 1140 πης,
490 1070 586 1123 τοῦ
617 1069 752 1123 Θεοῦ
777 1070 1022 1138 δηλονότι
1070 1069 1168 1123 καὶ
1202 1068 1295 1122 τοῦ
1330 1070 1561 1139 πλησίον
1583 1088 1598 1103 ο
1634 1071 1755 1140 ἧτις
1782 1071 1902 1122 ἐστὶ

324 1162 603 1232 πλήρωμα
650 1162 837 1229 νόμου.
865 1159 1228 1228 Φυτευθείσης
1267 1161 1376 1231 γὰρ
1414 1162 1598 1228 φιλίας
1643 1162 1738 1214 καὶ
1764 1161 1903 1228 ἀγά-

326 1267 434 1318 πης
467 1250 701 1315 τελείας,
732 1251 765 1319 ἢ
797 1249 906 1319 τῶν
960 1249 1106 1302 ίδίων
1160 1250 1383 1316 ἀγαθῶν
1429 1253 1541 1309 τοῖς
1574 1250 1758 1314 ἄλλοις
1789 1267 1903 1304 κοι-

327 1343 520 1395 νωνεῖν
553 1340 880 1407 ἀναγκάζει,
921 1340 1020 1392 ούκ
1067 1339 1149 1392 ἔτι
1183 1341 1334 1393 ἐστὶν
1363 1343 1663 1409 ἀναγκαῖον
1696 1343 1903 1395 δικαιο-

327 1433 495 1505 σύνην
559 1430 773 1502 ζητεῖν,
831 1432 1132 1497 ὲνάγουσαν
1200 1431 1339 1499 πρὸς
1400 1433 1461 1483 τὸ
1523 1433 1592 1484 τὰ
1644 1432 1902 1502 ἀλλότρια

326 1524 660 1578 ἀποδιδόναι.
701 1523 822 1576 Ἔτι
851 1523 1096 1591 περιέχει
1141 1522 1202 1574 τὸ
1247 1521 1580 1591 Εύαγγέλιον
1612 1523 1672 1575 τὸ
1709 1523 1904 1575 οἰκειό-

328 1632 491 1668 τατον
549 1615 640 1666 καὶ
692 1615 923 1681 φυσικδν
952 1615 1324 1683 πρόσταγμα·
1368 1631 1386 1664 ι
1435 1616 1576 1667 “Octa.
1617 1614 1682 1666 ἂν
1715 1611 1905 1683 θέλητε

333 1705 417 1756 ῖνα
464 1703 690 1756 ποιῶσιν
729 1703 859 1772 ὑμῖν
904 1703 954 1754 οἱ
1004 1701 1302 1772 ἄνθρωποι,
1349 1703 1444 1756 καὶ
1494 1703 1652 1771 ὑμεῖς
1699 1705 1904 1754 ποιεῖτε

1998 529 2187 582 siones
2241 528 2510 582 radicitus
2559 528 2763 582 avellit.
2815 527 2929 580 Non
2991 527 3167 581 solum
3210 521 3572 580 inordinatam

1999 621 2273 676 actionem
2333 631 2390 675 et
2449 621 2694 673 exterius
2751 621 2979 672 verbum
3045 618 3340 686 prohibet,
3387 615 3480 670 sed
3521 624 3576 669 et

2001 714 2373 767 inordinatum
2430 713 2598 765 animi
2662 719 2907 771 motum,
2965 711 3057 764 vel
3108 709 3465 763 intrinsecnm
3499 706 3580 760 ai-

2003 804 2232 867 fectum,
2267 806 2411 857 sicut
2447 804 2977 872 concupiscentiam,
3014 802 3150 856 iram
3182 801 3577 862 inordinatam,

2003 906 2059 950 et
2111 896 2337 959 similia,
2379 911 2444 948 ex
2506 894 2708 962 quibus
2770 895 2955 948 omnia
2991 893 3131 945 mala
3183 891 3455 946 exteriora
3495 905 3580 944 se-

2003 998 2272 1057 quuntur.
2308 987 2683 1054 Plantavitquc
2725 995 2779 1038 et
2809 985 3150 1038 conservavit
3183 985 3360 1058 omnia
3435 983 3576 1034 bona

2006 1077 2059 1129 in
2086 1079 2338 1130 mandato
2381 1076 2795 1146 perfectissime
2827 1074 3160 1138 dilectionis,
3187 1073 3282 1127 Dei
3325 1072 3580 1126 videlicet

2008 1178 2062 1223 et
2100 1170 2358 1237 proximi.
2395 1168 2585 1222 Habita
2623 1170 2769 1222 enim
2801 1168 3040 1222 amicitia
3081 1165 3424 1219 ctcharitate
3459 1179 3584 1230 per-

2007 1257 2186 1319 fecta,
2240 1272 2361 1324 qua:
2402 1257 2618 1324 propria
2656 1257 2796 1308 liona
2842 1272 2963 1309 cum
3004 1254 3126 1307 aliis
3175 1252 3580 1305 communicare

2009 1345 2180 1415 cogit,
2206 1353 2314 1398 non
2353 1353 2437 1397 est
2477 1345 2850 1397 necessarium
2872 1344 3143 1413 justitiam
3171 1356 3436 1408 quaerere,
3459 1356 3580 1406 qua:

2009 1453 2112 1491 nos
2143 1436 2352 1490 inducit
2385 1436 2448 1489 ad
2484 1436 2883 1490 restituendum
2923 1436 3128 1488 aliena.
3169 1433 3302 1485 ltein
3338 1430 3584 1484 continet

2014 1527 2367 1598 Evangelium
2405 1527 2872 1581 naturalissimum
2895 1534 2943 1580 et
2971 1522 3408 1598 propriissimum
3431 1535 3582 1573 man-

2011 1620 2200 1674 datum
2238 1639 2250 1674 :
2291 1638 2308 1670 ι
2339 1619 2688 1687 Quzccunquc
2733 1619 2900 1672 vultis
2956 1596 3254 1673 utal'aciant
3291 1615 3448 1668 vobis
3492 1615 3588 1666 ho-

2013 1711 2215 1775 mines,
2257 1719 2310 1764 et
2339 1725 2436 1764 vos
2470 1709 2631 1763 facite
2684 1709 2937 1762 similiter
2973 1709 3055 1762 eis
3100 1708 3172 1758 “.
3236 1725 3254 1757 ι
3299 1705 3418 1772 Quo
3469 1705 3585 1756 sol-ci

328 1794 531 1862 ὁμοίως
561 1795 764 1856 αὐτοῖς.
799 1813 817 1846 ι
855 1795 919 1846 '0
953 1797 1111 1864 μόνον
1142 1796 1254 1856 τοῖς
1284 1793 1647 1864 κτησαμένοις
1673 1793 1795 1846 οὐδὲ
1830 1792 1900 1845 ἓν

2027 1801 2230 1867 tabito,
2259 1815 2367 1854 non
2406 1809 2491 1854 est
2523 1799 2891 1854 necessarium
2932 1796 3076 1852 aliud
3122 1805 3452 1864 praeceptum
3499 1809 3589 1846 re-

330 1884 460 1937 ἆλ).ο
495 1884 642 1936 ἐστὶν
670 1887 967 1951 ἀναγκαῖον
1023 1886 1357 1954 πρόσταγμα
1382 1925 1398 1951 ,
1430 1887 1555 1939 ὅσον
1599 1885 1737 1955 πρὸς
1782 1885 1910 1947 τοὺς

329 1977 584 2046 πλησίον.
615 1978 690 2030 Ού
725 1977 884 2048 μόνον
911 1977 968 2030 δὲ
1001 1978 1266 2048 ἀλήθειαν
1291 1978 1537 2048 περιέχει
1579 1978 1638 2030 τὸ
1671 1976 1913 2046 Εὐαγγέ-

328 2067 467 2129 λιον,
512 2067 626 2121 ἀλλ’
677 2067 868 2137 ὥσπερ
918 2068 1266 2140 πιστεύουσιν
1326 2069 1376 2121 οί
1432 2067 1746 2122 διδάσκαλοι
1802 2067 1913 2119 τῶν

331 2157 709 2224 Χριστιανῶν,
737 2160 786 2210 εἰ
817 2159 877 2210 ἓν
927 2158 1090 2228 μόνον
1122 2160 1180 2213 ἐν
1218 2159 1298 2229 τῷ
1344 2160 1668 2232 Εὐαγγελίῳ
1701 2162 1916 2232 εὕροιτο

235 2267 240 2270 ν
331 2248 549 2317 ψεῦδος,
600 2248 720 2302 ὅλον
777 2249 1005 2313 είκότως
1057 2250 1124 2304 ἂν
1179 2252 1537 2323 ὑπωπτεύθη,
1586 2252 1776 2320 ὥσπερ
1822 2253 1918 2305 καὶ

331 2340 596 2408 ἀνωτέρω
639 2340 924 2410 διώρισται
969 2343 1027 2394 ὲν
1069 2340 1148 2411 τῷ
1193 2343 1400 2412 ἐννάτῳ
1442 2343 1748 2413 κεφαλαίῳ.
1784 2345 1918 2397 Βίαν

332 2428 392 2483 δὲ
421 2430 542 2484 οὐδὲ
589 2432 717 2500 μίαν
753 2435 1030 2502 συγχωρεῖ
1057 2434 1115 2485 τὸ
1156 2434 1488 2502 Εὐαγγέλιον
1511 2451 1528 2468 ο
1583 2436 1786 2504 μᾶλλον
1819 2436 1918 2505 μὲν

333 2522 430 2576 οὖν
455 2523 548 2576 καὶ
578 2523 746 2594 αὐτὴν
773 2522 870 2593 τὴν
897 2523 1019 2592 βίαν
1049 2524 1143 2577 καὶ
1169 2526 1271 2594 τὴν
1298 2525 1512 2578 ἀδικίαν
1542 2526 1917 2596 μακροθύμως

337 2615 450 2668 δεῖν
481 2614 669 2683 φέρειν
700 2615 888 2683 φησὶν,
912 2615 1109 2682 λέγων,
1163 2635 1182 2667 ί
1223 2616 1352 2671 Ἐάν
1389 2617 1470 2680 τίς
1503 2635 1561 2670 σε
1605 2619 1807 2688 ραπίσῃ
1840 2619 1920 2681 εἰς

341 2706 442 2772 τὴν
469 2702 648 2768 δεξιάν
686 2703 937 2771 σιαγόνα,
976 2703 1212 2773 στρέψον
1254 2704 1406 2772 αὐτῷ
1449 2705 1545 2757 καὶ
1577 2706 1677 2774 τὴν
1710 2706 1878 2773 ἄλλην
1904 2722 1918 2737 ⁶

341 2792 439 2844 καὶ
480 2793 536 2844 εῖ
574 2808 660 2853 τις
700 2791 808 2843 an»:
857 2791 950 2844 σοῦ
981 2792 1136 2845 λάϐοι
1184 2791 1276 2846 τὸν
1309 2793 1530 2860 χιτῶνα,
1569 2795 1641 2862 μὴ
1672 2792 1928 2863 κωλύσῃς

339 2883 524 2945 αὐτὸν,
554 2883 688 2936 ἀλλά
733 2883 822 2946 δὸς
849 2884 967 2936 ,καὶ
1009 2881 1070 2936 τὸ
1122 2882 1359 2954 ἱμάτιον.
1400 2903 1419 2936 ι
1451 2884 1707 2937 Διδάσκει
1735 2885 1792 2937 δὲ
1827 2883 1922 2937 καὶ

340 2974 482 3042 ὑπὲρ
521 2973 620 3040 τῆς
654 2972 1040 3042 ἐπενεχθείσης
1071 2971 1284 3034 ἀδικίας
1316 2973 1410 3026 καὶ
1443 2972 1633 3041 μίσους
1668 2974 1921 3026 εὐποιίαν

2014 1899 2209 1961 spectu
2244 1889 2505 1961 proximi.
2542 1889 2660 1944 Non
2695 1889 2870 1942 solum
2911 1887 3075 1942 etlam
3117 1885 3402 1939 veritatem
3457 1898 3591 1936 con-

2016 1983 2156 2037 tinet
2196 1982 2553 2050 Evangelium
2580 2018 2596 2043 ,
2654 1979 2772 2044 sed,
2812 1979 2954 2032 sicut
3000 1977 3237 2037 credunt
3285 1971 3587 2027 Christiani

2016 2074 2292 2136 doctores,
2326 2072 2369 2125 si
2398 2085 2565 2124 unum
2614 2069 2786 2123 solum
2831 2067 3174 2121 mendacium
3213 2064 3273 2117 in'
3297 2062 3590 2132 Evangelio

2020 2164 2390 2228 inveniretur,
2441 2172 2614 2216 totum
2657 2158 3012 2228 Evangelium
3043 2154 3242 2209 merito
3273 2160 3588 2220 suspectum

2021 2255 2350 2316 haberetur,
2385 2253 2528 2306 sicut
2557 2250 2814 2320 superius
2847 2249 3276 2302 detcrniinatum
3307 2243 3468 2297 estin
3495 2255 3592 2294 no-

2019 2362 2094 2402 no
2131 2347 2394 2416 capitulo.
2437 2347 2765 2400 Violentiam
2835 2352 3018 2397 autem
3075 2340 3278 2394 nullam
3350 2337 3590 2406 permit-

2021 2438 2087 2492 tit
2123 2437 2474 2506 Evangelium
2497 2478 2512 2498 ,
2545 2436 2677 2505 quin
2707 2436 2817 2488 imo
2867 2442 2922 2487 et
2952 2436 3121 2501 ipsam
3156 2431 3470 2484 violentiam
3537 2437 3595 2480 et

2025 2529 2283 2600 injuriain
2313 2528 2585 2597 patienter
2619 2537 2873 2595 oportere
2899 2525 3040 2576 ferre
3073 2524 3149 2576 ait
3170 2561 3184 2582 ,
3217 2523 3448 2574 dicens:
3481 2538 3499 2570 ι
3536 2519 3592 2571 Si

2023 2621 2150 2690 quis
2208 2631 2260 2674 te
2309 2621 2481 2688 alapis
2538 2617 2876 2688 percusserit
2926 2615 2992 2669 ad
3062 2615 3340 2668 dexteram
3378 2626 3592 2679 genam.

2025 2723 2180 2766 verte
2207 2720 2262 2765 et
2291 2710 2544 2771 alteram,
2575 2717 2629 2762 et
2657 2707 2701 2761 si
2733 2709 2859 2776 quis
2890 2721 2918 2758 a
2956 2715 3006 2758 te
3039 2704 3219 2770 capiat
3256 2701 3502 2769 pallium,
3530 2713 3597 2750 nc

2023 2800 2316 2870 prohibeas
2342 2813 2467 2852 eum
2493 2839 2507 2858 .
2542 2798 2634 2851 sed
2686 2796 2752 2849 da
2786 2795 2950 2849 etiam
2986 2793 3220 2846 tunicam
3253 2791 3327 2842 ³⁷.
3367 2808 3385 2840 ›
3431 2788 3600 2842 Docet

2025 2894 2192 2947 etiam
2226 2907 2324 2959 pro
2356 2890 2506 2943 illata
2555 2888 2751 2957 injuria
2795 2896 2849 2939 et
2896 2885 3044 2948 odio,
3073 2882 3401 2936 beneﬁcium
3435 2889 3489 2931 et
3517 2878 3600 2930 di-

2025 2983 2321 3038 lectionem
2374 2981 2628 3041 reddere,
2662 2978 2854 3032 dicens
2915 2993 2992 3031 ιι
3051 2973 3267 3043 Diligite
3343 2969 3597 3024 inimicos

341 3065 442 3117 καὶ
484 3066 704 3134 ἀγάπην
764 3064 1094 3128 ἀποδιδόναι,
1139 3065 1336 3133 λέγων,
1395 3083 1413 3116 ι
1470 3065 1752 3131 Ἀγαπᾶτε
1797 3065 1919 3126 τοὺς

2029 3080 2264 3135 vestros,
2316 3069 2630 3124 benefacite
2674 3066 2802 3120 odio
2849 3056 3176 3118 habentibus
3205 3073 3322 3118 vos,
3354 3065 3409 3111 et
3445 3063 3600 3110 orate
3655 3111 3668 3118 ,

343 3156 574 3225 ἐχθροὺς
606 3155 779 3223 ὑμῶν,
810 3155 994 3217 καλῶς
1034 3158 1243 3209 ποιεῖτε
1293 3159 1406 3218 τοῖς
1464 3155 1718 3225 μισοῦσιν
1748 3156 1916 3225 ὑμᾶς,

344 3249 440 3301 καὶ
473 3247 696 3318 εὔχεσθε
727 3249 870 3317 ὑπὲρ
901 3249 1010 3301 τῶν
1039 3249 1461 3318 ἐπηρεαζόντων
1493 3249 1591 3300 καὶ
1616 3249 1919 3300 διωκόντων

344 3340 510 3406 ὑμᾶς.
553 3358 571 3390 ι
607 3339 680 3392 Ού
720 3339 827 3408 μὴν
879 3338 1039 3392 τοῦτο
1090 3338 1452 3401 ὲναντιοῦται,
1511 3337 1566 3390 εῐ
1614 3354 1762 3399 τινες
1809 3338 1918 3390 τῶν

346 3430 690 3499 Χριστιανῶν
741 3429 970 3498 πονηροὶ
1007 3431 1067 3482 ού
1104 3427 1449 3498 φυλάσσουσι
1499 3427 1676 3480 ταῦτα
1716 3428 1918 3480 πάντα.

347 3523 422 3573 Οὐ
457 3521 566 3591 γὰρ
607 3522 640 3590 η
682 3521 790 3574 τῶν
823 3521 1077 3591 πονηρῶν
1118 3519 1420 3591 διαστροφὴ
1455 3519 1654 3574 κωλύει
1699 3519 1798 3588 τὴν
1827 3517 1922 3571 τοῦ

346 3614 656 3680 ἁγιωτάτου
686 3613 850 3681 νόμον
887 3612 1204 3680 τελειότητα
1234 3614 1326 3664 καὶ
1358 3611 1640 3681 ἀλήθειαν.

424 3706 804 3776 Εὖτακτοτάτη
841 3705 897 3760 δέ
929 3708 1078 3760 ἐστιν
1107 3708 1140 3776 ἡ
1171 3708 1264 3760 τοῦ
1292 3707 1634 3774 Εύαγγελίου
1666 3707 1924 3761 διδασκα-

351 3799 464 3863 λία,
505 3797 687 3861 καθὼς
721 3798 1206 3868 προαποδεδεικται
1246 3801 1306 3851 ὲν
1350 3798 1428 3868 τῷ
1464 3799 1734 3868 ἑνδεκάτῳ
1761 3815 1930 3866 κεφα-

353 3893 514 3958 λαίῳ,
545 3892 637 3943 καὶ
685 3892 777 3944 τοῦ
817 3892 1010 3960 χρόνου
1046 3891 1216 3956 τάξει,
1256 3892 1352 3943 καὶ
1410 3892 1600 3952 τόπου,
1650 3891 1741 3943 καὶ
1785 3879 1930 3944 δίδα·

358 3983 609 4045 σκαλίας,
643 3983 735 4034 καὶ
777 3981 928 4050 ὕλης.
970 3983 1233 4052 ’Λρχεται
1290 3984 1387 4051 μὲν
1433 3983 1540 4051 γὰρ
1573 3985 1635 4035 ὲκ
1667 3984 1763 4053 τῆς
1795 3999 1929 4051 σαρ-

354 4073 576 4136 κῦσεως
625 4065 1018 4138 τοῠΧριστοῦ,
1048 4074 1142 4126 καὶ
1190 4073 1484 4140 διορίζεται
1529 4073 1597 4126 τὰ
1648 4073 1785 4141 πρὸς
1831 4073 1930 4142 τὴν

349 4168 608 4238 γέννησιν
642 4164 832 4217 τούτου
864 4163 1160 4233 ἀνήκοντα.
1197 4164 1307 4216 Καὶ
1353 4164 1490 4232 μετά
1515 4165 1616 4232 τὴν
1647 4164 1928 4230 γέννησιν,

353 4256 432 4326 τῷ
468 4256 799 4326 προσήκοντι
828 4255 1004 4325 καιρῷ
1036 4254 1280 4307 δείκνυσι
1319 4253 1417 4324 τὴν
1461 4254 1809 4306 διδασκαλίαν
1837 4255 1932 4304 καὶ

356 4351 456 4419 τὴν
497 4349 687 4416 σοφίαν
735 4347 924 4413 αὐτοῦ,
970 4347 1065 4400 καὶ
1128 4346 1267 4413 μετὰ
1326 4346 1499 4399 ταῦτα
1553 4347 1652 4415 τὴν
1700 4346 1932 4414 δύναμιν

2029 3157 2132 3231 pro
2184 3160 2614 3230 malignantibus
2645 3197 2661 3221 ,
2713 3165 2769 3209 et
2808 3155 2894 3208 his
2949 3153 3042 3220 qui
3110 3166 3206 3204 vos
3259 3160 3603 3217 persequuno

2028 3261 2117 3314 tur
2151 3251 2218 3307 ³⁸.
2259 3268 2276 3299 ι
2336 3250 2454 3303 Non
2493 3256 2674 3300 tamen
2731 3245 2834 3298 hoc
2885 3243 3231 3302 adversatur,
3286 3239 3330 3291 si
3377 3234 3600 3304 quidam

2026 3339 2476 3395 Christianorum
2512 3335 2681 3403 iniqui
2720 3350 2825 3387 non
2858 3340 3079 3387 servant
3106 3331 3224 3383 inec
3258 3326 3601 3381 omnia.Non

2025 3431 2176 3486 enim
2225 3429 2540 3495 iniquorum
2595 3425 2874 3494 perversio
2937 3423 3190 3492 prohibet
3241 3419 3605 3475 sanctissimae

2030 3520 2169 3589 legis
2198 3517 2594 3588 perfectionem
2630 3514 3018 3582 etxveritatem.

2102 3701 2247 3755 Bene
2269 3697 2677 3754 ordinatissima
2704 3703 2883 3748 autem
2911 3701 2996 3746 est
3023 3689 3299 3760 Evangelii
3328 3688 3602 3752 doctrina,

2031 3793 2177 3848 sicut
2209 3801 2341 3844 ante
2397 3789 2831 3843 demonstratum
2882 3783 2974 3840 est
3011 3783 3226 3836 decimo
3257 3782 3311 3835 in
3342 3782 3606 3849 capitulo,
3673 3814 3683 3824 .

2035 3895 2089 3941 et
2120 3881 2383 3951 temporis
2415 3880 2609 3933 ordine
2632 3918 2647 3942 ,
2678 3889 2733 3931 et
2779 3876 2906 3941 loci,
2940 3884 2995 3928 et
3035 3873 3322 3935 doctrinae,
3352 3880 3407 3925 et
3439 3880 3608 3923 malc-

2034 3979 2148 4032 rize.
2180 3975 2377 4041 Incipit
2400 3973 2547 4026 enim
2576 3971 2644 4024 ab
2677 3967 3057 4022 incarnatione
3092 3963 3324 4027 Christi,
3356 3959 3610 4015 determi‘

2041 4084 2184 4123 nans
2211 4080 2332 4135 qua:
2369 4064 2434 4117 ad
2470 4062 2810 4114 nativitatem
2843 4059 3005 4128 hujus
3036 4065 3163 4111 sunt
3201 4052 3605 4130 convenientia.

2043 4160 2106 4213 Et
2138 4167 2264 4226 post
2299 4151 2640 4207 nativitatem
2674 4148 3022 4202 convenienti
3071 4154 3320 4214 tempore
3367 4142 3610 4196 ostendit

2038 4249 2354 4311 doctrinam
2393 4254 2446 4297 ct
2467 4241 2804 4311 sapientiam
2829 4241 2968 4309 ejus.
3003 4239 3070 4292 Et
3099 4246 3219 4306 post
3249 4236 3363 4289 haec
3383 4276 3397 4300 ,
3429 4243 3484 4288 et
3516 4248 3611 4301 po-

2040 4339 2266 4394 tentiam
2303 4344 2360 4389 et
2389 4331 2676 4398 miracula,
2695 4343 2748 4384 et
2776 4330 3032 4397 deinceps
3061 4328 3366 4397 passionem
3391 4334 3445 4379 et
3469 4339 3614 4376 mor-

361 4417 454 4494 καὶ
493 4441 563 4494 τὰ
615 4439 915 4508 θαύματα·
961 4438 1056 4491 καὶ
1107 4437 1310 4506 ἐφεξῆς
1370 4437 1430 4490 τὸ
1479 4437 1652 4499 πάθος
1692 4441 1788 4488 καὶ
1839 4439 1919 4488 τὸι

2044 4442 2175 4492 tem,
2226 4426 2420 4480 ultimo
2473 4433 2656 4477 autem
2716 4421 3200 4480 resurrectionem,
3241 4426 3295 4471 et
3349 4417 3403 4470 in
3441 4417 3613 4469 cmlos

362 4534 611 4592 θάνατον.
660 4533 886 4602 ἔσχατον
932 4530 989 4583 δὲ
1032 4530 1131 4600 τὴν
1185 4529 1506 4590 ἀνάστασιν,
1554 4531 1652 4581 καὶ
1702 4527 1804 4598 τὴν
1853 4529 1935 4589 εἰς

365 4623 630 4694 οὐρανοὺς
682 4622 976 4692 ἀνάληψιν.
1032 4619 1274 4687 Ἀληθῶς
1331 4619 1432 4687 μὲν
1490 4618 1641 4670 οὐδὲν
1703 4617 1938 4688 πονηρὸν

362 4716 592 4771 δυνατὸν
623 4715 914 4786 εὑρεθῆναι
950 4715 1008 4766 ὲν
1055 4712 1379 4782 διδασκαλίᾳ
1423 4711 1694 4778 τοσαύτης
1737 4709 1940 4762 τελειό-

363 4824 526 4877 τητος
553 4821 570 4836 ο
604 4807 654 4859 εί
703 4807 797 4858 καὶ
838 4806 887 4858 οἱ
931 4806 1155 4858 ἀστατοι
1203 4803 1297 4856 καὶ
1345 4802 1664 4855 ἀπαίδευτοι
1716 4801 1937 4866 λέγουσι

367 4899 718 4968 βλασφημίας
766 4897 920 4959 τινὰς
957 4895 1311 4964 περιέχεσθαι
1366 4895 1425 4945 ὲν
1472 4893 1550 4962 τῷ
1598 4893 1939 4963 Εὑαγγελίῳ,

363 4991 554 5057 ῶσπερ
591 4989 720 5059 περὶ
761 4988 861 5057 τῆς
902 4986 1239 5057 σαρκώσεως
1270 4983 1364 5038 τού
1395 4985 1655 5054 Χριστοῦ,
1709 4985 1805 5040 καὶ
1848 4984 1942 5038 τοῦ

366 5083 597 5147 πάθους,
633 5081 714 5133 ἔτι
750 5097 809 5133 τε
861 5082 990 5149 περὶ
1044 5079 1138 5131 τοῦ
1188 5078 1288 5146 τῆς
1328 5077 1558 5148 Τριάδος
1612 5079 1940 5148 μυστηρίου,

369 5173 502 5242 περὶ
532 5167 608 5225 ὧν
633 5171 730 5242 (ῶς
756 5169 1107 5240 προείρηται)
1155 5168 1468 5238 γέγραπται
1524 5170 1582 5224 ὲν
1627 5170 1705 5238 τῷ
1753 5170 1942 5221 Ἀλκο-

372 5265 540 5334 ράνῳ,
573 5263 1090 5332 άποδοκιμαζόντων
1145 5259 1174 5312 ὃ
1220 5261 1296 5330 μὴ
1345 5259 1552 5314 νοοῦσι.
1602 5259 1938 5326 Βεϐαιοτάτη

369 5354 426 5407 δέ
456 5355 624 5417 ἐστιν,
654 5353 728 5416 ὡς
773 5352 1099 5422 βεϐαιότατα
1136 5349 1543 5419 γινωσκομένη,
1590 5349 1698 5401 τίνι
1737 5349 1936 5418 χρόνῳ,

367 5447 474 5498 τίνι
514 5448 682 5515 τόπῳ,
720 5446 811 5497 καὶ
847 5442 1000 5513 παρὰ
1023 5441 1182 5495 τίνων
1216 5440 1519 5510 ἀνθρώπων
1548 5439 1578 5508 ἡ
1607 5436 1940 5507 εὐαγγελικὴ

369 5538 689 5607 συνεγράφη
734 5532 1070 5589 διδασκαλίαι.
1111 5530 1232 5582 Ἔτι
1283 5545 1339 5581 τε
1399 5526 1726 5596 βεϐαιοτάτη
1768 5526 1939 5589 ἐστὶν,

336 5713 352 5727 ’
443 5719 485 5752 ³τ
521 5720 710 5775 Matth.
738 5739 830 5789 vn,
867 5721 944 5777 l9.

1025 5720 1065 5755 ³⁷
1100 5723 1282 5777 Matth.
1320 5739 1371 5784 γ,
1402 5720 1487 5774 59.
1569 5720 1613 5752 ³⁸
1647 5721 1776 5774 ibid.
1810 5721 1895 5774 45.

2039 4519 2437 4575 ascensionem.
2467 4515 2622 4569 .Sane
2653 4513 2863 4567 nulhnn
2919 4512 3121 4565 malum
3155 4517 3332 4579 potest
3378 4506 3613 4560 inveniri

2043 4613 2098 4666 in
2130 4611 2386 4664 doctrina
2419 4617 2580 4660 tanta:
2633 4603 2990 4676 perfectionis
3036 4620 3050 4656 :
3104 4601 3210 4655 etsi
3255 4599 3534 4654 instabiles
3559 4607 3616 4650 et

2045 4703 2254 4759 indocti
2289 4701 2493 4766 dicant,
2542 4697 2912 4766 blasphemias
2944 4695 3202 4762 quasdam
3231 4692 3284 4744 in
3317 4689 3616 4756 Evangelio

2049 4795 2347 4854 contineri,
2375 4794 2519 4847 sicut
2546 4794 2609 4844 de
2634 4788 3010 4844 incarnatione
3030 4784 3232 4840 Christi
3258 4793 3313 4836 et
3337 4781 3612 4850 passione,
3665 4796 3671 4854 ‘-

2051 4887 2182 4941 item
2215 4884 2281 4937 de
2333 4880 2618 4934 Trinitatis
2653 4876 2912 4946 mysterio
2959 4891 2972 4925 :
3003 4873 3071 4924 de
3113 4870 3349 4939 quibus,
3399 4875 3458 4920 ut
3487 4874 3615 4918 ante

2050 4977 2260 5030 dictum
2287 4981 2392 5036 est,
2447 4971 2710 5037 scriptum
2741 4973 2827 5019 est
2875 4965 2931 5016 in
2979 4962 3284 5020 Alcoranoj,
3330 4956 3475 5026 quod
3509 4951 3617 5023 ipsi

2051 5064 2348 5136 reprobant
2404 5075 2527 5128 qua:
2578 5067 2685 5110 non
2732 5054 3080 5121 intelligunt.-
3120 5049 3436 5106 Certissima
3482 5061 3615 5098 vero

2049 5167 2135 5214 est
2157 5158 2243 5211 lex
2271 5152 2610 5220 evangelica,
2642 5147 2771 5217 quia
2810 5144 3116 5200 certissime
3144 5141 3318 5196 scitur
3346 5154 3454 5208 quo
3482 5145 3617 5190 tem-

2049 5264 2201 5319 pore,
2249 5261 2360 5315 quo
2389 5245 2528 5306 loco,
2562 5256 2591 5294 a
2623 5239 2824 5309 quibus
2847 5235 3160 5292 hominibus
3192 5231 3501 5300 conscripta
3532 5237 3616 5282 est

2048 5338 2359 5411 evangelita
2405 5336 2678 5391 doctrina.
2708 5332 3090 5387 Ccrtissimum
3123 5328 3285 5384 etiam
3339 5336 3440 5388 est,
3470 5323 3613 5392 quod

2049 5427 2572 5488 convenientissime
2602 5434 2655 5481 et
2685 5424 2942 5479 facillime
2976 5419 3330 5488 intelligihiiis
3353 5429 3460 5483 est,
3487 5415 3616 5486 quia

2051 5523 2320 5592 credenda
2371 5526 2752 5590 proponuntur
2808 5531 2907 5586 per
2949 5513 3340 5578 revelationem
3390 5510 3508 5578 Dei,
3559 5516 3615 5561 et

3437 324 3574 388 lilii
3663 323 3670 331 ’
