3904 6216
388 342 527 412 liii)

1599 324 1895 411 CONTRA
1937 349 2444 411 MAllOlliiTEM.

3495 348 3631 412 I150

386 465 497 538 γᾴρ
550 461 611 515 τὸ
656 461 985 532 ’Δλκοράνον
1027 464 1279 534 φανερῶς
1328 467 1619 533 μαρτυρεῖ,
1660 465 1743 516 ὄτι
1802 465 1859 514 ὲν
1891 462 1955 530 τᾷ

2073 468 2330 530 testdici,
2367 468 2512 535 quod
2551 477 2833 537 postquam
2860 460 3401 530 deditEvangelium,
3436 460 3629 515 adver-

383 552 706 623 Εὐαγγελίῳ
741 555 891 606 ἐστὶν
931 553 1127 622 ὀδηγία
1176 556 1271 607 καὶ
1318 554 1587 622 σωτηρία.
1625 553 1833 606 Ἐτιοὺ
1863 551 1958 603 δυ·-

385 641 547 695 νατὸν
578 642 781 722 λέγειν,
827 643 911 695 ὃτι
949 643 1088 713 μετὰ
1122 642 1182 697 τὸ
1216 644 1403 697 δοῦναι
1435 646 1495 695 τὸ
1536 643 1888 711 Εὑαγγὲλιον,
1932 644 1960 694 6

384 733 518 796 Θεὸς
566 732 808 785 συνεῖδεν
831 772 846 795 ,
877 733 951 795 ὡς
982 734 1043 785 οὐ
1084 733 1374 803 δυνήσεται
1404 736 1432 787 6
1465 735 1669 804 κόσμος
1713 736 1960 804 τηρῆσαι

384 824 539 887 αὐτὸ,
573 825 668 876 καὶ
698 823 784 876 διὰ
810 823 970 877 τοῦτο
993 823 1343 893 διωρθώσατο
1379 825 1477 895 μὲν
1503 824 1600 894 τὴν
1623 826 1947 895 ἑρμηνείαν,

382 915 482 983 τὴν
524 914 582 967 δὲ
638 915 865 983 ἐντολὴν
896 914 1243 984 κουφοτέραν
1281 915 1564 984 ἐποίησεν,
1619 916 1693 977 ὡς
1731 915 1799 968 ἀν
1844 914 1959 968 ’ἀπὸ

380 1006 493 1059 τῶν
522 1005 922 1059 ἀποϐαινόντων
963 1004 1032 1058 τὰ
1079 1005 1267 1058 δέοντα
1321 1006 1689 1073 γινώσκεσθαι
1733 1005 1959 1068 συνιείς.

386 1096 540 1166 ’ῌδει
567 1097 673 1164 γὰρ
711 1098 739 1149 6
770 1096 901 1158 Θεὸς
952 1096 1011 1159 ἐξ
1061 1098 1252 1167 ἀρχῆς,
1280 1098 1333 1150 τί
1374 1100 1473 1166 μὲν
1503 1099 1563 1151 τὸ
1610 1096 1948 1165 Εὑαγγέλιον

387 1185 653 1253 περιέξει,
687 1186 739 1238 τί
790 1186 846 1237 δὲ
900 1188 950 1239 οἱ
998 1188 1279 1258 ἄνθρωποι
1311 1191 1658 1257 συνήδονται.
1690 1190 1799 1242 Καὶ
1830 1190 1958 1242 ἄνευ

382 1276 438 1327 δὲ
474 1276 675 1329 τούτων
704 1280 797 1329 καὶ
820 1279 954 1331 αὐτὸ
997 1281 1056 1331 τὸ
1102 1281 1427 1349 Ἀλκοράνον
1464 1283 1673 1350 φησὶν,ξ
1703 1281 1778 1343 ὡς
1808 1281 1960 1333 οὐδέν

383 1368 527 1419 εἰσιν
561 1368 608 1419 οἱ
638 1367 1009 1438 Σαῤῥακηνοὶ,
1053 1371 1102 1422 εί
1132 1371 1207 1440 μὴ
1238 1372 1592 1443 πληρώσαιεν
1618 1372 1681 1426 τὸ
1714 1372 1963 1441 Εὐαγγέ-

382 1458 520 1520 λιον,
558 1456 653 1510 καὶ
704 1460 794 1509 τὸν
825 1459 989 1527 νόμον
1046 1460 1345 1525 Μωῦσέως,
1378 1463 1475 1515 καὶ
1506 1463 1569 1514 τὸ
1607 1464 1958 1533 Ἀλκοράνον,

382 1544 457 1605 ὡς
512 1544 743 1613 εἴρηται
789 1546 1066 1615 ἀνωτέρω.
1116 1549 1178 1601 Οί
1238 1548 1294 1601 δὲ
1325 1542 1651 1619 Χριστιανοὶ
1701 1552 1865 1621 μόνον
1901 1554 1961 1604 τὸ

384 1636 717 1703 Εὐαγγέλιον
769 1636 1062 1706 πληρῶσαι
1136 1639 1470 1707 ὀφείλουσιν.
1530 1643 1651 1696 Ἔτι
1723 1644 1840 1708 πῶς
1894 1644 1962 1698 ἃν

385 1726 618 1795 ἠδύνατο
649 1727 709 1779 τὸ
761 1728 1103 1796 Εὐαγγέλιον
1149 1730 1358 1783 τέλειον
1388 1732 1668 1800 λέγεσθαι,
1705 1734 1781 1803 μὴ
1820 1734 1955 1787 ἀνά-

385 1819 546 1884 λογον
586 1818 645 1870 ὃν
674 1821 738 1888 τῇ
770 1820 877 1871 τῶν
916 1818 1229 1888 ἀνθρώπων
1271 1821 1525 1890 δυνάμει,
1578 1822 1715 1891 μηδὲ
1763 1823 1957 1886 κοινῶς

386 1909 674 1977 τηρεῖσθαι
698 1909 992 1978 δυνάμενον
1016 1926 1033 1977 ;
1070 1909 1195 1961 Ἔτι
1226 1911 1274 1963 εί
1300 1911 1503 1964 τέλειόν
1532 1912 1728 1965 ἔστιτὸ
1777 1912 1953 1980 Εὐαγ-

385 2000 589 2066 γέλιον,
629 2001 725 2052 καὶ
764 2000 1008 2069 περιέχει
1042 2001 1113 2054 τὰ
1156 2003 1296 2071 πρὸς
1329 2003 1428 2072 τὴν
1473 2002 1751 2072 σωτηρίαν
1794 2006 1962 2073 ἀναγ-

384 2096 539 2155 καῖα,
599 2094 651 2143 τί
682 2092 739 2145 δὲ
774 2093 1090 2162 θαυμαστὸν
1116 2095 1171 2147 εί
1218 2111 1374 2157 τινας
1435 2095 1534 2148 καὶ
1583 2096 1757 2159 ἄλλας
1816 2113 1955 2166 συμ-

385 2182 578 2244 ϐουλὰς
622 2184 835 2251 ὑψηλὰς
875 2184 1147 2254 περιέχει,
1184 2189 1432 2258 μεγάλης
1469 2186 1636 2250 οὔσας
1688 2189 1961 2257 τελειότη-

383 2287 496 2334 τος,
566 2270 769 2332 ταύτας
829 2274 1015 2340 μέντοι
1070 2273 1144 2343 μὴ
1213 2275 1394 2340 λέγειν
1460 2276 1770 2343 ἀναγκαίας
1817 2273 1959 2330 εῖναι

385 2362 521 2432 πρὸς
553 2363 865 2431 σωτηρίανς
902 2364 1024 2416 Ἔτι
1060 2364 1182 2416 ὅσον
1229 2382 1316 2428 τις
1348 2366 1511 2435 νόμος
1572 2367 1773 2434 μᾶλλόν
1804 2370 1955 2420 ἐστιν

382 2456 593 2518 ἄνετος,
626 2454 881 2507 τοσοῦτόν
916 2456 1033 2508 ἐστι
1067 2456 1193 2508 καθ’
1224 2457 1419 2509 ἑαυτὸν
1459 2453 1624 2528 ἧττον
1660 2458 1954 2527 ἔμμισθος.

385 2545 447 2596 Εἰ
504 2543 685 2595 τοίνυν
741 2544 800 2597 τὸ
871 2544 1198 2615 Ἀλκοράνον
1254 2549 1586 2618 κουφότερόν
1660 2549 1781 2601 ἐστι
1849 2548 1946 2617 τοῦ

386 2637 744 2705 Εὑαγγελίου,
798 2638 895 2706 οὐχ
925 2637 1126 2705 ὁμοίως
1171 2638 1281 2707 ἄρα
1335 2641 1452 2693 ἐστὶ
1485 2640 1621 2711 πρὸς
1670 2640 1956 2710 σωτηρίαν

382 2731 730 2797 δραστήριον.
760 2730 836 2782 Οὐ
864 2730 973 2798 γὰρ
1004 2729 1071 2784 ἂν
1106 2731 1307 2783 ἔδωκεν
1346 2734 1374 2784 6
1416 2731 1552 2794 Θεὸς
1590 2732 1756 2802 νόμον
1784 2732 1955 2801 ἀδρα-

385 2824 640 2890 νέστερον
690 2824 790 2889 μὲν
849 2826 986 2891 πρὸς
1043 2823 1357 2893 σωτηρίαν,
1421 2823 1826 2894 ἐπιπονώτερον
1877 2824 1955 2877 δέ.

386 2913 619 2977 Λέγεται
670 2911 727 2962 δὲ
782 2911 838 2962 ὲν
877 2909 955 2980 τῷ
991 2910 1328 2982 Ἀλκοράνῳ,
1358 2913 1443 2965 ὃτι
1473 2913 1542 2966 δι’
1574 2914 1739 2966 αὑτοῦ
1779 2916 1874 2967 καὶ
1905 2915 1957 2967 οἱ

385 3004 635 3068 δαίμονες
678 3001 920 3069 σωθῆναι
975 3002 1281 3079 δύνανται,
1341 3004 1417 3064 ὡς
1469 3005 1729 3075 ἀνωτέρω
1762 3005 1954 3074 γέγονε

2065 558 2129 611 tit
2159 560 2305 626 quod
2364 560 2600 614 mundus
2637 575 2743 612 nou
2801 557 3004 627 poterit
3058 554 3237 623 ipsum
3289 566 3541 619 servare,
3575 562 3630 606 ct
3696 546 3704 559 ’

2061 646 2304 700 correxit
2358 649 2558 717 stylum
2589 688 2603 711 ,
2664 658 2719 701 et
2760 645 3085 713 temperavit
3148 652 3521 711 praeceptum,
3568 649 3630 694 ut

2062 736 2207 791 Deus
2238 737 2379 791 facta
2418 747 2600 791 nostra
2635 748 2789 807 putet
2840 736 2908 788 ab
2956 743 3180 788 eventu.
3234 733 3452 787 Sciebat
3480 731 3626 785 enim

2062 825 2203 880 Deus
2240 843 2269 880 a
2322 828 2614 897 principio,
2689 838 2743 881 ct
2782 826 2910 896 quid
2957 824 3308 893 Evangelium
3362 822 3625 885 continet,

2062 928 2119 973 et
2145 921 2277 989 quid
2311 922 2563 975 homines
2598 921 2739 975 ferre
2774 927 3020 989 possunt.
3054 918 3321 971 I’rzetcrea
3365 926 3419 968 et
3449 915 3626 983 ipsum

2060 1012 2393 1065 Alcoranum
2428 1012 2597 1074 dicit,
2649 1012 2793 1079 quod
2844 1009 2979 1063 nihil
3024 1018 3155 1061 sunt
3194 1006 3473 1072 Saraceni,
3526 1005 3626 1060 nisi

2061 1103 2395 1171 adimpleaut
2424 1102 2800 1171 Evangelium,
2839 1109 2895 1153 ct
2931 1100 3102 1169 legem
3148 1096 3343 1167 Moysi,
3372 1104 3431 1149 ut
3458 1111 3625 1163 supc-

2064 1194 2179 1247 rius
2221 1194 2427 1247 dictum
2462 1202 2567 1247 est.
2621 1192 2918 1248 Christiani
2952 1202 3132 1244 autem
3166 1190 3340 1244 solum
3383 1188 3628 1254 Evange-
3680 1218 3687 1233 ί

2060 1285 2193 1339 lium
2218 1284 2516 1353 adimplere
2538 1284 2757 1338 debent.
2792 1284 2926 1335 Item
2955 1280 3228 1350 quomodo
3254 1278 3628 1348 possetEvan-
3680 1342 3685 1351 ι

2063 1373 2266 1442 geliurn
2308 1373 2623 1442 perfectum,
2665 1373 2795 1434 diei,
2831 1372 2875 1426 si
2924 1388 3034 1425 non
3085 1382 3268 1439 posset
3326 1368 3625 1423 secundum

2062 1465 2209 1519 vires
2266 1464 2333 1517 ab
2380 1464 2699 1519 hominibus
2748 1464 3006 1517 servari?
3040 1461 3197 1524 Item,
3232 1462 3277 1515 si
3329 1461 3626 1528 perfectum

2068 1563 2153 1609 cst
2180 1555 2561 1625 Evangelium,
2593 1563 2646 1609 et
2675 1555 2739 1607 ad
2764 1553 2993 1608 salutem
3032 1550 3337 1607 necessaria
3362 1548 3628 1604 continet:

2065 1643 2196 1713 quid
2228 1644 2428 1709 obstat,
2463 1645 2505 1698 si
2543 1645 2789 1714 quaedam
2823 1644 2932 1697 alta
2956 1642 3181 1696 consilia
3215 1640 3477 1702 continet,
3508 1654 3629 1704 qua:

2065 1748 2274 1802 magna:
2306 1732 2659 1800 perfectionis
2698 1730 3010 1785 exsistant?
3049 1727 3174 1782 Ilaec
3203 1739 3382 1781 tamen
3411 1739 3518 1778 non
3548 1722 3631 1775 di-

2065 1825 2142 1877 cit
2170 1825 2482 1880 necessaria
2499 1840 2621 1879 esse
2640 1823 2709 1877 ad
2741 1823 2991 1877 salutem.
3016 1821 3172 1883 Item,
3201 1825 3462 1888 quantum
3487 1831 3632 1883 qua:-

2062 1930 2171 1985 quc
2202 1916 2288 1971 lex
2326 1917 2502 1985 magis
2539 1913 2886 1969 remissibilis
2911 1920 2996 1966 est
3020 1951 3035 1975 ,
3069 1918 3281 1964 tantum
3308 1916 3403 1983 est,
3438 1919 3535 1973 per
3573 1918 3631 1956 sc

2063 2008 2247 2061 minus
2278 2005 2530 2060 mercede
2562 2005 2746 2074 digna.
2785 2003 2843 2057 Si
2879 2002 3044 2072 igitur
3067 2000 3394 2055 Alcoranum
3429 2004 3513 2048 est
3547 2009 3631 2047 re—

2063 2095 2389 2150 missibilius
2418 2109 2583 2165 quam
2639 2092 3017 2164 Evangelium.
3051 2103 3160 2143 non
3197 2100 3329 2153 ergo
3375 2083 3629 2137 similiter

2062 2194 2149 2239 est
2181 2184 2247 2237 ad
2287 2184 2518 2236 salutem
2566 2182 2779 2235 eilicax.
2826 2180 2945 2235 Non
2982 2177 3127 2231 enim
3164 2174 3317 2231 dedit
3364 2174 3505 2227 Deus
3550 2172 3629 2224 le-

2062 2292 2184 2345 gem
2211 2274 2441 2328 minoris
2473 2273 2746 2338 cIlicacim,
2772 2280 2827 2327 et
2849 2271 2916 2325 ad
2937 2271 3169 2325 salutem
3194 2265 3625 2322 laboriosiorem.

2063 2344 2133 2417 Et
2168 2362 2387 2417 constat
2422 2366 2475 2415 in
2508 2363 2782 2417 Alcorano
2807 2401 2821 2421 ,
2857 2358 3003 2428 quod
3046 2366 3102 2412 et
3128 2372 3226 2426 per
3254 2356 3428 2424 ipsum
3462 2344 3623 2406 Aleo-

2062 2472 2255 2509 ranum
2288 2455 2564 2509 daemones
2593 2454 2789 2507 salvari
2822 2459 3091 2521 possunt,
3121 2460 3181 2504 ut
3227 2460 3478 2517 superius
3514 2459 3629 2497 ma-

2060 2560 2322 2613 nifestum
2344 2556 2442 2610 fuit
2477 2557 2531 2610 in
2567 2556 2802 2625 septimo
2828 2552 3085 2623 capitulo,
3122 2551 3214 2621 qui
3261 2564 3365 2601 non
3398 2554 3627 2615 possunt

2060 2650 2258 2707 salvari
2291 2664 2388 2719 per
2421 2646 2799 2718 Evangelium.
2834 2645 2927 2699 Iist
2964 2644 3130 2716 igitur
3156 2642 3485 2697 Alcoranum
3519 2651 3633 2689 ma-

2066 2744 2149 2811 gis
2181 2742 2421 2795 salutare
2443 2756 2604 2808 quam
2644 2737 3019 2804 Evangelium,
3050 2748 3179 2807 ergo
3212 2740 3268 2786 et
3301 2730 3633 2785 laboriosius

2059 2836 2115 2884 et
2148 2827 2445 2883 difﬁcilius.
2493 2826 2654 2891 Item,
2687 2826 2733 2879 si
2764 2825 3096 2879 Alcorauum
3133 2821 3349 2875 facilior
3377 2820 3462 2872 lex
3506 2827 3586 2871 est
3613 2858 3626 2879 ,

2058 2919 2421 2989 periculosius
2459 2926 2516 2970 et
2550 2916 2756 2986 majore
2800 2912 3226 2983 reprehensione
3252 2911 3478 2977 dignum
3511 2907 3619 2961 erit

2060 3025 2179 3065 eam
2205 3024 2315 3063 non
2344 3006 2645 3061 observari.
2677 3006 2781 3061 Sed
2809 3003 3069 3059 Saraceni
3090 3016 3209 3056 eam
3236 3015 3344 3053 non
3377 3004 3628 3058 servant;

385 3092 545 3161 δῆλον
576 3095 633 3143 ὲν
663 3093 739 3161 τῷ
773 3093 988 3163 ἑὸδόμῳ
1019 3094 1323 3163 κεφαλαίῳ,
1360 3096 1557 3157 οἵτινες
1593 3098 1653 3148 οὐ
1687 3097 1948 3150 δύνανται

2062 3100 2429 3171 periculosius
2479 3100 2643 3169 igitur
2669 3105 2923 3167 peccant.
2961 3095 3113 3162 Quod
3153 3102 3333 3146 autem
3364 3105 3484 3143 eam
3514 3101 3627 3140 non

383 3184 474 3235 διὰ
508 3181 602 3235 τοῦ
631 3182 961 3251 Εὑαγγελίου
994 3183 1253 3253 σωθῆναι.
1292 3184 1483 3237 Ἔστιν
1515 3186 1625 3254 ἄρα
1660 3185 1721 3240 τὸ
1759 3187 1955 3239 Ἀλκο-

387 3274 551 3344 ράνον
578 3274 924 3344 σωτηριῶδες
960 3274 1164 3342 μᾶλλον
1217 3274 1250 3341 ἦ
1303 3274 1364 3327 τὸ
1417 3274 1784 3340 Εὐαγγὲλιον·
1811 3274 1952 3327 ὥστε

384 3363 787 3431 ἐπιπονώτερον
812 3364 907 3416 καὶ
927 3364 1398 3435 ,δυσχερέστεροω
1432 3365 1551 3416 Ἔτι
1586 3365 1635 3417 εἰ
1668 3364 1727 3416 τὸ
1764 3363 1955 3417 Ἀλκοο

385 3457 548 3525 ράνον
576 3456 724 3525 ῥᾴων
774 3455 934 3524 νόμος
971 3456 1143 3521 ἐστὶν,
1186 3456 1675 3525 ὲπικινδυνώτερον
1717 3458 1807 3510 καὶ
1841 3456 1958 3528 μείο

387 3548 539 3613 ζονος
566 3549 715 3613 ἄξιον
755 3548 1017 3617 μέμψεως
1062 3548 1217 3601 ἔσται
1249 3549 1310 3602 τὸ
1342 3549 1417 3618 μὴ
1459 3548 1748 3618 φυλάττειν
1772 3550 1950 3602 αὐτόν.

397 3640 543 3693 Ἀλλ’
563 3644 611 3694 oi
643 3641 990 3712 Σαρρακηνοὶ
1036 3640 1223 3695 τοῦτον
1271 3640 1331 3694 οὐ
1364 3640 1647 3710 τηροῦσιν*
1682 3640 1958 3695 ἐπικινδυο

385 3737 619 3801 νώτερον
654 3732 765 3802 ἄρα
809 3733 1237 3802 ἁμαρτάνουσιν.
1288 3733 1413 3785 Ὅτι
1460 3733 1516 3786 δὲ
1568 3732 1729 3786 τοῦτο
1778 3751 1957 3804 παρα-

385 3825 653 3885 ϐαίνουσι,
682 3824 859 3893 δῆλον.
910 3823 1131 3876 Πίνουσι
1177 3823 1286 3895 γάρ
1338 3822 1515 3887 οἶνον,
1564 3826 1659 3878 καὶ
1710 3824 1957 3895 βοτάναις

391 3914 778 3982 μεθύσκονται,
802 3913 1041 3969 ἐσθίουσί
1066 3914 1121 3967 τέ
1150 3931 1268 3967 τινα
1288 3914 1577 3985 ἀκάθαρτα
1602 3914 1732 3983 παρ’
1754 3916 1955 3980 αὐτοῖς,

387 4005 446 4055 οὐ
485 4003 713 4073 τηροῦσί
754 4019 812 4055 τε
849 4003 947 4071 τὴν
996 4003 1272 4069 νηστείαν,
1320 4004 1445 4058 οὔτε
1478 4007 1578 4073 τὴν
1624 4005 1956 4073 προσευχὴν,

387 4093 494 4147 οὔτ’
538 4094 890 4147 ἀναλίσκουσι
953 4094 1096 4148 κατά
1152 4094 1250 4164 τὴν
1306 4094 1485 4148 αὐξῶν
1536 4095 1832 4164 εὐπορίαν·
1866 4096 1957 4147 καὶ

387 4187 529 4257 ἄλλα
568 4185 758 4249 πολλὰ,
805 4185 843 4239 ἀ
878 4184 1088 4255 βέλτιον
1137 4181 1278 4239 οἶδεν
1315 4188 1343 4239 6
1376 4188 1443 4246 ,ἐν
1480 4190 1549 4256 τῇ
1586 4187 1723 4255 πρὸς
1762 4186 1957 4247 αὐτοὺς

388 4276 707 4342 ἀναστροφῇ
737 4275 937 4341 πεῖραν
984 4274 1191 4326 τούτων
1218 4273 1423 4330 λαϐών.
1460 4274 1570 4327 Εἶτ’
1618 4276 1730 4345 ἄρα
1778 4276 1959 4346 ῥᾴδιον

389 4363 551 4418 τοῦτο
592 4365 770 4433 φαῖεν,
811 4365 923 4416 εἴτε
942 4364 1225 4434 δυσχερὲς,
1249 4366 1340 4418 τὸν
1365 4365 1605 4418 κίνδυνον
1632 4366 1731 4417 οὐκ
1757 4365 1925 4434 ὲκφεύ
1942 4398 1955 4407 -

389 4472 598 4522 γουσιν.
638 4454 782 4507 ’Λλλ⁹
811 4455 897 4507 ἐπ’
925 4455 1184 4524 ἀληθείας
1221 4456 1251 4507 6
1299 4456 1597 4525 Μαχούμετ
1630 4457 1958 4525 ἐπεχείρησε

386 4546 493 4614 μὲν
520 4546 702 4614 ῥᾴδιον
736 4545 919 4597 δοῦναι
952 4546 1117 4613 νόμον
1139 4586 1155 4611 ,
1204 4546 1267 4599 οὐ
1320 4548 1733 4616 συγκεχώρηται
1777 4548 1957 4615 μέντοι

388 4638 539 4708 παρὰ
574 4637 711 4690 Θεοῦ
755 4634 899 4689 οὕτω
947 4636 1210 4690 διαθεῖναι
1257 4637 1350 4689 τὸν
1392 4638 1652 4705 κάλαμον,
1706 4636 1845 4689 ὥστε
1880 4638 1956 4706 μὴ

388 4727 557 4781 πολλὰ
575 4726 812 4796 δυσχερῆ
841 4726 1168 4794 παραμῖξαι.
1197 4727 1450 4796 Περιέχει
1481 4727 1579 4795 μὲν
1602 4727 1706 4799 γὰρ
1738 4728 1765 4779 6
1796 4728 1957 4797 νόμος

386 4822 593 4882 ἐκεῖνος
626 4818 945 4889 δυσχέρειαν
981 4818 1181 4888 πολλὴν
1222 4820 1280 4871 ὲν
1320 4819 1398 4889 τῷ
1431 4818 1688 4871 νοεῖσθαι.
1727 4818 1956 4883 Λέγεται

388 4913 496 4980 γὰρ
555 4914 615 4963 ἐν
674 4911 845 4981 αὐτῷ,
882 4911 955 4973 ὼς
1005 4911 1110 4962 ὑπὸ
1163 4911 1328 4979 μόνου
1378 4912 1578 4964 νοεῖται
1638 4906 1734 4961 τοῦ
1768 4904 1951 4960 Θεοῦ.

388 5004 431 5054 Τ
436 5001 559 5055 οὖτο
589 4986 641 5053 ὰ.
673 5002 821 5064 imo;
860 5002 1009 5054 ἐστὶν
1050 5000 1264 5067 ἄλογον,
1298 4999 1455 5069 δῆλον
1498 5000 1721 5067 γέγονεν
1756 4996 1957 5051 ἀνωτέο

392 5112 469 5163 ρω
495 5096 552 5145 ὲν
581 5095 658 5162 τῷ
691 5095 863 5162 ὀγῶῳ
908 5092 1209 5160 κεφαλαίῳ.
1251 5091 1371 5144 Ἔτι
1426 5107 1485 5142 τε
1537 5089 1810 5159 δυσχερής
1839 5090 1955 5140 ἐστι

387 5187 518 5255 περὶ
547 5186 607 5237 τὸ
638 5185 1015 5238 πιστεύεσθαι.
1047 5184 1189 5259 Φημὶ
1226 5183 1335 5252 γὰρ
1377 5183 1477 5251 τὴν
1524 5180 1803 5250 Παρθένον
1835 5179 1956 5235 Μα-

389 5277 513 5347 ρίαν
544 5277 815 5346 παρθένον
855 5275 1116 5345 γεννῆσαι
1151 5275 1245 5326 τὸν
1283 5274 1513 5345 Ἰησοῦν,
1559 5275 1654 5326 καὶ
1692 5273 1783 5326 τὸν
1823 5273 1956 5325 Θεὸν

386 5368 530 5439 ἔχειν
580 5368 752 5429 Λόγον
813 5366 909 5422 καὶ
964 5366 1190 5435 Πνεῦμα
1244 5365 1641 5432 ἅγιονοοᾶτινα
1684 5362 1953 5431 ἀναγκαῖά

388 5461 530 5511 εἰσιν
573 5460 708 5529 πρὸς
760 5458 859 5527 τὴν
916 5457 1196 5528 ἡμετέραν
1242 5456 1467 5518 πίστιν,
1518 5454 1653 5524 πλὴν
1712 5453 1952 5523 θαύμασι

390 5549 777 5619 βεϐαιωθέντοι.
816 5550 935 5601 Ἔτι
968 5566 1028 5602 τε
1057 5549 1330 5619 δυσχερής
1363 5552 1512 5600 ἐστιν
1544 5547 1953 5615 ἀποπληρωθῆ-

390 5655 478 5693 ναι
504 5638 571 5690 δι’
594 5641 771 5708 ἔργων
800 5654 814 5667 ·
852 5634 965 5691 οἶόν
1012 5642 1127 5691 ἐστι
1178 5641 1237 5690 τὸ
1272 5639 1712 5707 περιτέμνεσθαι,
1767 5639 1857 5689 καὶ
1894 5638 1953 5688 τὸ

392 5729 469 5797 μὴ
521 5729 695 5782 πίνειν
728 5726 889 5792 οἶνον,
930 5731 1022 5781 καὶ
1052 5729 1178 5798 περὶ
1206 5729 1299 5781 τοιῦ
1333 5727 1697 5797 φυλάττεσθαι
1740 5728 1826 5784 διὰ
1859 5728 1947 5781 τοῦ

2055 3201 2316 3254 servant,
2367 3205 2468 3245 nec
2512 3189 2808 3257 complent,
2876 3186 3223 3239 manifestum
3273 3191 3377 3237 cst.
3428 3179 3633 3234 Bibunt

2062 3279 2209 3333 enim
2249 3276 2460 3335 viuum,
2492 3283 2547 3327 et
2597 3273 2964 3335 inchriantur,
2996 3270 3403 3347 comeduntque
3437 3266 3627 3320 illicita

2055 3366 2195 3435 apud
2226 3380 2351 3425 eos;
2384 3379 2493 3417 non
2522 3374 2740 3417 servant
2770 3362 3061 3432 jejunium,
3082 3375 3259 3427 neque
3287 3359 3617 3429 orationem,

2065 3472 2242 3526 neque
2279 3455 2595 3525 expendunt
2638 3455 2792 3524 juxta
2852 3467 3042 3505 eorum
3079 3451 3423 3511 facultatem;
3443 3459 3498 3501 et
3526 3447 3630 3501 alia

2063 3550 2251 3614 multa,
2288 3562 2409 3617 qua!
2436 3546 2633 3601 melius
2669 3545 2770 3600 scit
2797 3546 2888 3614 qui
2942 3545 2995 3597 in
3037 3543 3453 3597 conversatione
3486 3541 3630 3593 inter

2059 3653 2156 3692 cos
2183 3636 2579 3706 experientiam
2616 3635 2812 3688 horum
2844 3632 3012 3702 capit.
3044 3632 3171 3687 Sive
3226 3630 3441 3685 facilem
3489 3628 3631 3681 hanc

2059 3729 2281 3793 dicunt,
2334 3728 2453 3782 sive
2494 3725 2792 3789 diliicilem,
2842 3724 3149 3792 periculum
3205 3737 3315 3776 non
3366 3720 3628 3774 evadunt.

2060 3821 2165 3875 Sed
2203 3821 2257 3873 iu
2286 3818 2519 3873 veritate
2546 3858 2560 3880 ,
2618 3814 2958 3869 Mahometus
3008 3822 3237 3867 conatus
3274 3820 3359 3866 est
3406 3809 3626 3879 quidem

2060 3910 2273 3965 facilem
2306 3912 2483 3977 legem
2517 3905 2669 3970 dare,
2706 3921 2813 3958 non
2849 3913 3027 3957 tamen
3076 3891 3412 3971 permissnm'
3429 3908 3510 3953 est
3548 3899 3628 3953 sic

2066 4012 2333 4068 calamum
2371 4018 2677 4078 temperare
2728 4007 2861 4077 quin
2915 4004 3155 4058 dillicilia
3199 4004 3367 4058 multa
3397 4003 3629 4057 interse-

2058 4101 2247 4156 ruerit.
2275 4098 2527 4153 Continet
2556 4097 2699 4150 enim
2724 4095 2807 4149 lex
2848 4094 2939 4147 illa
2981 4093 3353 4147 diliicultatcm
3399 4092 3624 4144 multam

2065 4190 2130 4245 ad
2182 4206 2301 4244 eam
2338 4187 2775 4257 intelligendam.
2812 4185 3023 4238 Dicitur
3052 4184 3195 4237 enim
3247 4183 3301 4236 iu
3335 4181 3625 4243 Alcorano,

2059 4282 2206 4351 quod
2237 4296 2264 4334 a
2300 4279 2415 4332 solo
2447 4277 2558 4331 Deo
2612 4275 2956 4343 intelligitur.
2993 4277 3107 4327 Hoc
3147 4281 3327 4327 autem
3355 4272 3629 4341 quomodo

2061 4373 2133 4426 sit
2167 4369 2541 4424 irrationabile
2565 4407 2579 4429 ,
2616 4368 2966 4420 manifestum
3020 4365 3123 4418 fuit
3162 4367 3215 4418 in
3253 4373 3445 4418 octavo
3478 4362 3631 4430 capi-

1992 4442 2033 4495 D
2065 4461 2198 4514 tulo.
2248 4460 2380 4512 Item
2433 4458 2677 4510 continet
2708 4456 2872 4509 etiam
2905 4454 3275 4508 diﬂicuitatem
3308 4454 3375 4506 ad
3402 4452 3630 4506 creden-

2064 4553 2216 4606 dum.
2251 4552 2395 4604 Dicit
2444 4550 2590 4603 enim
2622 4590 2637 4613 ,
2686 4550 2948 4620 virginem
2982 4549 3202 4603 Mariam
3238 4548 3513 4617 peperisse
3538 4546 3629 4599 Je-

2060 4660 2208 4710 sum,
2249 4654 2301 4698 ct
2340 4645 2507 4698 Deum
2546 4643 2747 4697 habere
2780 4643 3020 4697 Verbum
3070 4650 3125 4695 et
3154 4639 3417 4709 Spiritum
3466 4652 3624 4691 sauc-

2058 4746 2170 4790 tum
2194 4776 2209 4801 ,
2245 4750 2364 4805 qua:
2413 4733 2721 4788 necessaria
2778 4742 2907 4785 sunt
2948 4731 3017 4783 ad
3077 4740 3316 4783 nostram
3352 4727 3532 4789 tidem,
3568 4734 3627 4779 et

2058 4838 2240 4882 tamen
2306 4824 2589 4879 miraculis
2642 4824 2987 4877 conﬁrmata.
3054 4820 3187 4873 Item
3248 4816 3484 4870 diﬂicilis
3537 4824 3627 4869 est

2057 4926 2279 4987 propter
2307 4929 2472 4983 opera
2503 4912 2811 4981 adimpleri,
2861 4910 3003 4963 sicut
3053 4906 3399 4967 circumcidi,
3426 4914 3481 4958 et
3510 4918 3622 4956 non

2057 5008 2249 5061 bibere
2281 5005 2495 5066 viuum,
2547 5012 2602 5056 et
2654 5014 2846 5055 cavere
2878 4997 3201 5052 ebrietatem
3234 5011 3330 5065 per
3362 4996 3621 5055 ciceram,

2056 5108 2111 5153 et
2141 5096 2245 5149 alia
2275 5109 2397 5163 quae
2428 5102 2555 5147 sunt
2602 5092 2670 5146 de
2697 5091 2908 5159 jejunio
2939 5098 2993 5143 et
3018 5087 3290 5151 oratione,
3320 5094 3376 5141 ct
3406 5086 3475 5139 de
3504 5084 3623 5139 col-

2056 5188 2261 5242 latione
2298 5185 2525 5241 cuilibet
2552 5182 2855 5239 secundum
2901 5180 3217 5236 facultatem
3246 5178 3350 5233 sibi
3376 5177 3555 5231 datam
3589 5191 3623 5230 ο

2054 5278 2187 5339 Deo,
2217 5286 2274 5331 et
2322 5276 2491 5329 multa
2538 5275 2666 5337 alia,
2694 5289 2817 5343 qua:
2852 5271 3007 5341 pauci
3060 5270 3460 5325 Saracenorum
3496 5283 3619 5320 scr-

2056 5377 2205 5421 vant.
2252 5365 2404 5421 Sicut
2447 5366 2613 5436 igitur
2661 5366 2763 5419 fuit
2798 5362 3005 5417 mundo
3052 5360 3440 5417 necessarium.
3473 5357 3621 5427 quod

2056 5458 2447 5512 alleviarentur
2472 5466 2743 5527 prmecpta
2770 5453 3069 5524 Evangelii,
3116 5461 3170 5504 et
3208 5451 3431 5505 daretur
3460 5450 3623 5502 Alco-

2060 5566 2249 5604 rauum
2284 5551 2457 5603 levius
2488 5568 2500 5603 :
2544 5549 2617 5602 ita
2661 5557 2845 5616 posset
2877 5544 2983 5599 dicI
3017 5544 3085 5597 ab
3114 5543 3318 5609 aliquo,
3349 5538 3494 5609 quod
3526 5555 3614 5591 es-

2056 5650 2139 5694 set
2184 5642 2556 5694 "CCL‘SSIII‘iIIIII
2600 5650 2658 5692 ut
2699 5638 2920 5692 daretur
2968 5634 3072 5689 alia
3132 5633 3213 5685 lex
3258 5632 3451 5691 levior,
3498 5645 3615 5694 qua:

2060 5736 2243 5797 posset
2272 5729 2337 5781 ab
2368 5728 2681 5783 hominibus
2703 5723 3003 5785 obs‘ertari,
3032 5732 3085 5775 et
3120 5731 3225 5775 tam
3266 5718 3611 5789 Evangelimu
