3904 6216
385 242 516 336 ms

1586 289 1833 349 CON'I'R
1846 291 1885 349 A
1926 294 1973 351 M
1987 295 2196 355 ΛΠΟΜ
2210 295 2408 356 ΕΤΕΜ

3513 315 3652 378 1154

328 444 331 451 ν
377 391 605 459 λογήσει
662 390 975 460 ἔμπροσθεν
1008 395 1116 448 τῶν
1138 397 1472 469 ἀνθρώπων,
1510 404 1833 475 ὁμολογήσω
1867 424 1932 460 κα

2061 412 2377 466 sanctorum
2433 414 2751 483 angelorum
2783 415 2848 469 ‘°.
2902 436 2919 469 ι
2972 419 3044 473 Ad
3099 424 3401 478 secundum
3454 430 3650 484 incitat

377 479 489 546 ἐγὼ
528 482 691 533 αὑτὸν
725 481 1039 552 ἔμπροσθεν
1070 488 1163 538 τοῦ
1218 489 1427 560 Πατρός
1480 508 1585 559 μου
1625 494 1719 547 τοῦ
1768 499 1825 548 ἐν
1866 498 1960 551 οῦ-

380 574 582 640 ρανοίς·
622 574 718 627 καὶ
768 574 826 635 ὃς
866 574 931 627 ἂν
967 578 1306 649 ἐπαισχυνθῇ
1368 598 1434 649 με
1482 585 1577 636 καὶ
1624 587 1750 648 τοὺς
1778 588 1961 657 Δἐμοὺς

372 663 591 731 λόγους,
624 664 814 719 τοῦτον
846 668 941 720 καὶ
980 670 1007 721 ό
1050 670 1177 732 Υἱὸς
1219 671 1313 724 τοῦ
1345 672 1634 742 ἀνθρώπου
1664 679 1956 747 ἐπαισχυν-

373 753 606 824 θήσεται
663 758 720 807 ὲν
770 760 836 827 τῇ
869 758 996 832 δόξῃ
1026 761 1216 828 αὐτοῦ,
1249 763 1344 816 καὶ
1397 765 1488 818 τοῦ
1527 768 1738 838 Πατρδς
1770 771 1959 837 αὑτοῦ,

369 845 604 900 καὶτῶν
644 848 897 916 ἀγγέλων
942 852 1051 905 τῶν
1098 854 1293 919 ἁγίων.
1335 873 1352 907 ι
1394 858 1536 927 Πρὸς
1585 859 1643 912 τδ
1700 860 1957 933 δεύτερον

367 939 631 1009 διεγείρει
678 942 827 1010 ἡμᾶς
872 944 899 996 ὁ
939 942 1100 1013 ζῆλος
1141 948 1236 999 καὶ
1279 948 1311 1018 ἡ
1369 949 1557 1021 ἀγάπη
1601 952 1634 1021 ἡ
1669 953 1954 1024 άδελφική.

371 1030 536 1085 Ὅθεν
575 1034 670 1086 καὶ
716 1037 780 1105 τῇ
838 1037 1098 1108 ἀνωτέρω
1139 1040 1413 1113 εἰρημένῃ
1451 1044 1639 1115 ἐντολῇ
1673 1050 1805 1117 περὶ
1849 1047 1950 1116 τῆς

366 1120 587 1190 ἀγάπης
618 1123 713 1177 τοῦ
743 1123 879 1178 Θεοῦ
906 1129 1129 1196 ἀμέσως
1157 1131 1488 1186 συνάπτεται
1517 1136 1550 1205 ἡ
1602 1137 1789 1207 ἐντολὴ
1821 1139 1953 1209 περὶ

368 1213 471 1285 τῆς
497 1215 722 1285 ἀγάπης
744 1219 841 1272 τοῦ
872 1219 1120 1290 πλησίον.
1153 1223 1324 1278 Ὅταν
1346 1226 1457 1295 γὰρ
1475 1227 1716 1295 λέγεται,
1757 1248 1775 1281 ι
1797 1230 1957 1299 Ἀγα-

2068 522 2169 560 nos
2208 507 2357 561 zelus
2397 519 2452 562 et
2503 525 2657 563 amor
2716 511 3011 568 fraternus.
3073 516 3229 572 Unde
3278 530 3331 573 et
3378 527 3645 590 superiori

2067 598 2326 652 mandato
2380 600 2446 653 de
2483 601 2778 657 dilectione
2829 603 2924 659 Dei
2975 607 3286 669 immediate
3335 613 3651 685 adjungitur

2070 698 2401 757 prmceptum
2437 691 2502 745 de
2548 692 2844 749 dilectione
2880 698 3291 764 proximLCum
3330 704 3475 757 cnim
3517 707 3647 761 dici-

2070 788 2192 831 tur:
2220 798 2236 830 ι
2278 781 2474 850 Diliges
2497 782 2787 837 Dominttm
2816 786 2984 841 Deum
3022 798 3193 855 tttum,
3221 812 3237 842 ι
3266 806 3394 859 ete.,
3418 797 3648 866 subjun-
3724 793 3731 802 ’

2066 870 2213 939 gitur
2241 878 2295 925 et
2323 873 2505 926 statim
2542 892 2554 927 :
2593 894 2609 926 ι
2655 886 2710 929 et
2741 878 3051 946 proximum
3114 891 3263 937 tuum
3302 885 3443 942 sicut
3483 896 3534 942 te
3562 890 3647 959 ip-

2065 978 2210 1027 sum,
2248 984 2265 1015 ι
2307 965 2359 1019 id
2391 976 2497 1024 est.
2535 968 2601 1021 ad
2636 969 2889 1023 eumdem
2918 969 3101 1035 linem,
3127 978 3192 1027 ad
3221 978 3466 1031 eannlem
3496 982 3644 1034 salu-

2064 1063 2170 1109 tem
2206 1065 2261 1110 et
2294 1057 2635 1123 felicitatem,
2666 1060 2730 1113 ad
2793 1077 2953 1128 quam
2990 1065 3222 1133 teipsum
3255 1068 3434 1138 diligis
3463 1079 3517 1123 et
3548 1071 3635 1125 di—

2061 1145 2215 1213 rigis,
2253 1148 2448 1214 diligas
2498 1158 2552 1203 et
2604 1151 2919 1220 proximum
2977 1163 3162 1221 tuum,
3209 1167 3259 1211 et
3309 1161 3557 1215 eamdem
3591 1162 3640 1217 ci

2056 1252 2321 1304 procures
2352 1240 2606 1297 salutem.

366 1305 566 1372 πήσεις
622 1308 828 1378 Κύριον
866 1312 956 1363 τὸν
1004 1314 1137 1367 Θεόν
1190 1333 1307 1380 σου,
1345 1337 1362 1369 ι
1402 1323 1493 1371 καὶ
1534 1320 1602 1372 τὰ
1637 1322 1823 1387 λοιπὰ,
1883 1325 2043 1391 εὐθὺς
2085 1331 2372 1397 ἐπάγεται,
2404 1353 2420 1383 ι
2457 1336 2548 1386 καὶ
2599 1336 2691 1386 τὸν
2726 1336 2955 1405 πλησίον
3018 1357 3113 1391 σου
3180 1340 3255 1403 ὡς
3319 1345 3565 1397 σαυτόν’
3617 1364 3634 1395 ι

364 1399 614 1452 τουτέστι
648 1401 786 1469 πρὸς
833 1402 894 1454 τὸ
957 1405 1093 1458 αὐτὸ
1159 1407 1332 1471 τέλος,
1395 1410 1531 1478 πρὸς
1573 1410 1671 1481 τὴν
1719 1415 1890 1486 αὐτὴν
1943 1420 2217 1488 σωτηρίαν
2265 1426 2357 1474 καὶ
2406 1424 2776 1495 εὐδαιμονίαν,
2826 1429 2969 1495 ’πρὸς
3048 1430 3116 1496 ἥν
3159 1432 3382 1482 σεαυτὸν
3422 1435 3639 1505 ἀγαπᾷς

367 1495 460 1545 καὶ
518 1492 883 1565 ὀιπευθῦνεις,⁸
924 1496 1233 1565 ἀγαπήσεις
1269 1501 1359 1553 καὶ
1409 1503 1502 1554 τὸν
1533 1504 1763 1573 πλησίον
1827 1525 1941 1574 σου,
1984 1514 2077 1562 καὶ
2124 1516 2221 1581 τὴν
2255 1514 2426 1585 αὐτὴν
2457 1517 2603 1587 αὐτῷ
2636 1520 2908 1587 φροντιεῖς
2943 1522 3242 1592 σωτηρίαν.

436 1586 684 1638 Γνωστὸν
710 1586 803 1639 οὖν
851 1588 992 1642 ἔστω
1026 1590 1175 1659 ὑμῖν,
1206 1594 1599 1661 ποθεινότατοι,
1633 1599 1793 1667 ἡμᾶς,
1814 1596 1928 1652 εἷνα

2126 1606 2326 1660 Nolunt
2380 1608 2564 1678 itaque
2615 1615 2684 1665 sit
2732 1613 2908 1679 vobis,
2956 1615 3321 1684 dilectissimi,
3376 1637 3474 1677 nos
3514 1640 3637 1685 esse

368 1678 588 1741 αὐτοὺς,
629 1678 740 1731 ἀπὸ
771 1680 983 1733 πολλῶν
1020 1682 1120 1751 ἦίη
1152 1684 1414 1737 ἐνιαυτῶν
1448 1691 1514 1758 τῇ
1544 1689 1812 1763 θεραπείᾳ
1852 1695 1945 1748 τοῦ

364 1769 499 1820 Θεοῦ
537 1770 972 1840 ἀφιερωμένους,
1015 1774 1063 1825 εἰ
1117 1775 1211 1826 καὶ
1255 1777 1507 1842 ἀναξίους
1557 1784 1652 1834 καὶ
1687 1785 1947 1851 ἁμαρτω-

362 1862 509 1925 λοὺς,
562 1862 658 1914 καὶ
694 1867 1146 1934 πεφυτευμένους
1178 1868 1237 1918 ὲν
1265 1868 1340 1937 τῷ
1372 1872 1504 1940 οίκῳ
1546 1874 1773 1944 Κυρίου,
1811 1877 1946 1945 πρὸς

358 1951 419 2003 τὸ
449 1951 681 2021 μελετᾷν
732 1956 789 2005 ἐν
835 1954 911 2022 τῷ
940 1956 1090 2023 νόμῳ
1119 1958 1286 2011 αὑτοῦ
1320 1961 1533 2030 ἡμέρας
1587 1963 1684 2015 καὶ
1724 1966 1940 2029 νυκτὲς,

358 2046 451 2095 καὶ
488 2046 545 2095 ἐν
573 2048 639 2114 τῇ
682 2046 902 2115 ἀκριϐεῖ
941 2049 1141 2120 μελέτῃ
1191 2048 1481 2107 αὑτοῦκαὶ
1510 2055 1757 2121 ἐξετάσει
1807 2058 1942 2127 άλη-

308 2150 315 2155 ·
356 2132 596 2188 θέστατα
619 2134 1004 2207 ἐδιδάχθημεν,
1058 2140 1140 2193 ὅτι
1186 2143 1218 2211 ἡ
1267 2143 1450 2207 πίστις
1503 2147 1599 2219 τῆς
1638 2147 1939 2219 καθολικῆς

368 2224 696 2294 Ἐκκλησίας
742 2228 850 2279 τῶν
891 2230 1258 2298 Χριστιανῶν,
1295 2229 1515 2303 ἧστινος
1546 2218 1712 2304 »ἡμεῖς
1770 2241 1940 2308 ἐσμεν

353 2314 710 2385 ὁμολογηταὶ,
757 2316 902 2370 ἐστιν
937 2318 1284 2393 ἀληθεστάτη
1314 2365 1326 2386 ,
1369 2325 1629 2394 οὐδεμίαν
1669 2329 1727 2381 ὲν
1768 2329 1936 2400 ἑαυτῇ

353 2410 689 2477 περιέχουσα
714 2408 932 2479 ἀπάτην
983 2412 1014 2483 ἢ
1061 2413 1277 2481 ψεῦδος.
1330 2418 1440 2469 Καὶ
1489 2420 1548 2471 τὸ
1605 2420 1938 2489 Εὐαγγέλιον

349 2496 445 2551 τοῦ
471 2500 708 2569 Χριστοῦ
749 2502 866 2554 ἐστι
897 2502 1059 2571 νόμος
1102 2504 1239 2558 Θεοῦ
1296 2508 1549 2578 άμωμοῖ,
1583 2514 1936 2583 ἐπιστρέφων

352 2588 449 2651 τὰς
501 2589 700 2660 ψυχάςο
758 2594 1036 2665 μαρτυρία
1083 2596 1178 2648 τοῦ
1240 2599 1445 2669 Κυρίου
1497 2604 1690 2665 πιστὴ,
1744 2609 1937 2672 σοφίαν

354 2682 610 2751 παρέχων
646 2686 885 2752 νηπίοις.
934 2686 1286 2741 Δικαιοσύναι
1338 2692 1543 2760 Κυρίου
1582 2694 1815 2759 εὐθεῖαι,
1846 2697 1935 2748 εὖ·

352 2776 676 2844 φραίνουσαι
728 2779 980 2849 καρδίας·
1018 2782 1208 2855 ἐντολὴ
1245 2785 1456 2854 Κυρίου
1493 2788 1795 2859 τηλαυγὴς,
1828 2808 1937 2857 φω·

346 2866 575 2930 τίςουσα
619 2870 954 2940 ὀρθαλμοὺς,
1023 2874 1099 2937 ὡς
1155 2875 1251 2929 ἀπ’
1294 2879 1462 2931 αὐτοῦ
1515 2881 1608 2933 τοῦ
1658 2882 1793 2935 Θεοῦ
1837 2884 1931 2937 καὶ

2051 1697 2302 1751 homines
2337 1701 2446 1768 jam
2480 1717 2507 1753 a
2558 1703 2807 1770 plur'bus
2841 1707 3001 1761 annis
3036 1709 3224 1763 divino
3263 1713 3432 1766 cultui
3471 1715 3632 1767 dedi-

2049 1798 2223 1849 catos,
2256 1788 2384 1843 licet
2416 1791 2670 1859 indignos
2702 1805 2758 1847 et
2792 1780 3132 1865 peccatores,
3165 1802 3545 1875 plantatosque
3581 1809 3632 1861 in

2048 1878 2211 1930 domo
2243 1879 2454 1933 Domini
2491 1883 2555 1935 ad
2591 1885 2963 1941 meditandum
2998 1890 3051 1943 in
3087 1891 3202 1961 lege
3248 1893 3419 1961 ipsius
3450 1898 3538 1949 die
3570 1913 3632 1952 ac

2047 1977 2224 2021 nocte.
2262 1968 2318 2021 In
2355 1972 2511 2037 Cujus
2544 1973 2787 2041 diligenti
2835 1977 3191 2034 meditatione
3223 1992 3277 2035 et
3320 1998 3631 2051 perscruta-

2048 2059 2191 2112 tione
2225 2063 2504 2115 verissime
2542 2065 2855 2130 didicimus,
2898 2072 3044 2137 quod
3079 2072 3212 2126 fides
3243 2074 3506 2131 Ecclesia:
3542 2096 3629 2132 ca-

2048 2152 2261 2206 tholicae
2293 2155 2766 2222 Christianorum,
2799 2161 2958 2228 cujus
2990 2177 3089 2217 nos
3122 2178 3312 2219 sumtis
3360 2171 3629 2235 profesm-

2043 2256 2156 2303 res,
2193 2252 2275 2295 est
2312 2244 2621 2310 verissima,
2671 2247 2874 2301 nullatu
2918 2249 2973 2303 in
3011 2266 3070 2306 se
3102 2255 3392 2309 continens
3424 2258 3627 2313 falsita-

2046 2338 2153 2384 tem
2186 2341 2282 2385 aut
2315 2326 2685 2389 mendacium.
2717 2336 2782 2390 Et
2815 2338 3170 2409 Evangelium
3198 2344 3399 2398 Christi
3430 2362 3512 2401 est
3542 2352 3623 2402 lex

2046 2420 2259 2476 Domini
2305 2426 2673 2493 immaculata,
2714 2443 3043 2487 convertens
3089 2437 3327 2499 animas;
3381 2442 3627 2493 testium-

2042 2515 2194 2567 nium
2227 2515 2444 2571 Domini
2481 2519 2662 2582 lidele,
2696 2523 3021 2591 sapientiam
3052 2535 3320 2595 prazstans
3353 2534 3618 2598 parvttiia

2038 2607 2274 2663 Justitia:
2309 2608 2524 2666 Domini
2558 2626 2740 2679 recta},
2784 2616 3123 2673 lzetitieantes
3154 2621 3320 2675 corda
3357 2639 3367 2673 :
3415 2639 3616 2692 praece-

2038 2711 2193 2769 ptum
2228 2704 2445 2758 Domini
2484 2706 2753 2772 lucidum,
2804 2710 3122 2766 illuminans
3166 2715 3375 2781 oculos,
3436 2726 3622 2785 utpote
3724 2708 3729 2709 ί

2036 2795 2107 2848 ab
2140 2794 2262 2863 ipso
2296 2796 2407 2850 Deo
2437 2797 2595 2853 Patre
2632 2816 2728 2868 per
2765 2798 3001 2855 Verbum
3039 2818 3223 2869 suum,
3261 2821 3358 2873 per
3400 2808 3622 2875 sapien-

2041 2887 2170 2939 tiam
2212 2903 2391 2952 suam,
2442 2905 2536 2959 per
2588 2893 2765 2960 ipsum
2819 2894 3158 2965 unigenitum
3201 2913 3358 2950 suum
3399 2899 3617 2959 Filium,

348 2959 557 3030 Πατρὸς
584 2961 670 3015 διὰ
697 2964 789 3017 τοῦ
821 2965 997 3033 Λόγου
1029 2968 1220 3035 αὑτοῦ,
1252 2970 1340 3023 διὰ
1368 2975 1468 3039 τῆς
1496 2974 1689 3041 σοφίας
1727 2975 1923 3043 αὑτοῦ,

2040 2995 2135 3048 per
2162 2996 2323 3049 quem
2354 2984 2667 3037 universam
2696 3000 2761 3039 ex
2795 2986 2966 3041 nihilo
2998 2989 3256 3057 produxit
3284 3000 3617 3050 creaturam.

345 3052 413 3104 δι’
438 3052 601 3106 αὐτοῦ
636 3054 730 3107 τοῦ
769 3057 1095 3126 μονογενοῦς
1144 3060 1275 3114 Υίοῦ
1310 3063 1502 3129 αὑτοῦ,
1534 3066 1602 3117 δι’
1640 3062 1699 3120 οὗ
1749 3070 1932 3133 πᾶσαν

348 3143 530 3196 ἑκτοῦ
580 3146 803 3217 μηδενὸς
868 3152 1164 3222 παρήγαγε
1241 3156 1467 3219 κτίσιν,
1538 3160 1928 3230 νομοθετηθεὶς

348 3234 453 3286 ὑπὸ
484 3235 591 3288 τῶν
613 3239 997 3310 πατριαρχῶν,
1050 3242 1378 3306 πολυτύπως
1422 3247 1788 3315 προορισθεὶς,
1824 3251 1929 3302 ὑπὸ

337 3324 457 3378 τῶν
516 3329 815 3398 προφητῶν
871 3333 1247 3402 προρῤηθεὶς,
1308 3337 1400 3387 καὶ
1439 3338 1717 3405 διαιρόροις
1757 3334 1932 3405 αἰνίγ-

349 3423 614 3485 μασι“καὶ
651 3420 844 3484 τύποις
890 3424 1273 3492 προ-τυπωθεὶς
1298 3426 1405 3497 πρὸ
1440 3428 1652 3480 πολλῶν
1688 3431 1925 3498 χρόνων,

344 3508 402 3561 ὲν
436 3510 685 3581 ἐκατέρῳ
724 3511 802 3583 τῷ
855 3513 969 3584 λαῷ
1001 3515 1097 3568 τοῦ
1144 3515 1303 3583 Θεοῦ,
1346 3517 1425 3588 τῷ
1485 3537 1544 3572 τε
1594 3520 1924 3592 καλουμένῳ

348 3604 457 3654 τῶν
504 3604 779 3657 Ἰουδαίων
812 3608 907 3659 καὶ
956 3606 1033 3677 τῷ
1088 3608 1197 3661 τῶν
1228 3608 1432 3661 ἐθνῶνν
1482 3610 1576 3664 καὶ
1607 3610 1834 3681 ὕστερον
1858 3614 1925 3666 δι’

342 3696 512 3765 αὐτῆς
550 3697 647 3766 τῆς
680 3695 832 3762 θείας
868 3700 1065 3768 σοφίας
1093 3700 1583 3773 ἐνανθρωπισάσης
1618 3704 1694 3772 τῷ
1735 3706 1925 3775 κόσμῳ

341 3788 675 3858 παραδοθείς
705 3808 764 3843 τε
791 3793 885 3844 καὶ
916 3792 1281 3862 φανερωθεὶς,
1309 3793 1637 3863 θαυμασίοις
1674 3798 1924 3868 σημείοις

342 3879 439 3931 καὶ
472 3878 733 3949 δυνάμεσι
777 3881 1121 3951 βεδαιωθεὶς,
1160 3883 1267 3936 ὑπὸ
1315 3884 1423 3937 τῶν
1466 3886 1785 3939 ἀποστόλων
1825 3906 1927 3958 κη·

342 3969 587 4038 ρυχθεὶς,
629 3971 724 4023 καὶ
756 3971 835 4042 τῷ
864 3972 1061 4051 αἵματι
1096 3975 1494 4044 καθαγιασθεὶς
1534 3977 1699 4033 αὐτοῦ
1742 3997 1800 4032 τε
1832 3982 1923 4033 τοῦ

341 4061 631 4129 νομοδότου
677 4063 854 4133 Ἰησοῦ
908 4066 1176 4134 Χριστοῦ,
1229 4067 1328 4120 καὶ
1359 4068 1542 4121 αὐτῶν
1583 4068 1695 4122 τῶν
1750 4071 1923 4138 ἁγίων

336 4156 679 4222 ἀποστόλων,
732 4159 829 4210 καὶ
870 4158 980 4212 τῶν
1029 4160 1431 4230 ἀναριθμήτων
1458 4162 1660 4230 ἑφεξῆς
1706 4166 1922 4234 μαρτύο

340 4264 476 4314 ρων,
510 4247 619 4300 τῶν
668 4266 725 4301 τε
764 4249 939 4317 ἁγίων
972 4251 1067 4303 τοῦ
1125 4252 1364 4321 Χριστοῦ
1412 4255 1770 4325 ὁμολογητῶν
1824 4259 1917 4309 καὶ

338 4340 686 4393 διδασκάλων
728 4344 939 4411 ῥήμασι
1000 4342 1094 4395 καὶ
1153 4345 1570 4414 παραδείγμασι
1634 4348 1916 4416 πολλαχῶς

344 4434 443 4484 καὶ
485 4434 809 4501 θαυμασίως
842 4435 1205 4503 φανερωθεὶς,
1252 4439 1348 4489 καὶ
1381 4436 1489 4489 τῶν
1510 4438 1701 4505 ⁴ἁγίων
1732 4439 1917 4507 χηρῶν

338 4525 438 4575 καὶ
500 4526 787 4593 παρθένων
850 4526 968 4596 θείᾳ
1009 4527 1283 4598 μᾶλλονῆ
1344 4528 1663 4602 ἀνθρωπίνῃ
1712 4532 1916 4599 ἐγκρα-

334 4615 455 4685 τείᾳ
512 4619 607 4668 καὶ
660 4618 997 4687 καθαρότητι
1034 4620 1339 4690 παρθενικῇ
1375 4623 1770 4689 στεφανωθεὶς,
1815 4623 1912 4674 καὶ

331 4709 399 4776 τῇ
439 4708 550 4760 τῶν
612 4711 1023 4777 μετανοούντων
1072 4711 1255 4765 αὐτῶν
1310 4712 1593 4783 θαυμασία
1648 4714 1916 4783 καθάρσει

333 4799 476 4868 ὑπὲρ
514 4802 670 4868 χιόνα
721 4802 1066 4864 λευκανθείς.
1126 4803 1215 4854 Ἐν
1251 4804 1419 4872 ὁποίῳ
1464 4805 1614 4873 νόμῳ
1644 4805 1818 4856 πάντα
1854 4806 1919 4855 τὰ

330 4892 424 4943 τὸν
478 4892 813 4962 ἀνθρώπινον
856 4895 1257 4963 ὑπερϐαίνοντα
1289 4897 1417 4947 νοῦν
1444 4896 1826 4965 κηρύττονται,
1864 4898 1918 4947 al

329 4986 429 5055 τῆς
464 4987 667 5056 σαρκὸς
720 4988 907 5057 ἡδοναὶ
971 4988 1312 5052 κωλύονται,
1372 4991 1438 5042 τὰ
1498 4992 1556 5040 ἐν
1596 4989 1673 5057 τῷ
1729 4988 1921 5057 κόσμῳ

330 5083 513 5131 πάντα
558 5080 905 5133 διδάσκονται
946 5082 1437 5150 καταφρονεῖσθαι,
1480 5083 1550 5133 τὰ
1592 5080 1649 5133 (Σὲ
1709 5081 1920 5149 ἀόρατα

2036 3074 2242 3127 dictata
2276 3090 2302 3127 a
2337 3076 2666 3143 patriarchis
2704 3078 2891 3131 multis
2929 3083 3275 3150 pratsignala,
3308 3097 3335 3135 a
3384 3085 3620 3151 prophe-

2038 3167 2107 3221 tis
2144 3168 2410 3235 prmdicta
2457 3170 2624 3222 variis
2667 3172 3051 3241 tenigmatihus
3081 3151 3389 3244 etdiguris,
3430 3178 3618 3231 multis

2038 3270 2200 3313 antea
2234 3262 2448 3314 szeculis
2479 3262 2620 3330 apttd
2652 3272 2946 3333 utrumque
2974 3269 3232 3335 populum
3263 3269 3377 3334 Dei,
3406 3269 3618 3328 scilicet

2032 3350 2125 3419 qui
2155 3350 2468 3404 Iudaeorum
2501 3353 2811 3418 dicebatur,
2842 3364 2898 3407 et
2927 3358 3211 3423 gentllem,
3246 3363 3612 3430 prmligurata.

2034 3441 2097 3493 Et
2134 3442 2349 3494 tandem
2390 3458 2487 3511 per
2518 3444 2688 3511 ipsam
2720 3443 2960 3497 divinam
2996 3448 3318 3515 sapientiam
3354 3452 3588 3506 humana

2035 3538 2140 3582 tam
2195 3530 2403 3584 mundo
2452 3530 2675 3595 tradita,
2729 3542 2783 3585 et
2833 3532 3203 3597 manifestata,
3263 3538 3613 3590 mirabilibus

2030 3619 2205 3688 signis
2237 3628 2291 3671 et
2325 3621 2594 3688 portentis
2622 3620 2966 3682 conﬁrmata,
2998 3622 3067 3676 ab
3110 3625 3373 3692 apostolis
3420 3626 3613 3694 praedi-

2030 3720 2148 3765 cata
2186 3727 2201 3763 :
2246 3712 2415 3780 ipsius
2450 3711 2782 3780 legislatoris
2822 3712 2950 3767 Jesu
2983 3713 3209 3776 Christi,
3250 3717 3606 3786 ipsorumque

2030 3817 2256 3854 suorum
2313 3803 2714 3870 apostolorum,
2770 3811 2825 3858 et
2872 3805 3367 3859 innumerabilium
3417 3811 3610 3862 subse-

2030 3892 2321 3960 qucntium
2350 3905 2650 3962 martyrum
2682 3895 2948 3965 sanguine
2987 3908 3309 3950 consecrata
3340 3916 3351 3951 :
3386 3908 3575 3953 sancto
3596 3929 3609 3939 ρ

2031 4000 2153 4037 rum
2196 3982 2399 4038 Christi
2449 3985 2827 4059 confessorum
2878 3995 2933 4040 et
2986 3988 3272 4041 doctorum
3336 3990 3516 4043 verbis
3554 4006 3609 4043 (ιι

2026 4076 2294 4143 exemplis
2358 4076 2744 4145 multipliciter
2790 4085 2845 4131 et
2902 4077 3229 4132 mirabiliter
3283 4079 3603 4133 declarata:

2028 4177 2344 4220 Sanctarum
2392 4168 2684 4221 viduarum
2739 4178 2793 4222 et
2842 4169 3115 4239 virginum
3186 4169 3373 4222 divina
3424 4171 3607 4238 potius

2028 4275 2189 4327 quam
2226 4260 2463 4311 humana
2500 4260 2840 4312 continentia
2872 4269 2926 4312 et
2967 4262 3204 4327 puritate
3236 4262 3485 4328 virginali
3513 4264 3607 4315 dc-

2024 4364 2207 4405 cornta
2242 4369 2255 4405 :
2296 4356 2538 4418 ipsomm
2589 4352 2908 4419 pmnitentia
2952 4351 3238 4405 inirabibili
3279 4354 3604 4422 purgatione

2025 4458 2191 4509 Super
2240 4442 2421 4494 nivem
2473 4442 2744 4494 dcalbata.
2800 4440 2855 4493 In
2890 4458 2995 4510 qua
3035 4458 3251 4495 omnem
3299 4446 3600 4496 humanum

2024 4532 2363 4587 intellectum
2414 4532 2734 4587 excedentia
2812 4534 3206 4601 praedicantur,
3296 4536 3603 4603 voluptates

2023 4625 2207 4677 carnis
2233 4623 2583 4689 cohibentur,
2613 4624 2944 4693 omnia.qu
2968 4624 3021 4677 in
3054 4626 3257 4678 mundo
3288 4636 3435 4688 sunt,
3468 4641 3602 4679 con-

2024 4716 2193 4770 temni
2227 4717 2515 4782 docentur,
2549 4727 2603 4771 et
2638 4716 2958 4777 invisibilia,
2998 4717 3404 4779 immaterialia,
3439 4719 3604 4785 spiri-

2022 4810 2213 4869 tualia,
2243 4819 2297 4861 et
2330 4821 2558 4871 aeterna,
2595 4824 2700 4861 non
2739 4809 2921 4877 qualia
2968 4824 3093 4861 caro
3122 4817 3176 4861 ct
3219 4809 3440 4875 sanguis
3475 4825 3599 4876 per-

2020 4899 2273 4963 suadent,
2319 4900 2739 4967 premittuntur,
2800 4907 2857 4952 ct
2902 4908 2958 4951 ut
2984 4914 3105 4951 cum
3161 4899 3430 4954 Al'corano
3472 4916 3600 4952 con-

2019 4990 2326 5051 cludamus,
2366 4991 2417 5042 in
2466 5006 2573 5058 qua
2605 5000 2689 5043 est
2734 4990 2985 5051 directio,
3032 4999 3088 5044 et
3143 4994 3237 5044 lux
3291 5000 3346 5045 et
3397 4992 3597 5045 veritas

2022 5078 2331 5131 manifesta.

332 5177 428 5228 καὶ
472 5178 633 5242 saxa,
670 5179 765 5229 καὶ
832 5176 1179 5247 πνευματικὰ
1223 5180 1330 5232 καὶ·
1361 5178 1579 5243 αἰώνια,
1625 5179 1723 5247 οὐχ
1764 5178 1927 5230 ὁποῖα
1968 5178 2001 5247 η
2039 5176 2176 5245 σὰρξ
2242 5176 2336 5227 καὶ
2398 5175 2460 5226 τὸ
2512 5170 2651 5244 αἷμα
2689 5176 3172 5245 συμϐουλεύουσιν,
3218 5177 3581 5245 ἐπαγγέλλονο

330 5286 443 5323 ται·
481 5273 577 5323 καὶ
629 5272 715 5323 ἵνα
751 5271 891 5341 μετὰ
921 5273 1015 5324 τοῦ
1063 5272 1391 5342 Ἀλκοράνου
1442 5273 1908 5341 συμπεράνωμεν,
1948 5272 2005 5324 ὲν
2042 5264 2085 5338 ᾧ
2121 5272 2271 5321 ἐστιν
2326 5270 2359 5338 ἡ
2428 5267 2734 5337 διόρθωσις,
2788 5270 2880 5322 καὶ
2922 5269 2981 5320 τὸ
3019 5270 3155 5338 φῶς,
3218 5272 3313 5321 καὶ
3347 5272 3377 5335 ὴ
3418 5285 3578 5334 φανε-

330 5367 570 5435 ρωθεῖσα
604 5366 851 5436 ἀλήθεια.

400 5458 568 5511 Ὅσον
618 5456 713 5511 οὖν
777 5460 913 5529 πρὸς
960 5460 1022 5511 τὸ
1079 5459 1300 5529 πρῶτον
1363 5459 1460 5531 ὅλῃ
1521 5460 1618 5528 τῆς
1670 5458 1911 5521 διανοίας

333 5551 488 5621 ἡμῶν
547 5555 611 5624 τῇ
668 5551 871 5623 σχέσει,
925 5554 1022 5625 ὅλῃ
1073 5555 1170 5623 τῆς
1223 5552 1444 5623 καρδίας
1498 5551 1597 5622 τῆς
1631 5551 1905 5623 ἡμετέρας

397 5694 447 5730 ⁴⁹
487 5697 678 5751 Matth.
721 5713 772 5762 χ,
811 5697 902 5749 52.

2093 5458 2365 5525 Quantum
2406 5458 2571 5528 igitur
2598 5457 2662 5510 ad
2696 5456 2953 5526 primum,
3005 5465 3114 5511 tota
3169 5459 3366 5511 ntrntls
3399 5469 3593 5512 nostra:

2016 5551 2331 5620 devotione,
2366 5560 2477 5607 toto
2508 5550 2691 5606 cordis
2728 5550 2898 5605 nostri
2947 5549 3226 5607 desiderio
3278 5561 3331 5607 ct
3380 5552 3593 5607 fervore

2757 5790 2821 5821 /..;
