3904 6216
1625 204 1635 230 Ι

355 309 487 375 ἓὶὓἹ

1561 312 1861 371 CONTRA
1902 284 2424 373 MAHOMETEM.

3468 317 3600 378 i158

346 426 651 492 δαιμονίαςο
676 426 772 478 καὶ
800 426 955 480 τοῦτο
983 427 1071 479 διὰ
1098 426 1209 478 τῶν
1243 424 1476 478 ἐντολῶν
1511 427 1606 475 καὶ
1648 424 1757 475 τῶν
1793 425 1918 493 ἁρεο

2023 434 2313 492 cognoscat
2362 425 2502 478 hanc
2550 425 2689 479 viam
2743 434 2896 479 extra
2938 439 3101 495 quam
3138 441 3244 478 non
3297 438 3381 480 est
3428 440 3598 481 salus.

349 516 484 570 τῶν.
529 515 719 577 Ὅστις
766 512 860 570 οὖν
887 518 1028 570 θέλει
1064 518 1326 584 σωθῆναι,
1369 516 1474 586 πρὸ
1505 516 1722 568 πάντων
1761 515 1920 583 χρεία

352 608 501 657 ἐστὶν
525 606 675 675 αὐτῷ
707 610 935 676 κρατεῖν
963 610 1063 677 τὴν
1093 608 1389 678 καθολικὴν
1423 607 1626 669 πίστιν,
1667 605 1915 672 δηλονότι

350 692 451 759 τῆς
508 692 807 761 καθολικῆς
860 694 1192 764 Ἐκκλησίας
1256 693 1364 745 τῶν
1423 690 1788 758 Χριστιανῶν,
1840 693 1915 754 ὡς

350 783 488 853 αὐτῇ
520 785 588 854 τῇ
637 782 935 855 Ἐκκλησία
964 785 1051 838 διά
1090 784 1186 837 τοῦ
1231 781 1570 851 Εὐαγγελίου
1606 783 1919 852 παραδίδω-

256 912 263 919 .
353 888 458 935 σιν,
496 870 582 924 ἵνα
612 870 940 941 φωτίζηται,
974 875 1071 926 xui
1127 872 1327 943 βλέπῃ,
1382 872 1477 925 xui
1508 870 1921 941 ytxtboxnxud—

260 990 263 995 ν
350 977 451 1029 την
504 960 603 1030 τὴν
647 960 784 1026 ὁδὸν,
817 956 885 1034 ἦς
938 961 1044 1025 ἔξω
1085 962 1147 1015 οὐ
1190 962 1416 1017 δύναται
1453 960 1737 1026 σώζεσθαι.
1763 963 1920 1015 Μετά

352 1051 547 1115 ταῦτα,
609 1052 697 1115 ἵνα
745 1053 814 1105 τά
863 1056 1144 1124 μυστήρια
1173 1055 1273 1124 τῆς
1314 1052 1642 1123 Ἑκκλησίας
1673 1052 1923 1116 εὐλαϐῶς

2035 514 2239 569 Deinde
2276 526 2335 568 ut
2378 525 2722 570 sacramenta
2774 516 3026 571 Ecclesia:
3074 526 3390 570 reverenter
3423 519 3599 571 susci-

2029 607 2162 673 piat,
2199 616 2259 660 ut
2292 616 2527 675 ponatur
2563 607 2618 660 in
2667 609 2753 663 via
2799 624 2898 676 per
2933 623 3094 677 quam
3131 622 3354 661 necesse
3406 618 3492 661 est
3532 608 3598 661 ad

2029 696 2258 750 salutem
2292 697 2597 751 ambulare.
2632 695 2871 759 Tandem
2901 706 2961 751 ut
2988 699 3157 767 possit
3193 698 3485 753 terminum
3514 715 3601 752 sa-

2026 782 2157 837 lutis
2181 793 2237 837 et
2266 783 2543 838 felicitatis
2572 785 2786 840 'secure
2817 788 3105 856 attingere,
3138 803 3277 857 Opus
3306 799 3388 843 est
3420 798 3480 844 ut
3504 791 3600 843 oh-

2028 883 2209 928 servet
2232 876 2546 944 cvangclica
2575 888 2845 946 praecepta
2877 888 2934 933 et
2978 878 3185 945 divina,
3211 888 3267 933 ct
3297 880 3608 934 secundum;

2027 961 2261 1020 virtules
2292 966 2634 1037 theologicas
2666 967 2874 1037 pariter
2898 977 2955 1022 et
2983 971 3219 1025 morales
3247 985 3403 1025 suam
3432 971 3601 1025 vitam

2030 1055 2269 1119 ordinet,
2301 1064 2356 1110 et
2384 1066 2665 1127 operetur.

353 1143 701 1210 ἀναδέξηται,
745 1143 821 1207 ὡς
870 1145 938 1198 ἀν
992 1146 1126 1217 τεθῇ
1175 1148 1234 1201 ὲν
1262 1148 1329 1216 τῇ
1365 1145 1491 1215 ὁδῷ,
1525 1146 1596 1198 δι’
1642 1140 1712 1217 ἦς
1779 1145 1993 1214 ἀνάγκη
2038 1146 2189 1198 ἐστὶν
2218 1148 2427 1200 ὁδεύειν
2458 1150 2597 1219 πρὸς
2641 1151 2742 1219 τὴν
2772 1150 3070 1220 σωτηρίαν.
3102 1151 3394 1221 ’Υστερον,
3426 1153 3501 1215 ὡς
3536 1152 3606 1205 ἂν

357 1235 565 1304 δυνηθῇ
598 1236 734 1305 πρὸς
765 1236 855 1288 τὸν
886 1237 1014 1307 ὅρον
1047 1240 1146 1307 τῆς
1192 1240 1467 1307 σωτηρίας
1531 1235 1628 1291 καὶ
1688 1236 1786 1306 τῆς
1847 1237 2195 1308 εὐδαιμονίας
2245 1240 2507 1307 ἀσφαλῶς
2556 1240 2780 1308 φθάσαι,
2835 1245 2991 1310 χρεία
3022 1244 3170 1296 ἐστὶν
3230 1246 3603 1317 ivx-(puncta

351 1327 451 1389 τὰς
483 1326 850 1393 εὐαγγελικάς
892 1330 1112 1392 ἐντολὰς
1164 1331 1261 1383 xui
1327 1331 1479 1393 θείας
1507 1370 1522 1395 ,

354 1419 554 1471 ἑαυτοῦ
596 1418 742 1489 ζωὴν
788 1421 960 1494 τάττῃ
991 1424 1086 1475 xui
1131 1423 1357 1491 ἐνεργῇ.

1592 1329 1687 1382 xui
1730 1331 1871 1382 κατά
1909 1330 2007 1394 τάς
2048 1332 2250 1399 ἀρετάς
2302 1334 2399 1394 τὰς
2455 1334 2771 1401 θεολογικάς
2820 1336 2955 1403 ὁμοῦ
3003 1338 3097 1389 xui
3138 1340 3234 1398 τὰς
3268 1339 3465 1407 ἠθικὰς
3499 1343 3605 1408 τὴν
3684 1388 3700 1402 ,

422 1512 544 1580 Χρὴ
596 1512 794 1575 τοίνυν,
844 1505 889 1564 ὧ
934 1513 1323 1575 ποθεινότατοι,
1373 1512 1460 1565 διὰ
1493 1513 1593 1583 τὴν
1646 1514 1919 1583 σωτηρίαν

2099 1513 2330 1584 Oportet
2393 1532 2547 1588 ergo,
2608 1517 2974 1584 dilectissimi,
3031 1534 3132 1588 pro
3182 1530 3361 1574 vestra
3427 1524 3604 1577 salute

354 1603 530 1671 ὐμῶν,
558 1602 655 1655 xui
683 1604 810 1672 περὶ
834 1602 929 1654 τοῦ
958 1602 1095 1655 Θεοῦ
1129 1605 1224 1657 καὶ
1260 1607 1389 1673 περὶ
1429 1604 1527 1672 τῆς
1578 1605 1925 1675 προειρημέ-

354 1711 450 1762 νης
472 1692 612 1757 ὁδοῦ,
634 1694 757 1763 ἥτις
782 1694 930 1747 ἐστὶν
953 1695 981 1747 ὀ
1011 1695 1266 1765 Χριστὸς,
1293 1694 1467 1758 ἄλλως
1493 1696 1587 1748 xui
1613 1696 1773 1749 πλέον
1796 1713 1925 1767 φρο-

354 1791 463 1837 νεῖν
496 1786 593 1839 xui
615 1786 755 1837 νοεῖν
787 1789 933 1854 παρὸ
974 1789 1033 1839 ἐν
1066 1785 1143 1855 τῷ
1187 1786 1499 1855 ’Λλκοράνῳ
1542 1786 1698 1856 ὑμῶν
1725 1787 1881 1856 ἔχετε
1904 1802 1920 1818 ·

354 1877 412 1928 ἐν
440 1869 611 1942 ᾧτινι,
644 1877 691 1928 εί
719 1876 812 1928 xui
836 1880 965 1948 περὶ
991 1876 1086 1931 τοῦ
1119 1877 1256 1929 Θεοῦ
1283 1880 1375 1930 xui
1400 1877 1563 1930 αὐτοῦ
1590 1877 1684 1930 τοῦ
1713 1878 1922 1947 Κυρίου

353 1966 514 2035 ἡμῶν
558 1965 735 2035 Ἰησοῦ
782 1967 1025 2037 Χριστοῦ
1072 1969 1243 2043 πολλὰ
1277 1970 1452 2041 ἀληθῆ
1496 1971 1592 2022 xui
1628 1972 1857 2039 φανερὰ,
1888 1971 1925 2024 ἀ.

354 2056 452 2109 καὶ
476 2058 635 2127 ἡμεῖς
670 2058 1062 2128 ὁμολογοῦμεν,
1112 2060 1291 2129 ἔχετε,
1316 2061 1465 2131 ὅμως
1497 2062 1631 2115 διότι
1675 2063 1736 2114 ού
1780 2060 1926 2114 κατά

350 2148 445 2201 τὸν
470 2149 632 2202 αὐτὸν
658 2150 877 2219 τρόπον,
911 2150 985 2213 ὡς
1014 2151 1151 2223 αὐτὴ
1200 2150 1233 2222 ἡ
1263 2152 1489 2222 ἀλήθεια
1533 2154 1593 2207 ὲν
1622 2152 1701 2224 τῷ
1741 2154 1924 2221 Εὐαγ-

352 2241 520 2311 γελίῳ
574 2242 940 2312 ἐφανέρωσεν,
978 2242 1104 2297 οὐδὲ
1151 2243 1372 2309 ἱκανῶς
1408 2245 1496 2299 διά
1524 2246 1681 2299 τοῦτο
1704 2246 1867 2310 αὐτὸς
1895 2248 1924 2299 ό

352 2332 516 2401 νόμος
567 2332 661 2385 τοῦ
706 2334 1035 2405 Ἀλκοράνου
1091 2337 1191 2388 οὐκ
1248 2336 1410 2407 ἀρκεῖ
1442 2338 1576 2409 πρὸς
1624 2340 1919 2410 σωτηρίαν.

352 2424 698 2494 Παραδίδωσι
718 2426 827 2495 γάρ
856 2428 988 2480 αὐτὸ
1018 2428 1079 2480 τὸ
1120 2428 1450 2499 Ἀλκοράνον
1484 2432 1614 2501 περὶ
1644 2431 1734 2483 τοῦ
1762 2431 1921 2498 Θεοῦ,

350 2513 434 2564 δτι
465 2513 612 2564 ἐστὶν
641 2508 740 2577 εἷς,
768 2514 1079 2584 ἀσώματος,
1118 2516 1301 2581 ἀύλος,
1336 2518 1591 2588 ἀόρατος,
1638 2520 1923 2590 ἀκατάλη-

351 2621 506 2669 πτος,
545 2596 755 2667 οὗτινος
783 2605 905 2659 οὔτε
958 2607 1183 2677 μέτοχος
1213 2647 1230 2674 ,
1266 2608 1390 2662 οὔτε
1441 2612 1699 2675 κοινωνός
1750 2613 1919 2665 ἐστιν·

352 2695 411 2745 ἐν
438 2698 503 2765 τῇ
560 2696 705 2764 χειρὶ
761 2696 927 2750 αὐτοῦ
980 2698 1093 2767 ζωὴ
1122 2700 1214 2752 καὶ
1262 2700 1515 2764 θάνατος’
1577 2702 1741 2763 αὐτὸς
1780 2704 1921 2775 ὑπὲρ

352 2785 533 2838 πάντα
562 2786 813 2852 δυνατὸς,
846 2787 986 2859 ὑπὲρ
1018 2791 1194 2845 πάντα
1222 2792 1609 2862 εὐλογημένοςο
1642 2794 1803 2857 αὐτὸς
1832 2795 1924 2864 δη-

356 2875 637 2976 μιουργὸς,
692 2877 1036 2976 κυϐερνήτης
1086 2882 1181 2934 xui
1228 2882 1523 2953 δικαιωτὴς
1573 2886 1679 2937 τῶν
1710 2886 1919 2956 ψυχῶν,
1950 2920 1992 2976 C

352 2967 447 3019 xui
478 2966 646 3019 πολλὰ
665 2967 821 3035 ἀλλα,
851 2970 1011 3023 ἀτινα
1037 2973 1132 3025 xui
1153 2974 1317 3042 ἡμεῖς
1343 2974 1561 3043 ἀληθῶς
1598 2976 1923 3048 πιστεύομεν

352 3059 451 3112 xui
480 3061 843 3131 κηρύττομεν.
910 3063 1055 3118 Ἀλλ’
1104 3064 1163 3117 έν
1193 3066 1387 3136 τούτῳ,
1424 3068 1505 3120 ὄτι
1552 3069 1801 3136 ἀρνεῖται
1830 3071 1923 3123 τὸν

351 3153 487 3205 θεὸν
518 3154 612 3206 xui
658 3154 899 3226 Πατέρα,
943 3157 1005 3209 οὐ
1041 3157 1322 3227 σαρκικῶς
1371 3161 1433 3211 ὲκ
1468 3161 1748 3227 γυναικδς,
1796 3162 1921 3216 ἐπεὶ

352 3243 577 3312 πνεῦμά
606 3244 778 3309 ἐστιν,
807 3246 924 3299 ἀλλ’
954 3249 1018 3300 ἐκ
1043 3246 1145 3318 τῆς
1193 3248 1383 3308 οὐσίας
1413 3250 1580 3303 αὐτοῦ
1616 3251 1818 3324 νοερῶς
1863 3251 1923 3316 ἐξ

357 3337 530 3390 ἀϊδίου
562 3339 833 3392 συναῖδιον
856 3340 1031 3407 έαυτξ)
1053 3341 1313 3410 γεννῆσαι
1347 3340 1496 3403 Υίὸν,
1534 3343 1629 3394 καὶ
1671 3358 1920 3412 προαγα-

354 3431 472 3495 γεῖν
501 3429 726 3497 Πνεῦμα
760 3430 938 3499 ἀγιον,
974 3431 1229 3496 ἐλεεινῶς
1270 3432 1639 3502 πεπλάνηται,
1671 3433 1917 3486 ἐκλείπει

350 3538 409 3571 τε
440 3520 548 3573 ἀπὸ
576 3521 677 3589 τῆς
706 3520 967 3590 ἀληθείας
998 3522 1093 3575 τοῦ
1125 3522 1488 3591 Εὐαγγελίουο
1518 3523 1656 3590 ὅπερ
1687 3522 1920 3591 βεϐαίως

349 3610 592 3663 διδάσκει
627 3610 721 3664 ἕνα
753 3608 895 3665 εἶναι
920 3612 1014 3666 τὸν
1046 3614 1180 3666 Θεὸν
1212 3616 1271 3667 ὲν
1308 3617 1376 3685 τῇ
1407 3613 1564 3685 οὐσίᾳ
1594 3614 1688 3666 καὶ
1717 3616 1781 3683 τῇ
1812 3612 1917 3682 φύ-

353 3719 456 3763 σει,
489 3704 584 3754 xui
612 3702 819 3772 Τριάδα
849 3705 908 3756 ὲν
936 3706 1050 3767 τοῖς
1094 3703 1430 3775 προσώποις,
1478 3706 1646 3777 ἤγουν
1678 3706 1918 3774 Πατέρα,

348 3794 445 3845 καὶ
469 3792 621 3856 Υἱὸν,
648 3795 746 3847 xui
775 3793 1003 3864 Πνεῦμα
1029 3795 1208 3863 ἀγιονο
1236 3795 1360 3850 οὐδὲ
1402 3792 1541 3850 εἶναι
1572 3798 1737 3851 αὐτὸν
1790 3798 1920 3851 Υίὸν

350 3882 383 3951 ἢ
435 3882 498 3934 τὸ
541 3882 768 3952 Πνεῦμα
827 3883 887 3937 τὸ
937 3883 1112 3952 ἀγιον,
1172 3884 1399 3955 μέτοχον
1448 3885 1774 3956 ἣκοινωνὸν
1825 3883 1921 3937 τοῦ

350 3975 511 4038 θεοῦ,
546 3975 735 4044 ἐπειδὴ
762 3975 1027 4045 ἑκάτερος
1057 3975 1240 4029 αὐτῶν
1265 3977 1324 4029 οὐ
1354 3979 1557 4048 μετοχῇ
1596 3994 1704 4030 τινι
1738 3977 1772 4044 ἢ
1802 3992 1920 4029 κοι-

355 4064 541 4135 νωνίᾳ,
573 4065 709 4119 ἀλλά
734 4065 1010 4127 οὐσιωδῶς
1044 4067 1139 4120 xui
1187 4068 1435 4136 φυσικῶς
1467 4070 1584 4121 ἐστι
1627 4067 1782 4133 Θεὸς,
1819 4067 1919 4137 τὴν

342 4158 519 4229 αὐτὴν
571 4159 709 4227 μετά
735 4158 830 4212 τοῦ
876 4159 1015 4213 Θεοῦ
1073 4161 1170 4214 καὶ
1201 4159 1412 4229 Πατρὺς
1468 4159 1776 4229 ἀδιαίρετον
1822 4160 1917 4213 καὶ

2028 1613 2136 1658 tam
2174 1606 2242 1661 de
2276 1606 2386 1661 Deo
2419 1624 2584 1677 quam
2616 1609 2683 1664 de
2713 1611 3024 1678 supradicta
3056 1613 3165 1673 via,
3195 1628 3318 1679 qua:
3346 1613 3599 1668 Christus

2026 1704 2128 1761 est,
2161 1705 2213 1749 et
2241 1698 2365 1767 plus
2396 1701 2625 1763 sentire,
2664 1715 2825 1768 quam
2865 1702 2919 1754 in
2955 1713 3139 1755 vestro
3190 1702 3463 1756 Aleorauo
3510 1706 3603 1758 ha-

2024 1783 2219 1849 beatis,
2254 1788 2306 1839 in
2336 1802 2446 1856 quo
2476 1789 2600 1842 liert
2632 1798 2738 1842 tam
2781 1789 2850 1843 de
2895 1790 3002 1844 Deo
3040 1806 3201 1859 quam
3248 1791 3315 1845 de
3348 1793 3465 1859 ipso
3498 1794 3604 1847 Do-

2026 1876 2177 1929 mino
2204 1886 2395 1931 nostro
2428 1878 2552 1934 Jesu
2586 1878 2807 1934 Christo
2838 1881 3008 1934 multa
3048 1896 3179 1935 vera
3226 1891 3282 1936 et
3316 1884 3601 1951 praeclara,

2025 1982 2147 2036 qua:
2179 1977 2232 2022 et
2262 1984 2361 2023 nos
2395 1970 2744 2036 conﬁtemur,
2781 1971 3065 2037 habeatis;
3104 1982 3281 2026 tamen
3321 1976 3448 2042 quia
3489 1992 3597 2028 non

2023 2075 2241 2127 eadem,
2275 2073 2335 2115 ut
2369 2063 2484 2133 ipsa
2518 2064 2721 2119 veritas
2769 2065 2820 2117 in
2868 2063 3162 2133 Evangelio
3207 2066 3600 2131 manifestavit,

1998 2156 2130 2207 'ncc
2196 2152 2557 2217 sufﬁcienter,
2602 2153 2725 2207 ideo
2774 2152 2887 2222 ipsa
2930 2156 3017 2207 lex
3062 2154 3316 2208 Alcorani
3347 2171 3453 2209 non
3492 2158 3602 2210 suf-

2026 2244 2141 2298 ﬁcit
2198 2244 2266 2297 ad
2318 2245 2571 2299 salutem.
2607 2243 2798 2298 Tradit
2837 2244 2985 2298 enim
3036 2246 3154 2311 ipse
3197 2247 3501 2302 Aleoranus
3534 2251 3601 2303 de

2028 2334 2160 2400 Deo,
2193 2334 2340 2404 quod
2377 2350 2519 2388 unus
2554 2336 2646 2395 sit.
2688 2345 2742 2389 et
2774 2335 3154 2404 incorporeus,
3199 2338 3594 2403 immateriulis,

2028 2427 2338 2489 invisibilis,
2373 2427 2992 2496 incomprehensibilis:
3040 2429 3128 2482 cui
3175 2444 3275 2483 nec
3324 2432 3601 2498 particeps

2030 2534 2129 2573 nec
2160 2521 2343 2573 socius
2389 2528 2491 2583 est,
2544 2520 2594 2571 in
2640 2519 2757 2589 ejus
2812 2535 2975 2572 manu
3028 2521 3139 2573 vita
3170 2528 3225 2575 et
3256 2534 3448 2574 mors:
3487 2522 3599 2589 ipse

2029 2623 2197 2676 super
2256 2611 2439 2662 omina
2500 2617 2717 2677 potens,
2772 2623 2940 2677 super
3000 2609 3182 2662 omnia
3236 2609 3597 2664 benedictus:

2028 2701 2141 2769 ipse
2172 2712 2410 2763 creator,
2443 2700 2799 2769 gubernator,
2834 2709 2888 2753 et
2908 2700 3238 2769 justilicator
3265 2699 3593 2765 animarum,

2025 2801 2080 2846 et
2115 2792 2283 2845 multa
2314 2793 2420 2845 alia
2453 2806 2574 2858 qua}
2621 2799 2769 2845 certe
2802 2799 2857 2844 et
2900 2806 3001 2845 nos
3031 2789 3333 2855 credimus,
3362 2802 3417 2845 et
3454 2808 3589 2860 pne-

2026 2883 2290 2937 dieamus.
2325 2882 2429 2935 Sed
2480 2880 2532 2934 in
2584 2881 2710 2957 hoc,
2744 2883 2889 2951 quod
2942 2891 3103 2950 negat
3154 2882 3322 2936 Deum
3357 2884 3595 2943 Patrem,

2026 2989 2135 3028 non
2166 2973 2464 3027 carnaliter
2490 2988 2556 3026 ex
2592 2958 2817 3039 femina,
2846 2989 2969 3027 cum
3006 2974 3235 3043 spiritus
3272 2977 3363 3041 sit,
3395 2976 3489 3029 sed
3531 2989 3593 3027 ex

2024 3064 2337 3120 substantia
2389 3078 2487 3119 sua
2519 3064 2984 3119 ‘intellectualiter
3017 3065 3086 3120 ab
3124 3074 3328 3121 aeterno
3367 3075 3596 3121 comer-

2023 3171 2157 3211 num
2204 3156 2309 3209 sibi
2340 3157 2594 3224 genuisse
2626 3155 2849 3222 Filium,
2881 3167 2933 3213 et
2968 3156 3293 3226 produxisse
3334 3157 3597 3228 Spiritum

2024 3256 2299 3311 sanctum,
2334 3245 2731 3299 miserabiliter
2760 3256 2931 3310 errat,
2964 3256 3018 3300 et
3060 3246 3245 3301 deﬁcit
3291 3262 3320 3299 a
3367 3247 3597 3301 veritaze

2026 3334 2305 3403 Evangelii
2346 3354 2358 3388 :
2395 3334 2540 3402 quod
2580 3336 2810 3389 ﬁrmiter
2840 3336 3025 3400 docet,
3058 3352 3225 3389 unum
3263 3352 3383 3391 esse
3409 3339 3594 3391 Deum

2025 3425 2078 3478 in
2120 3424 2430 3478 substantia
2476 3434 2532 3478 et
2583 3434 2802 3493 natura,
2849 3436 2906 3480 et
2955 3426 3160 3479 trinum
3214 3427 3266 3479 in
3319 3429 3594 3496 personis,

2023 3517 2236 3570 scilicet
2286 3515 2503 3569 Patrem
2551 3524 2607 3569 et
2655 3516 2856 3570 Filium
2902 3525 2959 3572 et
3005 3517 3269 3583 Spiritum
3318 3528 3591 3574 sanctum.

2023 3606 2135 3661 Nec
2166 3607 2364 3661 Filium
2397 3616 2492 3661 aut
2517 3606 2782 3676 Spiritum
2817 3620 3069 3663 sanctum
3114 3625 3233 3664 esse
3275 3611 3592 3680 participem

2022 3710 2117 3752 aut
2146 3698 2356 3753 socium
2391 3699 2520 3764 Deo,
2546 3713 2672 3752 cum
2704 3708 2998 3769 utrumque
3034 3716 3140 3754 non
3176 3700 3596 3769 participatione

2026 3797 2121 3841 aut
2162 3788 2451 3853 societate,
2484 3788 2580 3843 sed
2625 3789 3063 3845 substantialiter
3091 3801 3145 3846 et
3172 3791 3497 3844 naturaliter
3528 3792 3598 3847 sit

2025 3877 2458 3943 Deus,camdem
2491 3895 2616 3934 cum
2653 3881 2763 3934 Deo
2799 3880 2958 3936 Patre
2985 3882 3277 3937 iudivisam
3310 3890 3364 3935 et
3392 3881 3597 3957 impar-

2022 3970 2179 4023 titam
2204 3968 2471 4024 habentes
2501 3970 2725 4025 diritatis
2755 3982 3030 4026 naturam.
3057 3973 3232 4038 Quam
3286 3972 3595 4041 incompreo

2023 4063 2355 4119 hensibilem
2405 4063 2627 4119 deitatis
2675 4063 3023 4118 altitudinem
3076 4066 3236 4118 nemo
3279 4062 3590 4131 cOgnoscc't,

2021 4160 2125 4214 nisi
2174 4158 2355 4231 primo
2399 4174 2497 4230 per
2543 4158 2909 4213 humilitatem
2943 4157 3237 4226 Evangelio
3270 4157 3592 4211 crediderit.

348 4251 649 4320 ἀμέριστον
677 4249 892 4321 ἔχοντες
938 4253 1038 4321 τῆς
1067 4250 1322 4321 θεότητος
1349 4250 1534 4319 φύσιν.
1563 4251 1744 4321 Ὅπερ
1772 4251 1915 4304 ἀκα-

2023 4249 2179 4306 Unde
2229 4259 2286 4304 et
2336 4248 2559 4319 quidam
2618 4249 2970 4317 antiquorum
3025 4246 3418 4316 prophetarum
3469 4245 3589 4298 ait:

350 4341 626 4409 τάληπτον
656 4341 759 4409 τῆς
796 4341 1052 4412 θεότητος
1098 4341 1230 4412 ὕψος
1260 4342 1433 4404 οὐδεϊς
1475 4340 1768 4409 γνώσεται,
1818 4341 1914 4393 ἑάν

353 4434 430 4502 μὴ
454 4433 670 4503 πρῶτον
692 4432 1171 4496 διάταπεινώσεως
1192 4432 1268 4503 τῷ
1283 4432 1599 4502 Εὐαγγελίῳ
1623 4423 1915 4505 πιστεύσῃ.

354 4524 519 4577 Ὅθεν
545 4526 639 4576 καί
662 4541 745 4587 τις
787 4525 897 4578 τῶν
925 4523 1167 4595 ἀρχαίων
1192 4524 1488 4595 προφητῶν
1512 4523 1683 4592 λέγει,
1726 4539 1747 4575 ε
1791 4524 1917 4577 Ἐὰν

357 4616 429 4685 μὴ
460 4614 807 4685 πιστεύσητε,
837 4615 899 4675 οὐ
931 4616 1007 4685 μὴ
1040 4616 1255 4685 συνῆτε.
1297 4633 1316 4667 ι
1345 4615 1503 4668 Καὶὸ
1534 4615 1737 4684 Κύριος
1759 4615 1917 4686 ἡμῶν

307 4696 508 4766 ἀὐτὸς
558 4706 615 4757 ὲν
664 4704 742 4773 τῷ
803 4703 1121 4774 Εὐαγγελίῳ
1181 4705 1565 4774 διαλεγόμενος
1626 4705 1764 4774 πρὸς
1825 4706 1917 4757 τὸν

274 4805 281 4811 ’
350 4795 571 4866 Πατέρα
602 4799 788 4865 φησὶν,
829 4813 849 4847 ε
890 4794 1352 4866 Ἐξομολογοῦμαί
1385 4810 1486 4857 σοι,
1518 4795 1720 4862 Πάτερ,
1743 4795 1917 4863 Κύριε

348 4885 445 4939 τοῦ
482 4885 717 4955 οὐρανοῦ
766 4886 865 4938 xui
914 4886 1014 4955 τῆς
1062 4886 1188 4955 γῆς,
1239 4884 1322 4939 ὅτι
1377 4885 1705 4954 ἀπέκρυψας
1745 4886 1917 4939 ταῦτα

348 4972 459 5030 ἀπὸ
522 4978 702 5045 σοφῶν
761 4977 857 5031 xui
909 4978 1172 5040 συνετῶν,
1228 4978 1322 5029 xui
1368 4976 1724 5043 ἀπεκάλυψας
1777 4976 1918 5030 αὐτὰ

347 5067 588 5137 νηπίοις.
630 5086 650 5119 ι
688 5068 798 5121 Καὶ
822 5069 996 5119 πολλὰ
1033 5067 1166 5122 ἀλλα
1205 5068 1383 5137 ἀληθῆ
1417 5068 1646 5138 λαμπρὰ
1694 5069 1789 5122 καὶ
1821 5086 1918 5139 με-

346 5157 669 5226 γαλοπρεπῆ
698 5158 1031 5226 παραδίδωσι
1062 5158 1190 5226 περὶ
1218 5158 1381 5223 αὐτοῦ
1409 5157 1501 5211 τοῦ
1528 5159 1735 5229 Κυρίου
1760 5159 1917 5228 ἡμῶν

360 5248 537 5319 Ἰησοῦ
570 5248 805 5317 Χριστοῦ
834 5251 895 5302 τδ
940 5247 1290 5319 Ἀλκοράνον·
1339 5245 1472 5314 οἷον,
1502 5251 1587 5303 ὃτι
1632 5251 1661 5301 ό
1712 5249 1917 5318 Κύριος

347 5338 509 5408 ἡμῶν
550 5338 757 5408 Ἰησοῦς
789 5340 1023 5408 Χριστός
1057 5341 1205 5393 ἐστιν
1252 5339 1380 5402 Υἱὸς
1408 5342 1510 5410 τῆς
1556 5341 1774 5409 Μαρίας
1814 5339 1916 5406 τῆς

350 5429 650 5497 Παρθένου,
690 5430 787 5499 τῆς
826 5430 1286 5501 ἀρίστηςνπασῶν
1337 5431 1448 5483 τῶν
1487 5432 1785 5498 γυναικῶν
1832 5431 1917 5483 ὅτι

346 5527 497 5574 ἐστὶν
546 5524 775 5588 ἄγγελος
802 5522 959 5587 Θεοῦ,
1010 5523 1103 5575 xui
1154 5522 1372 5592 πνεῦμα
1408 5524 1596 5588 αὐτοῦ,
1649 5526 1797 5595 ρῆμα
1829 5524 1918 5578 οὐ-

415 5680 457 5710 ”
508 5680 698 5734 Matth.
734 5698 807 5747 Si,
844 5682 935 5736 ‘25.

2026 4359 2045 4394 ι
2082 4341 2193 4396 Nisi
2236 4340 2611 4405 credideritis,
2642 4355 2750 4394 non
2786 4339 3114 4410 intelligitis.
3148 4358 3169 4393 ι
3214 4339 3285 4394 Et
3330 4328 3594 4392 Dominus

2018 4441 2207 4486 noster
2244 4429 2359 4501 ipse
2402 4432 2457 4485 in
2503 4430 2803 4501 Evangelia
2854 4431 3085 4500 loquens
3116 4430 3181 4484 ad
3216 4428 3435 4483 Patrem
3468 4429 3541 4483 ait
3576 4444 3590 4479 :

2022 4541 2042 4577 ι
2074 4521 2350 4579 Conﬁteor
2388 4524 2510 4585 tihi,
2545 4524 2727 4587 Pater,
2766 4523 2994 4579 Domine
3023 4522 3148 4578 οωιὶ
3187 4532 3246 4577 et
3287 4531 3469 4585 terrae,
3499 4521 3591 4590 qui

2017 4615 2357 4670 abscondisti
2414 4615 2530 4669 hate
2582 4614 2945 4683 sapientibus,
2998 4622 3055 4668 et
3093 4612 3479 4681 prudentibus,
3536 4621 3592 4665 ct

2026 4708 2279 4763 revelasti
2308 4723 2370 4761 ca
2407 4705 2732 4776 parvulis“.
2768 4724 2786 4757 ι
2824 4705 2989 4759 Multa
3024 4704 3247 4772 insuper
3276 4718 3426 4765 vera,
3454 4716 3591 4770 pra:-

2016 4798 2169 4854 elara
2227 4808 2282 4852 et
2326 4798 2610 4868 magniﬁca
2658 4797 2824 4850 tradit
2854 4796 2922 4849 de
2968 4795 3085 4862 ipso
3126 4792 3361 4847 Domino
3404 4799 3589 4844 nostso

2014 4891 2144 4947 Jesu
2195 4888 2419 4945 Christo
2474 4890 2810 4949 Alcoranus;
2867 4893 3077 4953 utpote,
3128 4882 3273 4953 quod
3326 4881 3589 4937 Dominus

2017 4991 2205 5036 noster
2230 4981 2391 5035 Jesus
2418 4980 2675 5034 Christus
2703 4986 2786 5031 est
2814 4976 2958 5028 ﬁlius
2981 4974 3162 5028 Mariae
3179 4973 3441 5044 Virginis,
3472 4988 3586 5025 om-

2015 5072 2165 5125 nium
2215 5070 2507 5124 mulierum
2555 5069 2775 5137 Optima:
2819 5084 2831 5119 :
2870 5065 3015 5134 quod
3062 5065 3134 5120 sit
3196 5067 3287 5120 Dei
3337 5065 3585 5130 nuntius,

2014 5175 2258 5229 suusque
2287 5159 2536 5228 spiritus,
2578 5158 2821 5213 Verbum
2864 5156 3077 5211 caelitus
3113 5160 3338 5211 missum
3369 5156 3583 5213 Marize:

2013 5251 2097 5304 vir
2128 5253 2390 5319 optimus,
2424 5248 2663 5318 sapiens,
2705 5248 2993 5317 propheta,
3028 5248 3120 5317 qui
3155 5263 3358 5302 cmcum
3396 5256 3586 5301 natum

2013 5350 2179 5412 atque
2209 5342 2490 5411 leprosum
2526 5342 2761 5405 curavit,
2800 5352 3048 5396 mortuos
3088 5340 3391 5406 suscitavit,
3437 5342 3583 5410 quod

2015 5450 2139 5489 cum
2172 5435 2372 5488 virtute
2400 5431 2583 5488 divina
2616 5434 2849 5495 venerit,
2885 5433 3030 5502 quod
3064 5433 3263 5489 librum
3296 5432 3585 5502 legifer-am

2017 5526 2287 5593 attulerit,
2318 5526 2605 5597 omnisque
2660 5528 2957 5598 magisterii
2992 5528 3265 5597 peritiam,
3300 5526 3445 5595 qtnd
3505 5534 3586 5578 te~
