3904 6216
344 315 477 380 1161

1543 315 1836 377 CONTRA
1879 314 2376 375 ΜΑΠΟΜΕΤΕΜ.

3449 316 3583 382 1162

336 431 468 497 τεθῇ
529 430 586 479 ἐν
652 426 813 496 αὐτῇ,
866 427 953 481 διὰ
1009 427 1162 480 τοῦτο
1210 428 1466 482 ἐπέκεινα
1505 429 1604 496 τῆς
1669 424 1915 487 πίστεως

2022 424 2076 477 in
2110 439 2193 487 ea,
2231 425 2354 478 ideo
2384 423 2526 477 ultra
2557 422 2742 482 ﬁdem.
2777 422 3085 477 necessaria
3117 432 3243 477 sunt
3270 430 3580 497 evangelica

337 522 612 586 ἀναγκαῖά
658 520 765 569 εἱσι
818 519 889 571 τὰ
938 520 1269 585 εὐαγγελικά
1332 520 1632 588 μυστήρια.
1679 517 1770 569 Ἐν
1826 512 1909 578 οἷς

340 611 557 682 πρῶτον
585 610 679 662 καὶ
714 609 855 679 θύρα
898 611 1007 662 τῶν
1044 612 1218 665 ἄλλων
1269 610 1383 663 ἐστὶ
1417 613 1476 661 τὸ
1526 610 1678 675 ἅγιον
1716 608 1910 679 βάπτι-

339 716 489 774 σμα’
524 702 653 773 περὶ
682 696 744 755 οὗ
776 718 941 771 φησιν
972 702 1003 753 ό
1030 702 1230 771 Κύριος
1259 702 1317 753 ὲν
1354 700 1431 770 τῷ
1462 701 1783 770 Εύαγγελίῳ
1813 699 1907 753 τοῦ

348 796 596 850 Ἰωάννου
636 794 769 863 πρὸς
795 794 1144 862 Νικόδημον·
1181 812 1199 845 ι
1244 794 1415 863 Ἀμὴν
1454 793 1598 863 ἀμὴν
1622 793 1764 859 λέγω
1800 810 1904 857 σοι,

336 887 403 940 ἂν
443 888 517 954 μή
556 902 640 947 τις
689 885 1033 955 ἀναγεννηθῇ
1065 883 1137 949 εὲξ
1193 882 1386 939 ὓδατος
1440 883 1533 936 καὶ
1590 883 1907 952 Πνεῦματος

337 976 519 1042 ἁγίου,
552 976 613 1027 ού
659 974 882 1027 δύναται
921 973 1183 1026 εἰσελθεῖν
1233 974 1313 1036 εἰς
1348 975 1447 1044 τὴν
1501 973 1777 1042 βασιλείαν
1812 973 1907 1025 τοῦ

340 1065 498 1118 Θεοῦ.
561 1084 580 1115 ι
642 1063 751 1117 Kat
792 1064 928 1133 μετά
962 1064 1063 1133 τὴν
1097 1064 1392 1117 ἀνάστασιν
1422 1064 1586 1117 αὑτοῦ
1619 1059 1783 1115 ἀνιῶν
1827 1065 1908 1127 εἰς

339 1156 432 1208 τὸν
459 1154 711 1224 οὐρανὸν,
752 1153 1083 1222 παραδιδοὺς
1111 1154 1301 1207 τούτου
1333 1154 1427 1207 τοῦ
1477 1153 1781 1222 μυστηρίου
1818 1154 1908 1207 τὸν

340 1245 532 1309 τύπον,
561 1239 683 1296 εἶπε
730 1244 845 1304 τοῖς
880 1242 1168 1312 μαθηταῖς,
1200 1260 1219 1294 ι
1251 1243 1619 1312 Πορευθέντες
1644 1242 1739 1299 οὖν
1769 1243 1913 1297 διδά-

344 1353 504 1389 σκετε
538 1336 716 1388 πάντα
753 1336 823 1388 τὰ
877 1334 1029 1404 ἔθνη,
1077 1334 1431 1403 βαπτίζοντες
1474 1336 1673 1399 αὐτοὺς
1722 1336 1803 1398 εἰς
1855 1334 1914 1387 τὸ

346 1430 517 1496 ονομα
544 1427 636 1478 τοῦ
671 1426 884 1496 Πατρδς
914 1427 1008 1478 καὶ
1039 1424 1132 1479 τοῦ
1157 1424 1289 1477 Υἰοῦ
1321 1425 1413 1477 καὶ
1439 1426 1532 1477 τοῦ
1559 1425 1715 1491 ἀγίου
1744 1424 1915 1478 Πνεῦ-

349 1534 537 1586 ματος,
564 1516 906 1577 διδάσκοντες
939 1515 1136 1576 αὐτοὺς
1165 1516 1353 1583 τηρεῖν
1378 1514 1681 1568 πάντα’ὃσα
1716 1517 1916 1577 ἐνετει-

346 1611 527 1679 λάμην
586 1608 735 1672 ύμῖν.
772 1625 791 1659 ι
838 1607 949 1659 Kat
1001 1606 1183 1669 πάλιν,
1224 1623 1242 1657 ‹
1287 1606 1651 1673 Πορευθέντες
1692 1608 1771 1668 εἰς
1824 1606 1916 1659 τδν

349 1697 550 1764 κόσμον
596 1694 798 1755 πάντα,
856 1691 1133 1761 κηρύξατε
1178 1691 1241 1745 τδ
1289 1692 1619 1759 Εὐαγγέλιον
1654 1693 1802 1765 πάσῃ
1848 1696 1915 1765 τῇ

2014 526 2379 570 sacramenta.
2409 513 2555 567 lnter
2594 529 2714 582 qum
2748 515 3009 583 primum,
3046 525 3100 569 et
3145 514 3307 579 ianua
3350 519 3581 573 aliorum

2010 613 2096 660 est
2146 616 2395 660 sanctum
2446 607 2749 675 baptisma;
2805 607 2873 661 de
2930 622 3039 674 quo
3092 608 3168 660 ait
3218 606 3481 663 Dominus
3525 610 3580 665 in

2013 696 2308 767 Evangelio
2337 698 2562 753 Joannis
2604 698 2669 751 ad
2708 698 3066 752 Nicodcmum
3102 714 3116 751 :
3170 716 3187 749 ι
3222 698 3392 753 Amen
3427 717 3582 755 amen

2013 788 2136 842 dico
2173 788 2292 850 tibi,
2329 788 2433 842 nisi
2468 790 2591 858 quis
2622 801 2844 843 renatus
2889 789 3055 844 fuerit
3101 805 3164 843 ex
3209 805 3348 858 aqua
3380 801 3434 843 et
3467 793 3586 859 Spi~

2016 879 2125 932 ritu
2161 888 2373 944 sancto,
2406 894 2515 932 non
2550 888 2727 948 potest
2759 880 2988 933 introire
3020 880 3071 933 in
3098 896 3322 951 regnum
3350 881 3441 934 Dei
3468 881 3533 934 “.
3562 901 3579 931 ι

2015 969 2083 1023 Ει
2115 980 2237 1038 post
2270 970 2728 1024 resixrrectionem
2754 987 2905 1024 suam
2934 972 3237 1026 ascendens
3270 971 3325 1025 in
3360 974 3584 1035 cuslum,

2016 1062 2240 1115 tradens
2284 1062 2451 1132 hujus
2485 1062 2811 1116 sacramenti
2845 1062 3095 1124 formam,
3128 1063 3305 1131 inquit
3348 1064 3589 1132 discipu-

2014 1152 2116 1207 lis:
2156 1171 2172 1203 ι
2211 1152 2416 1207 Euntes
2473 1154 2639 1223 igitur
2672 1193 2686 1214 ,
2739 1154 2928 1207 docete
2989 1169 3183 1207 omnes
3238 1165 3447 1223 gentes,
3500 1160 3588 1209 Ia—

2018 1244 2288 1310 ptizantes
2319 1260 2414 1297 eos
2447 1247 2500 1296 in
2533 1244 2757 1299 nomine
2794 1245 2991 1309 Patris,
3016 1256 3069 1298 et
3093 1245 3237 1304 Filii.
3267 1256 3319 1299 et
3346 1246 3585 1316 Spiritus

2016 1335 2209 1396 sancti,
2269 1335 2534 1389 docentcs
2584 1351 2677 1390 eos
2725 1351 2945 1391 servare
3014 1340 3197 1391 omnia
3244 1353 3586 1406 quaecunque

2016 1425 2269 1479 mandavi
2301 1425 2458 1479 vobis
2487 1426 2554 1479 δ’.
2597 1444 2615 1477 ι
2653 1425 2717 1479 Et
2749 1426 2987 1480 iterum:
3030 1444 3048 1476 ι
3082 1427 3289 1481 Euntes
3338 1428 3391 1480 in
3429 1445 3583 1481 inuno

2017 1516 2148 1570 dum
2181 1516 2523 1577 universum,
2558 1516 2854 1584 pranlicate
2882 1516 3231 1585 Evangelium
3259 1517 3406 1571 omni
3439 1533 3591 1571 crea-

2017 1614 2176 1662 turte.
2217 1604 2318 1670 Qui
2383 1605 2699 1669 crediderit,
2728 1616 2781 1659 et
2835 1606 3141 1675 baptizatus
3188 1605 3373 1666 fuerit.
3405 1607 3589 1661 salvus

2018 1698 2211 1752 erit“.
2246 1716 2264 1749 ι
2297 1698 2393 1753 Est
2424 1698 2591 1768 igitur
2626 1697 2732 1752 hoc
2759 1707 3189 1759 sacramentum.
3223 1713 3332 1768 quo
3364 1714 3591 1767 regene-

348 1788 557 1839 κτίσειο
582 1787 611 1838 ό
642 1783 945 1846 πιστεύσας
995 1784 1090 1836 καὶ
1142 1781 1486 1852 βαπτισθεὶς,
1519 1784 1852 1853 σωθήσεται.
1892 1802 1910 1834 ι

2021 1805 2208 1843 ramur
2258 1790 2326 1843 ad
2378 1791 2570 1855 vitam,
2620 1790 2996 1845 necessarium
3049 1791 3114 1844 ad
3152 1791 3418 1854 salutem;
3461 1794 3588 1861 quia

350 1878 509 1931 Ἐστι
534 1877 716 1929 τοίνυν
746 1875 907 1929 τοῦτο
935 1874 996 1928 τὸ
1040 1875 1359 1945 μυστήριον,
1389 1868 1433 1942 ᾧ
1482 1874 1917 1945 ἀναγεννώμεθα

346 1972 482 2040 πρὸς
531 1969 631 2036 τὴν
664 1966 831 2036 ζωὴν,
873 1968 1173 2033 ἀναγκαῖον
1222 1965 1361 2037 πρὸς
1416 1966 1692 2036 σωτηρίαν
1716 1981 1751 2026 ·,
1782 1968 1917 2021 διότι

344 2062 443 2112 ἐὰν
494 2061 567 2127 μή
600 2073 682 2120 τις
726 2057 1066 2129 ἀναγεννηθῇ
1112 2058 1170 2125 ἐξ
1219 2056 1413 2121 ὕδατος
1461 2060 1557 2111 καὶ
1603 2059 1919 2129 Πνεύματος

344 2152 526 2218 ἁγίου,
569 2150 630 2203 ού
677 2150 902 2203 δύναται
935 2150 1199 2203 εἰσελθεῖν
1241 2150 1319 2213 είς
1368 2154 1472 2218 τὴν
1503 2151 1789 2219 βασιλείαν
1823 2152 1917 2206 τοῦ

344 2238 505 2292 Θεοῦ.
548 2238 704 2290 Ἐπεὶ
729 2240 914 2290 τοίνυν
939 2239 1002 2290 τὸ
1042 2237 1367 2307 Ἀλκοράνον
1405 2238 1607 2291 κωλύει
1636 2239 1918 2305 παντελῶς

344 2332 550 2399 ταύτην
579 2328 673 2382 τοῦ
701 2329 1076 2399 βαπτίσματος
1105 2330 1204 2396 τὴν
1238 2331 1622 2400 ἀναγέννησιν,
1647 2331 1748 2383 οὐκ
1774 2329 1920 2384 ἀνοί-

343 2439 455 2490 γει,
488 2421 622 2473 ἀλλά
652 2421 852 2491 μᾶλλον
876 2419 1049 2473 κλείει
1078 2420 1177 2490 τὴν
1210 2420 1493 2491 βασιλείαν
1518 2420 1612 2474 τοῦ
1640 2420 1777 2475 Θεοῦ
1805 2422 1918 2485 τοῖς

348 2510 738 2567 ἀκολουθοῦσιν
786 2509 964 2580 αὐτῷ.
1012 2509 1252 2579 Ἀνάγκη
1282 2510 1464 2566 τοίνυν
1500 2510 1648 2566 ἐστὶν
1691 2511 1782 2565 τὸν
1829 2511 1919 2564 θι-

345 2605 507 2656 λοντα
543 2600 780 2670 σωθῆναι
828 2601 923 2654 καὶ
949 2599 1208 2654 εἰσελθεῖν
1263 2601 1345 2662 εἰς
1368 2600 1473 2670 τὴν
1503 2600 1781 2671 βασιλείαν
1820 2601 1915 2655 τοῦ

345 2691 512 2759 Θεοῦ,
546 2691 802 2744 ἐπέκεινα
828 2690 922 2760 τῆς
948 2689 1121 2759 όρθῆς
1151 2689 1247 2743 καὶ
1274 2688 1557 2759 όρθὸδόξου
1596 2691 1834 2753 πίστεως
1860 2692 1919 2745 ἐν

343 2783 427 2851 τῷ
467 2783 695 2852 όνόματι
751 2783 851 2852 τῆς
911 2782 1186 2849 παναγίας
1243 2781 1493 2848 Τριάδος,
1526 2781 1769 2852 δηλονότι
1818 2780 1914 2834 τοῦ

346 2872 587 2943 Πατρός,
634 2874 733 2926 καὶ
765 2871 857 2925 τοῦ
895 2872 1048 2936 Υίοῦ,
1084 2873 1180 2925 καὶ
1224 2871 1319 2924 τοῦ
1361 2872 1520 2940 ἁγίου
1571 2871 1914 2941 Πνεῦματος,

343 2963 737 3034 βαπτισθῆναι,
771 2964 969 3033 ἑφεξῆς
996 2963 1274 3034 τραφῆναι
1324 2965 1391 3032 τῇ
1419 2962 1661 3034 οὐρανίῳ
1704 2963 1909 3033 τροφῇ,

340 3054 590 3121 δηλονότι
616 3054 715 3124 ,τῷ
771 3053 984 3123 σώματι
1039 3055 1136 3107 καὶ
1192 3054 1268 3124 τῷ
1307 3054 1501 3124 αἵματι
1554 3053 1649 3108 τοῦ
1706 3053 1914 3123 Κυρίου

2018 1878 2125 1933 nisi
2158 1880 2283 1948 quis
2323 1890 2546 1933 renatus
2573 1879 2738 1934 fuerit
2765 1896 2832 1935 ex
2861 1896 3024 1950 aqua.
3054 1891 3109 1936 et
3140 1880 3346 1952 Spiritu
3376 1891 3587 1950 sancto,

2018 1984 2129 2024 non
2164 1978 2345 2038 potest
2374 1970 2606 2026 introire
2647 1972 2700 2025 in
2730 1986 2955 2042 regnum
2985 1971 3102 2027 Dei.
3136 1974 3270 2026 Cum
3302 1975 3467 2043 igitur
3498 1974 3590 2027 Al-

2020 2074 2259 2115 coranus
2305 2062 2595 2131 prohibeat
2622 2062 2848 2116 omnino
2894 2058 3035 2118 hanc
3069 2063 3326 2132 baptizati
3364 2079 3589 2133 regene-

2020 2152 2312 2215 rationem,
2365 2167 2475 2205 non
2522 2153 2717 2220 aperit,
2748 2152 2839 2207 sed
2889 2154 3070 2222 potius
3115 2155 3321 2207 claudit
3358 2169 3586 2223 regnum

2016 2242 2113 2300 Dei
2146 2243 2230 2296 bis
2262 2243 2354 2313 qui
2383 2258 2510 2297 eum
2543 2253 2874 2315 sequuntur.
2926 2243 3161 2301 Necesse
3203 2255 3287 2298 est
3328 2260 3477 2314 ergo,
3528 2254 3587 2297 ut

2010 2333 2113 2403 qui
2150 2333 2268 2386 vult
2306 2332 2487 2387 salvus
2535 2348 2681 2401 esse,
2725 2343 2780 2388 et
2832 2333 3059 2388 introire
3104 2333 3158 2387 in
3208 2350 3434 2404 regnum
3471 2334 3584 2399 Dei,

2018 2427 2160 2483 ultra
2219 2423 2377 2478 fidem
2446 2433 2650 2479 rectam
2704 2434 2760 2479 et
2815 2425 3201 2488 orthodoxam,
3254 2425 3311 2479 in
3367 2426 3587 2478 nomine

2020 2517 2381 2572 sanctissima:
2409 2515 2718 2579 Trinitatis,
2745 2517 2958 2571 scilicet
2991 2517 3191 2579 Patris.
3237 2526 3291 2572 et
3340 2516 3486 2583 Filii,
3532 2526 3588 2572 et

2016 2603 2259 2674 Spiritus
2286 2605 2459 2659 sanati
2488 2604 2829 2674 baptizetur;
2855 2605 3054 2660 deinde
3082 2606 3299 2660 cibetur
3328 2606 3452 2659 cibo
3480 2620 3591 2660 cte-

2016 2695 2166 2758 lesti,
2214 2696 2420 2751 scilicet
2464 2710 2693 2764 corpore
2735 2706 2791 2750 et
2838 2697 3104 2765 sanguine
3152 2696 3365 2751 Domini
3414 2698 3586 2757 uestri

2016 2785 2148 2841 Jesu
2181 2784 2409 2848 Christi,
2438 2784 2555 2855 ipso
2586 2786 2802 2841 dicente
2834 2787 2886 2840 in
2917 2787 3211 2856 Evangelio
3237 2805 3250 2839 :
3296 2806 3315 2838 ι
3346 2787 3446 2851 Qui
3478 2801 3588 2843 non

2018 2874 2316 2931 manducat
2348 2890 2522 2929 meam
2562 2890 2808 2940 carnem,
2838 2887 2894 2930 et
2930 2892 3039 2930 non
3075 2876 3217 2930 bibit
3252 2892 3433 2930 meum
3466 2891 3591 2929 san-

2017 2964 2261 3030 guinem,
2297 2980 2405 3018 non
2451 2964 2617 3018 habet
2663 2965 2831 3018 vitam
2878 2975 3137 3019 aeternam
3182 2966 3261 3031 ";
3293 2986 3310 3017 ι
3357 2966 3589 3034 aliisque

2021 3057 2175 3124 juxta
2226 3056 2556 3126 exigentiam
2618 3058 2897 3113 imbuatur
2949 3058 3337 3119 ecclesiasticis
3404 3072 3588 3112 sacra-

344 3150 507 3219 ἡμῶν
542 3147 715 3218 Ἰησοῦ
746 3148 1005 3218 Χριστοῦ,
1068 3148 1232 3202 αὐτοῦ
1263 3148 1515 3215 λέγοντος
1543 3150 1603 3201 ὲν
1648 3146 1725 3218 τῷ
1746 3148 1920 3216 Εὐαγ-
1948 3141 1990 3196 C
2025 3150 2243 3203 mentis.

342 3246 534 3317 γελίῳ,
569 3262 588 3295 ι
634 3244 697 3299 ’0
753 3245 827 3314 μὴ
874 3244 1101 3315 τρώγων
1134 3262 1234 3314 μου
1284 3244 1381 3315 τὴν
1429 3246 1630 3312 σάρκα,
1686 3245 1782 3298 καὶ
1824 3246 1897 3315 μὴ
1936 3246 2106 3298 πίνων
2167 3263 2268 3315 μου
2292 3246 2352 3298 τὸ
2379 3241 2539 3316 αἷμα,
2563 3247 2663 3300 οὐκ
2688 3246 2800 3316 ἔχει
2832 3247 2977 3316 ζωὴν
3010 3246 3261 3309 αἰώνιον·
3302 3267 3321 3301 ι
3351 3249 3446 3305 καὶ
3477 3247 3585 3301 τῶν

344 3344 522 3399 ἄλλων
561 3340 730 3410 ὁμοίω
744 3364 757 3401 _;
802 3340 920 3392 κατ’
952 3340 1275 3392 ἀκολουθίαν
1304 3339 1611 3393 ἀπολαῦσαι
1654 3342 1750 3408 τῆς
1789 3340 2116 3409 Ἑκκλησίας
2155 3340 2495 3410 μυστηρίων.

426 3435 720 3488 Ἐπιπλέον
752 3433 830 3497 δὲ,
880 3432 1071 3500 ἐπειδὴ
1122 3431 1301 3500 μάτην
1344 3431 1489 3482 ἐστὶν
1520 3432 1644 3482 ὅσον
1690 3431 1825 3496 προς
1855 3431 1914 3482 τὸ

344 3527 587 3594 σωθῆναι
626 3525 685 3577 τὸ
722 3520 859 3576 εἶναι
902 3526 994 3576 καὶ
1024 3521 1283 3590 γενέσθαι
1315 3520 1642 3591 Χριστιανὸν
1670 3521 1913 3590 ὀνόματι,

343 3618 443 3669 καὶ
479 3615 554 3685 μὴ
582 3613 765 3682 ἔργοις
802 3612 1055 3665 ἵστασθαι
1085 3628 1160 3672 ,τε
1192 3613 1253 3664 ἐν
1284 3614 1348 3681 τῇ
1376 3611 1509 3680 όδῷ,
1553 3611 1647 3664 καὶ
1675 3610 1755 3680 μὴ
1783 3627 1917 3662 κατ-

344 3708 592 3762 ευθύνειν
614 3708 681 3761 τὰ
718 3709 828 3761 ἰδια
857 3707 1171 3775 διαδήματα
1205 3706 1287 3770 είς
1313 3706 1373 3758 τὸ
1408 3705 1609 3774 πέρας,
1641 3704 1730 3757 διὰ
1758 3702 1917 3757 τοῦτο

342 3802 423 3864 ὼς
452 3800 789 3861 τελειότατος
819 3800 982 3867 νόμος
1013 3798 1075 3850 τὸ
1112 3797 1267 3864 ἅγιον
1299 3795 1633 3864 Εὑαγγέλιον
1665 3795 1723 3847 οὐ
1758 3794 1918 3861 μόνον

340 3894 615 3945 δείκνυσιν
640 3893 773 3961 ἡμῖν
801 3891 899 3960 τὴν
924 3890 1040 3942 ὁδὸν
1071 3890 1159 3942 διὰ
1180 3889 1280 3958 τῆς
1307 3890 1560 3950 πίστεως.
1590 3888 1685 3939 καὶ
1706 3888 1919 3956 τίθησιν

342 3986 494 4052 ἡμᾶς
528 3986 588 4036 ἑν
634 3984 773 4051 αὐτῇ
825 3982 914 4034 διὰ
962 3981 1070 4033 τῶν
1112 3980 1469 4051 μυστηρίων,
1524 3978 1639 4032 ἀλλ’
1689 3977 1771 4030 ἐτι
1826 3977 1921 4029 καὶ

343 4078 523 4145 ὀρθῶς
576 4075 672 4127 καὶ
730 4074 930 4144 ῥαδίως
962 4073 1259 4129 ἀπευθύνει
1307 4073 1456 4142 ἡμᾶς
1495 4074 1574 4135 εἰς
1610 4072 1671 4124 τὸ
1708 4070 1880 4145 πέρας
1903 4108 1917 4133 ,

341 4167 523 4231 ὀρθῶς
557 4166 654 4236 μὲν
683 4166 771 4217 διὰ
797 4164 904 4217 τῶν
926 4164 1152 4215 ἐντολῶν
1182 4164 1274 4219 καὶ
1306 4165 1410 4215 τῶν
1446 4165 1682 4231 ἀρετων,
1724 4163 1917 4232 ῥᾳδίως

343 4258 403 4311 δὲ
435 4257 525 4309 sta
572 4258 681 4308 τῶν
733 4254 1087 4324 συμσουλῶψ
1116 4253 1288 4313 οὐδεὶς
1323 4254 1434 4321 γὰρ
1479 4253 1642 4322 νόμος
1693 4253 1838 4305 ἐστὶν
1885 4251 1919 4321 ἢ

343 4347 537 4415 γέγονέ
589 4364 741 4410 ποτε,
802 4349 947 4408 ὅστις
981 4344 1123 4397 οὕτω
1180 4342 1511 4415 προρρίζους
1574 4344 1788 4412 ὲκριζοί
1820 4342 1937 4405 τὰς,

344 4439 572 4499 κακίας,
599 4436 743 4491 οῦτω
776 4436 984 4507 βαθέως
1015 4434 1357 4504 ὲγκεντρίζει
1388 4436 1486 4496 τὰς
1521 4434 1740 4503 ἀρετὰς,
1777 4433 1921 4487 οὕτω

343 4531 612 4596 γενναίως
652 4530 754 4592 τὰς
804 4528 954 4591 θείας
998 4526 1428 4597 ὲπεξεργόιζεται
1473 4526 1714 4591 ἐντολὰς,
1746 4526 1921 4588 οὕτως

344 4625 521 4694 ἡδέως
553 4625 687 4694 πρὸς
715 4625 816 4693 τὴν
840 4622 1193 4699 ἐκπλήρωσιν
1223 4624 1320 4690 τῆς
1348 4620 1688 4691 τελειότητος
1719 4622 1915 4688 εἰσφέ-

2086 3431 2348 3489 Ulterius.
2375 3434 2501 3501 quia
2534 3433 2735 3487 frustra
2768 3442 2871 3497 est,
2926 3433 3106 3503 quoad
3165 3433 3419 3500 salutem,
3467 3435 3586 3491 fiert

2021 3527 2076 3574 et
2109 3535 2227 3576 esse
2246 3522 2618 3576 Christianum
2656 3523 2899 3584 nomine,
2944 3533 2999 3579 et
3028 3524 3292 3593 operibus
3342 3534 3486 3579 stare
3527 3525 3585 3579 in

2020 3612 2124 3677 via,
2145 3621 2201 3667 et
2228 3628 2335 3667 non
2358 3613 2589 3684 dirigere
2613 3629 2741 3668 suos
2765 3630 2981 3684 gressus
3010 3616 3063 3689 in
3086 3618 3374 3671 terminum
3404 3616 3590 3684 ;idcn,

2018 3710 2079 3755 ut
2134 3702 2530 3771 perfectissima
2592 3704 2699 3770 lex,
2752 3714 2998 3759 sanctum
3048 3705 3425 3776 Evangelium,
3472 3723 3581 3761 non

2020 3797 2195 3851 solum
2221 3799 2463 3852 ostendit
2491 3798 2646 3853 nobis
2674 3798 2816 3851 viain
2853 3813 2948 3865 per
2984 3798 3164 3865 fidem,
3188 3800 3451 3868 ponitque
3483 3814 3586 3855 nos

2022 3888 2078 3943 in
2104 3887 2297 3943 eadem
2322 3903 2418 3957 per
2446 3899 2812 3948 sacramenta.
2848 3887 2942 3943 sed
2977 3888 3142 3942 etiam
3181 3898 3328 3945 recte
3373 3899 3429 3943 et
3454 3889 3587 3943 faci-

2020 3979 2147 4033 liter
2178 3978 2362 4048 dirigit
2412 3994 2511 4032 nos
2552 3980 2607 4031 in
2644 3979 2938 4032 terminum
2985 3994 2998 4031 :
3030 3987 3180 4032 recte
3210 3976 3454 4047 quidem,
3488 3993 3589 4048 per

2023 4079 2290 4139 praecepta
2320 4080 2376 4125 et
2420 4070 2653 4124 virtutes
2683 4088 2698 4135 ;
2735 4070 2968 4125 faciliter
3025 4080 3230 4135 autem,
3274 4085 3370 4137 per
3402 4069 3589 4124 consi-

2023 4161 2129 4233 lia”
2154 4161 2311 4215 Nulla
2331 4160 2531 4214 etenim
2560 4170 2663 4223 est,
2688 4169 2780 4214 aut
2810 4177 3048 4230 unquam
3076 4160 3178 4214 fuit
3202 4160 3310 4222 lex,
3335 4176 3453 4229 quae
3480 4170 3588 4214 tam

2003 4252 2289 4307 radicitus
2314 4253 2642 4321 exstirparct
2674 4252 2830 4315 vitia,
2863 4262 2970 4305 tam
3025 4251 3295 4321 profunde
3323 4252 3592 4305 insereret

2025 4341 2283 4401 virtutes,
2326 4350 2434 4395 tam
2465 4341 2634 4395 ardue
2664 4340 2849 4394 divina
2894 4349 3288 4408 exsequeretur
3313 4340 3589 4405 mandata,

2028 4440 2136 4483 tam
2162 4431 2403 4485 suaviter
2447 4431 2514 4484 ad
2551 4431 2887 4499 implendum
2940 4431 3299 4497 perfectionis
3359 4432 3589 4485 consilia

2026 4521 2384 4583 demulceret,
2412 4521 2552 4575 sicut
2577 4529 2660 4575 est
2690 4522 3000 4592 evangelica
3060 4521 3168 4585 lex,
3197 4537 3321 4588 qua:
3371 4537 3589 4577 omnem

2028 4611 2544 4681 pi-rfcctioniszviam
2561 4615 2881 4677 continet,et
2906 4614 3163 4667 ostendit.
3182 4611 3311 4678 Qua:
3333 4613 3477 4665 enim
3504 4613 3586 4665 lex

345 4687 436 4783 ρει
459 4718 559 4778 τὶς
597 4687 928 4785 συμϐουλὰς,
960 4687 1150 4783 ὥσπερ
1192 4687 1353 4776 αὐτὸς
1375 4715 1401 4765 ό
1428 4687 1784 4780 εὐαγγελικδς
1822 4687 1915 4764 νό-

2022 4717 2261 4773 unquam
2288 4701 2543 4771 fuit,qu:e
2574 4711 2681 4756 tam
2718 4703 2826 4772 pie,
2855 4713 2963 4756 tam
2999 4703 3214 4764 devote,
3238 4710 3344 4754 tam
3381 4703 3589 4768 magni-

342 4821 473 4876 μσς,
506 4806 534 4855 ό
565 4804 747 4857 πᾶσαν
798 4803 1140 4874 τελειότητος
1183 4803 1302 4854 όδδν
1339 4802 1611 4871 περιέχων
1660 4803 1753 4853 καὶ
1783 4800 1915 4852 ὑπο-

334 4893 582 4956 δεικνύς.
608 4895 706 4954 Τίς
746 4894 857 4965 γάρ
900 4912 1035 4948 ποτε
1072 4895 1235 4963 νόμος
1267 4893 1514 4960 γέγονεν,
1549 4893 1698 4955 ὅστις
1740 4890 1915 4958 οὕτως

336 4985 611 5049 εὐσεϐῶς,
654 4985 825 5048 οὕτως
870 4984 1138 5049 εύλαὸῶς,
1177 4983 1319 5036 οὕτω
1359 4982 1796 5053 μεγαλοπρεπῶς
1822 4982 1916 5033 καὶ

318 5077 660 5143 ,εἰλικρινῶς
699 5077 791 5129 τὸν
822 5076 956 5130 Θεὸν
998 5074 1325 5145 θεραπεύειν
1355 5074 1613 5139 ἐδίδαξεν,
1644 5073 1706 5125 τὸ
1738 5072 1911 5140 ὄνομα

333 5165 516 5220 αὐτοῦ
543 5166 730 5234 τιμᾷν,
765 5166 833 5219 τὰ
876 5165 1130 5220 Σάϐϐατα
1161 5165 1255 5220 καὶ
1288 5164 1382 5226 τάς
1419 5164 1611 5232 ἑορτὰς
1646 5162 1945 5230 ἀγιάζειν,,

330 5255 478 5317 τοὺς
512 5255 705 5323 γονέας
737 5256 982 5325 ἀγαπᾷν,
1009 5256 1131 5316 τοὺς
1157 5254 1383 5322 πλησίον
1418 5253 1613 5320 φιλεῖν.
1640 5253 1765 5312 τοὺς
1796 5248 1924 5303 κατ’

330 5347 538 5403 εἰκόνα
602 5346 739 5398 Θεοῦ
795 5346 1126 5414 γενομένους
1176 5344 1497 5413 ἀνθρώπους
1559 5344 1633 5411 μὴ
1670 5341 1924 5406 κτείνειν,

328 5435 484 5493 αὲδὼ
524 5437 816 5503 φυλάττειν
855 5441 913 5488 ὲν
944 5435 1151 5488 ἅπασι·
1198 5436 1274 5503 μὴ
1314 5434 1477 5502 μόνον
1512 5431 1587 5503 μὴ
1625 5431 1923 5501 μοιχεύειν,

326 5526 486 5589 ἀλλά
511 5528 646 5597 μηδὲ
672 5526 975 5597 πορνεύειν,
1024 5526 1056 5594 ἢ
1111 5525 1438 5595 μολύνεσθαι
1479 5526 1625 5586 ὅπως
1672 5522 1873 5593 δήποτε
1898 5536 1913 5552 θ

2024 4793 2221 4854 lice.et
2252 4809 2385 4862 pure
2411 4793 2579 4847 Deum
2639 4796 2819 4849 colere
2864 4793 3145 4849 docuerit:
3173 4806 3371 4846 nomen
3420 4792 3591 4859 ipsius

2024 4882 2548 4948 honorare,sabbata
2571 4889 2625 4937 et
2657 4882 2980 4935 festivitates
3014 4879 3374 4942 sanctiﬁcare,
3399 4895 3592 4950 paten-

2027 4983 2109 5029 tes
2137 4974 2632 5041 amare,proximos
2652 4972 2898 5041 diligere,
2930 4971 2996 5024 ad
3031 4971 3318 5040 imaginem
3355 4970 3446 5024 Dei
3485 4972 3589 5023 lio-

2030 5065 2209 5118 mines
2240 5063 2412 5117 factos
2432 5078 2541 5115 non
2559 5062 2807 5116 occidere
2834 5078 2848 5126 ;
2878 5061 3139 5131 pudicitia
3164 5070 3377 5115 servata
3398 5061 3451 5114 in
3470 5077 3589 5116 om-

2030 5157 2214 5219 nibus,
2270 5170 2380 5207 non
2429 5154 2773 5209 solummodo
2824 5169 2932 5207 non
2990 5153 3278 5217 nitechari,
3334 5152 3429 5207 sed
3489 5167 3592 5207 nec

2031 5246 2323 5310 fornicari,
2366 5254 2462 5299 aut
2491 5244 2659 5314 pollui
2710 5258 2932 5314 quoquo
2964 5242 3165 5296 modo:
3223 5256 3329 5296 non
3384 5241 3589 5295 furtum

2030 5340 2231 5400 facere,
2257 5352 2363 5390 non
2400 5336 2731 5400 latrocinari,
2760 5350 2870 5388 non
2899 5334 3031 5389 alias
3072 5335 3379 5404 opprimere
3405 5334 3587 5402 proxi-

2032 5445 2203 5490 mum,
2224 5443 2327 5482 non
2350 5436 2541 5481 contra
2558 5428 2732 5496 ipsum
2758 5425 2953 5478 falsum
2981 5424 3354 5478 testimonium
3374 5423 3587 5476 dicere:

2014 5531 2083 5579 .ct
2114 5521 2259 5591 quod
2282 5520 2517 5589 amplius
2547 5531 2652 5585 est,
2681 5535 2786 5573 non
2842 5515 3215 5571 seandalizare
3263 5515 3466 5588 ipsum.
3489 5525 3592 5568 nec

424 5685 470 5719 “
504 5685 665 5743 Joan.
705 5699 791 5750 ιιι,
826 5682 882 5736 5.
956 5682 1004 5714 "
1048 5680 1237 5739 Matth.
1274 5700 1461 5751 xxvm,
1502 5683 1585 5738 l9.
1664 5683 1708 5716 "
1750 5683 1917 5750 Marc,
1948 5697 2058 5741 xvt,
2096 5681 2182 5735 l5.
2257 5665 2300 5711 δ’
2333 5677 2492 5734 Joan.
2535 5692 2609 5742 vi,
2645 5678 2733 5732 54.

708 5777 979 5838 ΡΑτιιοι..
1017 5777 1133 5837 Gtt.
1169 5773 1371 5837 CLIV.

3164 5758 3242 5830 37
