  <div class='ocr_page' id='page_1' title='image "/cluster/home/n/w/nwhite01/storage/ocr_20150623/154/hvd.32044073505299/613.png"; bbox 0 0 3904 6216; ppageno 0'>
   <div class='ocr_carea' id='block_1_1' title="bbox 506 242 665 304">
    <p class='ocr_par' dir='ltr' id='par_1_1' title="bbox 506 242 665 304">
     <span class='ocr_line' id='line_1_1' title="bbox 506 242 665 304; baseline -0.006 -2"><span class='ocrx_word' id='word_1_1' title='bbox 506 242 665 304; x_wconf 70' lang='grc'><strong>’1163</strong></span> 
     </span>
    </p>
   </div>
   <div class='ocr_carea' id='block_1_2' title="bbox 1771 246 2459 309">
    <p class='ocr_par' dir='ltr' id='par_1_2' title="bbox 1771 246 2459 309">
     <span class='ocr_line' id='line_1_2' title="bbox 1771 246 2459 309; baseline 0.006 -4"><span class='ocrx_word' id='word_1_2' title='bbox 1771 246 2141 306; x_wconf 71' lang='grc' dir='ltr'><strong>ΒΕΜΕΤΒΗ</strong></span> <span class='ocrx_word' id='word_1_3' title='bbox 2184 249 2459 309; x_wconf 72' lang='lat' dir='ltr'><strong>CYDONI</strong></span> 
     </span>
    </p>
   </div>
   <div class='ocr_carea' id='block_1_3' title="bbox 3543 264 3637 328">
    <p class='ocr_par' dir='ltr' id='par_1_3' title="bbox 3543 264 3637 328">
     <span class='ocr_line' id='line_1_3' title="bbox 3543 264 3637 328; baseline 0.011 -1"><span class='ocrx_word' id='word_1_4' title='bbox 3543 264 3637 328; x_wconf 69' lang='lat' dir='ltr'><strong>iiii</strong></span> 
     </span>
    </p>
   </div>
   <div class='ocr_carea' id='block_1_4' title="bbox 528 360 2073 439">
    <p class='ocr_par' dir='ltr' id='par_1_4' title="bbox 528 360 2073 433">
     <span class='ocr_line' id='line_1_4' title="bbox 528 360 2073 433; baseline 0.005 -23"><span class='ocrx_word' id='word_1_5' title='bbox 528 362 575 411; x_wconf 85' lang='lat' dir='ltr'><strong>ei</strong></span> <span class='ocrx_word' id='word_1_6' title='bbox 634 360 832 426; x_wconf 81' lang='lat' dir='ltr'><strong>irasci;</strong></span> <span class='ocrx_word' id='word_1_7' title='bbox 867 375 971 415; x_wconf 92' lang='lat' dir='ltr'><strong>non</strong></span> <span class='ocrx_word' id='word_1_8' title='bbox 1011 361 1400 431; x_wconf 87' lang='lat' dir='ltr'><strong>concupiscere</strong></span> <span class='ocrx_word' id='word_1_9' title='bbox 1454 378 1681 417; x_wconf 77' lang='lat' dir='ltr'><strong>uxorem</strong></span> <span class='ocrx_word' id='word_1_10' title='bbox 1719 364 1913 433; x_wconf 77' lang='lat' dir='ltr'><strong>ipsius,</strong></span> <span class='ocrx_word' id='word_1_11' title='bbox 1975 382 2073 421; x_wconf 87' lang='lat' dir='ltr'><strong>non</strong></span> 
     </span>
    </p>
   </div>
   <div class='ocr_carea' id='block_1_5' title="bbox 2173 360 3635 439">
    <p class='ocr_par' dir='ltr' id='par_1_5' title="bbox 2191 366 3635 439">
     <span class='ocr_line' id='line_1_5' title="bbox 2191 366 3635 439; baseline 0.01 -21"><span class='ocrx_word' id='word_1_12' title='bbox 2191 367 2264 438; x_wconf 78' lang='grc' dir='ltr'><strong>μὴ</strong></span> <span class='ocrx_word' id='word_1_13' title='bbox 2292 367 2569 431; x_wconf 79' lang='grc' dir='ltr'><strong>κλέπτειν,</strong></span> <span class='ocrx_word' id='word_1_14' title='bbox 2610 368 2683 437; x_wconf 78' lang='grc' dir='ltr'>μὴ</span> <span class='ocrx_word' id='word_1_15' title='bbox 2717 366 3022 439; x_wconf 73' lang='grc' dir='ltr'>λῃστεύειν,</span> <span class='ocrx_word' id='word_1_16' title='bbox 3057 368 3189 438; x_wconf 80' lang='grc' dir='ltr'>μηδὲ</span> <span class='ocrx_word' id='word_1_17' title='bbox 3216 369 3373 435; x_wconf 72' lang='grc' dir='ltr'>ἄλλως</span> <span class='ocrx_word' id='word_1_18' title='bbox 3399 373 3558 429; x_wconf 75' lang='grc' dir='ltr'>θλίϐειν</span> <span class='ocrx_word' id='word_1_19' title='bbox 3575 384 3635 433; x_wconf 74' lang='lat' dir='ltr'><strong>tui</strong></span> 
     </span>
    </p>
   </div>
   <div class='ocr_carea' id='block_1_6' title="bbox 526 451 2086 524">
    <p class='ocr_par' dir='ltr' id='par_1_6' title="bbox 526 451 2086 524">
     <span class='ocr_line' id='line_1_6' title="bbox 526 451 2086 524; baseline 0.006 -23"><span class='ocrx_word' id='word_1_20' title='bbox 526 451 798 515; x_wconf 88' lang='lat' dir='ltr'><strong>ancillam,</strong></span> <span class='ocrx_word' id='word_1_21' title='bbox 839 468 945 505; x_wconf 91' lang='lat' dir='ltr'><strong>non</strong></span> <span class='ocrx_word' id='word_1_22' title='bbox 976 470 1087 506; x_wconf 79' lang='lat' dir='ltr'><strong>rem</strong></span> <span class='ocrx_word' id='word_1_23' title='bbox 1140 454 1301 507; x_wconf 91' lang='lat' dir='ltr'><strong>aliam</strong></span> <span class='ocrx_word' id='word_1_24' title='bbox 1336 469 1719 524; x_wconf 90' lang='lat' dir='ltr'><strong>quamcunque</strong></span> <span class='ocrx_word' id='word_1_25' title='bbox 1747 456 1798 509; x_wconf 91' lang='lat' dir='ltr'><strong>in</strong></span> <span class='ocrx_word' id='word_1_26' title='bbox 1833 456 1936 511; x_wconf 88' lang='lat' dir='ltr'><strong>hoc</strong></span> <span class='ocrx_word' id='word_1_27' title='bbox 1989 471 2086 510; x_wconf 69' lang='lat' dir='ltr'><strong>sa:-</strong></span> 
     </span>
    </p>
   </div>
   <div class='ocr_carea' id='block_1_7' title="bbox 526 530 2091 616">
    <p class='ocr_par' dir='ltr' id='par_1_7' title="bbox 526 530 2091 616">
     <span class='ocr_line' id='line_1_7' title="bbox 526 530 2091 616; baseline 0.004 -22"><span class='ocrx_word' id='word_1_28' title='bbox 526 542 669 595; x_wconf 88' lang='lat' dir='ltr'><strong>cuio.</strong></span> <span class='ocrx_word' id='word_1_29' title='bbox 710 542 775 595; x_wconf 86' lang='lat' dir='ltr'><strong>Et</strong></span> <span class='ocrx_word' id='word_1_30' title='bbox 808 558 913 595; x_wconf 92' lang='lat' dir='ltr'><strong>non</strong></span> <span class='ocrx_word' id='word_1_31' title='bbox 945 544 1117 596; x_wconf 88' lang='lat' dir='ltr'><strong>solum</strong></span> <span class='ocrx_word' id='word_1_32' title='bbox 1170 545 1301 605; x_wconf 69' lang='lat' dir='ltr'><strong>lucc,</strong></span> <span class='ocrx_word' id='word_1_33' title='bbox 1340 546 1433 600; x_wconf 89' lang='lat' dir='ltr'><strong>sed</strong></span> <span class='ocrx_word' id='word_1_34' title='bbox 1482 530 1647 600; x_wconf 83' lang='lat' dir='ltr'><strong>etiam</strong></span> <span class='ocrx_word' id='word_1_35' title='bbox 1676 547 1821 616; x_wconf 90' lang='lat' dir='ltr'><strong>quod</strong></span> <span class='ocrx_word' id='word_1_36' title='bbox 1859 548 2091 601; x_wconf 87' lang='lat' dir='ltr'><strong>carnali-</strong></span> 
     </span>
    </p>
   </div>
   <div class='ocr_carea' id='block_1_8' title="bbox 528 628 2087 705">
    <p class='ocr_par' dir='ltr' id='par_1_8' title="bbox 528 628 2087 705">
     <span class='ocr_line' id='line_1_8' title="bbox 528 628 2087 705; baseline 0.007 -26"><span class='ocrx_word' id='word_1_37' title='bbox 528 628 629 680; x_wconf 92' lang='lat' dir='ltr'><strong>bus</strong></span> <span class='ocrx_word' id='word_1_38' title='bbox 658 628 967 681; x_wconf 89' lang='lat' dir='ltr'><strong>hominibus</strong></span> <span class='ocrx_word' id='word_1_39' title='bbox 995 629 1213 685; x_wconf 90' lang='lat' dir='ltr'><strong>videtur</strong></span> <span class='ocrx_word' id='word_1_40' title='bbox 1248 633 1613 702; x_wconf 85' lang='lat' dir='ltr'><strong>impossibile,</strong></span> <span class='ocrx_word' id='word_1_41' title='bbox 1653 634 1880 705; x_wconf 80' lang='lat' dir='ltr'><strong>diligere</strong></span> <span class='ocrx_word' id='word_1_42' title='bbox 1901 636 2087 690; x_wconf 88' lang='lat' dir='ltr'><strong>inimi-</strong></span> 
     </span>
    </p>
   </div>
   <div class='ocr_carea' id='block_1_9' title="bbox 524 718 2087 796">
    <p class='ocr_par' dir='ltr' id='par_1_9' title="bbox 524 718 2087 796">
     <span class='ocr_line' id='line_1_9' title="bbox 524 718 2087 796; baseline 0.009 -28"><span class='ocrx_word' id='word_1_43' title='bbox 524 732 617 769; x_wconf 89' lang='lat' dir='ltr'><strong>cos</strong></span> <span class='ocrx_word' id='word_1_44' title='bbox 670 718 996 774; x_wconf 80' lang='lat' dir='ltr'><strong>benefacere</strong></span> <span class='ocrx_word' id='word_1_45' title='bbox 1051 722 1385 788; x_wconf 90' lang='lat' dir='ltr'><strong>odientibus,</strong></span> <span class='ocrx_word' id='word_1_46' title='bbox 1419 739 1579 779; x_wconf 80' lang='lat' dir='ltr'><strong>orare</strong></span> <span class='ocrx_word' id='word_1_47' title='bbox 1614 742 1711 794; x_wconf 91' lang='lat' dir='ltr'><strong>pro</strong></span> <span class='ocrx_word' id='word_1_48' title='bbox 1746 742 2087 796; x_wconf 88' lang='lat' dir='ltr'><strong>persequen-</strong></span> 
     </span>
    </p>
   </div>
   <div class='ocr_carea' id='block_1_10' title="bbox 524 810 2089 874">
    <p class='ocr_par' dir='ltr' id='par_1_10' title="bbox 524 810 2089 874">
     <span class='ocr_line' id='line_1_10' title="bbox 524 810 2089 874; baseline 0.008 -14"><span class='ocrx_word' id='word_1_49' title='bbox 524 810 692 871; x_wconf 91' lang='lat' dir='ltr'><strong>tibus,</strong></span> <span class='ocrx_word' id='word_1_50' title='bbox 723 818 778 862; x_wconf 90' lang='lat' dir='ltr'><strong>et</strong></span> <span class='ocrx_word' id='word_1_51' title='bbox 826 811 1287 867; x_wconf 84' lang='lat' dir='ltr'><strong>calumniantibus</strong></span> <span class='ocrx_word' id='word_1_52' title='bbox 1321 830 1439 869; x_wconf 88' lang='lat' dir='ltr'><strong>nos.</strong></span> <span class='ocrx_word' id='word_1_53' title='bbox 1495 816 1559 869; x_wconf 89' lang='lat' dir='ltr'><strong>Et</strong></span> <span class='ocrx_word' id='word_1_54' title='bbox 1621 825 1681 869; x_wconf 91' lang='lat' dir='ltr'><strong>ut</strong></span> <span class='ocrx_word' id='word_1_55' title='bbox 1739 818 1804 870; x_wconf 90' lang='lat' dir='ltr'><strong>ad</strong></span> <span class='ocrx_word' id='word_1_56' title='bbox 1860 818 2089 874; x_wconf 75' lang='lat' dir='ltr'><strong>virtutes</strong></span> 
     </span>
    </p>
   </div>
   <div class='ocr_carea' id='block_1_11' title="bbox 461 900 2087 977">
    <p class='ocr_par' dir='ltr' id='par_1_11' title="bbox 461 900 2087 977">
     <span class='ocr_line' id='line_1_11' title="bbox 461 900 2087 977; baseline 0.01 -30"><span class='ocrx_word' id='word_1_57' title='bbox 461 943 465 957; x_wconf 80' lang='grc'><strong>,</strong></span> <span class='ocrx_word' id='word_1_58' title='bbox 524 900 833 964; x_wconf 78' lang='lat' dir='ltr'><strong>veniamus,</strong></span> <span class='ocrx_word' id='word_1_59' title='bbox 865 902 979 970; x_wconf 90' lang='lat' dir='ltr'><strong>ipsa</strong></span> <span class='ocrx_word' id='word_1_60' title='bbox 1023 903 1329 959; x_wconf 75' lang='lat' dir='ltr'><strong>humilitate</strong></span> <span class='ocrx_word' id='word_1_61' title='bbox 1361 916 1415 959; x_wconf 91' lang='lat' dir='ltr'><strong>et</strong></span> <span class='ocrx_word' id='word_1_62' title='bbox 1440 908 1861 963; x_wconf 78' lang='lat' dir='ltr'><strong>mansuetudine</strong></span> <span class='ocrx_word' id='word_1_63' title='bbox 1891 925 2087 977; x_wconf 86' lang='lat' dir='ltr'><strong>super-</strong></span> 
     </span>
    </p>
   </div>
   <div class='ocr_carea' id='block_1_12' title="bbox 460 974 2090 1070">
    <p class='ocr_par' dir='ltr' id='par_1_12' title="bbox 460 974 2090 1070">
     <span class='ocr_line' id='line_1_12' title="bbox 460 974 2090 1070; baseline 0.009 -31"><span class='ocrx_word' id='word_1_64' title='bbox 460 974 465 979; x_wconf 66' lang='grc'><em>’</em></span> <span class='ocrx_word' id='word_1_65' title='bbox 527 987 671 1040; x_wconf 81' lang='lat' dir='ltr'><strong>biam</strong></span> <span class='ocrx_word' id='word_1_66' title='bbox 705 989 911 1058; x_wconf 79' lang='lat' dir='ltr'><strong>dejicit,</strong></span> <span class='ocrx_word' id='word_1_67' title='bbox 938 992 1269 1061; x_wconf 80' lang='lat' dir='ltr'><strong>benignitate</strong></span> <span class='ocrx_word' id='word_1_68' title='bbox 1310 996 1569 1051; x_wconf 74' lang='lat' dir='ltr'><strong>invidiam</strong></span> <span class='ocrx_word' id='word_1_69' title='bbox 1602 999 1792 1063; x_wconf 85' lang='lat' dir='ltr'><strong>vincit,</strong></span> <span class='ocrx_word' id='word_1_70' title='bbox 1844 974 2090 1070; x_wconf 42' lang='lat' dir='ltr'><strong>mag—uiii-</strong></span> 
     </span>
    </p>
   </div>
   <div class='ocr_carea' id='block_1_13' title="bbox 522 1080 2088 1157">
    <p class='ocr_par' dir='ltr' id='par_1_13' title="bbox 522 1080 2088 1157">
     <span class='ocr_line' id='line_1_13' title="bbox 522 1080 2088 1157; baseline 0.008 -27"><span class='ocrx_word' id='word_1_71' title='bbox 522 1080 701 1132; x_wconf 90' lang='lat' dir='ltr'><strong>centia</strong></span> <span class='ocrx_word' id='word_1_72' title='bbox 729 1090 784 1132; x_wconf 91' lang='lat' dir='ltr'><strong>et</strong></span> <span class='ocrx_word' id='word_1_73' title='bbox 836 1081 1079 1151; x_wconf 80' lang='lat' dir='ltr'><strong>largitate</strong></span> <span class='ocrx_word' id='word_1_74' title='bbox 1109 1085 1392 1138; x_wconf 85' lang='lat' dir='ltr'><strong>avaritiam</strong></span> <span class='ocrx_word' id='word_1_75' title='bbox 1453 1099 1694 1156; x_wconf 89' lang='lat' dir='ltr'><strong>supcrat,</strong></span> <span class='ocrx_word' id='word_1_76' title='bbox 1730 1090 2088 1157; x_wconf 79' lang='lat' dir='ltr'><strong>temperantia</strong></span> 
     </span>
    </p>
   </div>
   <div class='ocr_carea' id='block_1_14' title="bbox 520 1167 2086 1243">
    <p class='ocr_par' dir='ltr' id='par_1_14' title="bbox 520 1167 2086 1243">
     <span class='ocr_line' id='line_1_14' title="bbox 520 1167 2086 1243; baseline 0.008 -23"><span class='ocrx_word' id='word_1_77' title='bbox 520 1175 577 1220; x_wconf 89' lang='lat' dir='ltr'><strong>et</strong></span> <span class='ocrx_word' id='word_1_78' title='bbox 599 1167 896 1223; x_wconf 83' lang='lat' dir='ltr'><strong>sobrietate</strong></span> <span class='ocrx_word' id='word_1_79' title='bbox 926 1171 1105 1240; x_wconf 81' lang='lat' dir='ltr'><strong>gulam</strong></span> <span class='ocrx_word' id='word_1_80' title='bbox 1138 1173 1369 1242; x_wconf 79' lang='lat' dir='ltr'><strong>mitigat,</strong></span> <span class='ocrx_word' id='word_1_81' title='bbox 1396 1175 1658 1243; x_wconf 87' lang='lat' dir='ltr'><strong>patientia</strong></span> <span class='ocrx_word' id='word_1_82' title='bbox 1706 1177 1842 1230; x_wconf 90' lang='lat' dir='ltr'><strong>iram</strong></span> <span class='ocrx_word' id='word_1_83' title='bbox 1878 1180 2086 1232; x_wconf 80' lang='lat' dir='ltr'><strong>exstin-</strong></span> 
     </span>
    </p>
   </div>
   <div class='ocr_carea' id='block_1_15' title="bbox 512 1258 2085 1335">
    <p class='ocr_par' dir='ltr' id='par_1_15' title="bbox 512 1258 2085 1335">
     <span class='ocr_line' id='line_1_15' title="bbox 512 1258 2085 1335; baseline 0.004 -20"><span class='ocrx_word' id='word_1_84' title='bbox 512 1258 656 1323; x_wconf 71' lang='lat' dir='ltr'><strong>guit,</strong></span> <span class='ocrx_word' id='word_1_85' title='bbox 713 1261 1084 1316; x_wconf 69' lang='lat' dir='ltr'><strong>sollicitudine</strong></span> <span class='ocrx_word' id='word_1_86' title='bbox 1117 1274 1173 1317; x_wconf 81' lang='lat' dir='ltr'><strong>et</strong></span> <span class='ocrx_word' id='word_1_87' title='bbox 1223 1264 1504 1333; x_wconf 78' lang='lat' dir='ltr'><strong>diligentia</strong></span> <span class='ocrx_word' id='word_1_88' title='bbox 1538 1267 1783 1328; x_wconf 81' lang='lat' dir='ltr'><strong>accdiam</strong></span> <span class='ocrx_word' id='word_1_89' title='bbox 1839 1277 2085 1335; x_wconf 79' lang='lat' dir='ltr'><strong>enervat,</strong></span> 
     </span>
    </p>
   </div>
   <div class='ocr_carea' id='block_1_16' title="bbox 524 1351 2085 1424">
    <p class='ocr_par' dir='ltr' id='par_1_16' title="bbox 524 1351 2085 1424">
     <span class='ocr_line' id='line_1_16' title="bbox 524 1351 2085 1424; baseline 0.007 -21"><span class='ocrx_word' id='word_1_90' title='bbox 524 1351 846 1405; x_wconf 71' lang='lat' dir='ltr'><strong>castimonia</strong></span> <span class='ocrx_word' id='word_1_91' title='bbox 888 1368 1017 1405; x_wconf 87' lang='lat' dir='ltr'><strong>vero</strong></span> <span class='ocrx_word' id='word_1_92' title='bbox 1068 1366 1121 1407; x_wconf 92' lang='lat' dir='ltr'><strong>et</strong></span> <span class='ocrx_word' id='word_1_93' title='bbox 1157 1356 1417 1424; x_wconf 81' lang='lat' dir='ltr'><strong>pudicitia</strong></span> <span class='ocrx_word' id='word_1_94' title='bbox 1452 1373 1559 1412; x_wconf 89' lang='lat' dir='ltr'><strong>non</strong></span> <span class='ocrx_word' id='word_1_95' title='bbox 1592 1360 1765 1414; x_wconf 87' lang='lat' dir='ltr'><strong>solum</strong></span> <span class='ocrx_word' id='word_1_96' title='bbox 1816 1360 2085 1414; x_wconf 76' lang='lat' dir='ltr'><strong>luxuriam</strong></span> 
     </span>
    </p>
   </div>
   <div class='ocr_carea' id='block_1_17' title="bbox 517 1437 2090 1513">
    <p class='ocr_par' dir='ltr' id='par_1_17' title="bbox 517 1437 2090 1513">
     <span class='ocr_line' id='line_1_17' title="bbox 517 1437 2090 1513; baseline 0.007 -21"><span class='ocrx_word' id='word_1_97' title='bbox 517 1448 572 1493; x_wconf 90' lang='lat' dir='ltr'><strong>et</strong></span> <span class='ocrx_word' id='word_1_98' title='bbox 607 1454 823 1495; x_wconf 85' lang='lat' dir='ltr'><strong>onmem</strong></span> <span class='ocrx_word' id='word_1_99' title='bbox 860 1437 1119 1512; x_wconf 87' lang='lat' dir='ltr'><strong>impetum</strong></span> <span class='ocrx_word' id='word_1_100' title='bbox 1155 1445 1396 1502; x_wconf 85' lang='lat' dir='ltr'><strong>libidinis</strong></span> <span class='ocrx_word' id='word_1_101' title='bbox 1441 1450 1701 1513; x_wconf 88' lang='lat' dir='ltr'><strong>refrenat,</strong></span> <span class='ocrx_word' id='word_1_102' title='bbox 1729 1464 1924 1506; x_wconf 86' lang='lat' dir='ltr'><strong>verum</strong></span> <span class='ocrx_word' id='word_1_103' title='bbox 1952 1450 2090 1503; x_wconf 81' lang='lat' dir='ltr'><strong>mul-</strong></span> 
     </span>
    </p>
   </div>
   <div class='ocr_carea' id='block_1_18' title="bbox 521 1533 2088 1611">
    <p class='ocr_par' dir='ltr' id='par_1_18' title="bbox 521 1533 2088 1611">
     <span class='ocr_line' id='line_1_18' title="bbox 521 1533 2088 1611; baseline 0.008 -28"><span class='ocrx_word' id='word_1_104' title='bbox 521 1541 605 1584; x_wconf 94' lang='lat' dir='ltr'><strong>tos</strong></span> <span class='ocrx_word' id='word_1_105' title='bbox 642 1540 697 1584; x_wconf 93' lang='lat' dir='ltr'><strong>et</strong></span> <span class='ocrx_word' id='word_1_106' title='bbox 727 1533 991 1600; x_wconf 80' lang='lat' dir='ltr'><strong>plurimos</strong></span> <span class='ocrx_word' id='word_1_107' title='bbox 1016 1536 1181 1611; x_wconf 85' lang='lat' dir='ltr'><strong>veluti</strong></span> <span class='ocrx_word' id='word_1_108' title='bbox 1209 1537 1356 1605; x_wconf 78' lang='lat' dir='ltr'><strong>ipsos</strong></span> <span class='ocrx_word' id='word_1_109' title='bbox 1380 1538 1630 1593; x_wconf 74' lang='lat' dir='ltr'><strong>cmlestes</strong></span> <span class='ocrx_word' id='word_1_110' title='bbox 1655 1550 1708 1593; x_wconf 91' lang='lat' dir='ltr'><strong>et</strong></span> <span class='ocrx_word' id='word_1_111' title='bbox 1735 1542 2088 1611; x_wconf 88' lang='lat' dir='ltr'><strong>incorporeos</strong></span> 
     </span>
    </p>
   </div>
   <div class='ocr_carea' id='block_1_19' title="bbox 517 1607 2085 1700">
    <p class='ocr_par' dir='ltr' id='par_1_19' title="bbox 517 1607 2085 1700">
     <span class='ocr_line' id='line_1_19' title="bbox 517 1607 2085 1700; baseline 0.01 -30"><span class='ocrx_word' id='word_1_112' title='bbox 517 1619 739 1687; x_wconf 88' lang='lat' dir='ltr'><strong>spiritus</strong></span> <span class='ocrx_word' id='word_1_113' title='bbox 758 1621 929 1674; x_wconf 90' lang='lat' dir='ltr'><strong>reddit</strong></span> <span class='ocrx_word' id='word_1_114' title='bbox 948 1607 1306 1691; x_wconf 84' lang='lat' dir='ltr'><strong>impassibiles</strong></span> <span class='ocrx_word' id='word_1_115' title='bbox 1330 1627 1577 1680; x_wconf 81' lang='lat' dir='ltr'><strong>omnino.</strong></span> <span class='ocrx_word' id='word_1_116' title='bbox 1599 1628 1738 1693; x_wconf 88' lang='lat' dir='ltr'><strong>Quid</strong></span> <span class='ocrx_word' id='word_1_117' title='bbox 1755 1607 1945 1698; x_wconf 76' lang='lat' dir='ltr'><strong>plura?</strong></span> <span class='ocrx_word' id='word_1_118' title='bbox 1968 1632 2085 1700; x_wconf 86' lang='lat' dir='ltr'><strong>Ipsa</strong></span> 
     </span>
    </p>
   </div>
   <div class='ocr_carea' id='block_1_20' title="bbox 2192 456 3636 532">
    <p class='ocr_par' dir='ltr' id='par_1_20' title="bbox 2192 456 3636 532">
     <span class='ocr_line' id='line_1_20' title="bbox 2192 456 3636 532; baseline 0.009 -25"><span class='ocrx_word' id='word_1_119' title='bbox 2192 458 2546 526; x_wconf 78' lang='grc' dir='ltr'>στενοχωρεῖν</span> <span class='ocrx_word' id='word_1_120' title='bbox 2576 456 2668 509; x_wconf 67' lang='grc' dir='ltr'><strong>τὸν</strong></span> <span class='ocrx_word' id='word_1_121' title='bbox 2698 457 2926 526; x_wconf 77' lang='grc' dir='ltr'><strong>πλησίον</strong></span> <span class='ocrx_word' id='word_1_122' title='bbox 2946 473 2959 485; x_wconf 90' lang='grc'><strong>·</strong></span> <span class='ocrx_word' id='word_1_123' title='bbox 3014 457 3087 527; x_wconf 81' lang='grc' dir='ltr'>μὴ</span> <span class='ocrx_word' id='word_1_124' title='bbox 3129 457 3534 532; x_wconf 73' lang='grc' dir='ltr'><strong>ψευδομαρτυρεῖν</strong></span> <span class='ocrx_word' id='word_1_125' title='bbox 3555 472 3636 520; x_wconf 72' lang='grc' dir='ltr'>κατ’</span> 
     </span>
    </p>
   </div>
   <div class='ocr_carea' id='block_1_21' title="bbox 2190 544 3637 619">
    <p class='ocr_par' dir='ltr' id='par_1_21' title="bbox 2190 544 3637 619">
     <span class='ocr_line' id='line_1_21' title="bbox 2190 544 3637 619; baseline 0.006 -23"><span class='ocrx_word' id='word_1_126' title='bbox 2190 544 2375 609; x_wconf 77' lang='grc' dir='ltr'>αὐτοῦ,</span> <span class='ocrx_word' id='word_1_127' title='bbox 2405 546 2500 597; x_wconf 75' lang='grc' dir='ltr'>καὶ</span> <span class='ocrx_word' id='word_1_128' title='bbox 2540 544 2600 596; x_wconf 84' lang='grc' dir='ltr'><strong>τὸ</strong></span> <span class='ocrx_word' id='word_1_129' title='bbox 2644 544 2829 605; x_wconf 88' lang='grc' dir='ltr'>πλέον,</span> <span class='ocrx_word' id='word_1_130' title='bbox 2871 544 2946 613; x_wconf 81' lang='grc' dir='ltr'><strong>μὴ</strong></span> <span class='ocrx_word' id='word_1_131' title='bbox 2994 544 3348 610; x_wconf 82' lang='grc' dir='ltr'>σκανδαλίζειν</span> <span class='ocrx_word' id='word_1_132' title='bbox 3374 548 3521 615; x_wconf 71' lang='grc' dir='ltr'>αὐτὸν,</span> <span class='ocrx_word' id='word_1_133' title='bbox 3547 553 3637 619; x_wconf 75' lang='grc' dir='ltr'>μηδὲ</span> 
     </span>
    </p>
   </div>
   <div class='ocr_carea' id='block_1_22' title="bbox 2189 634 3639 706">
    <p class='ocr_par' dir='ltr' id='par_1_22' title="bbox 2189 634 3639 706">
     <span class='ocr_line' id='line_1_22' title="bbox 2189 634 3639 706; baseline 0.003 -18"><span class='ocrx_word' id='word_1_134' title='bbox 2189 634 2506 704; x_wconf 79' lang='grc' dir='ltr'>ὀργίζεσθαι</span> <span class='ocrx_word' id='word_1_135' title='bbox 2536 634 2685 703; x_wconf 79' lang='grc' dir='ltr'>αὐτῷ</span> <span class='ocrx_word' id='word_1_136' title='bbox 2704 652 2719 667; x_wconf 75' lang='grc' dir='ltr'><strong>ο</strong></span> <span class='ocrx_word' id='word_1_137' title='bbox 2746 634 2820 705; x_wconf 81' lang='grc' dir='ltr'>μὴ</span> <span class='ocrx_word' id='word_1_138' title='bbox 2843 635 3127 704; x_wconf 79' lang='grc' dir='ltr'><strong>ἐπιθυμεῖν</strong></span> <span class='ocrx_word' id='word_1_139' title='bbox 3151 635 3248 704; x_wconf 81' lang='grc' dir='ltr'><strong>τῆς</strong></span> <span class='ocrx_word' id='word_1_140' title='bbox 3272 641 3492 703; x_wconf 67' lang='grc' dir='ltr'>γυναικὸς</span> <span class='ocrx_word' id='word_1_141' title='bbox 3511 641 3639 706; x_wconf 69' lang='grc' dir='ltr'>αὑτοῦ,</span> 
     </span>
    </p>
   </div>
   <div class='ocr_carea' id='block_1_23' title="bbox 2193 726 3639 798">
    <p class='ocr_par' dir='ltr' id='par_1_23' title="bbox 2193 726 3639 798">
     <span class='ocr_line' id='line_1_23' title="bbox 2193 726 3639 798; baseline 0.003 -20"><span class='ocrx_word' id='word_1_142' title='bbox 2193 727 2267 796; x_wconf 81' lang='grc' dir='ltr'><strong>μὴ</strong></span> <span class='ocrx_word' id='word_1_143' title='bbox 2304 729 2401 794; x_wconf 73' lang='grc' dir='ltr'>τῆς</span> <span class='ocrx_word' id='word_1_144' title='bbox 2433 726 2745 796; x_wconf 81' lang='grc' dir='ltr'><strong>παιδίσκης,</strong></span> <span class='ocrx_word' id='word_1_145' title='bbox 2783 726 2857 794; x_wconf 85' lang='grc' dir='ltr'>μὴ</span> <span class='ocrx_word' id='word_1_146' title='bbox 2879 726 3037 779; x_wconf 81' lang='grc' dir='ltr'>ἄλλου</span> <span class='ocrx_word' id='word_1_147' title='bbox 3074 728 3378 795; x_wconf 80' lang='grc' dir='ltr'>πράγματος</span> <span class='ocrx_word' id='word_1_148' title='bbox 3413 730 3561 782; x_wconf 78' lang='grc' dir='ltr'>ὁποίου</span> <span class='ocrx_word' id='word_1_149' title='bbox 3581 732 3639 798; x_wconf 69' lang='grc' dir='ltr'><strong>δή·</strong></span> 
     </span>
    </p>
   </div>
   <div class='ocr_carea' id='block_1_24' title="bbox 2190 817 3643 889">
    <p class='ocr_par' dir='ltr' id='par_1_24' title="bbox 2190 817 3643 889">
     <span class='ocr_line' id='line_1_24' title="bbox 2190 817 3643 889; baseline 0.003 -20"><span class='ocrx_word' id='word_1_150' title='bbox 2190 834 2319 869; x_wconf 78' lang='grc' dir='ltr'>ποτε</span> <span class='ocrx_word' id='word_1_151' title='bbox 2344 818 2402 870; x_wconf 89' lang='grc' dir='ltr'>ἐν</span> <span class='ocrx_word' id='word_1_152' title='bbox 2425 817 2599 887; x_wconf 74' lang='grc' dir='ltr'>τούτῳ</span> <span class='ocrx_word' id='word_1_153' title='bbox 2631 818 2709 886; x_wconf 84' lang='grc' dir='ltr'><strong>τῷ</strong></span> <span class='ocrx_word' id='word_1_154' title='bbox 2742 818 2919 871; x_wconf 83' lang='grc' dir='ltr'>αίῶνι.</span> <span class='ocrx_word' id='word_1_155' title='bbox 2953 819 3061 871; x_wconf 76' lang='grc' dir='ltr'><strong>Καὶ</strong></span> <span class='ocrx_word' id='word_1_156' title='bbox 3101 819 3160 870; x_wconf 73' lang='grc' dir='ltr'>οὗ</span> <span class='ocrx_word' id='word_1_157' title='bbox 3186 819 3344 872; x_wconf 79' lang='grc' dir='ltr'>ταῦτα</span> <span class='ocrx_word' id='word_1_158' title='bbox 3372 821 3525 889; x_wconf 79' lang='grc' dir='ltr'>μόνον,</span> <span class='ocrx_word' id='word_1_159' title='bbox 3554 823 3643 875; x_wconf 76' lang='grc' dir='ltr'><strong>ἀλλὰ</strong></span> 
     </span>
    </p>
   </div>
   <div class='ocr_carea' id='block_1_25' title="bbox 2189 907 3643 977">
    <p class='ocr_par' dir='ltr' id='par_1_25' title="bbox 2189 907 3643 977">
     <span class='ocr_line' id='line_1_25' title="bbox 2189 907 3643 977; baseline 0.005 -21"><span class='ocrx_word' id='word_1_160' title='bbox 2189 907 2284 957; x_wconf 73' lang='grc' dir='ltr'><strong>καὶ</strong></span> <span class='ocrx_word' id='word_1_161' title='bbox 2308 908 2445 977; x_wconf 84' lang='grc' dir='ltr'>ὅπερ</span> <span class='ocrx_word' id='word_1_162' title='bbox 2486 910 2599 969; x_wconf 86' lang='grc' dir='ltr'>τοῖς</span> <span class='ocrx_word' id='word_1_163' title='bbox 2630 909 2911 974; x_wconf 76' lang='grc' dir='ltr'><strong>σαρκικοῖς</strong></span> <span class='ocrx_word' id='word_1_164' title='bbox 2944 907 3249 975; x_wconf 79' lang='grc' dir='ltr'>ἀνθρώποις</span> <span class='ocrx_word' id='word_1_165' title='bbox 3277 910 3500 961; x_wconf 85' lang='grc' dir='ltr'>ἀδύνατον</span> <span class='ocrx_word' id='word_1_166' title='bbox 3531 910 3643 971; x_wconf 78' lang='grc' dir='ltr'>δοκεῖ,</span> 
     </span>
    </p>
   </div>
   <div class='ocr_carea' id='block_1_26' title="bbox 2195 996 3644 1067">
    <p class='ocr_par' dir='ltr' id='par_1_26' title="bbox 2195 996 3644 1067">
     <span class='ocr_line' id='line_1_26' title="bbox 2195 996 3644 1067; baseline 0 -17"><span class='ocrx_word' id='word_1_167' title='bbox 2195 998 2415 1067; x_wconf 80' lang='grc' dir='ltr'><strong>ἀγαπᾷν</strong></span> <span class='ocrx_word' id='word_1_168' title='bbox 2460 997 2585 1057; x_wconf 83' lang='grc' dir='ltr'>τοὺς</span> <span class='ocrx_word' id='word_1_169' title='bbox 2644 996 2889 1066; x_wconf 76' lang='grc' dir='ltr'>ἐχθροὺς,</span> <span class='ocrx_word' id='word_1_170' title='bbox 2940 997 3244 1065; x_wconf 80' lang='grc' dir='ltr'><strong>εὐεργετεῖν</strong></span> <span class='ocrx_word' id='word_1_171' title='bbox 3272 998 3384 1061; x_wconf 82' lang='grc' dir='ltr'>τοὺς</span> <span class='ocrx_word' id='word_1_172' title='bbox 3415 998 3644 1067; x_wconf 68' lang='grc' dir='ltr'>μισοῦντας,</span> 
     </span>
    </p>
   </div>
   <div class='ocr_carea' id='block_1_27' title="bbox 2189 1088 3645 1159">
    <p class='ocr_par' dir='ltr' id='par_1_27' title="bbox 2189 1088 3645 1159">
     <span class='ocr_line' id='line_1_27' title="bbox 2189 1088 3645 1159; baseline -0.001 -18"><span class='ocrx_word' id='word_1_173' title='bbox 2189 1088 2445 1157; x_wconf 77' lang='grc' dir='ltr'>εὔχεσθαι</span> <span class='ocrx_word' id='word_1_174' title='bbox 2472 1088 2614 1159; x_wconf 80' lang='grc' dir='ltr'>ὑπὲρ</span> <span class='ocrx_word' id='word_1_175' title='bbox 2653 1089 2764 1142; x_wconf 83' lang='grc' dir='ltr'>τῶν</span> <span class='ocrx_word' id='word_1_176' title='bbox 2794 1088 3100 1142; x_wconf 73' lang='grc' dir='ltr'><strong>διωκόντων</strong></span> <span class='ocrx_word' id='word_1_177' title='bbox 3145 1092 3233 1141; x_wconf 81' lang='grc' dir='ltr'>καὶ</span> <span class='ocrx_word' id='word_1_178' title='bbox 3268 1089 3645 1156; x_wconf 60' lang='grc' dir='ltr'>συκοφαντοῦνται)</span> 
     </span>
    </p>
   </div>
   <div class='ocr_carea' id='block_1_28' title="bbox 2189 1173 3646 1246">
    <p class='ocr_par' dir='ltr' id='par_1_28' title="bbox 2189 1173 3646 1246">
     <span class='ocr_line' id='line_1_28' title="bbox 2189 1173 3646 1246; baseline 0.002 -22"><span class='ocrx_word' id='word_1_179' title='bbox 2189 1173 2356 1241; x_wconf 74' lang='grc' dir='ltr'>ἡμᾶς.</span> <span class='ocrx_word' id='word_1_180' title='bbox 2399 1174 2507 1225; x_wconf 75' lang='grc' dir='ltr'><strong>Καὶ</strong></span> <span class='ocrx_word' id='word_1_181' title='bbox 2537 1176 2624 1228; x_wconf 81' lang='grc' dir='ltr'><strong>ἵνα</strong></span> <span class='ocrx_word' id='word_1_182' title='bbox 2670 1178 2807 1246; x_wconf 82' lang='grc' dir='ltr'>πρὸς</span> <span class='ocrx_word' id='word_1_183' title='bbox 2850 1178 2947 1239; x_wconf 83' lang='grc' dir='ltr'>τὰς</span> <span class='ocrx_word' id='word_1_184' title='bbox 3000 1177 3201 1246; x_wconf 76' lang='grc' dir='ltr'>ἀρετὰς</span> <span class='ocrx_word' id='word_1_185' title='bbox 3242 1176 3560 1243; x_wconf 68' lang='grc' dir='ltr'>ἑλθωμεν,διὰ</span> <span class='ocrx_word' id='word_1_186' title='bbox 3585 1179 3646 1243; x_wconf 76' lang='grc' dir='ltr'>μὲν</span> 
     </span>
    </p>
   </div>
   <div class='ocr_carea' id='block_1_29' title="bbox 2188 1261 3646 1334">
    <p class='ocr_par' dir='ltr' id='par_1_29' title="bbox 2188 1261 3646 1334">
     <span class='ocr_line' id='line_1_29' title="bbox 2188 1261 3646 1334; baseline 0.001 -22"><span class='ocrx_word' id='word_1_187' title='bbox 2188 1261 2287 1331; x_wconf 77' lang='grc' dir='ltr'>τῆς</span> <span class='ocrx_word' id='word_1_188' title='bbox 2320 1262 2704 1327; x_wconf 74' lang='grc' dir='ltr'><strong>ταπεινώσεως</strong></span> <span class='ocrx_word' id='word_1_189' title='bbox 2759 1265 2852 1316; x_wconf 82' lang='grc' dir='ltr'>καὶ</span> <span class='ocrx_word' id='word_1_190' title='bbox 2897 1265 3197 1334; x_wconf 82' lang='grc' dir='ltr'>πραότητος</span> <span class='ocrx_word' id='word_1_191' title='bbox 3228 1264 3322 1333; x_wconf 81' lang='grc' dir='ltr'>τὴν</span> <span class='ocrx_word' id='word_1_192' title='bbox 3361 1265 3646 1332; x_wconf 65' lang='grc' dir='ltr'>ὑπερηψανῐον</span> 
     </span>
    </p>
   </div>
   <div class='ocr_carea' id='block_1_30' title="bbox 2189 1351 3643 1424">
    <p class='ocr_par' dir='ltr' id='par_1_30' title="bbox 2189 1351 3643 1424">
     <span class='ocr_line' id='line_1_30' title="bbox 2189 1351 3643 1424; baseline 0.001 -21"><span class='ocrx_word' id='word_1_193' title='bbox 2189 1351 2542 1421; x_wconf 71' lang='grc' dir='ltr'>ἀπορρίπτει,</span> <span class='ocrx_word' id='word_1_194' title='bbox 2568 1353 2655 1405; x_wconf 82' lang='grc' dir='ltr'>διὰ</span> <span class='ocrx_word' id='word_1_195' title='bbox 2684 1355 2782 1423; x_wconf 85' lang='grc' dir='ltr'>τῆς</span> <span class='ocrx_word' id='word_1_196' title='bbox 2812 1354 3235 1424; x_wconf 80' lang='grc' dir='ltr'><strong>εὐγνωμοσύνης</strong></span> <span class='ocrx_word' id='word_1_197' title='bbox 3264 1358 3346 1406; x_wconf 72' lang='grc' dir='ltr'><strong>τὸν</strong></span> <span class='ocrx_word' id='word_1_198' title='bbox 3368 1355 3527 1421; x_wconf 77' lang='grc' dir='ltr'>φθόνον</span> <span class='ocrx_word' id='word_1_199' title='bbox 3550 1356 3643 1422; x_wconf 69' lang='grc' dir='ltr'>νιχᾷε</span> 
     </span>
    </p>
   </div>
   <div class='ocr_carea' id='block_1_31' title="bbox 2189 1440 3646 1519">
    <p class='ocr_par' dir='ltr' id='par_1_31' title="bbox 2189 1440 3646 1519">
     <span class='ocr_line' id='line_1_31' title="bbox 2189 1440 3646 1519; baseline 0.001 -26"><span class='ocrx_word' id='word_1_200' title='bbox 2189 1440 2276 1493; x_wconf 87' lang='grc' dir='ltr'>διὰ</span> <span class='ocrx_word' id='word_1_201' title='bbox 2327 1441 2429 1510; x_wconf 85' lang='grc' dir='ltr'>τῆς</span> <span class='ocrx_word' id='word_1_202' title='bbox 2486 1444 2962 1512; x_wconf 75' lang='grc' dir='ltr'><strong>μεγαλοπρεπείας</strong></span> <span class='ocrx_word' id='word_1_203' title='bbox 3012 1444 3107 1495; x_wconf 85' lang='grc' dir='ltr'>καὶ</span> <span class='ocrx_word' id='word_1_204' title='bbox 3164 1442 3546 1519; x_wconf 72' lang='grc' dir='ltr'><strong>ἐλευθεριότητος</strong></span> <span class='ocrx_word' id='word_1_205' title='bbox 3585 1442 3646 1508; x_wconf 73' lang='grc' dir='ltr'><strong>τὴν</strong></span> 
     </span>
    </p>
   </div>
   <div class='ocr_carea' id='block_1_32' title="bbox 2189 1530 3647 1602">
    <p class='ocr_par' dir='ltr' id='par_1_32' title="bbox 2189 1530 3647 1602">
     <span class='ocr_line' id='line_1_32' title="bbox 2189 1530 3647 1602; baseline -0.003 -20"><span class='ocrx_word' id='word_1_206' title='bbox 2189 1531 2553 1601; x_wconf 77' lang='grc' dir='ltr'>φιλαργυρίαν</span> <span class='ocrx_word' id='word_1_207' title='bbox 2583 1532 2902 1602; x_wconf 81' lang='grc' dir='ltr'>ὑπερϐαίνει</span> <span class='ocrx_word' id='word_1_208' title='bbox 2934 1549 2949 1564; x_wconf 90' lang='grc'><strong>·</strong></span> <span class='ocrx_word' id='word_1_209' title='bbox 2982 1532 3079 1585; x_wconf 80' lang='grc' dir='ltr'>διὰ</span> <span class='ocrx_word' id='word_1_210' title='bbox 3115 1532 3213 1602; x_wconf 81' lang='grc' dir='ltr'>τῆς</span> <span class='ocrx_word' id='word_1_211' title='bbox 3257 1530 3557 1600; x_wconf 70' lang='grc' dir='ltr'>σωφροσύνης</span> <span class='ocrx_word' id='word_1_212' title='bbox 3586 1531 3647 1579; x_wconf 73' lang='grc' dir='ltr'><strong>καὶ</strong></span> 
     </span>
    </p>
   </div>
   <div class='ocr_carea' id='block_1_33' title="bbox 2190 1622 3648 1697">
    <p class='ocr_par' dir='ltr' id='par_1_33' title="bbox 2190 1622 3648 1697">
     <span class='ocr_line' id='line_1_33' title="bbox 2190 1622 3648 1697; baseline -0.002 -20"><span class='ocrx_word' id='word_1_213' title='bbox 2190 1626 2524 1696; x_wconf 79' lang='grc' dir='ltr'><strong>ἐγκρατείας</strong></span> <span class='ocrx_word' id='word_1_214' title='bbox 2577 1627 2675 1697; x_wconf 77' lang='grc' dir='ltr'>τὴν</span> <span class='ocrx_word' id='word_1_215' title='bbox 2726 1627 3175 1697; x_wconf 80' lang='grc' dir='ltr'><strong>γαστριμαργίαν</strong></span> <span class='ocrx_word' id='word_1_216' title='bbox 3226 1626 3455 1691; x_wconf 84' lang='grc' dir='ltr'>πραΰνει,</span> <span class='ocrx_word' id='word_1_217' title='bbox 3482 1624 3552 1677; x_wconf 67' lang='grc' dir='ltr'><strong>διὰ</strong></span> <span class='ocrx_word' id='word_1_218' title='bbox 3581 1622 3648 1689; x_wconf 78' lang='grc' dir='ltr'><strong>τῆς</strong></span> 
     </span>
    </p>
   </div>
   <div class='ocr_carea' id='block_1_34' title="bbox 516 1706 2073 1792">
    <p class='ocr_par' dir='ltr' id='par_1_34' title="bbox 516 1711 2073 1780">
     <span class='ocr_line' id='line_1_34' title="bbox 516 1711 2073 1780; baseline 0.008 -19"><span class='ocrx_word' id='word_1_219' title='bbox 516 1711 712 1763; x_wconf 76' lang='lat' dir='ltr'><strong>avertit</strong></span> <span class='ocrx_word' id='word_1_220' title='bbox 728 1711 924 1774; x_wconf 88' lang='lat' dir='ltr'><strong>visum,</strong></span> <span class='ocrx_word' id='word_1_221' title='bbox 942 1730 1006 1766; x_wconf 93' lang='lat' dir='ltr'><strong>ne</strong></span> <span class='ocrx_word' id='word_1_222' title='bbox 1027 1715 1200 1766; x_wconf 83' lang='lat' dir='ltr'><strong>videat</strong></span> <span class='ocrx_word' id='word_1_223' title='bbox 1216 1717 1735 1780; x_wconf 88' lang='lat' dir='ltr'><strong>vanitatem,clattdit</strong></span> <span class='ocrx_word' id='word_1_224' title='bbox 1757 1720 1997 1774; x_wconf 87' lang='lat' dir='ltr'><strong>attditum</strong></span> <span class='ocrx_word' id='word_1_225' title='bbox 2017 1736 2073 1774; x_wconf 81' lang='lat' dir='ltr'><strong>ne</strong></span> 
     </span>
    </p>
   </div>
   <div class='ocr_carea' id='block_1_35' title="bbox 2173 1706 3646 1792">
    <p class='ocr_par' dir='ltr' id='par_1_35' title="bbox 2186 1716 3646 1792">
     <span class='ocr_line' id='line_1_35' title="bbox 2186 1716 3646 1792; baseline -0.016 -5"><span class='ocrx_word' id='word_1_226' title='bbox 2186 1717 2563 1792; x_wconf 71' lang='grc' dir='ltr'><strong>μακροθυμίας</strong></span> <span class='ocrx_word' id='word_1_227' title='bbox 2621 1718 2721 1789; x_wconf 83' lang='grc' dir='ltr'>τὴν</span> <span class='ocrx_word' id='word_1_228' title='bbox 2769 1718 2938 1788; x_wconf 78' lang='grc' dir='ltr'>ὀργὴν</span> <span class='ocrx_word' id='word_1_229' title='bbox 2974 1717 3238 1782; x_wconf 76' lang='grc' dir='ltr'>σϐεννύει,</span> <span class='ocrx_word' id='word_1_230' title='bbox 3273 1716 3354 1769; x_wconf 67' lang='grc' dir='ltr'><strong>διὰ</strong></span> <span class='ocrx_word' id='word_1_231' title='bbox 3405 1716 3490 1784; x_wconf 82' lang='grc' dir='ltr'>τῆς</span> <span class='ocrx_word' id='word_1_232' title='bbox 3532 1729 3646 1767; x_wconf 77' lang='grc' dir='ltr'>σπον-</span> 
     </span>
    </p>
   </div>
   <div class='ocr_carea' id='block_1_36' title="bbox 518 1798 2080 1873">
    <p class='ocr_par' dir='ltr' id='par_1_36' title="bbox 518 1798 2080 1873">
     <span class='ocr_line' id='line_1_36' title="bbox 518 1798 2080 1873; baseline 0.006 -24"><span class='ocrx_word' id='word_1_233' title='bbox 518 1798 730 1853; x_wconf 91' lang='lat' dir='ltr'><strong>inutilia</strong></span> <span class='ocrx_word' id='word_1_234' title='bbox 751 1812 806 1854; x_wconf 90' lang='lat' dir='ltr'><strong>et</strong></span> <span class='ocrx_word' id='word_1_235' title='bbox 826 1802 1073 1855; x_wconf 82' lang='lat' dir='ltr'><strong>scurrilia</strong></span> <span class='ocrx_word' id='word_1_236' title='bbox 1094 1804 1279 1856; x_wconf 86' lang='lat' dir='ltr'><strong>audiat</strong></span> <span class='ocrx_word' id='word_1_237' title='bbox 1306 1804 1587 1871; x_wconf 88' lang='lat' dir='ltr'><strong>;prohibet</strong></span> <span class='ocrx_word' id='word_1_238' title='bbox 1611 1814 1848 1873; x_wconf 75' lang='lat' dir='ltr'><strong>gustum.</strong></span> <span class='ocrx_word' id='word_1_239' title='bbox 1884 1822 1952 1860; x_wconf 90' lang='lat' dir='ltr'><strong>ne</strong></span> <span class='ocrx_word' id='word_1_240' title='bbox 1982 1807 2080 1862; x_wconf 88' lang='lat' dir='ltr'><strong>illi-</strong></span> 
     </span>
    </p>
   </div>
   <div class='ocr_carea' id='block_1_37' title="bbox 512 1892 2079 1961">
    <p class='ocr_par' dir='ltr' id='par_1_37' title="bbox 512 1892 2079 1961">
     <span class='ocr_line' id='line_1_37' title="bbox 512 1892 2079 1961; baseline 0.006 -19"><span class='ocrx_word' id='word_1_241' title='bbox 512 1892 619 1942; x_wconf 90' lang='lat' dir='ltr'><strong>cita</strong></span> <span class='ocrx_word' id='word_1_242' title='bbox 639 1893 990 1960; x_wconf 86' lang='lat' dir='ltr'><strong>concupiscat</strong></span> <span class='ocrx_word' id='word_1_243' title='bbox 1011 1910 1025 1959; x_wconf 91' lang='lat'><strong>;</strong></span> <span class='ocrx_word' id='word_1_244' title='bbox 1048 1902 1310 1961; x_wconf 86' lang='lat' dir='ltr'><strong>temperat</strong></span> <span class='ocrx_word' id='word_1_245' title='bbox 1326 1895 1607 1948; x_wconf 79' lang='lat' dir='ltr'><strong>odoratum</strong></span> <span class='ocrx_word' id='word_1_246' title='bbox 1621 1939 1633 1957; x_wconf 91' lang='lat'><strong>,</strong></span> <span class='ocrx_word' id='word_1_247' title='bbox 1650 1912 1717 1950; x_wconf 89' lang='lat' dir='ltr'><strong>ne</strong></span> <span class='ocrx_word' id='word_1_248' title='bbox 1736 1898 1798 1950; x_wconf 88' lang='lat' dir='ltr'><strong>ad</strong></span> <span class='ocrx_word' id='word_1_249' title='bbox 1823 1899 2010 1952; x_wconf 87' lang='lat' dir='ltr'><strong>inanes</strong></span> <span class='ocrx_word' id='word_1_250' title='bbox 2026 1908 2079 1952; x_wconf 88' lang='lat' dir='ltr'><strong>et</strong></span> 
     </span>
    </p>
   </div>
   <div class='ocr_carea' id='block_1_38' title="bbox 513 1981 2077 2052">
    <p class='ocr_par' dir='ltr' id='par_1_38' title="bbox 513 1981 2077 2052">
     <span class='ocr_line' id='line_1_38' title="bbox 513 1981 2077 2052; baseline 0.007 -21"><span class='ocrx_word' id='word_1_251' title='bbox 513 1981 823 2035; x_wconf 78' lang='lat' dir='ltr'><strong>mortiferas</strong></span> <span class='ocrx_word' id='word_1_252' title='bbox 839 1982 1112 2052; x_wconf 66' lang='lat' dir='ltr'><strong>dilabatu;</strong></span> <span class='ocrx_word' id='word_1_253' title='bbox 1128 1984 1424 2038; x_wconf 84' lang='lat' dir='ltr'><strong>suavitates</strong></span> <span class='ocrx_word' id='word_1_254' title='bbox 1451 2002 1465 2050; x_wconf 86' lang='lat'><strong>;</strong></span> <span class='ocrx_word' id='word_1_255' title='bbox 1500 1984 1739 2038; x_wconf 89' lang='lat' dir='ltr'><strong>refrenat</strong></span> <span class='ocrx_word' id='word_1_256' title='bbox 1766 1996 1818 2039; x_wconf 91' lang='lat' dir='ltr'><strong>et</strong></span> <span class='ocrx_word' id='word_1_257' title='bbox 1842 1990 2077 2043; x_wconf 90' lang='lat' dir='ltr'><strong>retrahit</strong></span> 
     </span>
    </p>
   </div>
   <div class='ocr_carea' id='block_1_39' title="bbox 512 2060 2081 2144">
    <p class='ocr_par' dir='ltr' id='par_1_39' title="bbox 512 2060 2081 2144">
     <span class='ocr_line' id='line_1_39' title="bbox 512 2060 2081 2144; baseline 0.005 -22"><span class='ocrx_word' id='word_1_258' title='bbox 512 2080 736 2131; x_wconf 86' lang='lat' dir='ltr'><strong>tactum,</strong></span> <span class='ocrx_word' id='word_1_259' title='bbox 761 2086 829 2125; x_wconf 91' lang='lat' dir='ltr'><strong>ne</strong></span> <span class='ocrx_word' id='word_1_260' title='bbox 852 2072 1121 2140; x_wconf 79' lang='lat' dir='ltr'><strong>prohibita</strong></span> <span class='ocrx_word' id='word_1_261' title='bbox 1169 2088 1389 2143; x_wconf 87' lang='lat' dir='ltr'><strong>quoquo</strong></span> <span class='ocrx_word' id='word_1_262' title='bbox 1417 2060 1576 2128; x_wconf 88' lang='lat' dir='ltr'><strong>modo</strong></span> <span class='ocrx_word' id='word_1_263' title='bbox 1617 2084 1819 2144; x_wconf 83' lang='lat' dir='ltr'><strong>tangat.</strong></span> <span class='ocrx_word' id='word_1_264' title='bbox 1853 2085 1947 2130; x_wconf 90' lang='lat' dir='ltr'><strong>aut</strong></span> <span class='ocrx_word' id='word_1_265' title='bbox 1967 2093 2081 2130; x_wconf 90' lang='lat' dir='ltr'><strong>am-</strong></span> 
     </span>
    </p>
   </div>
   <div class='ocr_carea' id='block_1_40' title="bbox 510 2162 2079 2234">
    <p class='ocr_par' dir='ltr' id='par_1_40' title="bbox 510 2162 2079 2234">
     <span class='ocr_line' id='line_1_40' title="bbox 510 2162 2079 2234; baseline 0.005 -21"><span class='ocrx_word' id='word_1_266' title='bbox 510 2162 933 2230; x_wconf 69' lang='lat' dir='ltr'><strong>plectatuerss</strong></span> <span class='ocrx_word' id='word_1_267' title='bbox 958 2165 1315 2232; x_wconf 80' lang='lat' dir='ltr'><strong>cogitationes</strong></span> <span class='ocrx_word' id='word_1_268' title='bbox 1358 2165 1667 2219; x_wconf 88' lang='lat' dir='ltr'><strong>immundas</strong></span> <span class='ocrx_word' id='word_1_269' title='bbox 1707 2164 1913 2234; x_wconf 83' lang='lat' dir='ltr'><strong>purgat,</strong></span> <span class='ocrx_word' id='word_1_270' title='bbox 1935 2166 2079 2221; x_wconf 89' lang='lat' dir='ltr'><strong>dele-</strong></span> 
     </span>
    </p>
   </div>
   <div class='ocr_carea' id='block_1_41' title="bbox 507 2254 2079 2325">
    <p class='ocr_par' dir='ltr' id='par_1_41' title="bbox 507 2254 2079 2325">
     <span class='ocr_line' id='line_1_41' title="bbox 507 2254 2079 2325; baseline 0.004 -19"><span class='ocrx_word' id='word_1_271' title='bbox 507 2254 780 2307; x_wconf 83' lang='lat' dir='ltr'><strong>ctationes</strong></span> <span class='ocrx_word' id='word_1_272' title='bbox 805 2254 997 2308; x_wconf 84' lang='lat' dir='ltr'><strong>noxias</strong></span> <span class='ocrx_word' id='word_1_273' title='bbox 1016 2254 1183 2325; x_wconf 78' lang='lat' dir='ltr'><strong>fugat,</strong></span> <span class='ocrx_word' id='word_1_274' title='bbox 1208 2270 1532 2310; x_wconf 87' lang='lat' dir='ltr'><strong>consensum</strong></span> <span class='ocrx_word' id='word_1_275' title='bbox 1557 2257 1621 2310; x_wconf 90' lang='lat' dir='ltr'><strong>ad</strong></span> <span class='ocrx_word' id='word_1_276' title='bbox 1652 2256 1834 2311; x_wconf 77' lang='lat' dir='ltr'><strong>illicita</strong></span> <span class='ocrx_word' id='word_1_277' title='bbox 1855 2257 2079 2313; x_wconf 91' lang='lat' dir='ltr'><strong>omnino</strong></span> 
     </span>
    </p>
   </div>
   <div class='ocr_carea' id='block_1_42' title="bbox 506 2341 2076 2414">
    <p class='ocr_par' dir='ltr' id='par_1_42' title="bbox 506 2341 2076 2414">
     <span class='ocr_line' id='line_1_42' title="bbox 506 2341 2076 2414; baseline 0.007 -21"><span class='ocrx_word' id='word_1_278' title='bbox 506 2341 782 2408; x_wconf 78' lang='lat' dir='ltr'><strong>prohibet,</strong></span> <span class='ocrx_word' id='word_1_279' title='bbox 802 2343 1039 2411; x_wconf 81' lang='lat' dir='ltr'><strong>linguam</strong></span> <span class='ocrx_word' id='word_1_280' title='bbox 1059 2344 1301 2409; x_wconf 89' lang='lat' dir='ltr'><strong>cohibet,</strong></span> <span class='ocrx_word' id='word_1_281' title='bbox 1321 2360 1599 2400; x_wconf 85' lang='lat' dir='ltr'><strong>sermones</strong></span> <span class='ocrx_word' id='word_1_282' title='bbox 1621 2345 1853 2412; x_wconf 85' lang='lat' dir='ltr'><strong>ordinat,</strong></span> <span class='ocrx_word' id='word_1_283' title='bbox 1874 2363 2076 2414; x_wconf 88' lang='lat' dir='ltr'><strong>mores,</strong></span> 
     </span>
    </p>
   </div>
   <div class='ocr_carea' id='block_1_43' title="bbox 510 2435 2079 2507">
    <p class='ocr_par' dir='ltr' id='par_1_43' title="bbox 510 2435 2079 2507">
     <span class='ocr_line' id='line_1_43' title="bbox 510 2435 2079 2507; baseline 0.003 -18"><span class='ocrx_word' id='word_1_284' title='bbox 510 2436 987 2503; x_wconf 83' lang='lat' dir='ltr'><strong>componit,opera</strong></span> <span class='ocrx_word' id='word_1_285' title='bbox 1007 2435 1210 2505; x_wconf 82' lang='lat' dir='ltr'><strong>dirigit,</strong></span> <span class='ocrx_word' id='word_1_286' title='bbox 1238 2435 1437 2490; x_wconf 89' lang='lat' dir='ltr'><strong>omissa</strong></span> <span class='ocrx_word' id='word_1_287' title='bbox 1456 2452 1576 2506; x_wconf 74' lang='lat' dir='ltr'><strong>qua:</strong></span> <span class='ocrx_word' id='word_1_288' title='bbox 1615 2438 1819 2507; x_wconf 79' lang='lat' dir='ltr'><strong>agenda</strong></span> <span class='ocrx_word' id='word_1_289' title='bbox 1850 2448 1975 2493; x_wconf 85' lang='lat' dir='ltr'><strong>sunt</strong></span> <span class='ocrx_word' id='word_1_290' title='bbox 1994 2455 2079 2494; x_wconf 84' lang='lat' dir='ltr'><strong>re-</strong></span> 
     </span>
    </p>
   </div>
   <div class='ocr_carea' id='block_1_44' title="bbox 509 2525 2076 2596">
    <p class='ocr_par' dir='ltr' id='par_1_44' title="bbox 509 2525 2076 2596">
     <span class='ocr_line' id='line_1_44' title="bbox 509 2525 2076 2596; baseline 0.004 -21"><span class='ocrx_word' id='word_1_291' title='bbox 509 2530 737 2587; x_wconf 84' lang='lat' dir='ltr'><strong>staurat,</strong></span> <span class='ocrx_word' id='word_1_292' title='bbox 754 2532 879 2576; x_wconf 90' lang='lat' dir='ltr'><strong>etut</strong></span> <span class='ocrx_word' id='word_1_293' title='bbox 896 2538 999 2575; x_wconf 90' lang='lat' dir='ltr'><strong>uno</strong></span> <span class='ocrx_word' id='word_1_294' title='bbox 1021 2536 1270 2577; x_wconf 90' lang='lat' dir='ltr'><strong>sermone</strong></span> <span class='ocrx_word' id='word_1_295' title='bbox 1307 2525 1485 2578; x_wconf 88' lang='lat' dir='ltr'><strong>omnia</strong></span> <span class='ocrx_word' id='word_1_296' title='bbox 1504 2527 1947 2595; x_wconf 69' lang='lat' dir='ltr'><strong>complectamur,</strong></span> <span class='ocrx_word' id='word_1_297' title='bbox 1962 2529 2076 2596; x_wconf 88' lang='lat' dir='ltr'><strong>ipsa</strong></span> 
     </span>
    </p>
   </div>
   <div class='ocr_carea' id='block_1_45' title="bbox 508 2611 2074 2688">
    <p class='ocr_par' dir='ltr' id='par_1_45' title="bbox 508 2611 2074 2688">
     <span class='ocr_line' id='line_1_45' title="bbox 508 2611 2074 2688; baseline 0.008 -27"><span class='ocrx_word' id='word_1_298' title='bbox 508 2612 670 2665; x_wconf 88' lang='lat' dir='ltr'><strong>docet</strong></span> <span class='ocrx_word' id='word_1_299' title='bbox 700 2611 866 2665; x_wconf 88' lang='lat' dir='ltr'><strong>Deum</strong></span> <span class='ocrx_word' id='word_1_300' title='bbox 900 2613 1113 2677; x_wconf 89' lang='lat' dir='ltr'><strong>timere,</strong></span> <span class='ocrx_word' id='word_1_301' title='bbox 1143 2623 1199 2669; x_wconf 92' lang='lat' dir='ltr'><strong>et</strong></span> <span class='ocrx_word' id='word_1_302' title='bbox 1251 2615 1427 2684; x_wconf 87' lang='lat' dir='ltr'><strong>ipsqu</strong></span> <span class='ocrx_word' id='word_1_303' title='bbox 1489 2626 1605 2671; x_wconf 93' lang='lat' dir='ltr'><strong>toto</strong></span> <span class='ocrx_word' id='word_1_304' title='bbox 1633 2619 1797 2673; x_wconf 90' lang='lat' dir='ltr'><strong>corde</strong></span> <span class='ocrx_word' id='word_1_305' title='bbox 1827 2619 2074 2688; x_wconf 81' lang='lat' dir='ltr'><strong>diligere,</strong></span> 
     </span>
    </p>
   </div>
   <div class='ocr_carea' id='block_1_46' title="bbox 510 2697 2077 2775">
    <p class='ocr_par' dir='ltr' id='par_1_46' title="bbox 510 2697 2077 2775">
     <span class='ocr_line' id='line_1_46' title="bbox 510 2697 2077 2775; baseline 0.01 -26"><span class='ocrx_word' id='word_1_306' title='bbox 510 2697 612 2763; x_wconf 87' lang='lat' dir='ltr'><strong>ipsi</strong></span> <span class='ocrx_word' id='word_1_307' title='bbox 661 2698 958 2763; x_wconf 70' lang='lat' dir='ltr'><strong>adhaerere,</strong></span> <span class='ocrx_word' id='word_1_308' title='bbox 1008 2711 1063 2755; x_wconf 92' lang='lat' dir='ltr'><strong>et</strong></span> <span class='ocrx_word' id='word_1_309' title='bbox 1101 2704 1169 2757; x_wconf 90' lang='lat' dir='ltr'><strong>ab</strong></span> <span class='ocrx_word' id='word_1_310' title='bbox 1205 2701 1325 2772; x_wconf 85' lang='lat' dir='ltr'><strong>ipso</strong></span> <span class='ocrx_word' id='word_1_311' title='bbox 1383 2720 1660 2775; x_wconf 89' lang='lat' dir='ltr'><strong>nunquam</strong></span> <span class='ocrx_word' id='word_1_312' title='bbox 1721 2708 1774 2762; x_wconf 90' lang='lat' dir='ltr'><strong>in</strong></span> <span class='ocrx_word' id='word_1_313' title='bbox 1813 2720 2077 2765; x_wconf 66' lang='lat' dir='ltr'><strong>aeternum</strong></span> 
     </span>
    </p>
   </div>
   <div class='ocr_carea' id='block_1_47' title="bbox 507 2788 2074 2863">
    <p class='ocr_par' dir='ltr' id='par_1_47' title="bbox 507 2788 2074 2863">
     <span class='ocr_line' id='line_1_47' title="bbox 507 2788 2074 2863; baseline 0.01 -24"><span class='ocrx_word' id='word_1_314' title='bbox 507 2788 789 2854; x_wconf 86' lang='lat' dir='ltr'><strong>separari:</strong></span> <span class='ocrx_word' id='word_1_315' title='bbox 843 2790 989 2856; x_wconf 90' lang='lat' dir='ltr'><strong>quod</strong></span> <span class='ocrx_word' id='word_1_316' title='bbox 1042 2802 1126 2845; x_wconf 91' lang='lat' dir='ltr'><strong>est</strong></span> <span class='ocrx_word' id='word_1_317' title='bbox 1174 2810 1385 2848; x_wconf 88' lang='lat' dir='ltr'><strong>summa</strong></span> <span class='ocrx_word' id='word_1_318' title='bbox 1433 2795 1686 2863; x_wconf 85' lang='lat' dir='ltr'><strong>felicitas,</strong></span> <span class='ocrx_word' id='word_1_319' title='bbox 1724 2808 1780 2854; x_wconf 88' lang='lat' dir='ltr'><strong>et</strong></span> <span class='ocrx_word' id='word_1_320' title='bbox 1812 2801 2074 2855; x_wconf 86' lang='lat' dir='ltr'><strong>immensa</strong></span> 
     </span>
    </p>
   </div>
   <div class='ocr_carea' id='block_1_48' title="bbox 504 2876 2078 2959">
    <p class='ocr_par' dir='ltr' id='par_1_48' title="bbox 504 2876 2078 2959">
     <span class='ocr_line' id='line_1_48' title="bbox 504 2876 2078 2959; baseline 0.011 -31"><span class='ocrx_word' id='word_1_321' title='bbox 504 2876 845 2945; x_wconf 70' lang='lat' dir='ltr'><strong>iucunditas,</strong></span> <span class='ocrx_word' id='word_1_322' title='bbox 878 2880 967 2933; x_wconf 89' lang='lat' dir='ltr'><strong>hic</strong></span> <span class='ocrx_word' id='word_1_323' title='bbox 1002 2880 1278 2947; x_wconf 86' lang='lat' dir='ltr'><strong>inchoata,</strong></span> <span class='ocrx_word' id='word_1_324' title='bbox 1329 2894 1609 2956; x_wconf 89' lang='lat' dir='ltr'><strong>utcunque</strong></span> <span class='ocrx_word' id='word_1_325' title='bbox 1658 2889 1920 2957; x_wconf 82' lang='lat' dir='ltr'><strong>possibile</strong></span> <span class='ocrx_word' id='word_1_326' title='bbox 1981 2907 2078 2959; x_wconf 90' lang='lat' dir='ltr'><strong>per</strong></span> 
     </span>
    </p>
   </div>
   <div class='ocr_carea' id='block_1_49' title="bbox 466 2950 2077 3045">
    <p class='ocr_par' dir='ltr' id='par_1_49' title="bbox 466 2950 2077 3045">
     <span class='ocr_line' id='line_1_49' title="bbox 466 2950 2077 3045; baseline 0.01 -27"><span class='ocrx_word' id='word_1_327' title='bbox 466 2950 469 2957; x_wconf 23' lang='grc' dir='ltr'><strong>λ</strong></span> <span class='ocrx_word' id='word_1_328' title='bbox 510 2970 771 3036; x_wconf 77' lang='lat' dir='ltr'><strong>speciem,</strong></span> <span class='ocrx_word' id='word_1_329' title='bbox 799 2986 920 3039; x_wconf 68' lang='lat' dir='ltr'><strong>quae</strong></span> <span class='ocrx_word' id='word_1_330' title='bbox 955 2974 1171 3026; x_wconf 89' lang='lat' dir='ltr'><strong>tandem</strong></span> <span class='ocrx_word' id='word_1_331' title='bbox 1229 2975 1281 3027; x_wconf 93' lang='lat' dir='ltr'><strong>in</strong></span> <span class='ocrx_word' id='word_1_332' title='bbox 1314 2976 1416 3028; x_wconf 88' lang='lat' dir='ltr'><strong>alia</strong></span> <span class='ocrx_word' id='word_1_333' title='bbox 1458 2978 1565 3030; x_wconf 88' lang='lat' dir='ltr'><strong>vita</strong></span> <span class='ocrx_word' id='word_1_334' title='bbox 1619 2994 1714 3045; x_wconf 89' lang='lat' dir='ltr'><strong>per</strong></span> <span class='ocrx_word' id='word_1_335' title='bbox 1748 2981 1825 3033; x_wconf 89' lang='lat' dir='ltr'><strong>rei</strong></span> <span class='ocrx_word' id='word_1_336' title='bbox 1856 2982 2077 3035; x_wconf 88' lang='lat' dir='ltr'><strong>eviden-</strong></span> 
     </span>
    </p>
   </div>
   <div class='ocr_carea' id='block_1_50' title="bbox 2179 1807 3645 1882">
    <p class='ocr_par' dir='ltr' id='par_1_50' title="bbox 2179 1807 3645 1882">
     <span class='ocr_line' id='line_1_50' title="bbox 2179 1807 3645 1882; baseline -0.009 -13"><span class='ocrx_word' id='word_1_337' title='bbox 2179 1812 2277 1880; x_wconf 80' lang='grc' dir='ltr'>δῆς</span> <span class='ocrx_word' id='word_1_338' title='bbox 2337 1815 2429 1866; x_wconf 79' lang='grc' dir='ltr'><strong>καὶ</strong></span> <span class='ocrx_word' id='word_1_339' title='bbox 2489 1811 2805 1882; x_wconf 72' lang='grc' dir='ltr'>ἐπιμελείας</span> <span class='ocrx_word' id='word_1_340' title='bbox 2865 1811 2962 1881; x_wconf 80' lang='grc' dir='ltr'>τὴν</span> <span class='ocrx_word' id='word_1_341' title='bbox 3022 1812 3253 1880; x_wconf 83' lang='grc' dir='ltr'>ἀκηδίαν</span> <span class='ocrx_word' id='word_1_342' title='bbox 3308 1807 3645 1880; x_wconf 69' lang='grc' dir='ltr'>ἐκνευρὶζει,ὃιὶ</span> 
     </span>
    </p>
   </div>
   <div class='ocr_carea' id='block_1_51' title="bbox 2180 1897 3645 1974">
    <p class='ocr_par' dir='ltr' id='par_1_51' title="bbox 2180 1897 3645 1974">
     <span class='ocr_line' id='line_1_51' title="bbox 2180 1897 3645 1974; baseline -0.005 -18"><span class='ocrx_word' id='word_1_343' title='bbox 2180 1904 2239 1956; x_wconf 78' lang='grc' dir='ltr'>δὲ</span> <span class='ocrx_word' id='word_1_344' title='bbox 2266 1904 2364 1973; x_wconf 79' lang='grc' dir='ltr'><strong>τῆς</strong></span> <span class='ocrx_word' id='word_1_345' title='bbox 2395 1905 2616 1972; x_wconf 75' lang='grc' dir='ltr'>ἁγνείας</span> <span class='ocrx_word' id='word_1_346' title='bbox 2649 1906 2744 1958; x_wconf 77' lang='grc' dir='ltr'>καὶ</span> <span class='ocrx_word' id='word_1_347' title='bbox 2781 1903 3144 1974; x_wconf 83' lang='grc' dir='ltr'><strong>σωφροσύνης</strong></span> <span class='ocrx_word' id='word_1_348' title='bbox 3174 1902 3231 1955; x_wconf 84' lang='grc' dir='ltr'><strong>οὐ</strong></span> <span class='ocrx_word' id='word_1_349' title='bbox 3265 1901 3409 1971; x_wconf 81' lang='grc' dir='ltr'>μόνον</span> <span class='ocrx_word' id='word_1_350' title='bbox 3452 1897 3529 1966; x_wconf 77' lang='grc' dir='ltr'><strong>τὴν</strong></span> <span class='ocrx_word' id='word_1_351' title='bbox 3561 1897 3645 1948; x_wconf 68' lang='grc' dir='ltr'>ἁλιο-</span> 
     </span>
    </p>
   </div>
   <div class='ocr_carea' id='block_1_52' title="bbox 2179 1989 3644 2065">
    <p class='ocr_par' dir='ltr' id='par_1_52' title="bbox 2179 1989 3644 2065">
     <span class='ocr_line' id='line_1_52' title="bbox 2179 1989 3644 2065; baseline -0.001 -20"><span class='ocrx_word' id='word_1_352' title='bbox 2179 1995 2374 2048; x_wconf 87' lang='grc' dir='ltr'>λασὶαν</span> <span class='ocrx_word' id='word_1_353' title='bbox 2406 1998 2497 2049; x_wconf 78' lang='grc' dir='ltr'>καὶ</span> <span class='ocrx_word' id='word_1_354' title='bbox 2547 1999 2728 2051; x_wconf 74' lang='grc' dir='ltr'>πᾶσαν</span> <span class='ocrx_word' id='word_1_355' title='bbox 2781 1997 2959 2065; x_wconf 77' lang='grc' dir='ltr'>ὁρμὴν</span> <span class='ocrx_word' id='word_1_356' title='bbox 3008 1994 3298 2063; x_wconf 77' lang='grc' dir='ltr'>ἀσελγείας</span> <span class='ocrx_word' id='word_1_357' title='bbox 3343 1989 3644 2062; x_wconf 60' lang='grc' dir='ltr'>χαΜνοῆἀλλὰ</span> 
     </span>
    </p>
   </div>
   <div class='ocr_carea' id='block_1_53' title="bbox 2182 2076 3644 2152">
    <p class='ocr_par' dir='ltr' id='par_1_53' title="bbox 2182 2076 3644 2152">
     <span class='ocr_line' id='line_1_53' title="bbox 2182 2076 3644 2152; baseline -0.002 -19"><span class='ocrx_word' id='word_1_358' title='bbox 2182 2082 2275 2133; x_wconf 79' lang='grc' dir='ltr'><strong>καὶ</strong></span> <span class='ocrx_word' id='word_1_359' title='bbox 2299 2082 2527 2146; x_wconf 80' lang='grc' dir='ltr'>πολλοὺς</span> <span class='ocrx_word' id='word_1_360' title='bbox 2554 2084 2653 2136; x_wconf 83' lang='grc' dir='ltr'>καὶ</span> <span class='ocrx_word' id='word_1_361' title='bbox 2680 2083 2967 2146; x_wconf 84' lang='grc' dir='ltr'>πλείστους</span> <span class='ocrx_word' id='word_1_362' title='bbox 3005 2084 3089 2137; x_wconf 82' lang='grc' dir='ltr'>ὥσ</span> <span class='ocrx_word' id='word_1_363' title='bbox 3102 2099 3201 2152; x_wconf 85' lang='grc' dir='ltr'><strong>περ</strong></span> <span class='ocrx_word' id='word_1_364' title='bbox 3232 2081 3361 2134; x_wconf 74' lang='grc' dir='ltr'>αὐτὰ</span> <span class='ocrx_word' id='word_1_365' title='bbox 3397 2080 3457 2131; x_wconf 79' lang='grc' dir='ltr'>τὰ</span> <span class='ocrx_word' id='word_1_366' title='bbox 3485 2076 3644 2145; x_wconf 70' lang='grc' dir='ltr'>οὐράνια</span> 
     </span>
    </p>
   </div>
   <div class='ocr_carea' id='block_1_54' title="bbox 2181 2167 3645 2243">
    <p class='ocr_par' dir='ltr' id='par_1_54' title="bbox 2181 2167 3645 2243">
     <span class='ocr_line' id='line_1_54' title="bbox 2181 2167 3645 2243; baseline 0 -19"><span class='ocrx_word' id='word_1_367' title='bbox 2181 2174 2274 2225; x_wconf 79' lang='grc' dir='ltr'>καὶ</span> <span class='ocrx_word' id='word_1_368' title='bbox 2331 2173 2599 2242; x_wconf 82' lang='grc' dir='ltr'>ἀσώματα</span> <span class='ocrx_word' id='word_1_369' title='bbox 2650 2178 2977 2243; x_wconf 76' lang='grc' dir='ltr'>πνεύματα,</span> <span class='ocrx_word' id='word_1_370' title='bbox 3025 2173 3437 2239; x_wconf 74' lang='grc' dir='ltr'>ἀποκαθίστησιν</span> <span class='ocrx_word' id='word_1_371' title='bbox 3484 2167 3645 2224; x_wconf 76' lang='grc' dir='ltr'>ἀπαθεῖς</span> 
     </span>
    </p>
   </div>
   <div class='ocr_carea' id='block_1_55' title="bbox 2180 2260 3643 2334">
    <p class='ocr_par' dir='ltr' id='par_1_55' title="bbox 2180 2260 3643 2334">
     <span class='ocr_line' id='line_1_55' title="bbox 2180 2260 3643 2334; baseline -0.001 -17"><span class='ocrx_word' id='word_1_372' title='bbox 2180 2264 2480 2328; x_wconf 82' lang='grc' dir='ltr'>παντελῶς.</span> <span class='ocrx_word' id='word_1_373' title='bbox 2529 2266 2593 2318; x_wconf 86' lang='grc' dir='ltr'>Τί</span> <span class='ocrx_word' id='word_1_374' title='bbox 2634 2266 2832 2332; x_wconf 87' lang='grc' dir='ltr'>πλέον;</span> <span class='ocrx_word' id='word_1_375' title='bbox 2876 2265 3049 2328; x_wconf 77' lang='grc' dir='ltr'>Αὐτὸς</span> <span class='ocrx_word' id='word_1_376' title='bbox 3081 2264 3400 2334; x_wconf 79' lang='grc' dir='ltr'>ἀποστρέφει</span> <span class='ocrx_word' id='word_1_377' title='bbox 3439 2263 3520 2329; x_wconf 78' lang='grc' dir='ltr'>τὴν</span> <span class='ocrx_word' id='word_1_378' title='bbox 3549 2260 3643 2324; x_wconf 57' lang='grc' dir='ltr'>ὅφιν.</span> 
     </span>
    </p>
   </div>
   <div class='ocr_carea' id='block_1_56' title="bbox 2181 2350 3641 2427">
    <p class='ocr_par' dir='ltr' id='par_1_56' title="bbox 2181 2350 3641 2427">
     <span class='ocr_line' id='line_1_56' title="bbox 2181 2350 3641 2427; baseline -0.006 -20"><span class='ocrx_word' id='word_1_379' title='bbox 2181 2354 2266 2408; x_wconf 84' lang='grc' dir='ltr'>ἴνα</span> <span class='ocrx_word' id='word_1_380' title='bbox 2295 2357 2369 2424; x_wconf 84' lang='grc' dir='ltr'>μὴ</span> <span class='ocrx_word' id='word_1_381' title='bbox 2401 2356 2573 2427; x_wconf 71' lang='grc' dir='ltr'>βλέπῃ</span> <span class='ocrx_word' id='word_1_382' title='bbox 2622 2358 3019 2425; x_wconf 84' lang='grc' dir='ltr'>ματαιότητα;’</span> <span class='ocrx_word' id='word_1_383' title='bbox 3072 2354 3239 2408; x_wconf 83' lang='grc' dir='ltr'>κλείει</span> <span class='ocrx_word' id='word_1_384' title='bbox 3282 2354 3371 2420; x_wconf 85' lang='grc' dir='ltr'>τὴν</span> <span class='ocrx_word' id='word_1_385' title='bbox 3419 2350 3641 2418; x_wconf 51' lang='lat' dir='ltr'><strong>emuniri</strong></span> 
     </span>
    </p>
   </div>
   <div class='ocr_carea' id='block_1_57' title="bbox 2184 2437 3645 2518">
    <p class='ocr_par' dir='ltr' id='par_1_57' title="bbox 2184 2437 3645 2518">
     <span class='ocr_line' id='line_1_57' title="bbox 2184 2437 3645 2518; baseline -0.009 -16"><span class='ocrx_word' id='word_1_386' title='bbox 2184 2448 2321 2518; x_wconf 85' lang='grc' dir='ltr'>μήτε</span> <span class='ocrx_word' id='word_1_387' title='bbox 2354 2449 2609 2517; x_wconf 84' lang='grc' dir='ltr'>ἀνωφελῆ</span> <span class='ocrx_word' id='word_1_388' title='bbox 2644 2448 2737 2502; x_wconf 76' lang='grc' dir='ltr'>καὶ</span> <span class='ocrx_word' id='word_1_389' title='bbox 2771 2448 2981 2516; x_wconf 82' lang='grc' dir='ltr'>ἀκαιρῆ</span> <span class='ocrx_word' id='word_1_390' title='bbox 3006 2447 3186 2517; x_wconf 78' lang='grc' dir='ltr'>ἀκούῃ</span> <span class='ocrx_word' id='word_1_391' title='bbox 3208 2462 3221 2479; x_wconf 87' lang='grc'><strong>·</strong></span> <span class='ocrx_word' id='word_1_392' title='bbox 3253 2444 3434 2499; x_wconf 79' lang='grc' dir='ltr'>κωλύει</span> <span class='ocrx_word' id='word_1_393' title='bbox 3463 2442 3539 2511; x_wconf 77' lang='grc' dir='ltr'><strong>την</strong></span> <span class='ocrx_word' id='word_1_394' title='bbox 3560 2437 3645 2506; x_wconf 78' lang='grc' dir='ltr'>γεῦ-</span> 
     </span>
    </p>
   </div>
   <div class='ocr_carea' id='block_1_58' title="bbox 2180 2530 3644 2609">
    <p class='ocr_par' dir='ltr' id='par_1_58' title="bbox 2180 2530 3644 2609">
     <span class='ocr_line' id='line_1_58' title="bbox 2180 2530 3644 2609; baseline 0.001 -17"><span class='ocrx_word' id='word_1_395' title='bbox 2180 2557 2287 2605; x_wconf 88' lang='grc' dir='ltr'>σιν,</span> <span class='ocrx_word' id='word_1_396' title='bbox 2339 2540 2426 2594; x_wconf 82' lang='grc' dir='ltr'><strong>ίνα</strong></span> <span class='ocrx_word' id='word_1_397' title='bbox 2484 2542 2559 2609; x_wconf 77' lang='grc' dir='ltr'>μὴ</span> <span class='ocrx_word' id='word_1_398' title='bbox 2614 2540 2724 2594; x_wconf 83' lang='grc' dir='ltr'>τῶν</span> <span class='ocrx_word' id='word_1_399' title='bbox 2763 2540 3042 2609; x_wconf 82' lang='grc' dir='ltr'>ἀθεμίτων</span> <span class='ocrx_word' id='word_1_400' title='bbox 3095 2541 3363 2609; x_wconf 79' lang='grc' dir='ltr'>ἐπιθυμῇ·</span> <span class='ocrx_word' id='word_1_401' title='bbox 3412 2536 3546 2605; x_wconf 79' lang='grc' dir='ltr'>κιρνᾷ</span> <span class='ocrx_word' id='word_1_402' title='bbox 3581 2530 3644 2599; x_wconf 71' lang='grc' dir='ltr'><strong>τὴν</strong></span> 
     </span>
    </p>
   </div>
   <div class='ocr_carea' id='block_1_59' title="bbox 2176 2630 3644 2706">
    <p class='ocr_par' dir='ltr' id='par_1_59' title="bbox 2176 2630 3644 2706">
     <span class='ocr_line' id='line_1_59' title="bbox 2176 2630 3644 2706; baseline -0.004 -16"><span class='ocrx_word' id='word_1_403' title='bbox 2176 2636 2475 2705; x_wconf 68' lang='grc' dir='ltr'>ὄσφρησιν,</span> <span class='ocrx_word' id='word_1_404' title='bbox 2516 2637 2605 2690; x_wconf 76' lang='grc' dir='ltr'>ἴνα</span> <span class='ocrx_word' id='word_1_405' title='bbox 2653 2637 2728 2706; x_wconf 81' lang='grc' dir='ltr'>μὴ</span> <span class='ocrx_word' id='word_1_406' title='bbox 2779 2637 2860 2700; x_wconf 85' lang='grc' dir='ltr'><strong>είς</strong></span> <span class='ocrx_word' id='word_1_407' title='bbox 2907 2637 3150 2706; x_wconf 82' lang='grc' dir='ltr'>ματαίας</span> <span class='ocrx_word' id='word_1_408' title='bbox 3195 2637 3287 2689; x_wconf 77' lang='grc' dir='ltr'>καὶ</span> <span class='ocrx_word' id='word_1_409' title='bbox 3326 2630 3644 2700; x_wconf 69' lang='grc' dir='ltr'>θανατηφόρους</span> 
     </span>
    </p>
   </div>
   <div class='ocr_carea' id='block_1_60' title="bbox 2177 2718 3643 2800">
    <p class='ocr_par' dir='ltr' id='par_1_60' title="bbox 2177 2718 3643 2800">
     <span class='ocr_line' id='line_1_60' title="bbox 2177 2718 3643 2800; baseline -0.002 -22"><span class='ocrx_word' id='word_1_410' title='bbox 2177 2726 2459 2800; x_wconf 81' lang='grc' dir='ltr'>ὀλισθαίνῃ</span> <span class='ocrx_word' id='word_1_411' title='bbox 2489 2727 2762 2797; x_wconf 83' lang='grc' dir='ltr'>ἠδῠτητας</span> <span class='ocrx_word' id='word_1_412' title='bbox 2784 2742 2798 2757; x_wconf 76' lang='grc'><strong>⁸</strong></span> <span class='ocrx_word' id='word_1_413' title='bbox 2825 2727 3038 2796; x_wconf 88' lang='grc' dir='ltr'>χαλινοῖ</span> <span class='ocrx_word' id='word_1_414' title='bbox 3064 2728 3158 2781; x_wconf 69' lang='grc' dir='ltr'>καὶ</span> <span class='ocrx_word' id='word_1_415' title='bbox 3185 2725 3417 2780; x_wconf 82' lang='grc' dir='ltr'>ἀνθέλκει</span> <span class='ocrx_word' id='word_1_416' title='bbox 3437 2723 3517 2791; x_wconf 75' lang='grc' dir='ltr'>τὴν</span> <span class='ocrx_word' id='word_1_417' title='bbox 3530 2718 3643 2785; x_wconf 72' lang='grc' dir='ltr'><strong>ἁφὴν.</strong></span> 
     </span>
    </p>
   </div>
   <div class='ocr_carea' id='block_1_61' title="bbox 2179 2806 3641 2887">
    <p class='ocr_par' dir='ltr' id='par_1_61' title="bbox 2179 2806 3641 2887">
     <span class='ocr_line' id='line_1_61' title="bbox 2179 2806 3641 2887; baseline -0.008 -18"><span class='ocrx_word' id='word_1_418' title='bbox 2179 2816 2266 2869; x_wconf 80' lang='grc' dir='ltr'><strong>ῐνα</strong></span> <span class='ocrx_word' id='word_1_419' title='bbox 2301 2815 2379 2887; x_wconf 77' lang='grc' dir='ltr'>μὴ</span> <span class='ocrx_word' id='word_1_420' title='bbox 2418 2816 2525 2868; x_wconf 82' lang='grc' dir='ltr'><strong>τῶν</strong></span> <span class='ocrx_word' id='word_1_421' title='bbox 2568 2816 2965 2885; x_wconf 82' lang='grc' dir='ltr'>κεκωλυμένων</span> <span class='ocrx_word' id='word_1_422' title='bbox 2990 2816 3146 2878; x_wconf 85' lang='grc' dir='ltr'>ὅπως</span> <span class='ocrx_word' id='word_1_423' title='bbox 3173 2816 3358 2883; x_wconf 77' lang='grc' dir='ltr'>δήποτε</span> <span class='ocrx_word' id='word_1_424' title='bbox 3387 2812 3593 2877; x_wconf 74' lang='grc' dir='ltr'>ἅπτηται,</span> <span class='ocrx_word' id='word_1_425' title='bbox 3620 2806 3641 2872; x_wconf 68' lang='grc' dir='ltr'><strong>ἢ</strong></span> 
     </span>
    </p>
   </div>
   <div class='ocr_carea' id='block_1_62' title="bbox 2177 2897 3644 2977">
    <p class='ocr_par' dir='ltr' id='par_1_62' title="bbox 2177 2897 3644 2977">
     <span class='ocr_line' id='line_1_62' title="bbox 2177 2897 3644 2977; baseline 0.003 -18"><span class='ocrx_word' id='word_1_426' title='bbox 2177 2908 2316 2961; x_wconf 69' lang='grc' dir='ltr'>αὐτὰ</span> <span class='ocrx_word' id='word_1_427' title='bbox 2347 2907 2766 2977; x_wconf 83' lang='grc' dir='ltr'>περιπλέκηται.</span> <span class='ocrx_word' id='word_1_428' title='bbox 2809 2899 2978 2969; x_wconf 80' lang='grc' dir='ltr'>Οὗτος</span> <span class='ocrx_word' id='word_1_429' title='bbox 3007 2907 3113 2969; x_wconf 88' lang='grc' dir='ltr'><strong>τάς</strong></span> <span class='ocrx_word' id='word_1_430' title='bbox 3144 2906 3459 2975; x_wconf 76' lang='grc' dir='ltr'>ἀκαθάρτους</span> <span class='ocrx_word' id='word_1_431' title='bbox 3482 2897 3644 2963; x_wconf 59' lang='grc' dir='ltr'>ὲνθυβί⁸</span> 
     </span>
    </p>
   </div>
   <div class='ocr_carea' id='block_1_63' title="bbox 2178 2986 3642 3069">
    <p class='ocr_par' dir='ltr' id='par_1_63' title="bbox 2178 2986 3642 3069">
     <span class='ocr_line' id='line_1_63' title="bbox 2178 2986 3642 3069; baseline -0.008 -17"><span class='ocrx_word' id='word_1_432' title='bbox 2178 3017 2291 3063; x_wconf 82' lang='grc' dir='ltr'>σεις</span> <span class='ocrx_word' id='word_1_433' title='bbox 2336 2998 2612 3069; x_wconf 79' lang='grc' dir='ltr'>καθαίρει,</span> <span class='ocrx_word' id='word_1_434' title='bbox 2658 2998 2756 3060; x_wconf 71' lang='grc' dir='ltr'>τὰς</span> <span class='ocrx_word' id='word_1_435' title='bbox 2806 2997 3081 3068; x_wconf 78' lang='grc' dir='ltr'>βλαϐερὰς</span> <span class='ocrx_word' id='word_1_436' title='bbox 3132 2996 3315 3067; x_wconf 77' lang='grc' dir='ltr'>ἡδονὰς</span> <span class='ocrx_word' id='word_1_437' title='bbox 3363 2992 3541 3052; x_wconf 78' lang='grc' dir='ltr'>διώκει,</span> <span class='ocrx_word' id='word_1_438' title='bbox 3577 2986 3642 3052; x_wconf 75' lang='grc' dir='ltr'>τὴν</span> 
     </span>
    </p>
   </div>
   <div class='ocr_carea' id='block_1_64' title="bbox 494 3058 2073 3159">
    <p class='ocr_par' dir='ltr' id='par_1_64' title="bbox 494 3058 2073 3139">
     <span class='ocr_line' id='line_1_64' title="bbox 494 3058 2073 3139; baseline 0.012 -31"><span class='ocrx_word' id='word_1_439' title='bbox 494 3058 640 3110; x_wconf 82' lang='lat' dir='ltr'><strong>.tiam</strong></span> <span class='ocrx_word' id='word_1_440' title='bbox 680 3061 1041 3129; x_wconf 84' lang='lat' dir='ltr'><strong>complebitnr</strong></span> <span class='ocrx_word' id='word_1_441' title='bbox 1093 3072 1148 3116; x_wconf 90' lang='lat' dir='ltr'><strong>et</strong></span> <span class='ocrx_word' id='word_1_442' title='bbox 1200 3066 1511 3132; x_wconf 87' lang='lat' dir='ltr'><strong>perlicietur</strong></span> <span class='ocrx_word' id='word_1_443' title='bbox 1561 3083 1625 3120; x_wconf 84' lang='lat' dir='ltr'><strong>ex</strong></span> <span class='ocrx_word' id='word_1_444' title='bbox 1682 3070 1913 3139; x_wconf 77' lang='lat' dir='ltr'><strong>integro.</strong></span> <span class='ocrx_word' id='word_1_445' title='bbox 1950 3070 2073 3138; x_wconf 64' lang='lat' dir='ltr'><strong>Qua:</strong></span> 
     </span>
    </p>
   </div>
   <div class='ocr_carea' id='block_1_65' title="bbox 2173 3058 3639 3159">
    <p class='ocr_par' dir='ltr' id='par_1_65' title="bbox 2180 3058 3639 3159">
     <span class='ocr_line' id='line_1_65' title="bbox 2180 3058 3639 3159; baseline -0.007 -15"><span class='ocrx_word' id='word_1_446' title='bbox 2180 3058 2317 3158; x_wconf 70' lang='grc' dir='ltr'>πρδς</span> <span class='ocrx_word' id='word_1_447' title='bbox 2354 3094 2422 3145; x_wconf 87' lang='grc' dir='ltr'>τὰ</span> <span class='ocrx_word' id='word_1_448' title='bbox 2456 3058 2696 3159; x_wconf 69' lang='grc' dir='ltr'>ἀθέμιτα</span> <span class='ocrx_word' id='word_1_449' title='bbox 2732 3058 3163 3155; x_wconf 45' lang='grc' dir='ltr'>συγκατάθεσιν.</span> <span class='ocrx_word' id='word_1_450' title='bbox 3178 3058 3367 3140; x_wconf 72' lang='grc' dir='ltr'>κωλύει</span> <span class='ocrx_word' id='word_1_451' title='bbox 3390 3081 3639 3136; x_wconf 77' lang='grc' dir='ltr'>παντάπασι.</span> 
     </span>
    </p>
   </div>
   <div class='ocr_carea' id='block_1_66' title="bbox 505 3148 2071 3228">
    <p class='ocr_par' dir='ltr' id='par_1_66' title="bbox 505 3148 2071 3228">
     <span class='ocr_line' id='line_1_66' title="bbox 505 3148 2071 3228; baseline 0.011 -27"><span class='ocrx_word' id='word_1_452' title='bbox 505 3148 742 3203; x_wconf 86' lang='lat' dir='ltr'><strong>felicitas</strong></span> <span class='ocrx_word' id='word_1_453' title='bbox 776 3162 831 3205; x_wconf 90' lang='lat' dir='ltr'><strong>et</strong></span> <span class='ocrx_word' id='word_1_454' title='bbox 854 3152 1171 3221; x_wconf 88' lang='lat' dir='ltr'><strong>jucunditas</strong></span> <span class='ocrx_word' id='word_1_455' title='bbox 1201 3165 1285 3209; x_wconf 89' lang='lat' dir='ltr'><strong>est</strong></span> <span class='ocrx_word' id='word_1_456' title='bbox 1341 3156 1466 3211; x_wconf 83' lang='lat' dir='ltr'><strong>finis</strong></span> <span class='ocrx_word' id='word_1_457' title='bbox 1521 3167 1575 3212; x_wconf 89' lang='lat' dir='ltr'><strong>et</strong></span> <span class='ocrx_word' id='word_1_458' title='bbox 1630 3164 1895 3216; x_wconf 84' lang='lat' dir='ltr'><strong>terminus</strong></span> <span class='ocrx_word' id='word_1_459' title='bbox 1951 3165 2071 3228; x_wconf 78' lang='lat' dir='ltr'><strong>viae,</strong></span> 
     </span>
    </p>
   </div>
   <div class='ocr_carea' id='block_1_67' title="bbox 506 3243 2076 3321">
    <p class='ocr_par' dir='ltr' id='par_1_67' title="bbox 506 3243 2076 3321">
     <span class='ocr_line' id='line_1_67' title="bbox 506 3243 2076 3321; baseline 0.013 -32"><span class='ocrx_word' id='word_1_460' title='bbox 506 3255 605 3307; x_wconf 80' lang='lat' dir='ltr'><strong>per</strong></span> <span class='ocrx_word' id='word_1_461' title='bbox 649 3256 810 3310; x_wconf 84' lang='lat' dir='ltr'><strong>quam</strong></span> <span class='ocrx_word' id='word_1_462' title='bbox 839 3243 923 3298; x_wconf 81' lang='lat' dir='ltr'><strong>lex</strong></span> <span class='ocrx_word' id='word_1_463' title='bbox 952 3247 1261 3317; x_wconf 80' lang='lat' dir='ltr'><strong>evangelica</strong></span> <span class='ocrx_word' id='word_1_464' title='bbox 1318 3263 1445 3305; x_wconf 90' lang='lat' dir='ltr'><strong>suos</strong></span> <span class='ocrx_word' id='word_1_465' title='bbox 1477 3258 1777 3308; x_wconf 79' lang='lat' dir='ltr'><strong>sectatores</strong></span> <span class='ocrx_word' id='word_1_466' title='bbox 1808 3255 1978 3321; x_wconf 90' lang='lat' dir='ltr'><strong>ducit,</strong></span> <span class='ocrx_word' id='word_1_467' title='bbox 2022 3267 2076 3310; x_wconf 90' lang='lat' dir='ltr'><strong>et</strong></span> 
     </span>
    </p>
   </div>
   <div class='ocr_carea' id='block_1_68' title="bbox 507 3334 2075 3421">
    <p class='ocr_par' dir='ltr' id='par_1_68' title="bbox 507 3334 2075 3421">
     <span class='ocr_line' id='line_1_68' title="bbox 507 3334 2075 3421; baseline 0.016 -35"><span class='ocrx_word' id='word_1_468' title='bbox 507 3334 719 3405; x_wconf 80' lang='lat' dir='ltr'><strong>dirigit,</strong></span> <span class='ocrx_word' id='word_1_469' title='bbox 756 3336 919 3395; x_wconf 76' lang='lat' dir='ltr'><strong>nfodo</strong></span> <span class='ocrx_word' id='word_1_470' title='bbox 950 3354 1009 3395; x_wconf 93' lang='lat' dir='ltr'><strong>ut</strong></span> <span class='ocrx_word' id='word_1_471' title='bbox 1040 3344 1247 3400; x_wconf 88' lang='lat' dir='ltr'><strong>dictum</strong></span> <span class='ocrx_word' id='word_1_472' title='bbox 1280 3358 1386 3405; x_wconf 90' lang='lat' dir='ltr'><strong>est.</strong></span> <span class='ocrx_word' id='word_1_473' title='bbox 1438 3349 1539 3416; x_wconf 85' lang='lat' dir='ltr'><strong>Qui</strong></span> <span class='ocrx_word' id='word_1_474' title='bbox 1572 3352 1791 3421; x_wconf 90' lang='lat' dir='ltr'><strong>quidem</strong></span> <span class='ocrx_word' id='word_1_475' title='bbox 1846 3354 1970 3411; x_wconf 83' lang='lat' dir='ltr'><strong>ﬁnis</strong></span> <span class='ocrx_word' id='word_1_476' title='bbox 2019 3365 2075 3410; x_wconf 88' lang='lat' dir='ltr'><strong>et</strong></span> 
     </span>
    </p>
   </div>
   <div class='ocr_carea' id='block_1_69' title="bbox 490 3428 2074 3508">
    <p class='ocr_par' dir='ltr' id='par_1_69' title="bbox 490 3428 2074 3508">
     <span class='ocr_line' id='line_1_69' title="bbox 490 3428 2074 3508; baseline 0.016 -32"><span class='ocrx_word' id='word_1_477' title='bbox 490 3428 795 3493; x_wconf 77' lang='lat' dir='ltr'><strong>terminus,</strong></span> <span class='ocrx_word' id='word_1_478' title='bbox 823 3433 967 3499; x_wconf 89' lang='lat' dir='ltr'><strong>quod</strong></span> <span class='ocrx_word' id='word_1_479' title='bbox 995 3434 1226 3489; x_wconf 88' lang='lat' dir='ltr'><strong>salutem</strong></span> <span class='ocrx_word' id='word_1_480' title='bbox 1253 3448 1307 3492; x_wconf 90' lang='lat' dir='ltr'><strong>et</strong></span> <span class='ocrx_word' id='word_1_481' title='bbox 1331 3439 1645 3498; x_wconf 84' lang='lat' dir='ltr'><strong>felicitatem</strong></span> <span class='ocrx_word' id='word_1_482' title='bbox 1665 3444 1919 3508; x_wconf 86' lang='lat' dir='ltr'><strong>dicimus,</strong></span> <span class='ocrx_word' id='word_1_483' title='bbox 1947 3446 2074 3502; x_wconf 91' lang='lat' dir='ltr'><strong>licet</strong></span> 
     </span>
    </p>
   </div>
   <div class='ocr_carea' id='block_1_70' title="bbox 503 3517 2070 3604">
    <p class='ocr_par' dir='ltr' id='par_1_70' title="bbox 503 3517 2070 3604">
     <span class='ocr_line' id='line_1_70' title="bbox 503 3517 2070 3604; baseline 0.015 -35"><span class='ocrx_word' id='word_1_484' title='bbox 503 3517 646 3572; x_wconf 86' lang='lat' dir='ltr'><strong>sicut</strong></span> <span class='ocrx_word' id='word_1_485' title='bbox 690 3522 1274 3592; x_wconf 88' lang='lat' dir='ltr'><strong>incomprehensibilis,</strong></span> <span class='ocrx_word' id='word_1_486' title='bbox 1330 3529 1405 3585; x_wconf 91' lang='lat' dir='ltr'><strong>ita</strong></span> <span class='ocrx_word' id='word_1_487' title='bbox 1457 3540 1513 3586; x_wconf 91' lang='lat' dir='ltr'><strong>et</strong></span> <span class='ocrx_word' id='word_1_488' title='bbox 1543 3534 1944 3604; x_wconf 82' lang='lat' dir='ltr'><strong>inexplicabilis</strong></span> <span class='ocrx_word' id='word_1_489' title='bbox 1974 3539 2070 3603; x_wconf 87' lang='lat' dir='ltr'><strong>sit,</strong></span> 
     </span>
    </p>
   </div>
   <div class='ocr_carea' id='block_1_71' title="bbox 488 3608 2071 3695">
    <p class='ocr_par' dir='ltr' id='par_1_71' title="bbox 488 3608 2071 3695">
     <span class='ocr_line' id='line_1_71' title="bbox 488 3608 2071 3695; baseline 0.016 -36"><span class='ocrx_word' id='word_1_490' title='bbox 488 3608 719 3665; x_wconf 87' lang='lat' dir='ltr'><strong>.dieente</strong></span> <span class='ocrx_word' id='word_1_491' title='bbox 760 3610 902 3668; x_wconf 79' lang='lat' dir='ltr'><strong>lsaia</strong></span> <span class='ocrx_word' id='word_1_492' title='bbox 955 3618 1261 3685; x_wconf 88' lang='lat' dir='ltr'><strong>propheta:</strong></span> <span class='ocrx_word' id='word_1_493' title='bbox 1297 3639 1314 3672; x_wconf 77' lang='grc' dir='ltr'><strong>ι</strong></span> <span class='ocrx_word' id='word_1_494' title='bbox 1345 3622 1549 3678; x_wconf 85' lang='lat' dir='ltr'><strong>Oculus</strong></span> <span class='ocrx_word' id='word_1_495' title='bbox 1598 3641 1703 3679; x_wconf 91' lang='lat' dir='ltr'><strong>non</strong></span> <span class='ocrx_word' id='word_1_496' title='bbox 1761 3628 1918 3695; x_wconf 88' lang='lat' dir='ltr'><strong>vidit,</strong></span> <span class='ocrx_word' id='word_1_497' title='bbox 1970 3645 2071 3685; x_wconf 89' lang='lat' dir='ltr'><strong>nec</strong></span> 
     </span>
    </p>
   </div>
   <div class='ocr_carea' id='block_1_72' title="bbox 503 3698 2068 3783">
    <p class='ocr_par' dir='ltr' id='par_1_72' title="bbox 503 3698 2068 3783">
     <span class='ocr_line' id='line_1_72' title="bbox 503 3698 2068 3783; baseline 0.017 -35"><span class='ocrx_word' id='word_1_498' title='bbox 503 3698 651 3751; x_wconf 85' lang='lat' dir='ltr'><strong>auris</strong></span> <span class='ocrx_word' id='word_1_499' title='bbox 676 3702 905 3766; x_wconf 82' lang='lat' dir='ltr'><strong>audivit,</strong></span> <span class='ocrx_word' id='word_1_500' title='bbox 928 3720 1026 3759; x_wconf 90' lang='lat' dir='ltr'><strong>nec</strong></span> <span class='ocrx_word' id='word_1_501' title='bbox 1049 3708 1102 3761; x_wconf 92' lang='lat' dir='ltr'><strong>in</strong></span> <span class='ocrx_word' id='word_1_502' title='bbox 1124 3722 1217 3763; x_wconf 92' lang='lat' dir='ltr'><strong>cor</strong></span> <span class='ocrx_word' id='word_1_503' title='bbox 1245 3711 1487 3766; x_wconf 90' lang='lat' dir='ltr'><strong>hominis</strong></span> <span class='ocrx_word' id='word_1_504' title='bbox 1523 3717 1789 3783; x_wconf 90' lang='lat' dir='ltr'><strong>ascendit,</strong></span> <span class='ocrx_word' id='word_1_505' title='bbox 1819 3736 1837 3770; x_wconf 75' lang='grc' dir='ltr'><strong>ι</strong></span> <span class='ocrx_word' id='word_1_506' title='bbox 1866 3719 2068 3773; x_wconf 88' lang='lat' dir='ltr'><strong>bonum</strong></span> 
     </span>
    </p>
   </div>
   <div class='ocr_carea' id='block_1_73' title="bbox 502 3788 2069 3878">
    <p class='ocr_par' dir='ltr' id='par_1_73' title="bbox 502 3788 2069 3878">
     <span class='ocr_line' id='line_1_73' title="bbox 502 3788 2069 3878; baseline 0.017 -39"><span class='ocrx_word' id='word_1_507' title='bbox 502 3788 711 3843; x_wconf 87' lang='lat' dir='ltr'><strong>scilicet</strong></span> <span class='ocrx_word' id='word_1_508' title='bbox 756 3793 899 3860; x_wconf 82' lang='lat' dir='ltr'><strong>quod</strong></span> <span class='ocrx_word' id='word_1_509' title='bbox 957 3795 1102 3853; x_wconf 86' lang='lat' dir='ltr'><strong>Deus</strong></span> <span class='ocrx_word' id='word_1_510' title='bbox 1150 3803 1474 3870; x_wconf 68' lang='lat' dir='ltr'><strong>praeparavit</strong></span> <span class='ocrx_word' id='word_1_511' title='bbox 1517 3805 1867 3876; x_wconf 79' lang='lat' dir='ltr'><strong>diligentibus</strong></span> <span class='ocrx_word' id='word_1_512' title='bbox 1907 3825 1965 3865; x_wconf 89' lang='lat' dir='ltr'><strong>se</strong></span> <span class='ocrx_word' id='word_1_513' title='bbox 1987 3812 2069 3878; x_wconf 65' lang='grc' dir='ltr'>ης</span> 
     </span>
    </p>
   </div>
   <div class='ocr_carea' id='block_1_74' title="bbox 494 3878 2068 3969">
    <p class='ocr_par' dir='ltr' id='par_1_74' title="bbox 494 3878 2068 3969">
     <span class='ocr_line' id='line_1_74' title="bbox 494 3878 2068 3969; baseline 0.018 -41"><span class='ocrx_word' id='word_1_514' title='bbox 494 3878 952 3938; x_wconf 45' lang='lat' dir='ltr'><strong>nihilominns&#39;ut</strong></span> <span class='ocrx_word' id='word_1_515' title='bbox 984 3901 1086 3943; x_wconf 90' lang='lat' dir='ltr'><strong>nos</strong></span> <span class='ocrx_word' id='word_1_516' title='bbox 1122 3892 1380 3947; x_wconf 89' lang='lat' dir='ltr'><strong>mortales</strong></span> <span class='ocrx_word' id='word_1_517' title='bbox 1408 3909 1719 3963; x_wconf 89' lang='lat' dir='ltr'><strong>possumus,</strong></span> <span class='ocrx_word' id='word_1_518' title='bbox 1766 3899 1972 3969; x_wconf 90' lang='lat' dir='ltr'><strong>aliquid</strong></span> <span class='ocrx_word' id='word_1_519' title='bbox 2014 3912 2068 3957; x_wconf 91' lang='lat' dir='ltr'><strong>et</strong></span> 
     </span>
    </p>
   </div>
   <div class='ocr_carea' id='block_1_75' title="bbox 496 3969 2066 4061">
    <p class='ocr_par' dir='ltr' id='par_1_75' title="bbox 496 3969 2066 4061">
     <span class='ocr_line' id='line_1_75' title="bbox 496 3969 2066 4061; baseline 0.015 -39"><span class='ocrx_word' id='word_1_520' title='bbox 496 3969 747 4026; x_wconf 68' lang='lat' dir='ltr'><strong>breviter</strong></span> <span class='ocrx_word' id='word_1_521' title='bbox 774 3974 1022 4032; x_wconf 88' lang='lat' dir='ltr'><strong>dicemus</strong></span> <span class='ocrx_word' id='word_1_522' title='bbox 1050 3979 1117 4033; x_wconf 91' lang='lat' dir='ltr'><strong>de</strong></span> <span class='ocrx_word' id='word_1_523' title='bbox 1144 3980 1282 4048; x_wconf 88' lang='lat' dir='ltr'><strong>ipso,</strong></span> <span class='ocrx_word' id='word_1_524' title='bbox 1318 3994 1378 4038; x_wconf 90' lang='lat' dir='ltr'><strong>ut</strong></span> <span class='ocrx_word' id='word_1_525' title='bbox 1408 4000 1472 4037; x_wconf 82' lang='lat' dir='ltr'><strong>ex</strong></span> <span class='ocrx_word' id='word_1_526' title='bbox 1498 3986 1614 4055; x_wconf 90' lang='lat' dir='ltr'><strong>ipsa</strong></span> <span class='ocrx_word' id='word_1_527' title='bbox 1638 3989 1900 4045; x_wconf 86' lang='lat' dir='ltr'><strong>aviditate</strong></span> <span class='ocrx_word' id='word_1_528' title='bbox 1926 4007 2066 4061; x_wconf 71' lang='lat' dir='ltr'><strong>prte-</strong></span> 
     </span>
    </p>
   </div>
   <div class='ocr_carea' id='block_1_76' title="bbox 503 4062 2067 4136">
    <p class='ocr_par' dir='ltr' id='par_1_76' title="bbox 503 4062 2067 4136">
     <span class='ocr_line' id='line_1_76' title="bbox 503 4062 2067 4136; baseline 0.015 -24"><span class='ocrx_word' id='word_1_529' title='bbox 503 4062 621 4124; x_wconf 89' lang='lat' dir='ltr'><strong>mii,</strong></span> <span class='ocrx_word' id='word_1_530' title='bbox 650 4065 817 4117; x_wconf 88' lang='lat' dir='ltr'><strong>animi</strong></span> <span class='ocrx_word' id='word_1_531' title='bbox 853 4062 1022 4120; x_wconf 80' lang='lat' dir='ltr'><strong>uestri</strong></span> <span class='ocrx_word' id='word_1_532' title='bbox 1068 4084 1176 4123; x_wconf 90' lang='lat' dir='ltr'><strong>non</strong></span> <span class='ocrx_word' id='word_1_533' title='bbox 1218 4072 1554 4133; x_wconf 82' lang='lat' dir='ltr'><strong>abhorreant</strong></span> <span class='ocrx_word' id='word_1_534' title='bbox 1611 4079 1938 4135; x_wconf 87' lang='lat' dir='ltr'><strong>arduitatem</strong></span> <span class='ocrx_word' id='word_1_535' title='bbox 1976 4083 2067 4136; x_wconf 86' lang='lat' dir='ltr'><strong>iti-</strong></span> 
     </span>
    </p>
   </div>
   <div class='ocr_carea' id='block_1_77' title="bbox 504 4153 2063 4242">
    <p class='ocr_par' dir='ltr' id='par_1_77' title="bbox 504 4153 2063 4242">
     <span class='ocr_line' id='line_1_77' title="bbox 504 4153 2063 4242; baseline 0.014 -37"><span class='ocrx_word' id='word_1_536' title='bbox 504 4153 671 4208; x_wconf 91' lang='lat' dir='ltr'><strong>neris.</strong></span> <span class='ocrx_word' id='word_1_537' title='bbox 708 4155 920 4210; x_wconf 86' lang='lat' dir='ltr'><strong>Etenim</strong></span> <span class='ocrx_word' id='word_1_538' title='bbox 971 4158 1201 4217; x_wconf 83' lang='lat' dir='ltr'><strong>felicitas</strong></span> <span class='ocrx_word' id='word_1_539' title='bbox 1227 4180 1387 4233; x_wconf 77' lang='lat' dir='ltr'><strong>quam</strong></span> <span class='ocrx_word' id='word_1_540' title='bbox 1448 4167 1534 4222; x_wconf 81' lang='lat' dir='ltr'><strong>lex</strong></span> <span class='ocrx_word' id='word_1_541' title='bbox 1568 4172 1883 4241; x_wconf 85' lang='lat' dir='ltr'><strong>evangelica</strong></span> <span class='ocrx_word' id='word_1_542' title='bbox 1933 4190 2063 4242; x_wconf 87' lang='lat' dir='ltr'><strong>pro-</strong></span> 
     </span>
    </p>
   </div>
   <div class='ocr_carea' id='block_1_78' title="bbox 502 4245 2063 4330">
    <p class='ocr_par' dir='ltr' id='par_1_78' title="bbox 502 4245 2063 4330">
     <span class='ocr_line' id='line_1_78' title="bbox 502 4245 2063 4330; baseline 0.016 -35"><span class='ocrx_word' id='word_1_543' title='bbox 502 4245 668 4298; x_wconf 74' lang='lat' dir='ltr'><strong>mittit</strong></span> <span class='ocrx_word' id='word_1_544' title='bbox 698 4248 1051 4315; x_wconf 75' lang='lat' dir='ltr'><strong>Christianis,</strong></span> <span class='ocrx_word' id='word_1_545' title='bbox 1085 4268 1193 4306; x_wconf 92' lang='lat' dir='ltr'><strong>non</strong></span> <span class='ocrx_word' id='word_1_546' title='bbox 1219 4258 1473 4313; x_wconf 90' lang='lat' dir='ltr'><strong>consistit</strong></span> <span class='ocrx_word' id='word_1_547' title='bbox 1506 4260 1557 4312; x_wconf 91' lang='lat' dir='ltr'><strong>in</strong></span> <span class='ocrx_word' id='word_1_548' title='bbox 1589 4264 1935 4330; x_wconf 87' lang='lat' dir='ltr'><strong>possessione</strong></span> <span class='ocrx_word' id='word_1_549' title='bbox 1966 4264 2063 4319; x_wconf 91' lang='lat' dir='ltr'><strong>bo-</strong></span> 
     </span>
    </p>
   </div>
   <div class='ocr_carea' id='block_1_79' title="bbox 2175 3166 3640 3249">
    <p class='ocr_par' dir='ltr' id='par_1_79' title="bbox 2175 3166 3640 3249">
     <span class='ocr_line' id='line_1_79' title="bbox 2175 3166 3640 3249; baseline -0.01 -16"><span class='ocrx_word' id='word_1_550' title='bbox 2175 3181 2273 3249; x_wconf 86' lang='grc' dir='ltr'>τὴν</span> <span class='ocrx_word' id='word_1_551' title='bbox 2320 3180 2562 3248; x_wconf 85' lang='grc' dir='ltr'>γλῶτταν</span> <span class='ocrx_word' id='word_1_552' title='bbox 2601 3181 2811 3249; x_wconf 76' lang='grc' dir='ltr'>ἐπέχει,</span> <span class='ocrx_word' id='word_1_553' title='bbox 2859 3178 2987 3240; x_wconf 81' lang='grc' dir='ltr'>τοὺς</span> <span class='ocrx_word' id='word_1_554' title='bbox 3029 3176 3226 3245; x_wconf 86' lang='grc' dir='ltr'>λόγους</span> <span class='ocrx_word' id='word_1_555' title='bbox 3272 3176 3454 3234; x_wconf 80' lang='grc' dir='ltr'>τάττει,</span> <span class='ocrx_word' id='word_1_556' title='bbox 3493 3171 3545 3220; x_wconf 71' lang='grc' dir='ltr'><strong>τὰ</strong></span> <span class='ocrx_word' id='word_1_557' title='bbox 3573 3166 3640 3234; x_wconf 63' lang='grc' dir='ltr'>ἢθη</span> 
     </span>
    </p>
   </div>
   <div class='ocr_carea' id='block_1_80' title="bbox 2178 3264 3640 3338">
    <p class='ocr_par' dir='ltr' id='par_1_80' title="bbox 2178 3264 3640 3338">
     <span class='ocr_line' id='line_1_80' title="bbox 2178 3264 3640 3338; baseline -0.008 -15"><span class='ocrx_word' id='word_1_558' title='bbox 2178 3269 2480 3337; x_wconf 82' lang='grc' dir='ltr'>συντίθησι,</span> <span class='ocrx_word' id='word_1_559' title='bbox 2503 3271 2570 3323; x_wconf 76' lang='grc' dir='ltr'>τὰ</span> <span class='ocrx_word' id='word_1_560' title='bbox 2598 3269 2734 3338; x_wconf 76' lang='grc' dir='ltr'>ἔργα</span> <span class='ocrx_word' id='word_1_561' title='bbox 2778 3267 3125 3335; x_wconf 73' lang='grc' dir='ltr'>κατευθύνει,</span> <span class='ocrx_word' id='word_1_562' title='bbox 3183 3266 3251 3323; x_wconf 79' lang='grc' dir='ltr'>τὰ</span> <span class='ocrx_word' id='word_1_563' title='bbox 3296 3264 3510 3336; x_wconf 81' lang='grc' dir='ltr'>πρακτέα</span> <span class='ocrx_word' id='word_1_564' title='bbox 3530 3274 3640 3312; x_wconf 68' lang='grc' dir='ltr'>κοτα-</span> 
     </span>
    </p>
   </div>
   <div class='ocr_carea' id='block_1_81' title="bbox 2173 3353 3642 3429">
    <p class='ocr_par' dir='ltr' id='par_1_81' title="bbox 2173 3353 3642 3429">
     <span class='ocr_line' id='line_1_81' title="bbox 2173 3353 3642 3429; baseline -0.008 -16"><span class='ocrx_word' id='word_1_565' title='bbox 2173 3361 2469 3429; x_wconf 86' lang='grc' dir='ltr'>λειπόμενα</span> <span class='ocrx_word' id='word_1_566' title='bbox 2486 3361 2821 3414; x_wconf 80' lang='grc' dir='ltr'>’ἀνακτᾶται.</span> <span class='ocrx_word' id='word_1_567' title='bbox 2865 3361 2972 3412; x_wconf 73' lang='grc' dir='ltr'><strong>Καὶ</strong></span> <span class='ocrx_word' id='word_1_568' title='bbox 3005 3361 3099 3413; x_wconf 76' lang='grc' dir='ltr'><strong>ἵνα</strong></span> <span class='ocrx_word' id='word_1_569' title='bbox 3144 3359 3224 3412; x_wconf 83' lang='grc' dir='ltr'>ἐνὶ</span> <span class='ocrx_word' id='word_1_570' title='bbox 3253 3357 3383 3426; x_wconf 86' lang='grc' dir='ltr'>λόγῳ</span> <span class='ocrx_word' id='word_1_571' title='bbox 3408 3353 3548 3405; x_wconf 77' lang='grc' dir='ltr'>πάντα</span> <span class='ocrx_word' id='word_1_572' title='bbox 3580 3363 3642 3397; x_wconf 69' lang='grc' dir='ltr'>πει</span> 
     </span>
    </p>
   </div>
   <div class='ocr_carea' id='block_1_82' title="bbox 2166 3440 3641 3522">
    <p class='ocr_par' dir='ltr' id='par_1_82' title="bbox 2166 3440 3641 3522">
     <span class='ocr_line' id='line_1_82' title="bbox 2166 3440 3641 3522; baseline -0.021 4"><span class='ocrx_word' id='word_1_573' title='bbox 2166 3453 2509 3522; x_wconf 69' lang='grc' dir='ltr'>Ριλάδωμενο</span> <span class='ocrx_word' id='word_1_574' title='bbox 2540 3446 2695 3515; x_wconf 64' lang='grc' dir='ltr'>οὗτος</span> <span class='ocrx_word' id='word_1_575' title='bbox 2735 3455 2977 3509; x_wconf 83' lang='grc' dir='ltr'>διδάσκει</span> <span class='ocrx_word' id='word_1_576' title='bbox 3006 3455 3104 3508; x_wconf 85' lang='grc' dir='ltr'>τὸν</span> <span class='ocrx_word' id='word_1_577' title='bbox 3149 3455 3285 3508; x_wconf 84' lang='grc' dir='ltr'>Θεὸν</span> <span class='ocrx_word' id='word_1_578' title='bbox 3309 3448 3557 3521; x_wconf 73' lang='grc' dir='ltr'>φοὸεῖσοαι,</span> <span class='ocrx_word' id='word_1_579' title='bbox 3578 3440 3641 3493; x_wconf 73' lang='grc' dir='ltr'>ιιιὶ</span> 
     </span>
    </p>
   </div>
   <div class='ocr_carea' id='block_1_83' title="bbox 2172 3534 3637 3616">
    <p class='ocr_par' dir='ltr' id='par_1_83' title="bbox 2172 3534 3637 3616">
     <span class='ocr_line' id='line_1_83' title="bbox 2172 3534 3637 3616; baseline -0.005 -21"><span class='ocrx_word' id='word_1_580' title='bbox 2172 3542 2335 3596; x_wconf 80' lang='grc' dir='ltr'>αὑτὸν</span> <span class='ocrx_word' id='word_1_581' title='bbox 2363 3543 2462 3616; x_wconf 85' lang='grc' dir='ltr'><strong>ὅλῃ</strong></span> <span class='ocrx_word' id='word_1_582' title='bbox 2490 3547 2557 3614; x_wconf 81' lang='grc' dir='ltr'>τῇ</span> <span class='ocrx_word' id='word_1_583' title='bbox 2590 3545 2789 3616; x_wconf 80' lang='grc' dir='ltr'>καρδίᾳ</span> <span class='ocrx_word' id='word_1_584' title='bbox 2816 3546 3061 3615; x_wconf 80' lang='grc' dir='ltr'>ἀγαπᾷν,</span> <span class='ocrx_word' id='word_1_585' title='bbox 3096 3546 3243 3615; x_wconf 72' lang='grc' dir='ltr'>αὐτῷ</span> <span class='ocrx_word' id='word_1_586' title='bbox 3279 3534 3637 3615; x_wconf 74' lang='grc' dir='ltr'>προσκολλᾶσθαι.</span> 
     </span>
    </p>
   </div>
   <div class='ocr_carea' id='block_1_84' title="bbox 2171 3614 3636 3705">
    <p class='ocr_par' dir='ltr' id='par_1_84' title="bbox 2171 3614 3636 3705">
     <span class='ocr_line' id='line_1_84' title="bbox 2171 3614 3636 3705; baseline -0.01 -15"><span class='ocrx_word' id='word_1_587' title='bbox 2171 3634 2265 3686; x_wconf 80' lang='grc' dir='ltr'>καὶ</span> <span class='ocrx_word' id='word_1_588' title='bbox 2291 3614 2593 3688; x_wconf 61' lang='grc' dir='ltr'>ἁπιάὺτοῦ</span> <span class='ocrx_word' id='word_1_589' title='bbox 2630 3614 2899 3705; x_wconf 83' lang='grc' dir='ltr'>μηδέποτε</span> <span class='ocrx_word' id='word_1_590' title='bbox 2924 3614 3007 3699; x_wconf 79' lang='grc' dir='ltr'><strong>εἰς</strong></span> <span class='ocrx_word' id='word_1_591' title='bbox 3035 3637 3130 3690; x_wconf 82' lang='grc' dir='ltr'><strong>τὸν</strong></span> <span class='ocrx_word' id='word_1_592' title='bbox 3155 3614 3329 3690; x_wconf 74' lang='grc' dir='ltr'>αἰῶνα</span> <span class='ocrx_word' id='word_1_593' title='bbox 3360 3626 3636 3703; x_wconf 64' lang='grc' dir='ltr'>χωρίζετθαν</span> 
     </span>
    </p>
   </div>
   <div class='ocr_carea' id='block_1_85' title="bbox 2170 3710 3634 3795">
    <p class='ocr_par' dir='ltr' id='par_1_85' title="bbox 2170 3710 3634 3795">
     <span class='ocr_line' id='line_1_85' title="bbox 2170 3710 3634 3795; baseline 0.001 -19"><span class='ocrx_word' id='word_1_594' title='bbox 2170 3723 2254 3776; x_wconf 82' lang='grc' dir='ltr'><strong>ὅτι</strong></span> <span class='ocrx_word' id='word_1_595' title='bbox 2309 3724 2458 3777; x_wconf 70' lang='grc' dir='ltr'>ἐστὶν</span> <span class='ocrx_word' id='word_1_596' title='bbox 2522 3723 2668 3793; x_wconf 80' lang='grc' dir='ltr'>ἄκρα</span> <span class='ocrx_word' id='word_1_597' title='bbox 2723 3725 3071 3795; x_wconf 82' lang='grc' dir='ltr'>εὐδαιμονία,</span> <span class='ocrx_word' id='word_1_598' title='bbox 3126 3727 3217 3780; x_wconf 71' lang='grc' dir='ltr'><strong>καὶ</strong></span> <span class='ocrx_word' id='word_1_599' title='bbox 3267 3726 3476 3793; x_wconf 77' lang='grc' dir='ltr'>ἄμετρος</span> <span class='ocrx_word' id='word_1_600' title='bbox 3509 3710 3634 3786; x_wconf 53' lang='grc' dir='ltr'><strong>ἡδονὴν</strong></span> 
     </span>
    </p>
   </div>
   <div class='ocr_carea' id='block_1_86' title="bbox 2170 3810 3635 3901">
    <p class='ocr_par' dir='ltr' id='par_1_86' title="bbox 2170 3810 3635 3901">
     <span class='ocr_line' id='line_1_86' title="bbox 2170 3810 3635 3901; baseline -0.005 -34"><span class='ocrx_word' id='word_1_601' title='bbox 2170 3815 2407 3870; x_wconf 81' lang='grc' dir='ltr'>ἐνταῦθα</span> <span class='ocrx_word' id='word_1_602' title='bbox 2434 3817 2712 3887; x_wconf 81' lang='grc' dir='ltr'>ἀρχομένη</span> <span class='ocrx_word' id='word_1_603' title='bbox 2760 3817 2850 3870; x_wconf 83' lang='grc' dir='ltr'><strong>διὰ</strong></span> <span class='ocrx_word' id='word_1_604' title='bbox 2899 3820 3140 3883; x_wconf 75' lang='grc' dir='ltr'>ἐλπίδος,</span> <span class='ocrx_word' id='word_1_605' title='bbox 3182 3823 3255 3882; x_wconf 84' lang='grc' dir='ltr'>ὼς</span> <span class='ocrx_word' id='word_1_606' title='bbox 3299 3814 3492 3869; x_wconf 74' lang='grc' dir='ltr'>δυνατόν</span> <span class='ocrx_word' id='word_1_607' title='bbox 3521 3810 3635 3901; x_wconf 63' lang='grc' dir='ltr'>ἐστινῖ</span> 
     </span>
    </p>
   </div>
   <div class='ocr_carea' id='block_1_87' title="bbox 2171 3904 3633 3982">
    <p class='ocr_par' dir='ltr' id='par_1_87' title="bbox 2171 3904 3633 3982">
     <span class='ocr_line' id='line_1_87' title="bbox 2171 3904 3633 3982; baseline -0.01 -20"><span class='ocrx_word' id='word_1_608' title='bbox 2171 3910 2266 3962; x_wconf 76' lang='grc' dir='ltr'><strong>καὶ</strong></span> <span class='ocrx_word' id='word_1_609' title='bbox 2306 3910 2530 3979; x_wconf 78' lang='grc' dir='ltr'>ὕστερον</span> <span class='ocrx_word' id='word_1_610' title='bbox 2588 3912 2647 3962; x_wconf 80' lang='grc' dir='ltr'><strong>ἐν</strong></span> <span class='ocrx_word' id='word_1_611' title='bbox 2702 3911 2778 3981; x_wconf 80' lang='grc' dir='ltr'>τῷ</span> <span class='ocrx_word' id='word_1_612' title='bbox 2829 3910 2970 3978; x_wconf 84' lang='grc' dir='ltr'><strong>ἄλλῳ</strong></span> <span class='ocrx_word' id='word_1_613' title='bbox 3032 3914 3135 3982; x_wconf 77' lang='grc' dir='ltr'><strong>βίῳ</strong></span> <span class='ocrx_word' id='word_1_614' title='bbox 3187 3915 3248 3981; x_wconf 83' lang='grc' dir='ltr'>τῇ</span> <span class='ocrx_word' id='word_1_615' title='bbox 3304 3904 3553 3975; x_wconf 72' lang='grc' dir='ltr'>φανερώσει</span> <span class='ocrx_word' id='word_1_616' title='bbox 3573 3911 3633 3946; x_wconf 71' lang='grc' dir='ltr'>τω</span> 
     </span>
    </p>
   </div>
   <div class='ocr_carea' id='block_1_88' title="bbox 2171 3989 3634 4073">
    <p class='ocr_par' dir='ltr' id='par_1_88' title="bbox 2171 3989 3634 4073">
     <span class='ocr_line' id='line_1_88' title="bbox 2171 3989 3634 4073; baseline -0.003 -20"><span class='ocrx_word' id='word_1_617' title='bbox 2171 4000 2494 4069; x_wconf 81' lang='grc' dir='ltr'>πράγματος</span> <span class='ocrx_word' id='word_1_618' title='bbox 2519 4001 2989 4072; x_wconf 79' lang='grc' dir='ltr'>τελειωθησομένη</span> <span class='ocrx_word' id='word_1_619' title='bbox 3023 4005 3121 4055; x_wconf 75' lang='grc' dir='ltr'>καὶ</span> <span class='ocrx_word' id='word_1_620' title='bbox 3155 3989 3634 4073; x_wconf 65' lang='grc' dir='ltr'>συμπληρωθησομένη</span> 
     </span>
    </p>
   </div>
   <div class='ocr_carea' id='block_1_89' title="bbox 2169 4082 3633 4163">
    <p class='ocr_par' dir='ltr' id='par_1_89' title="bbox 2169 4082 3633 4163">
     <span class='ocr_line' id='line_1_89' title="bbox 2169 4082 3633 4163; baseline 0 -19"><span class='ocrx_word' id='word_1_621' title='bbox 2169 4093 2226 4158; x_wconf 78' lang='grc' dir='ltr'>ἐξ</span> <span class='ocrx_word' id='word_1_622' title='bbox 2271 4092 2552 4162; x_wconf 78' lang='grc' dir='ltr'>ἀκεραίου.</span> <span class='ocrx_word' id='word_1_623' title='bbox 2586 4094 2739 4156; x_wconf 70' lang='lat' dir='ltr'><strong>&quot;litt;</strong></span> <span class='ocrx_word' id='word_1_624' title='bbox 2795 4094 2857 4163; x_wconf 77' lang='grc' dir='ltr'>δὴ</span> <span class='ocrx_word' id='word_1_625' title='bbox 2926 4095 3243 4163; x_wconf 74' lang='grc' dir='ltr'>εὐδαιμονία</span> <span class='ocrx_word' id='word_1_626' title='bbox 3282 4095 3366 4145; x_wconf 79' lang='grc' dir='ltr'><strong>καὶ</strong></span> <span class='ocrx_word' id='word_1_627' title='bbox 3409 4082 3633 4156; x_wconf 64' lang='grc' dir='ltr'><strong>ἡδονήδστι</strong></span> 
     </span>
    </p>
   </div>
   <div class='ocr_carea' id='block_1_90' title="bbox 2166 4167 3635 4263">
    <p class='ocr_par' dir='ltr' id='par_1_90' title="bbox 2166 4167 3635 4263">
     <span class='ocr_line' id='line_1_90' title="bbox 2166 4167 3635 4263; baseline -0.001 -31"><span class='ocrx_word' id='word_1_628' title='bbox 2166 4180 2315 4244; x_wconf 83' lang='grc' dir='ltr'>τέλος</span> <span class='ocrx_word' id='word_1_629' title='bbox 2347 4184 2437 4233; x_wconf 80' lang='grc' dir='ltr'><strong>καὶ</strong></span> <span class='ocrx_word' id='word_1_630' title='bbox 2460 4182 2584 4249; x_wconf 81' lang='grc' dir='ltr'>ὄρος</span> <span class='ocrx_word' id='word_1_631' title='bbox 2617 4183 2715 4251; x_wconf 83' lang='grc' dir='ltr'>τῆς</span> <span class='ocrx_word' id='word_1_632' title='bbox 2748 4181 2892 4247; x_wconf 78' lang='grc' dir='ltr'>ὀδοῦ,</span> <span class='ocrx_word' id='word_1_633' title='bbox 2936 4181 3003 4234; x_wconf 86' lang='grc' dir='ltr'>δι’</span> <span class='ocrx_word' id='word_1_634' title='bbox 3031 4178 3101 4253; x_wconf 85' lang='grc' dir='ltr'>ἦς</span> <span class='ocrx_word' id='word_1_635' title='bbox 3135 4184 3164 4235; x_wconf 84' lang='grc' dir='ltr'>ὁ</span> <span class='ocrx_word' id='word_1_636' title='bbox 3195 4175 3507 4248; x_wconf 75' lang='grc' dir='ltr'>εὐαγγελικὺς</span> <span class='ocrx_word' id='word_1_637' title='bbox 3527 4167 3635 4263; x_wconf 45' lang='lat' dir='ltr'><strong>itii“?</strong></span> 
     </span>
    </p>
   </div>
   <div class='ocr_carea' id='block_1_91' title="bbox 2166 4255 3632 4340">
    <p class='ocr_par' dir='ltr' id='par_1_91' title="bbox 2166 4255 3632 4340">
     <span class='ocr_line' id='line_1_91' title="bbox 2166 4255 3632 4340; baseline -0.011 -17"><span class='ocrx_word' id='word_1_638' title='bbox 2166 4270 2293 4332; x_wconf 81' lang='grc' dir='ltr'>τοὺς</span> <span class='ocrx_word' id='word_1_639' title='bbox 2322 4271 2649 4335; x_wconf 79' lang='grc' dir='ltr'>ἀκολούθους</span> <span class='ocrx_word' id='word_1_640' title='bbox 2674 4271 2839 4324; x_wconf 82' lang='grc' dir='ltr'>αὐτοῦ</span> <span class='ocrx_word' id='word_1_641' title='bbox 2872 4272 2992 4340; x_wconf 80' lang='grc' dir='ltr'>ἄγει</span> <span class='ocrx_word' id='word_1_642' title='bbox 3023 4272 3121 4325; x_wconf 77' lang='grc' dir='ltr'><strong>καὶ</strong></span> <span class='ocrx_word' id='word_1_643' title='bbox 3149 4268 3458 4328; x_wconf 82' lang='grc' dir='ltr'>κατευθύνει,</span> <span class='ocrx_word' id='word_1_644' title='bbox 3487 4255 3575 4311; x_wconf 79' lang='grc' dir='ltr'>καθ’</span> <span class='ocrx_word' id='word_1_645' title='bbox 3594 4268 3632 4302; x_wconf 72' lang='grc' dir='ltr'><strong>ου</strong></span> 
     </span>
    </p>
   </div>
   <div class='ocr_carea' id='block_1_92' title="bbox 502 4345 2073 4446">
    <p class='ocr_par' dir='ltr' id='par_1_92' title="bbox 502 4348 2064 4446">
     <span class='ocr_line' id='line_1_92' title="bbox 502 4348 2064 4423; baseline 0.015 -38"><span class='ocrx_word' id='word_1_646' title='bbox 502 4349 694 4388; x_wconf 87' lang='lat' dir='ltr'><strong>norum</strong></span> <span class='ocrx_word' id='word_1_647' title='bbox 721 4348 1084 4409; x_wconf 89' lang='lat' dir='ltr'><strong>terrenorum,</strong></span> <span class='ocrx_word' id='word_1_648' title='bbox 1122 4361 1229 4399; x_wconf 91' lang='lat' dir='ltr'><strong>non</strong></span> <span class='ocrx_word' id='word_1_649' title='bbox 1261 4348 1314 4401; x_wconf 91' lang='lat' dir='ltr'><strong>in</strong></span> <span class='ocrx_word' id='word_1_650' title='bbox 1370 4365 1467 4403; x_wconf 86' lang='lat' dir='ltr'><strong>esu</strong></span> <span class='ocrx_word' id='word_1_651' title='bbox 1507 4354 1920 4423; x_wconf 81' lang='lat' dir='ltr'><strong>Omnigenarum</strong></span> <span class='ocrx_word' id='word_1_652' title='bbox 1947 4372 2064 4407; x_wconf 83' lang='lat' dir='ltr'><strong>car-</strong></span> 
     </span>
     <span class='ocr_line' id='line_1_93' title="bbox 504 4425 2005 4446; baseline 0 0"><span class='ocrx_word' id='word_1_653' title='bbox 504 4425 648 4446; x_wconf 52' lang='lat' dir='ltr'><strong>ni&quot;---</strong></span> <span class='ocrx_word' id='word_1_654' title='bbox 689 4428 804 4446; x_wconf 45' lang='grc' dir='ltr'><strong>-.Ρη</strong></span> <span class='ocrx_word' id='word_1_655' title='bbox 869 4440 881 4446; x_wconf 93' lang='grc'><strong><em>-</em></strong></span> <span class='ocrx_word' id='word_1_656' title='bbox 1210 4438 1219 4446; x_wconf 80' lang='grc'><strong>.</strong></span> <span class='ocrx_word' id='word_1_657' title='bbox 1483 4441 1494 4446; x_wconf 90' lang='grc'><strong>-</strong></span> <span class='ocrx_word' id='word_1_658' title='bbox 1543 4440 1552 4446; x_wconf 83' lang='grc'><strong>.</strong></span> <span class='ocrx_word' id='word_1_659' title='bbox 1703 4443 1753 4446; x_wconf 45' lang='grc' dir='ltr'><strong>,η</strong></span> <span class='ocrx_word' id='word_1_660' title='bbox 1892 4445 1895 4446; x_wconf 66' lang='lat'><strong>,</strong></span> <span class='ocrx_word' id='word_1_661' title='bbox 2001 4445 2005 4446; x_wconf 64' lang='lat'><strong><em>,</em></strong></span> 
     </span>
    </p>
   </div>
   <div class='ocr_carea' id='block_1_93' title="bbox 2173 4345 3631 4446">
    <p class='ocr_par' dir='ltr' id='par_1_93' title="bbox 2173 4345 3631 4446">
     <span class='ocr_line' id='line_1_94' title="bbox 2173 4345 3631 4446; baseline -0.014 -34"><span class='ocrx_word' id='word_1_662' title='bbox 2173 4360 2385 4430; x_wconf 76' lang='grc' dir='ltr'>εἴρηται</span> <span class='ocrx_word' id='word_1_663' title='bbox 2418 4362 2641 4431; x_wconf 85' lang='grc' dir='ltr'>τρόπον.</span> <span class='ocrx_word' id='word_1_664' title='bbox 2674 4364 2738 4415; x_wconf 88' lang='grc' dir='ltr'><strong>Ὃ</strong></span> <span class='ocrx_word' id='word_1_665' title='bbox 2765 4363 2829 4434; x_wconf 78' lang='grc' dir='ltr'>δὴ</span> <span class='ocrx_word' id='word_1_666' title='bbox 2854 4363 3005 4426; x_wconf 85' lang='grc' dir='ltr'>τέλος</span> <span class='ocrx_word' id='word_1_667' title='bbox 3037 4366 3133 4418; x_wconf 71' lang='grc' dir='ltr'>καὶ</span> <span class='ocrx_word' id='word_1_668' title='bbox 3164 4362 3346 4431; x_wconf 86' lang='grc' dir='ltr'>πέρας,</span> <span class='ocrx_word' id='word_1_669' title='bbox 3382 4359 3405 4410; x_wconf 84' lang='grc' dir='ltr'><strong>ὃ</strong></span> <span class='ocrx_word' id='word_1_670' title='bbox 3432 4345 3631 4446; x_wconf 70' lang='grc' dir='ltr'>σωτηρίαν</span> 
     </span>
    </p>
   </div>
   <div class='ocr_carea' id='block_1_94' title="bbox 504 4425 2061 4509">
    <p class='ocr_par' dir='ltr' id='par_1_94' title="bbox 504 4425 2061 4509">
     <span class='ocr_line' id='line_1_95' title="bbox 504 4425 2061 4509; baseline 0.015 -34"><span class='ocrx_word' id='word_1_671' title='bbox 504 4425 651 4478; x_wconf 88' lang='lat' dir='ltr'><strong>nium</strong></span> <span class='ocrx_word' id='word_1_672' title='bbox 679 4428 1038 4497; x_wconf 84' lang='lat' dir='ltr'><strong>etfructunm,</strong></span> <span class='ocrx_word' id='word_1_673' title='bbox 1066 4450 1173 4487; x_wconf 86' lang='lat' dir='ltr'><strong>non</strong></span> <span class='ocrx_word' id='word_1_674' title='bbox 1207 4438 1259 4489; x_wconf 90' lang='lat' dir='ltr'><strong>in</strong></span> <span class='ocrx_word' id='word_1_675' title='bbox 1287 4449 1413 4507; x_wconf 84' lang='lat' dir='ltr'><strong>potu</strong></span> <span class='ocrx_word' id='word_1_676' title='bbox 1445 4440 1579 4507; x_wconf 89' lang='lat' dir='ltr'><strong>viui,</strong></span> <span class='ocrx_word' id='word_1_677' title='bbox 1613 4443 1789 4497; x_wconf 90' lang='lat' dir='ltr'><strong>mellis</strong></span> <span class='ocrx_word' id='word_1_678' title='bbox 1816 4453 1870 4497; x_wconf 90' lang='lat' dir='ltr'><strong>et</strong></span> <span class='ocrx_word' id='word_1_679' title='bbox 1890 4445 2061 4509; x_wconf 86' lang='lat' dir='ltr'><strong>laetis,</strong></span> 
     </span>
    </p>
   </div>
   <div class='ocr_carea' id='block_1_95' title="bbox 501 4519 2063 4599">
    <p class='ocr_par' dir='ltr' id='par_1_95' title="bbox 501 4519 2063 4599">
     <span class='ocr_line' id='line_1_96' title="bbox 501 4519 2063 4599; baseline 0.015 -32"><span class='ocrx_word' id='word_1_680' title='bbox 501 4532 609 4568; x_wconf 86' lang='lat' dir='ltr'><strong>non</strong></span> <span class='ocrx_word' id='word_1_681' title='bbox 661 4519 712 4573; x_wconf 90' lang='lat' dir='ltr'><strong>iu</strong></span> <span class='ocrx_word' id='word_1_682' title='bbox 746 4521 1012 4577; x_wconf 85' lang='lat' dir='ltr'><strong>suavitate</strong></span> <span class='ocrx_word' id='word_1_683' title='bbox 1043 4525 1253 4581; x_wconf 88' lang='lat' dir='ltr'><strong>sonitus</strong></span> <span class='ocrx_word' id='word_1_684' title='bbox 1282 4544 1544 4597; x_wconf 89' lang='lat' dir='ltr'><strong>aquarum</strong></span> <span class='ocrx_word' id='word_1_685' title='bbox 1577 4536 1939 4599; x_wconf 79' lang='lat' dir='ltr'><strong>currentium,</strong></span> <span class='ocrx_word' id='word_1_686' title='bbox 1991 4537 2063 4589; x_wconf 91' lang='lat' dir='ltr'><strong>ri-</strong></span> 
     </span>
    </p>
   </div>
   <div class='ocr_carea' id='block_1_96' title="bbox 500 4604 2059 4694">
    <p class='ocr_par' dir='ltr' id='par_1_96' title="bbox 500 4604 2059 4694">
     <span class='ocr_line' id='line_1_97' title="bbox 500 4604 2059 4694; baseline 0.017 -36"><span class='ocrx_word' id='word_1_687' title='bbox 500 4608 753 4662; x_wconf 90' lang='lat' dir='ltr'><strong>vulorum</strong></span> <span class='ocrx_word' id='word_1_688' title='bbox 782 4612 992 4667; x_wconf 88' lang='lat' dir='ltr'><strong>scilicet</strong></span> <span class='ocrx_word' id='word_1_689' title='bbox 1023 4624 1075 4669; x_wconf 87' lang='lat' dir='ltr'><strong>et</strong></span> <span class='ocrx_word' id='word_1_690' title='bbox 1107 4604 1485 4683; x_wconf 81' lang='lat' dir='ltr'><strong>fontium,non</strong></span> <span class='ocrx_word' id='word_1_691' title='bbox 1505 4624 1557 4676; x_wconf 91' lang='lat' dir='ltr'><strong>in</strong></span> <span class='ocrx_word' id='word_1_692' title='bbox 1579 4627 1829 4694; x_wconf 74' lang='lat' dir='ltr'><strong>amplexu</strong></span> <span class='ocrx_word' id='word_1_693' title='bbox 1853 4630 2059 4684; x_wconf 76' lang='lat' dir='ltr'><strong>ct&#39;luxu</strong></span> 
     </span>
    </p>
   </div>
   <div class='ocr_carea' id='block_1_97' title="bbox 497 4701 2061 4786">
    <p class='ocr_par' dir='ltr' id='par_1_97' title="bbox 497 4701 2061 4786">
     <span class='ocr_line' id='line_1_98' title="bbox 497 4701 2061 4786; baseline 0.011 -31"><span class='ocrx_word' id='word_1_694' title='bbox 497 4701 701 4755; x_wconf 82' lang='lat' dir='ltr'><strong>carnali</strong></span> <span class='ocrx_word' id='word_1_695' title='bbox 747 4703 1233 4772; x_wconf 88' lang='lat' dir='ltr'><strong>pulcherrimarum</strong></span> <span class='ocrx_word' id='word_1_696' title='bbox 1277 4711 1564 4765; x_wconf 88' lang='lat' dir='ltr'><strong>mulierum</strong></span> <span class='ocrx_word' id='word_1_697' title='bbox 1583 4723 1635 4767; x_wconf 91' lang='lat' dir='ltr'><strong>et</strong></span> <span class='ocrx_word' id='word_1_698' title='bbox 1655 4715 2061 4786; x_wconf 74' lang='lat' dir='ltr'><strong>virginum,non</strong></span> 
     </span>
    </p>
   </div>
   <div class='ocr_carea' id='block_1_98' title="bbox 498 4793 2059 4874">
    <p class='ocr_par' dir='ltr' id='par_1_98' title="bbox 498 4793 2059 4874">
     <span class='ocr_line' id='line_1_99' title="bbox 498 4793 2059 4874; baseline 0.013 -30"><span class='ocrx_word' id='word_1_699' title='bbox 498 4795 549 4846; x_wconf 89' lang='lat' dir='ltr'><strong>iu</strong></span> <span class='ocrx_word' id='word_1_700' title='bbox 563 4793 791 4857; x_wconf 56' lang='lat' dir='ltr'><strong>caeteris,</strong></span> <span class='ocrx_word' id='word_1_701' title='bbox 815 4794 880 4850; x_wconf 79' lang='lat' dir='ltr'><strong>ad</strong></span> <span class='ocrx_word' id='word_1_702' title='bbox 901 4813 1019 4866; x_wconf 72' lang='lat' dir='ltr'><strong>qua:</strong></span> <span class='ocrx_word' id='word_1_703' title='bbox 1038 4800 1268 4855; x_wconf 87' lang='lat' dir='ltr'><strong>carnalis</strong></span> <span class='ocrx_word' id='word_1_704' title='bbox 1284 4804 1795 4874; x_wconf 70' lang='lat' dir='ltr'><strong>concupiscentialet</strong></span> <span class='ocrx_word' id='word_1_705' title='bbox 1816 4809 2059 4865; x_wconf 77' lang='lat' dir='ltr'><strong>mortalis</strong></span> 
     </span>
    </p>
   </div>
   <div class='ocr_carea' id='block_1_99' title="bbox 496 4883 2062 4969">
    <p class='ocr_par' dir='ltr' id='par_1_99' title="bbox 496 4883 2062 4969">
     <span class='ocr_line' id='line_1_100' title="bbox 496 4883 2062 4969; baseline 0.011 -32"><span class='ocrx_word' id='word_1_706' title='bbox 496 4883 1495 4960; x_wconf 76' lang='lat' dir='ltr'><strong>fcxinstigat,eujusmodiparadisum</strong></span> <span class='ocrx_word' id='word_1_707' title='bbox 1530 4896 1687 4951; x_wconf 90' lang='lat' dir='ltr'><strong>vobis</strong></span> <span class='ocrx_word' id='word_1_708' title='bbox 1724 4908 1903 4953; x_wconf 90' lang='lat' dir='ltr'><strong>vester</strong></span> <span class='ocrx_word' id='word_1_709' title='bbox 1938 4916 2062 4969; x_wconf 87' lang='lat' dir='ltr'><strong>pro-</strong></span> 
     </span>
    </p>
   </div>
   <div class='ocr_carea' id='block_1_100' title="bbox 497 4977 2060 5058">
    <p class='ocr_par' dir='ltr' id='par_1_100' title="bbox 497 4977 2060 5058">
     <span class='ocr_line' id='line_1_101' title="bbox 497 4977 2060 5058; baseline 0.012 -29"><span class='ocrx_word' id='word_1_710' title='bbox 497 4977 654 5031; x_wconf 89' lang='lat' dir='ltr'><strong>mittit</strong></span> <span class='ocrx_word' id='word_1_711' title='bbox 679 4978 999 5036; x_wconf 85' lang='lat' dir='ltr'><strong>Alcoranus.</strong></span> <span class='ocrx_word' id='word_1_712' title='bbox 1020 4981 1123 5037; x_wconf 91' lang='lat' dir='ltr'><strong>Sed</strong></span> <span class='ocrx_word' id='word_1_713' title='bbox 1145 4983 1375 5040; x_wconf 83' lang='lat' dir='ltr'><strong>felicitas</strong></span> <span class='ocrx_word' id='word_1_714' title='bbox 1397 4997 1579 5041; x_wconf 89' lang='lat' dir='ltr'><strong>nostra</strong></span> <span class='ocrx_word' id='word_1_715' title='bbox 1597 4988 2060 5058; x_wconf 85' lang='lat' dir='ltr'><strong>Christianorum,</strong></span> 
     </span>
    </p>
   </div>
   <div class='ocr_carea' id='block_1_101' title="bbox 497 5071 2063 5141">
    <p class='ocr_par' dir='ltr' id='par_1_101' title="bbox 497 5071 2063 5141">
     <span class='ocr_line' id='line_1_102' title="bbox 497 5071 2063 5141; baseline 0.009 -19"><span class='ocrx_word' id='word_1_716' title='bbox 497 5085 658 5137; x_wconf 85' lang='lat' dir='ltr'><strong>quam</strong></span> <span class='ocrx_word' id='word_1_717' title='bbox 687 5071 850 5126; x_wconf 89' lang='lat' dir='ltr'><strong>vitam</strong></span> <span class='ocrx_word' id='word_1_718' title='bbox 894 5082 1152 5127; x_wconf 67' lang='lat' dir='ltr'><strong>mternam</strong></span> <span class='ocrx_word' id='word_1_719' title='bbox 1201 5076 1456 5141; x_wconf 88' lang='lat' dir='ltr'><strong>dicimus,</strong></span> <span class='ocrx_word' id='word_1_720' title='bbox 1508 5080 1760 5135; x_wconf 82' lang='lat' dir='ltr'><strong>consistit</strong></span> <span class='ocrx_word' id='word_1_721' title='bbox 1809 5082 2063 5137; x_wconf 85' lang='lat' dir='ltr'><strong>substan-</strong></span> 
     </span>
    </p>
   </div>
   <div class='ocr_carea' id='block_1_102' title="bbox 498 5159 2060 5244">
    <p class='ocr_par' dir='ltr' id='par_1_102' title="bbox 498 5159 2060 5244">
     <span class='ocr_line' id='line_1_103' title="bbox 498 5159 2060 5244; baseline 0.01 -31"><span class='ocrx_word' id='word_1_722' title='bbox 498 5159 703 5215; x_wconf 83' lang='lat' dir='ltr'><strong>tialiter</strong></span> <span class='ocrx_word' id='word_1_723' title='bbox 750 5164 967 5231; x_wconf 89' lang='lat' dir='ltr'><strong>quidem</strong></span> <span class='ocrx_word' id='word_1_724' title='bbox 1006 5174 1058 5219; x_wconf 91' lang='lat' dir='ltr'><strong>et</strong></span> <span class='ocrx_word' id='word_1_725' title='bbox 1088 5168 1454 5223; x_wconf 86' lang='lat' dir='ltr'><strong>cssentialiter</strong></span> <span class='ocrx_word' id='word_1_726' title='bbox 1476 5186 1572 5238; x_wconf 90' lang='lat' dir='ltr'><strong>per</strong></span> <span class='ocrx_word' id='word_1_727' title='bbox 1618 5186 1695 5235; x_wconf 87' lang='lat' dir='ltr'><strong>se,</strong></span> <span class='ocrx_word' id='word_1_728' title='bbox 1744 5183 1798 5226; x_wconf 91' lang='lat' dir='ltr'><strong>et</strong></span> <span class='ocrx_word' id='word_1_729' title='bbox 1854 5174 2060 5244; x_wconf 87' lang='lat' dir='ltr'><strong>absque</strong></span> 
     </span>
    </p>
   </div>
   <div class='ocr_carea' id='block_1_103' title="bbox 495 5257 2059 5332">
    <p class='ocr_par' dir='ltr' id='par_1_103' title="bbox 495 5257 2059 5332">
     <span class='ocr_line' id='line_1_104' title="bbox 495 5257 2059 5332; baseline 0.012 -31"><span class='ocrx_word' id='word_1_730' title='bbox 495 5266 827 5320; x_wconf 86' lang='lat' dir='ltr'><strong>quocunque</strong></span> <span class='ocrx_word' id='word_1_731' title='bbox 859 5264 1045 5308; x_wconf 85' lang='lat' dir='ltr'><strong>creato</strong></span> <span class='ocrx_word' id='word_1_732' title='bbox 1078 5257 1258 5311; x_wconf 85' lang='lat' dir='ltr'><strong>medio</strong></span> <span class='ocrx_word' id='word_1_733' title='bbox 1294 5260 1345 5312; x_wconf 92' lang='lat' dir='ltr'><strong>in</strong></span> <span class='ocrx_word' id='word_1_734' title='bbox 1384 5276 1414 5311; x_wconf 90' lang='lat' dir='ltr'><strong>v</strong></span> <span class='ocrx_word' id='word_1_735' title='bbox 1440 5263 1597 5315; x_wconf 88' lang='lat' dir='ltr'><strong>sione</strong></span> <span class='ocrx_word' id='word_1_736' title='bbox 1631 5262 1800 5332; x_wconf 87' lang='lat' dir='ltr'><strong>ipsius</strong></span> <span class='ocrx_word' id='word_1_737' title='bbox 1859 5264 2059 5319; x_wconf 75' lang='lat' dir='ltr'><strong>divina:</strong></span> 
     </span>
    </p>
   </div>
   <div class='ocr_carea' id='block_1_104' title="bbox 495 5344 2061 5410">
    <p class='ocr_par' dir='ltr' id='par_1_104' title="bbox 495 5344 2061 5410">
     <span class='ocr_line' id='line_1_105' title="bbox 495 5344 2061 5410; baseline 0.011 -17"><span class='ocrx_word' id='word_1_738' title='bbox 495 5344 745 5396; x_wconf 57' lang='lat' dir='ltr'><strong>essentim</strong></span> <span class='ocrx_word' id='word_1_739' title='bbox 776 5355 828 5398; x_wconf 88' lang='lat' dir='ltr'><strong>et</strong></span> <span class='ocrx_word' id='word_1_740' title='bbox 856 5356 1083 5403; x_wconf 66' lang='lat' dir='ltr'><strong>naturae.</strong></span> <span class='ocrx_word' id='word_1_741' title='bbox 1112 5346 1266 5404; x_wconf 88' lang='lat' dir='ltr'><strong>Unde</strong></span> <span class='ocrx_word' id='word_1_742' title='bbox 1316 5352 1577 5407; x_wconf 78' lang='lat' dir='ltr'><strong>Dominus</strong></span> <span class='ocrx_word' id='word_1_743' title='bbox 1604 5356 1862 5409; x_wconf 84' lang='lat' dir='ltr'><strong>nosterin</strong></span> <span class='ocrx_word' id='word_1_744' title='bbox 1891 5356 2061 5410; x_wconf 83' lang='lat' dir='ltr'><strong>Evan—</strong></span> 
     </span>
    </p>
   </div>
   <div class='ocr_carea' id='block_1_105' title="bbox 494 5434 2055 5517">
    <p class='ocr_par' dir='ltr' id='par_1_105' title="bbox 494 5434 2055 5517">
     <span class='ocr_line' id='line_1_106' title="bbox 494 5434 2055 5517; baseline 0.012 -33"><span class='ocrx_word' id='word_1_745' title='bbox 494 5434 634 5500; x_wconf 81' lang='lat' dir='ltr'><strong>gelio</strong></span> <span class='ocrx_word' id='word_1_746' title='bbox 661 5434 731 5488; x_wconf 88' lang='lat' dir='ltr'><strong>ait</strong></span> <span class='ocrx_word' id='word_1_747' title='bbox 764 5451 776 5487; x_wconf 90' lang='lat'>:</span> <span class='ocrx_word' id='word_1_748' title='bbox 816 5454 833 5486; x_wconf 75' lang='grc' dir='ltr'><strong>ι</strong></span> <span class='ocrx_word' id='word_1_749' title='bbox 877 5435 999 5491; x_wconf 70' lang='lat' dir='ltr'><strong>Ilaec</strong></span> <span class='ocrx_word' id='word_1_750' title='bbox 1046 5450 1127 5494; x_wconf 82' lang='lat' dir='ltr'><strong>est</strong></span> <span class='ocrx_word' id='word_1_751' title='bbox 1154 5439 1262 5494; x_wconf 87' lang='lat' dir='ltr'><strong>vita</strong></span> <span class='ocrx_word' id='word_1_752' title='bbox 1289 5448 1515 5509; x_wconf 80' lang='lat' dir='ltr'><strong>aeterna,</strong></span> <span class='ocrx_word' id='word_1_753' title='bbox 1550 5454 1609 5499; x_wconf 92' lang='lat' dir='ltr'><strong>ut</strong></span> <span class='ocrx_word' id='word_1_754' title='bbox 1644 5456 1976 5517; x_wconf 73' lang='lat' dir='ltr'><strong>cognoscant</strong></span> <span class='ocrx_word' id='word_1_755' title='bbox 2003 5456 2055 5503; x_wconf 85' lang='lat' dir='ltr'><strong>te</strong></span> 
     </span>
    </p>
   </div>
   <div class='ocr_carea' id='block_1_106' title="bbox 567 5614 1407 5686">
    <p class='ocr_par' dir='ltr' id='par_1_106' title="bbox 567 5614 1407 5686">
     <span class='ocr_line' id='line_1_107' title="bbox 567 5614 1407 5686; baseline 0.018 -20"><span class='ocrx_word' id='word_1_756' title='bbox 567 5614 613 5645; x_wconf 72' lang='grc'><strong>⁸⁸</strong></span> <span class='ocrx_word' id='word_1_757' title='bbox 650 5616 754 5669; x_wconf 58' lang='lat' dir='ltr'><strong>Isa.</strong></span> <span class='ocrx_word' id='word_1_758' title='bbox 792 5634 931 5681; x_wconf 63' lang='grc' dir='ltr'>μιν,</span> <span class='ocrx_word' id='word_1_759' title='bbox 959 5624 1021 5684; x_wconf 73' lang='grc'><strong>4;</strong></span> <span class='ocrx_word' id='word_1_760' title='bbox 1057 5624 1228 5682; x_wconf 82' lang='lat' dir='ltr'><strong>lCor.</strong></span> <span class='ocrx_word' id='word_1_761' title='bbox 1266 5642 1324 5686; x_wconf 83' lang='grc' dir='ltr'><strong>ιι,</strong></span> <span class='ocrx_word' id='word_1_762' title='bbox 1354 5630 1407 5683; x_wconf 83' lang='lat'><strong>9.</strong></span> 
     </span>
    </p>
   </div>
   <div class='ocr_carea' id='block_1_107' title="bbox 2172 4438 3630 4535">
    <p class='ocr_par' dir='ltr' id='par_1_107' title="bbox 2172 4438 3630 4535">
     <span class='ocr_line' id='line_1_108' title="bbox 2172 4438 3630 4535; baseline -0.002 -29"><span class='ocrx_word' id='word_1_763' title='bbox 2172 4452 2264 4506; x_wconf 76' lang='grc' dir='ltr'>καὶ</span> <span class='ocrx_word' id='word_1_764' title='bbox 2292 4454 2636 4522; x_wconf 70' lang='grc' dir='ltr'>εὐδαιμονίαν</span> <span class='ocrx_word' id='word_1_765' title='bbox 2687 4456 2936 4525; x_wconf 77' lang='grc' dir='ltr'>λέγομεν,</span> <span class='ocrx_word' id='word_1_766' title='bbox 2984 4458 3033 4508; x_wconf 87' lang='grc' dir='ltr'><strong>εί</strong></span> <span class='ocrx_word' id='word_1_767' title='bbox 3082 4456 3177 4509; x_wconf 77' lang='grc' dir='ltr'>καὶ</span> <span class='ocrx_word' id='word_1_768' title='bbox 3220 4455 3394 4518; x_wconf 83' lang='grc' dir='ltr'>ὥσπερ</span> <span class='ocrx_word' id='word_1_769' title='bbox 3431 4438 3630 4535; x_wconf 54' lang='lat' dir='ltr'><strong>turali:</strong></span> 
     </span>
    </p>
   </div>
   <div class='ocr_carea' id='block_1_108' title="bbox 2169 4542 3629 4630">
    <p class='ocr_par' dir='ltr' id='par_1_108' title="bbox 2169 4542 3629 4630">
     <span class='ocr_line' id='line_1_109' title="bbox 2169 4542 3629 4630; baseline -0.005 -32"><span class='ocrx_word' id='word_1_770' title='bbox 2169 4562 2322 4609; x_wconf 87' lang='grc' dir='ltr'>πτον,</span> <span class='ocrx_word' id='word_1_771' title='bbox 2355 4544 2495 4598; x_wconf 77' lang='grc' dir='ltr'>οὕτω</span> <span class='ocrx_word' id='word_1_772' title='bbox 2538 4546 2629 4599; x_wconf 77' lang='grc' dir='ltr'><strong>καὶ</strong></span> <span class='ocrx_word' id='word_1_773' title='bbox 2664 4546 3112 4617; x_wconf 80' lang='grc' dir='ltr'>ἀπροσπέλαστόν</span> <span class='ocrx_word' id='word_1_774' title='bbox 3164 4548 3295 4611; x_wconf 79' lang='grc' dir='ltr'>ἐστι,</span> <span class='ocrx_word' id='word_1_775' title='bbox 3349 4542 3629 4630; x_wconf 59' lang='grc' dir='ltr'>λέγοντοξτξυ</span> 
     </span>
    </p>
   </div>
   <div class='ocr_carea' id='block_1_109' title="bbox 2170 4624 3631 4705">
    <p class='ocr_par' dir='ltr' id='par_1_109' title="bbox 2170 4624 3631 4705">
     <span class='ocr_line' id='line_1_110' title="bbox 2170 4624 3631 4705; baseline -0.01 -15"><span class='ocrx_word' id='word_1_776' title='bbox 2170 4635 2450 4705; x_wconf 55' lang='grc' dir='ltr'>προφήτου</span> <span class='ocrx_word' id='word_1_777' title='bbox 2494 4635 2742 4697; x_wconf 76' lang='grc' dir='ltr'>Ἡσαΐου,</span> <span class='ocrx_word' id='word_1_778' title='bbox 2768 4655 2782 4686; x_wconf 83' lang='lat' dir='ltr'><strong>t</strong></span> <span class='ocrx_word' id='word_1_779' title='bbox 2814 4635 3126 4704; x_wconf 68' lang='grc' dir='ltr'>Ὀιρθαλμδς</span> <span class='ocrx_word' id='word_1_780' title='bbox 3156 4636 3252 4688; x_wconf 80' lang='grc' dir='ltr'><strong>οὐκ</strong></span> <span class='ocrx_word' id='word_1_781' title='bbox 3287 4630 3429 4691; x_wconf 79' lang='grc' dir='ltr'>εἶδεν,</span> <span class='ocrx_word' id='word_1_782' title='bbox 3460 4624 3551 4677; x_wconf 73' lang='grc' dir='ltr'>οὐδὲ</span> <span class='ocrx_word' id='word_1_783' title='bbox 3572 4631 3631 4675; x_wconf 70' lang='grc' dir='ltr'><strong>ους</strong></span> 
     </span>
    </p>
   </div>
   <div class='ocr_carea' id='block_1_110' title="bbox 2168 4708 3629 4813">
    <p class='ocr_par' dir='ltr' id='par_1_110' title="bbox 2168 4708 3629 4813">
     <span class='ocr_line' id='line_1_111' title="bbox 2168 4708 3629 4813; baseline -0.008 -33"><span class='ocrx_word' id='word_1_784' title='bbox 2168 4727 2423 4796; x_wconf 76' lang='grc' dir='ltr'>ἤκουσεν,</span> <span class='ocrx_word' id='word_1_785' title='bbox 2459 4726 2581 4779; x_wconf 80' lang='grc' dir='ltr'>οὐδὲ</span> <span class='ocrx_word' id='word_1_786' title='bbox 2632 4729 2723 4779; x_wconf 72' lang='grc' dir='ltr'>ἐπὶ</span> <span class='ocrx_word' id='word_1_787' title='bbox 2768 4728 2997 4795; x_wconf 85' lang='grc' dir='ltr'>καρδίαν</span> <span class='ocrx_word' id='word_1_788' title='bbox 3035 4726 3317 4798; x_wconf 84' lang='grc' dir='ltr'>ἀνθρώπου</span> <span class='ocrx_word' id='word_1_789' title='bbox 3366 4718 3521 4813; x_wconf 76' lang='grc' dir='ltr'>ἀνέϐη,</span> <span class='ocrx_word' id='word_1_790' title='bbox 3549 4731 3567 4813; x_wconf 48' lang='grc' dir='ltr'>Ξ</span> <span class='ocrx_word' id='word_1_791' title='bbox 3592 4708 3629 4813; x_wconf 54' lang='grc' dir='ltr'><strong>τί</strong></span> 
     </span>
    </p>
   </div>
   <div class='ocr_carea' id='block_1_111' title="bbox 2169 4811 3629 4886">
    <p class='ocr_par' dir='ltr' id='par_1_111' title="bbox 2169 4811 3629 4886">
     <span class='ocr_line' id='line_1_112' title="bbox 2169 4811 3629 4886; baseline -0.005 -20"><span class='ocrx_word' id='word_1_792' title='bbox 2169 4812 2369 4881; x_wconf 81' lang='grc' dir='ltr'>ἀγαθὸν</span> <span class='ocrx_word' id='word_1_793' title='bbox 2398 4813 2693 4883; x_wconf 83' lang='grc' dir='ltr'>δηλονότιὸ</span> <span class='ocrx_word' id='word_1_794' title='bbox 2738 4814 2765 4865; x_wconf 86' lang='grc' dir='ltr'><strong>ὁ</strong></span> <span class='ocrx_word' id='word_1_795' title='bbox 2796 4816 2926 4878; x_wconf 79' lang='grc' dir='ltr'>Θεὸς</span> <span class='ocrx_word' id='word_1_796' title='bbox 2964 4816 3225 4886; x_wconf 82' lang='grc' dir='ltr'>ἡτοίμασε</span> <span class='ocrx_word' id='word_1_797' title='bbox 3275 4816 3377 4873; x_wconf 82' lang='grc' dir='ltr'>τοῖς</span> <span class='ocrx_word' id='word_1_798' title='bbox 3420 4811 3629 4875; x_wconf 67' lang='grc' dir='ltr'>ἀγαπῶσῖν</span> 
     </span>
    </p>
   </div>
   <div class='ocr_carea' id='block_1_112' title="bbox 2168 4896 3630 4989">
    <p class='ocr_par' dir='ltr' id='par_1_112' title="bbox 2168 4896 3630 4989">
     <span class='ocr_line' id='line_1_113' title="bbox 2168 4896 3630 4989; baseline 0.003 -59"><span class='ocrx_word' id='word_1_799' title='bbox 2168 4906 2362 4957; x_wconf 58' lang='grc' dir='ltr'><strong>αὐτόν.</strong></span> <span class='ocrx_word' id='word_1_800' title='bbox 2424 4906 2573 4974; x_wconf 63' lang='grc' dir='ltr'>ὅμως</span> <span class='ocrx_word' id='word_1_801' title='bbox 2623 4905 2760 4959; x_wconf 80' lang='grc' dir='ltr'>καθὸ</span> <span class='ocrx_word' id='word_1_802' title='bbox 2818 4904 3002 4976; x_wconf 73' lang='grc' dir='ltr'>θνητοὶ</span> <span class='ocrx_word' id='word_1_803' title='bbox 3056 4908 3237 4976; x_wconf 77' lang='grc' dir='ltr'>ἡμεῖς,</span> <span class='ocrx_word' id='word_1_804' title='bbox 3295 4901 3420 4956; x_wconf 81' lang='grc' dir='ltr'>κατὰ</span> <span class='ocrx_word' id='word_1_805' title='bbox 3468 4896 3630 4989; x_wconf 41' lang='grc' dir='ltr'>δύναμίν</span> 
     </span>
    </p>
   </div>
   <div class='ocr_carea' id='block_1_113' title="bbox 2168 4989 3629 5068">
    <p class='ocr_par' dir='ltr' id='par_1_113' title="bbox 2168 4989 3629 5068">
     <span class='ocr_line' id='line_1_114' title="bbox 2168 4989 3629 5068; baseline -0.003 -20"><span class='ocrx_word' id='word_1_806' title='bbox 2168 4997 2398 5067; x_wconf 69' lang='grc' dir='ltr'>ἐροῦμεν</span> <span class='ocrx_word' id='word_1_807' title='bbox 2430 5015 2483 5050; x_wconf 87' lang='grc' dir='ltr'><strong>τι</strong></span> <span class='ocrx_word' id='word_1_808' title='bbox 2528 4997 2655 5065; x_wconf 80' lang='grc' dir='ltr'>περὶ</span> <span class='ocrx_word' id='word_1_809' title='bbox 2685 4997 2873 5064; x_wconf 75' lang='grc' dir='ltr'>αὑτοῦ,</span> <span class='ocrx_word' id='word_1_810' title='bbox 2926 5000 3018 5051; x_wconf 71' lang='grc' dir='ltr'><strong>καὶ</strong></span> <span class='ocrx_word' id='word_1_811' title='bbox 3064 4998 3323 5068; x_wconf 85' lang='grc' dir='ltr'>βραχέως,</span> <span class='ocrx_word' id='word_1_812' title='bbox 3370 4995 3444 5046; x_wconf 80' lang='grc' dir='ltr'>ἶνα</span> <span class='ocrx_word' id='word_1_813' title='bbox 3484 4989 3533 5037; x_wconf 79' lang='grc' dir='ltr'><strong>ἐκ</strong></span> <span class='ocrx_word' id='word_1_814' title='bbox 3564 4994 3629 5044; x_wconf 74' lang='grc' dir='ltr'><strong>της</strong></span> 
     </span>
    </p>
   </div>
   <div class='ocr_carea' id='block_1_114' title="bbox 2169 5069 3629 5175">
    <p class='ocr_par' dir='ltr' id='par_1_114' title="bbox 2169 5069 3629 5175">
     <span class='ocr_line' id='line_1_115' title="bbox 2169 5069 3629 5175; baseline 0.003 -35"><span class='ocrx_word' id='word_1_815' title='bbox 2169 5089 2464 5156; x_wconf 76' lang='grc' dir='ltr'>ἐπιθυμίας</span> <span class='ocrx_word' id='word_1_816' title='bbox 2498 5090 2589 5142; x_wconf 74' lang='grc' dir='ltr'>τοῦ</span> <span class='ocrx_word' id='word_1_817' title='bbox 2626 5089 2811 5155; x_wconf 80' lang='grc' dir='ltr'>ἄθλου,</span> <span class='ocrx_word' id='word_1_818' title='bbox 2870 5091 2942 5161; x_wconf 77' lang='grc' dir='ltr'><strong>μὴ</strong></span> <span class='ocrx_word' id='word_1_819' title='bbox 2988 5069 3629 5175; x_wconf 48' lang='grc' dir='ltr'><strong>ὀιποστρέςρωντοιιξιί(Μαὶ</strong></span> 
     </span>
    </p>
   </div>
   <div class='ocr_carea' id='block_1_115' title="bbox 2166 5172 3625 5250">
    <p class='ocr_par' dir='ltr' id='par_1_115' title="bbox 2166 5172 3625 5250">
     <span class='ocr_line' id='line_1_116' title="bbox 2166 5172 3625 5250; baseline -0.016 -17"><span class='ocrx_word' id='word_1_820' title='bbox 2166 5181 2319 5247; x_wconf 79' lang='grc' dir='ltr'>ἡμῶν</span> <span class='ocrx_word' id='word_1_821' title='bbox 2350 5182 2409 5232; x_wconf 81' lang='grc' dir='ltr'><strong>τὸ</strong></span> <span class='ocrx_word' id='word_1_822' title='bbox 2444 5180 2672 5249; x_wconf 87' lang='grc' dir='ltr'>μέγεθος</span> <span class='ocrx_word' id='word_1_823' title='bbox 2704 5181 2800 5250; x_wconf 78' lang='grc' dir='ltr'>τῆς</span> <span class='ocrx_word' id='word_1_824' title='bbox 2846 5182 2989 5235; x_wconf 76' lang='grc' dir='ltr'>ὁδοῦ.</span> <span class='ocrx_word' id='word_1_825' title='bbox 3033 5182 3138 5232; x_wconf 82' lang='grc' dir='ltr'><strong>Καὶ</strong></span> <span class='ocrx_word' id='word_1_826' title='bbox 3169 5180 3270 5247; x_wconf 82' lang='grc' dir='ltr'>γὰρ</span> <span class='ocrx_word' id='word_1_827' title='bbox 3300 5179 3329 5244; x_wconf 79' lang='grc' dir='ltr'>ὴ</span> <span class='ocrx_word' id='word_1_828' title='bbox 3372 5172 3625 5234; x_wconf 64' lang='grc' dir='ltr'>εὐδαιμονία.</span> 
     </span>
    </p>
   </div>
   <div class='ocr_carea' id='block_1_116' title="bbox 2161 5262 3624 5353">
    <p class='ocr_par' dir='ltr' id='par_1_116' title="bbox 2161 5262 3624 5353">
     <span class='ocr_line' id='line_1_117' title="bbox 2161 5262 3624 5353; baseline -0.029 -6"><span class='ocrx_word' id='word_1_829' title='bbox 2161 5271 2228 5340; x_wconf 68' lang='grc' dir='ltr'><strong>ἣν</strong></span> <span class='ocrx_word' id='word_1_830' title='bbox 2254 5272 2281 5323; x_wconf 68' lang='grc'><em>’⁵</em></span> <span class='ocrx_word' id='word_1_831' title='bbox 2315 5271 2665 5339; x_wconf 73' lang='grc' dir='ltr'>εὐαγγελικὸς</span> <span class='ocrx_word' id='word_1_832' title='bbox 2718 5272 2879 5338; x_wconf 58' lang='grc' dir='ltr'>νόμω</span> <span class='ocrx_word' id='word_1_833' title='bbox 2928 5272 3259 5341; x_wconf 76' lang='grc' dir='ltr'>ὑπισχνεῖται</span> <span class='ocrx_word' id='word_1_834' title='bbox 3288 5268 3387 5327; x_wconf 86' lang='grc' dir='ltr'>τοῖς</span> <span class='ocrx_word' id='word_1_835' title='bbox 3428 5262 3624 5353; x_wconf 59' lang='grc' dir='ltr'>Χριστια-</span> 
     </span>
    </p>
   </div>
   <div class='ocr_carea' id='block_1_117' title="bbox 2160 5349 3624 5449">
    <p class='ocr_par' dir='ltr' id='par_1_117' title="bbox 2160 5349 3624 5449">
     <span class='ocr_line' id='line_1_118' title="bbox 2160 5349 3624 5449; baseline -0.028 -36"><span class='ocrx_word' id='word_1_836' title='bbox 2160 5363 2293 5424; x_wconf 68' lang='grc' dir='ltr'>νοίς,</span> <span class='ocrx_word' id='word_1_837' title='bbox 2321 5364 2381 5414; x_wconf 75' lang='grc' dir='ltr'>οὺ</span> <span class='ocrx_word' id='word_1_838' title='bbox 2421 5361 2732 5415; x_wconf 84' lang='grc' dir='ltr'>συνίσταται</span> <span class='ocrx_word' id='word_1_839' title='bbox 2775 5364 2833 5414; x_wconf 88' lang='grc' dir='ltr'><strong>ἐν</strong></span> <span class='ocrx_word' id='word_1_840' title='bbox 2872 5363 3061 5431; x_wconf 74' lang='grc' dir='ltr'><strong>κτήσει</strong></span> <span class='ocrx_word' id='word_1_841' title='bbox 3095 5362 3289 5431; x_wconf 65' lang='grc' dir='ltr'><strong>γηΐνων</strong></span> <span class='ocrx_word' id='word_1_842' title='bbox 3317 5349 3523 5449; x_wconf 44' lang='grc' dir='ltr'><strong>ἀγέιθιῗνι</strong></span> <span class='ocrx_word' id='word_1_843' title='bbox 3557 5353 3624 5449; x_wconf 43' lang='lat' dir='ltr'><strong>aut</strong></span> 
     </span>
    </p>
   </div>
   <div class='ocr_carea' id='block_1_118' title="bbox 2160 5429 3623 5525">
    <p class='ocr_par' dir='ltr' id='par_1_118' title="bbox 2160 5429 3623 5525">
     <span class='ocr_line' id='line_1_119' title="bbox 2160 5429 3623 5525; baseline -0.03 4"><span class='ocrx_word' id='word_1_844' title='bbox 2160 5455 2217 5506; x_wconf 70' lang='grc' dir='ltr'><strong>ὲν</strong></span> <span class='ocrx_word' id='word_1_845' title='bbox 2257 5457 2427 5525; x_wconf 59' lang='grc' dir='ltr'>τρίδφῇ</span> <span class='ocrx_word' id='word_1_846' title='bbox 2482 5453 2840 5509; x_wconf 79' lang='grc' dir='ltr'>παντοδαπῶν</span> <span class='ocrx_word' id='word_1_847' title='bbox 2877 5453 3112 5524; x_wconf 84' lang='grc' dir='ltr'>σαρκῶν,</span> <span class='ocrx_word' id='word_1_848' title='bbox 3163 5452 3321 5521; x_wconf 72' lang='grc' dir='ltr'>ἤγουν</span> <span class='ocrx_word' id='word_1_849' title='bbox 3369 5438 3514 5515; x_wconf 81' lang='grc' dir='ltr'>κρεῶν</span> <span class='ocrx_word' id='word_1_850' title='bbox 3559 5429 3623 5485; x_wconf 69' lang='grc' dir='ltr'>καὶ</span> 
     </span>
    </p>
   </div>
  </div>
