  <div class='ocr_page' id='page_1' title='image "/cluster/home/n/w/nwhite01/storage/ocr_20150623/154/hvd.32044073505299/614.png"; bbox 0 0 3904 6216; ppageno 0'>
   <div class='ocr_carea' id='block_1_1' title="bbox 389 249 523 305">
    <p class='ocr_par' dir='ltr' id='par_1_1' title="bbox 389 249 523 305">
     <span class='ocr_line' id='line_1_1' title="bbox 389 249 523 305; baseline 0.015 -1"><span class='ocrx_word' id='word_1_1' title='bbox 389 249 523 305; x_wconf 72' lang='lat' dir='ltr'><strong>1]le</strong></span> 
     </span>
    </p>
   </div>
   <div class='ocr_carea' id='block_1_2' title="bbox 1574 251 2436 312">
    <p class='ocr_par' dir='ltr' id='par_1_2' title="bbox 1574 251 2436 312">
     <span class='ocr_line' id='line_1_2' title="bbox 1574 251 2436 312; baseline 0 0"><span class='ocrx_word' id='word_1_2' title='bbox 1574 252 1866 312; x_wconf 56' lang='lat' dir='ltr'><strong>CONTRA</strong></span> <span class='ocrx_word' id='word_1_3' title='bbox 1933 251 2436 312; x_wconf 60' lang='grc' dir='ltr'><strong>ΜΛΠΟΜΕΤΕἩ.</strong></span> 
     </span>
    </p>
   </div>
   <div class='ocr_carea' id='block_1_3' title="bbox 3475 249 3610 313">
    <p class='ocr_par' dir='ltr' id='par_1_3' title="bbox 3475 249 3610 313">
     <span class='ocr_line' id='line_1_3' title="bbox 3475 249 3610 313; baseline 0 -2"><span class='ocrx_word' id='word_1_4' title='bbox 3475 249 3610 313; x_wconf 74' lang='lat' dir='ltr'><strong>llt&#39;li</strong></span> 
     </span>
    </p>
   </div>
   <div class='ocr_carea' id='block_1_4' title="bbox 388 357 1958 429">
    <p class='ocr_par' dir='ltr' id='par_1_4' title="bbox 388 358 1941 429">
     <span class='ocr_line' id='line_1_4' title="bbox 388 358 1941 429; baseline 0.004 -23"><span class='ocrx_word' id='word_1_5' title='bbox 388 358 634 425; x_wconf 77' lang='grc' dir='ltr'><strong>καρπῶν,</strong></span> <span class='ocrx_word' id='word_1_6' title='bbox 670 358 767 410; x_wconf 73' lang='grc' dir='ltr'><strong>οὔκ</strong></span> <span class='ocrx_word' id='word_1_7' title='bbox 797 368 852 412; x_wconf 82' lang='grc' dir='ltr'><strong>εν</strong></span> <span class='ocrx_word' id='word_1_8' title='bbox 879 359 1032 412; x_wconf 74' lang='grc' dir='ltr'><strong>πόσει</strong></span> <span class='ocrx_word' id='word_1_9' title='bbox 1067 362 1233 417; x_wconf 75' lang='grc' dir='ltr'><strong>οίνου.</strong></span> <span class='ocrx_word' id='word_1_10' title='bbox 1275 361 1486 429; x_wconf 78' lang='grc' dir='ltr'><strong>μέλιτος</strong></span> <span class='ocrx_word' id='word_1_11' title='bbox 1533 363 1623 412; x_wconf 73' lang='grc' dir='ltr'><strong>καὶ</strong></span> <span class='ocrx_word' id='word_1_12' title='bbox 1655 361 1941 427; x_wconf 72' lang='grc' dir='ltr'><strong>γάλακτος.</strong></span> 
     </span>
    </p>
   </div>
   <div class='ocr_carea' id='block_1_5' title="bbox 2065 357 3618 429">
    <p class='ocr_par' dir='ltr' id='par_1_5' title="bbox 2065 357 3618 428">
     <span class='ocr_line' id='line_1_5' title="bbox 2065 357 3618 428; baseline -0.001 -17"><span class='ocrx_word' id='word_1_13' title='bbox 2065 360 2231 412; x_wconf 74' lang='lat' dir='ltr'><strong>solum</strong></span> <span class='ocrx_word' id='word_1_14' title='bbox 2262 375 2449 413; x_wconf 89' lang='lat' dir='ltr'><strong>verum</strong></span> <span class='ocrx_word' id='word_1_15' title='bbox 2485 359 2672 422; x_wconf 85' lang='lat' dir='ltr'><strong>Deum,</strong></span> <span class='ocrx_word' id='word_1_16' title='bbox 2701 368 2753 412; x_wconf 90' lang='lat' dir='ltr'><strong>et</strong></span> <span class='ocrx_word' id='word_1_17' title='bbox 2789 375 2948 428; x_wconf 83' lang='lat' dir='ltr'><strong>quem</strong></span> <span class='ocrx_word' id='word_1_18' title='bbox 2987 358 3181 412; x_wconf 76' lang='lat' dir='ltr'><strong>misisti</strong></span> <span class='ocrx_word' id='word_1_19' title='bbox 3237 359 3422 414; x_wconf 85' lang='lat' dir='ltr'><strong>Jesum</strong></span> <span class='ocrx_word' id='word_1_20' title='bbox 3457 357 3618 413; x_wconf 46' lang='lat' dir='ltr'><strong>Chri‘</strong></span> 
     </span>
    </p>
   </div>
   <div class='ocr_carea' id='block_1_6' title="bbox 388 445 1950 518">
    <p class='ocr_par' dir='ltr' id='par_1_6' title="bbox 388 445 1950 518">
     <span class='ocr_line' id='line_1_6' title="bbox 388 445 1950 518; baseline 0.004 -24"><span class='ocrx_word' id='word_1_21' title='bbox 388 445 488 494; x_wconf 73' lang='grc' dir='ltr'><strong>οὐκ</strong></span> <span class='ocrx_word' id='word_1_22' title='bbox 518 447 574 496; x_wconf 82' lang='grc' dir='ltr'><strong>ἐν</strong></span> <span class='ocrx_word' id='word_1_23' title='bbox 614 445 840 514; x_wconf 75' lang='grc' dir='ltr'><strong>ήδύτητι</strong></span> <span class='ocrx_word' id='word_1_24' title='bbox 866 449 998 516; x_wconf 74' lang='grc' dir='ltr'>ἤχου</span> <span class='ocrx_word' id='word_1_25' title='bbox 1031 449 1237 502; x_wconf 79' lang='grc' dir='ltr'><strong>ὑδάτων</strong></span> <span class='ocrx_word' id='word_1_26' title='bbox 1276 450 1604 518; x_wconf 78' lang='grc' dir='ltr'><strong>τρεχόντων,</strong></span> <span class='ocrx_word' id='word_1_27' title='bbox 1630 449 1831 518; x_wconf 70' lang='grc' dir='ltr'><strong>ὀχετῶν</strong></span> <span class='ocrx_word' id='word_1_28' title='bbox 1857 449 1950 517; x_wconf 65' lang='lat'><strong>61;-</strong></span> 
     </span>
    </p>
   </div>
   <div class='ocr_carea' id='block_1_7' title="bbox 386 535 1952 608">
    <p class='ocr_par' dir='ltr' id='par_1_7' title="bbox 386 535 1952 608">
     <span class='ocr_line' id='line_1_7' title="bbox 386 535 1952 608; baseline 0.004 -24"><span class='ocrx_word' id='word_1_29' title='bbox 386 536 559 586; x_wconf 80' lang='grc' dir='ltr'><strong>λονότι</strong></span> <span class='ocrx_word' id='word_1_30' title='bbox 593 535 686 586; x_wconf 78' lang='grc' dir='ltr'><strong>καὶ</strong></span> <span class='ocrx_word' id='word_1_31' title='bbox 727 539 939 604; x_wconf 84' lang='grc' dir='ltr'><strong>πηγῶν,</strong></span> <span class='ocrx_word' id='word_1_32' title='bbox 977 539 1076 591; x_wconf 78' lang='grc' dir='ltr'><strong>οὐκ</strong></span> <span class='ocrx_word' id='word_1_33' title='bbox 1121 540 1179 591; x_wconf 83' lang='grc' dir='ltr'><strong>ὲν</strong></span> <span class='ocrx_word' id='word_1_34' title='bbox 1223 539 1525 608; x_wconf 80' lang='grc' dir='ltr'>περιπλοκῇ</span> <span class='ocrx_word' id='word_1_35' title='bbox 1562 540 1658 590; x_wconf 77' lang='grc' dir='ltr'><strong>καὶ</strong></span> <span class='ocrx_word' id='word_1_36' title='bbox 1687 541 1952 608; x_wconf 81' lang='grc' dir='ltr'><strong>ἀκολασίᾳ</strong></span> 
     </span>
    </p>
   </div>
   <div class='ocr_carea' id='block_1_8' title="bbox 389 623 1948 698">
    <p class='ocr_par' dir='ltr' id='par_1_8' title="bbox 389 623 1948 698">
     <span class='ocr_line' id='line_1_8' title="bbox 389 623 1948 698; baseline 0.006 -24"><span class='ocrx_word' id='word_1_37' title='bbox 389 626 624 694; x_wconf 81' lang='grc' dir='ltr'><strong>σαρκικῇ</strong></span> <span class='ocrx_word' id='word_1_38' title='bbox 655 623 1005 694; x_wconf 74' lang='grc' dir='ltr'><strong>ὡραιοτάτων</strong></span> <span class='ocrx_word' id='word_1_39' title='bbox 1051 629 1326 695; x_wconf 86' lang='grc' dir='ltr'><strong>γυναικῶν</strong></span> <span class='ocrx_word' id='word_1_40' title='bbox 1369 631 1459 682; x_wconf 69' lang='grc' dir='ltr'><strong>καὶ</strong></span> <span class='ocrx_word' id='word_1_41' title='bbox 1508 629 1814 698; x_wconf 80' lang='grc' dir='ltr'><strong>παρθένων,</strong></span> <span class='ocrx_word' id='word_1_42' title='bbox 1847 631 1948 683; x_wconf 80' lang='grc' dir='ltr'><strong>οὐκ</strong></span> 
     </span>
    </p>
   </div>
   <div class='ocr_carea' id='block_1_9' title="bbox 387 716 1945 793">
    <p class='ocr_par' dir='ltr' id='par_1_9' title="bbox 387 716 1945 793">
     <span class='ocr_line' id='line_1_9' title="bbox 387 716 1945 793; baseline 0.005 -24"><span class='ocrx_word' id='word_1_43' title='bbox 387 720 446 769; x_wconf 74' lang='grc' dir='ltr'><strong>ἐν</strong></span> <span class='ocrx_word' id='word_1_44' title='bbox 502 716 703 780; x_wconf 82' lang='grc' dir='ltr'><strong>ἄλλοις,</strong></span> <span class='ocrx_word' id='word_1_45' title='bbox 760 718 896 788; x_wconf 77' lang='grc' dir='ltr'><strong>πρὸς</strong></span> <span class='ocrx_word' id='word_1_46' title='bbox 927 721 1145 792; x_wconf 61' lang='lat' dir='ltr'><strong>eum}</strong></span> <span class='ocrx_word' id='word_1_47' title='bbox 1180 723 1417 792; x_wconf 81' lang='grc' dir='ltr'><strong>σαρκικὴ</strong></span> <span class='ocrx_word' id='word_1_48' title='bbox 1465 724 1734 792; x_wconf 78' lang='grc' dir='ltr'><strong>ἐπιθυμία</strong></span> <span class='ocrx_word' id='word_1_49' title='bbox 1783 725 1878 776; x_wconf 76' lang='grc' dir='ltr'><strong>καὶ</strong></span> <span class='ocrx_word' id='word_1_50' title='bbox 1914 727 1945 793; x_wconf 76' lang='grc' dir='ltr'>ἢ</span> 
     </span>
    </p>
   </div>
   <div class='ocr_carea' id='block_1_10' title="bbox 388 807 1951 884">
    <p class='ocr_par' dir='ltr' id='par_1_10' title="bbox 388 807 1951 884">
     <span class='ocr_line' id='line_1_10' title="bbox 388 807 1951 884; baseline 0.007 -28"><span class='ocrx_word' id='word_1_51' title='bbox 388 808 554 876; x_wconf 82' lang='grc' dir='ltr'><strong>θνητὴ</strong></span> <span class='ocrx_word' id='word_1_52' title='bbox 614 807 712 878; x_wconf 78' lang='grc' dir='ltr'><strong>ὕλη</strong></span> <span class='ocrx_word' id='word_1_53' title='bbox 751 810 1044 879; x_wconf 69' lang='grc' dir='ltr'><strong>διεγείρει·</strong></span> <span class='ocrx_word' id='word_1_54' title='bbox 1110 815 1289 866; x_wconf 78' lang='grc' dir='ltr'><strong>ὁποῖον</strong></span> <span class='ocrx_word' id='word_1_55' title='bbox 1354 815 1682 882; x_wconf 72' lang='grc' dir='ltr'><strong>παράδεισον</strong></span> <span class='ocrx_word' id='word_1_56' title='bbox 1735 815 1862 884; x_wconf 85' lang='grc' dir='ltr'><strong>ὑμῖν</strong></span> <span class='ocrx_word' id='word_1_57' title='bbox 1891 815 1951 867; x_wconf 82' lang='grc' dir='ltr'><strong>τὸ</strong></span> 
     </span>
    </p>
   </div>
   <div class='ocr_carea' id='block_1_11' title="bbox 399 898 1949 978">
    <p class='ocr_par' dir='ltr' id='par_1_11' title="bbox 399 898 1949 978">
     <span class='ocr_line' id='line_1_11' title="bbox 399 898 1949 978; baseline 0.008 -30"><span class='ocrx_word' id='word_1_58' title='bbox 399 898 724 968; x_wconf 81' lang='grc' dir='ltr'><strong>Ἀλκοράνον</strong></span> <span class='ocrx_word' id='word_1_59' title='bbox 774 901 925 970; x_wconf 85' lang='grc' dir='ltr'><strong>ὑμῶν</strong></span> <span class='ocrx_word' id='word_1_60' title='bbox 962 904 1324 973; x_wconf 81' lang='grc' dir='ltr'><strong>ὑπισχνεῖται.</strong></span> <span class='ocrx_word' id='word_1_61' title='bbox 1363 907 1503 959; x_wconf 80' lang='grc' dir='ltr'><strong>Ἀλλ’</strong></span> <span class='ocrx_word' id='word_1_62' title='bbox 1548 909 1581 978; x_wconf 85' lang='grc' dir='ltr'><strong>ή</strong></span> <span class='ocrx_word' id='word_1_63' title='bbox 1635 906 1949 976; x_wconf 78' lang='grc' dir='ltr'><strong>εὐδαιμονία</strong></span> 
     </span>
    </p>
   </div>
   <div class='ocr_carea' id='block_1_12' title="bbox 387 990 1947 1068">
    <p class='ocr_par' dir='ltr' id='par_1_12' title="bbox 387 990 1947 1068">
     <span class='ocr_line' id='line_1_12' title="bbox 387 990 1947 1068; baseline 0.006 -27"><span class='ocrx_word' id='word_1_64' title='bbox 387 990 542 1058; x_wconf 84' lang='grc' dir='ltr'><strong>ήμῶν</strong></span> <span class='ocrx_word' id='word_1_65' title='bbox 574 990 683 1044; x_wconf 88' lang='grc' dir='ltr'><strong>τῶν</strong></span> <span class='ocrx_word' id='word_1_66' title='bbox 739 992 1102 1062; x_wconf 79' lang='grc' dir='ltr'><strong>Χριστιανῶν,</strong></span> <span class='ocrx_word' id='word_1_67' title='bbox 1144 996 1209 1066; x_wconf 78' lang='grc' dir='ltr'><strong>ἣν</strong></span> <span class='ocrx_word' id='word_1_68' title='bbox 1245 997 1390 1066; x_wconf 81' lang='grc' dir='ltr'><strong>ζωὴν</strong></span> <span class='ocrx_word' id='word_1_69' title='bbox 1439 1001 1663 1052; x_wconf 78' lang='grc' dir='ltr'><strong>αἰωνίαν</strong></span> <span class='ocrx_word' id='word_1_70' title='bbox 1693 999 1947 1068; x_wconf 82' lang='grc' dir='ltr'><strong>λέγομεν,</strong></span> 
     </span>
    </p>
   </div>
   <div class='ocr_carea' id='block_1_13' title="bbox 388 1081 1949 1155">
    <p class='ocr_par' dir='ltr' id='par_1_13' title="bbox 388 1081 1949 1155">
     <span class='ocr_line' id='line_1_13' title="bbox 388 1081 1949 1155; baseline 0.006 -25"><span class='ocrx_word' id='word_1_71' title='bbox 388 1081 703 1134; x_wconf 81' lang='grc' dir='ltr'><strong>συνίσταται</strong></span> <span class='ocrx_word' id='word_1_72' title='bbox 737 1082 932 1145; x_wconf 78' lang='grc' dir='ltr'><strong>οὐσίως</strong></span> <span class='ocrx_word' id='word_1_73' title='bbox 964 1084 1064 1153; x_wconf 82' lang='grc' dir='ltr'><strong>μὲν</strong></span> <span class='ocrx_word' id='word_1_74' title='bbox 1109 1085 1204 1138; x_wconf 71' lang='grc' dir='ltr'><strong>καὶ</strong></span> <span class='ocrx_word' id='word_1_75' title='bbox 1249 1087 1624 1155; x_wconf 81' lang='grc' dir='ltr'><strong>ὑπαρκτικῶς,</strong></span> <span class='ocrx_word' id='word_1_76' title='bbox 1669 1089 1790 1142; x_wconf 84' lang='grc' dir='ltr'><strong>καθ’</strong></span> <span class='ocrx_word' id='word_1_77' title='bbox 1821 1091 1949 1141; x_wconf 83' lang='grc' dir='ltr'><strong>ἐαυ-</strong></span> 
     </span>
    </p>
   </div>
   <div class='ocr_carea' id='block_1_14' title="bbox 385 1171 1948 1251">
    <p class='ocr_par' dir='ltr' id='par_1_14' title="bbox 385 1171 1948 1251">
     <span class='ocr_line' id='line_1_14' title="bbox 385 1171 1948 1251; baseline 0.006 -29"><span class='ocrx_word' id='word_1_78' title='bbox 385 1171 502 1240; x_wconf 77' lang='grc' dir='ltr'><strong>τὴν,</strong></span> <span class='ocrx_word' id='word_1_79' title='bbox 537 1174 631 1225; x_wconf 71' lang='grc' dir='ltr'><strong>καὶ</strong></span> <span class='ocrx_word' id='word_1_80' title='bbox 663 1174 830 1242; x_wconf 82' lang='grc' dir='ltr'><strong>χωρίς</strong></span> <span class='ocrx_word' id='word_1_81' title='bbox 869 1192 1015 1237; x_wconf 86' lang='grc' dir='ltr'><strong>τινος</strong></span> <span class='ocrx_word' id='word_1_82' title='bbox 1052 1177 1272 1230; x_wconf 79' lang='grc' dir='ltr'><strong>κτιστοῦ</strong></span> <span class='ocrx_word' id='word_1_83' title='bbox 1304 1180 1513 1248; x_wconf 83' lang='grc' dir='ltr'><strong>’μέσου,</strong></span> <span class='ocrx_word' id='word_1_84' title='bbox 1547 1181 1606 1232; x_wconf 83' lang='grc' dir='ltr'><strong>ἐν</strong></span> <span class='ocrx_word' id='word_1_85' title='bbox 1635 1183 1700 1250; x_wconf 80' lang='grc' dir='ltr'><strong>τῇ</strong></span> <span class='ocrx_word' id='word_1_86' title='bbox 1750 1181 1948 1251; x_wconf 79' lang='grc' dir='ltr'><strong>θεωρίᾳ</strong></span> 
     </span>
    </p>
   </div>
   <div class='ocr_carea' id='block_1_15' title="bbox 359 1249 1947 1341">
    <p class='ocr_par' dir='ltr' id='par_1_15' title="bbox 359 1249 1947 1341">
     <span class='ocr_line' id='line_1_15' title="bbox 359 1249 1947 1341; baseline 0.006 -26"><span class='ocrx_word' id='word_1_87' title='bbox 359 1249 561 1330; x_wconf 61' lang='grc' dir='ltr'><strong>ἀὐτῆς</strong></span> <span class='ocrx_word' id='word_1_88' title='bbox 584 1264 679 1332; x_wconf 78' lang='grc' dir='ltr'><strong>τῆς</strong></span> <span class='ocrx_word' id='word_1_89' title='bbox 709 1264 859 1327; x_wconf 82' lang='grc' dir='ltr'><strong>Θείας</strong></span> <span class='ocrx_word' id='word_1_90' title='bbox 888 1267 1076 1330; x_wconf 76' lang='grc' dir='ltr'><strong>οὐσίας</strong></span> <span class='ocrx_word' id='word_1_91' title='bbox 1103 1271 1198 1321; x_wconf 71' lang='grc' dir='ltr'><strong>καὶ</strong></span> <span class='ocrx_word' id='word_1_92' title='bbox 1223 1269 1456 1336; x_wconf 71' lang='grc' dir='ltr'><strong>φύσεως.</strong></span> <span class='ocrx_word' id='word_1_93' title='bbox 1489 1271 1650 1324; x_wconf 81' lang='grc' dir='ltr'><strong>Ὅθεν</strong></span> <span class='ocrx_word' id='word_1_94' title='bbox 1742 1249 1947 1341; x_wconf 82' lang='grc' dir='ltr'><strong>Κύριος</strong></span> 
     </span>
    </p>
   </div>
   <div class='ocr_carea' id='block_1_16' title="bbox 385 1353 1944 1432">
    <p class='ocr_par' dir='ltr' id='par_1_16' title="bbox 385 1353 1944 1432">
     <span class='ocr_line' id='line_1_16' title="bbox 385 1353 1944 1432; baseline 0.006 -28"><span class='ocrx_word' id='word_1_95' title='bbox 385 1353 542 1423; x_wconf 74' lang='grc' dir='ltr'><strong>ἡμῶν</strong></span> <span class='ocrx_word' id='word_1_96' title='bbox 595 1357 652 1407; x_wconf 82' lang='grc' dir='ltr'><strong>ὲν</strong></span> <span class='ocrx_word' id='word_1_97' title='bbox 704 1356 782 1424; x_wconf 80' lang='grc' dir='ltr'><strong>τῷ</strong></span> <span class='ocrx_word' id='word_1_98' title='bbox 822 1357 1141 1430; x_wconf 80' lang='grc' dir='ltr'><strong>Εὑαγγελίῳ</strong></span> <span class='ocrx_word' id='word_1_99' title='bbox 1191 1361 1377 1430; x_wconf 64' lang='grc' dir='ltr'><strong>φησιν,</strong></span> <span class='ocrx_word' id='word_1_100' title='bbox 1437 1381 1454 1412; x_wconf 78' lang='grc' dir='ltr'><strong>ι</strong></span> <span class='ocrx_word' id='word_1_101' title='bbox 1519 1361 1668 1432; x_wconf 80' lang='grc' dir='ltr'><strong>Αὕτη</strong></span> <span class='ocrx_word' id='word_1_102' title='bbox 1720 1363 1866 1414; x_wconf 75' lang='grc' dir='ltr'><strong>ἐστὶν</strong></span> <span class='ocrx_word' id='word_1_103' title='bbox 1911 1364 1944 1431; x_wconf 83' lang='grc' dir='ltr'><strong>ή</strong></span> 
     </span>
    </p>
   </div>
   <div class='ocr_carea' id='block_1_17' title="bbox 385 1445 1947 1522">
    <p class='ocr_par' dir='ltr' id='par_1_17' title="bbox 385 1445 1947 1522">
     <span class='ocr_line' id='line_1_17' title="bbox 385 1445 1947 1522; baseline 0.006 -25"><span class='ocrx_word' id='word_1_104' title='bbox 385 1448 600 1508; x_wconf 76' lang='grc' dir='ltr'><strong>ατώνιος</strong></span> <span class='ocrx_word' id='word_1_105' title='bbox 632 1445 766 1516; x_wconf 82' lang='grc' dir='ltr'><strong>ζωή,</strong></span> <span class='ocrx_word' id='word_1_106' title='bbox 799 1448 884 1499; x_wconf 81' lang='grc' dir='ltr'><strong>ἴνα</strong></span> <span class='ocrx_word' id='word_1_107' title='bbox 916 1465 986 1516; x_wconf 63' lang='grc' dir='ltr'><strong>γι¹</strong></span> <span class='ocrx_word' id='word_1_108' title='bbox 1007 1450 1223 1503; x_wconf 82' lang='grc' dir='ltr'><strong>ὡσκωσι</strong></span> <span class='ocrx_word' id='word_1_109' title='bbox 1277 1452 1334 1504; x_wconf 83' lang='grc' dir='ltr'><strong>σὲ</strong></span> <span class='ocrx_word' id='word_1_110' title='bbox 1365 1455 1455 1506; x_wconf 65' lang='grc' dir='ltr'><strong>τὸν</strong></span> <span class='ocrx_word' id='word_1_111' title='bbox 1486 1454 1646 1520; x_wconf 87' lang='grc' dir='ltr'><strong>μόνον</strong></span> <span class='ocrx_word' id='word_1_112' title='bbox 1692 1454 1947 1522; x_wconf 74' lang='grc' dir='ltr'><strong>ἀληθινὸν</strong></span> 
     </span>
    </p>
   </div>
   <div class='ocr_carea' id='block_1_18' title="bbox 386 1537 1948 1614">
    <p class='ocr_par' dir='ltr' id='par_1_18' title="bbox 386 1537 1948 1614">
     <span class='ocr_line' id='line_1_18' title="bbox 386 1537 1948 1614; baseline 0.007 -26"><span class='ocrx_word' id='word_1_113' title='bbox 386 1537 539 1602; x_wconf 70' lang='grc' dir='ltr'><strong>Θεὶν,</strong></span> <span class='ocrx_word' id='word_1_114' title='bbox 577 1539 671 1591; x_wconf 77' lang='grc' dir='ltr'><strong>καὶ</strong></span> <span class='ocrx_word' id='word_1_115' title='bbox 709 1539 767 1590; x_wconf 84' lang='grc' dir='ltr'><strong>ὃν</strong></span> <span class='ocrx_word' id='word_1_116' title='bbox 820 1541 1143 1604; x_wconf 82' lang='grc' dir='ltr'><strong>ἀπέστειλας</strong></span> <span class='ocrx_word' id='word_1_117' title='bbox 1186 1543 1390 1611; x_wconf 77' lang='grc' dir='ltr'><strong>Ἰησοῦν</strong></span> <span class='ocrx_word' id='word_1_118' title='bbox 1443 1545 1700 1614; x_wconf 85' lang='grc' dir='ltr'><strong>Χριστόν.</strong></span> <span class='ocrx_word' id='word_1_119' title='bbox 1763 1564 1781 1596; x_wconf 75' lang='grc' dir='ltr'><strong>ι</strong></span> <span class='ocrx_word' id='word_1_120' title='bbox 1839 1547 1948 1599; x_wconf 75' lang='grc' dir='ltr'><strong>Καὶ</strong></span> 
     </span>
    </p>
   </div>
   <div class='ocr_carea' id='block_1_19' title="bbox 387 1629 1944 1706">
    <p class='ocr_par' dir='ltr' id='par_1_19' title="bbox 387 1629 1944 1706">
     <span class='ocr_line' id='line_1_19' title="bbox 387 1629 1944 1706; baseline 0.005 -26"><span class='ocrx_word' id='word_1_121' title='bbox 387 1630 520 1681; x_wconf 86' lang='grc' dir='ltr'><strong>διότι</strong></span> <span class='ocrx_word' id='word_1_122' title='bbox 546 1629 607 1681; x_wconf 78' lang='grc' dir='ltr'><strong>τὸ</strong></span> <span class='ocrx_word' id='word_1_123' title='bbox 645 1629 888 1683; x_wconf 82' lang='grc' dir='ltr'><strong>τοιοῦτον</strong></span> <span class='ocrx_word' id='word_1_124' title='bbox 922 1632 1196 1700; x_wconf 78' lang='grc' dir='ltr'><strong>δρώμενον</strong></span> <span class='ocrx_word' id='word_1_125' title='bbox 1231 1634 1383 1686; x_wconf 79' lang='grc' dir='ltr'><strong>ἔσται</strong></span> <span class='ocrx_word' id='word_1_126' title='bbox 1413 1635 1472 1687; x_wconf 81' lang='grc' dir='ltr'><strong>ἐν</strong></span> <span class='ocrx_word' id='word_1_127' title='bbox 1520 1636 1595 1704; x_wconf 79' lang='grc' dir='ltr'><strong>τῷ</strong></span> <span class='ocrx_word' id='word_1_128' title='bbox 1641 1635 1836 1706; x_wconf 80' lang='grc' dir='ltr'><strong>δρῶντι</strong></span> <span class='ocrx_word' id='word_1_129' title='bbox 1877 1636 1944 1688; x_wconf 85' lang='grc' dir='ltr'><strong>δι’</strong></span> 
     </span>
    </p>
   </div>
   <div class='ocr_carea' id='block_1_20' title="bbox 2055 453 3621 523">
    <p class='ocr_par' dir='ltr' id='par_1_20' title="bbox 2055 453 3621 523">
     <span class='ocr_line' id='line_1_20' title="bbox 2055 453 3621 523; baseline 0.001 -17"><span class='ocrx_word' id='word_1_130' title='bbox 2055 453 2283 506; x_wconf 66' lang='lat' dir='ltr'><strong>Stum&quot;.</strong></span> <span class='ocrx_word' id='word_1_131' title='bbox 2327 471 2344 503; x_wconf 75' lang='grc' dir='ltr'><strong>ι</strong></span> <span class='ocrx_word' id='word_1_132' title='bbox 2381 453 2446 505; x_wconf 82' lang='lat' dir='ltr'><strong>Et</strong></span> <span class='ocrx_word' id='word_1_133' title='bbox 2498 454 2622 520; x_wconf 85' lang='lat' dir='ltr'><strong>quia</strong></span> <span class='ocrx_word' id='word_1_134' title='bbox 2662 453 2767 506; x_wconf 82' lang='lat' dir='ltr'><strong>tale</strong></span> <span class='ocrx_word' id='word_1_135' title='bbox 2812 454 2986 506; x_wconf 83' lang='lat' dir='ltr'><strong>visum</strong></span> <span class='ocrx_word' id='word_1_136' title='bbox 3047 453 3155 506; x_wconf 90' lang='lat' dir='ltr'><strong>erit</strong></span> <span class='ocrx_word' id='word_1_137' title='bbox 3202 453 3495 507; x_wconf 79' lang='lat' dir='ltr'><strong>invidente</strong></span> <span class='ocrx_word' id='word_1_138' title='bbox 3528 473 3621 523; x_wconf 69' lang='lat' dir='ltr'><strong>per</strong></span> 
     </span>
    </p>
   </div>
   <div class='ocr_carea' id='block_1_21' title="bbox 2053 543 3618 614">
    <p class='ocr_par' dir='ltr' id='par_1_21' title="bbox 2053 543 3618 614">
     <span class='ocr_line' id='line_1_21' title="bbox 2053 543 3618 614; baseline 0.001 -20"><span class='ocrx_word' id='word_1_139' title='bbox 2053 556 2319 614; x_wconf 84' lang='lat' dir='ltr'><strong>amorem,</strong></span> <span class='ocrx_word' id='word_1_140' title='bbox 2345 543 2435 610; x_wconf 85' lang='lat' dir='ltr'><strong>qui</strong></span> <span class='ocrx_word' id='word_1_141' title='bbox 2465 543 2821 597; x_wconf 80' lang='lat' dir='ltr'><strong>transformat</strong></span> <span class='ocrx_word' id='word_1_142' title='bbox 2872 553 3144 598; x_wconf 77' lang='lat' dir='ltr'><strong>amantem</strong></span> <span class='ocrx_word' id='word_1_143' title='bbox 3179 546 3232 598; x_wconf 93' lang='lat' dir='ltr'><strong>in</strong></span> <span class='ocrx_word' id='word_1_144' title='bbox 3262 557 3522 604; x_wconf 85' lang='lat' dir='ltr'><strong>amatum.</strong></span> <span class='ocrx_word' id='word_1_145' title='bbox 3555 551 3618 597; x_wconf 75' lang='lat' dir='ltr'><strong>ait</strong></span> 
     </span>
    </p>
   </div>
   <div class='ocr_carea' id='block_1_22' title="bbox 2053 633 3624 705">
    <p class='ocr_par' dir='ltr' id='par_1_22' title="bbox 2053 633 3624 705">
     <span class='ocr_line' id='line_1_22' title="bbox 2053 633 3624 705; baseline 0.002 -20"><span class='ocrx_word' id='word_1_146' title='bbox 2053 633 2224 702; x_wconf 84' lang='lat' dir='ltr'><strong>ipsam</strong></span> <span class='ocrx_word' id='word_1_147' title='bbox 2255 633 2515 688; x_wconf 74' lang='lat' dir='ltr'><strong>visionem</strong></span> <span class='ocrx_word' id='word_1_148' title='bbox 2542 635 2801 703; x_wconf 75' lang='lat' dir='ltr'><strong>sequetur</strong></span> <span class='ocrx_word' id='word_1_149' title='bbox 2835 636 3239 690; x_wconf 81' lang='lat' dir='ltr'><strong>transformatio</strong></span> <span class='ocrx_word' id='word_1_150' title='bbox 3272 641 3518 705; x_wconf 69' lang='lat' dir='ltr'><strong>quantam</strong></span> <span class='ocrx_word' id='word_1_151' title='bbox 3569 646 3624 690; x_wconf 79' lang='lat' dir='ltr'><strong>et</strong></span> 
     </span>
    </p>
   </div>
   <div class='ocr_carea' id='block_1_23' title="bbox 2058 722 3620 792">
    <p class='ocr_par' dir='ltr' id='par_1_23' title="bbox 2058 722 3620 792">
     <span class='ocr_line' id='line_1_23' title="bbox 2058 722 3620 792; baseline 0.003 -17"><span class='ocrx_word' id='word_1_152' title='bbox 2058 722 2258 785; x_wconf 87' lang='lat' dir='ltr'><strong>tensio,</strong></span> <span class='ocrx_word' id='word_1_153' title='bbox 2289 738 2395 792; x_wconf 90' lang='lat' dir='ltr'><strong>qua</strong></span> <span class='ocrx_word' id='word_1_154' title='bbox 2427 739 2614 778; x_wconf 90' lang='lat' dir='ltr'><strong>amans</strong></span> <span class='ocrx_word' id='word_1_155' title='bbox 2639 726 2922 778; x_wconf 82' lang='lat' dir='ltr'><strong>deilonnis</strong></span> <span class='ocrx_word' id='word_1_156' title='bbox 2965 727 3251 790; x_wconf 71' lang='lat' dir='ltr'><strong>efﬁcietur,</strong></span> <span class='ocrx_word' id='word_1_157' title='bbox 3287 738 3344 782; x_wconf 90' lang='lat' dir='ltr'><strong>et</strong></span> <span class='ocrx_word' id='word_1_158' title='bbox 3409 728 3620 782; x_wconf 77' lang='lat' dir='ltr'><strong>tenrbit</strong></span> 
     </span>
    </p>
   </div>
   <div class='ocr_carea' id='block_1_24' title="bbox 2053 813 3622 884">
    <p class='ocr_par' dir='ltr' id='par_1_24' title="bbox 2053 813 3622 884">
     <span class='ocr_line' id='line_1_24' title="bbox 2053 813 3622 884; baseline 0.001 -18"><span class='ocrx_word' id='word_1_159' title='bbox 2053 822 2338 878; x_wconf 83' lang='lat' dir='ltr'><strong>amatum;</strong></span> <span class='ocrx_word' id='word_1_160' title='bbox 2396 813 2505 866; x_wconf 92' lang='lat' dir='ltr'><strong>imo</strong></span> <span class='ocrx_word' id='word_1_161' title='bbox 2533 822 2590 866; x_wconf 88' lang='lat' dir='ltr'><strong>et</strong></span> <span class='ocrx_word' id='word_1_162' title='bbox 2647 829 2813 865; x_wconf 89' lang='lat' dir='ltr'><strong>unum</strong></span> <span class='ocrx_word' id='word_1_163' title='bbox 2849 815 2955 866; x_wconf 83' lang='lat' dir='ltr'><strong>erit</strong></span> <span class='ocrx_word' id='word_1_164' title='bbox 2993 817 3044 868; x_wconf 91' lang='lat' dir='ltr'><strong>in</strong></span> <span class='ocrx_word' id='word_1_165' title='bbox 3106 816 3343 884; x_wconf 84' lang='lat' dir='ltr'><strong>reliquo,</strong></span> <span class='ocrx_word' id='word_1_166' title='bbox 3402 816 3622 870; x_wconf 82' lang='lat' dir='ltr'><strong>dicente</strong></span> 
     </span>
    </p>
   </div>
   <div class='ocr_carea' id='block_1_25' title="bbox 2051 902 3620 976">
    <p class='ocr_par' dir='ltr' id='par_1_25' title="bbox 2051 902 3620 976">
     <span class='ocr_line' id='line_1_25' title="bbox 2051 902 3620 976; baseline 0.004 -22"><span class='ocrx_word' id='word_1_167' title='bbox 2051 902 2321 957; x_wconf 88' lang='lat' dir='ltr'><strong>Domino:</strong></span> <span class='ocrx_word' id='word_1_168' title='bbox 2358 921 2376 954; x_wconf 80' lang='grc' dir='ltr'><strong>ι</strong></span> <span class='ocrx_word' id='word_1_169' title='bbox 2401 905 2503 970; x_wconf 86' lang='lat' dir='ltr'><strong>Qui</strong></span> <span class='ocrx_word' id='word_1_170' title='bbox 2536 915 2710 958; x_wconf 57' lang='lat' dir='ltr'><strong>manat</strong></span> <span class='ocrx_word' id='word_1_171' title='bbox 2748 907 2798 958; x_wconf 91' lang='lat' dir='ltr'><strong>in</strong></span> <span class='ocrx_word' id='word_1_172' title='bbox 2835 916 3014 964; x_wconf 61' lang='lat' dir='ltr'><strong>mmet</strong></span> <span class='ocrx_word' id='word_1_173' title='bbox 3042 922 3144 974; x_wconf 89' lang='lat' dir='ltr'><strong>ego</strong></span> <span class='ocrx_word' id='word_1_174' title='bbox 3173 908 3228 960; x_wconf 90' lang='lat' dir='ltr'><strong>in</strong></span> <span class='ocrx_word' id='word_1_175' title='bbox 3259 922 3324 961; x_wconf 90' lang='lat' dir='ltr'><strong>eo</strong></span> <span class='ocrx_word' id='word_1_176' title='bbox 3341 909 3410 969; x_wconf 75' lang='grc' dir='ltr'><strong>⁸ο,</strong></span> <span class='ocrx_word' id='word_1_177' title='bbox 3440 927 3458 960; x_wconf 74' lang='grc' dir='ltr'><strong>ι</strong></span> <span class='ocrx_word' id='word_1_178' title='bbox 3493 910 3620 976; x_wconf 78' lang='lat' dir='ltr'><strong>quia</strong></span> 
     </span>
    </p>
   </div>
   <div class='ocr_carea' id='block_1_26' title="bbox 2052 991 3620 1064">
    <p class='ocr_par' dir='ltr' id='par_1_26' title="bbox 2052 991 3620 1064">
     <span class='ocr_line' id='line_1_26' title="bbox 2052 991 3620 1064; baseline 0.006 -20"><span class='ocrx_word' id='word_1_179' title='bbox 2052 991 2194 1048; x_wconf 90' lang='lat' dir='ltr'><strong>Deus</strong></span> <span class='ocrx_word' id='word_1_180' title='bbox 2215 993 2451 1048; x_wconf 88' lang='lat' dir='ltr'><strong>charitas</strong></span> <span class='ocrx_word' id='word_1_181' title='bbox 2478 1004 2584 1059; x_wconf 87' lang='lat' dir='ltr'><strong>est,</strong></span> <span class='ocrx_word' id='word_1_182' title='bbox 2605 1008 2661 1051; x_wconf 83' lang='lat' dir='ltr'><strong>et</strong></span> <span class='ocrx_word' id='word_1_183' title='bbox 2690 998 2782 1064; x_wconf 89' lang='lat' dir='ltr'><strong>qui</strong></span> <span class='ocrx_word' id='word_1_184' title='bbox 2812 1009 2994 1052; x_wconf 88' lang='lat' dir='ltr'><strong>manet</strong></span> <span class='ocrx_word' id='word_1_185' title='bbox 3025 1000 3080 1063; x_wconf 82' lang='lat' dir='ltr'><strong>in</strong></span> <span class='ocrx_word' id='word_1_186' title='bbox 3105 999 3390 1063; x_wconf 88' lang='lat' dir='ltr'><strong>charitate,</strong></span> <span class='ocrx_word' id='word_1_187' title='bbox 3429 1001 3480 1053; x_wconf 92' lang='lat' dir='ltr'><strong>in</strong></span> <span class='ocrx_word' id='word_1_188' title='bbox 3512 1001 3620 1054; x_wconf 79' lang='lat' dir='ltr'><strong>Deo</strong></span> 
     </span>
    </p>
   </div>
   <div class='ocr_carea' id='block_1_27' title="bbox 2049 1085 3619 1157">
    <p class='ocr_par' dir='ltr' id='par_1_27' title="bbox 2049 1085 3619 1157">
     <span class='ocr_line' id='line_1_27' title="bbox 2049 1085 3619 1157; baseline 0.006 -19"><span class='ocrx_word' id='word_1_189' title='bbox 2049 1097 2251 1148; x_wconf 89' lang='lat' dir='ltr'><strong>manet,</strong></span> <span class='ocrx_word' id='word_1_190' title='bbox 2282 1096 2337 1140; x_wconf 91' lang='lat' dir='ltr'><strong>et</strong></span> <span class='ocrx_word' id='word_1_191' title='bbox 2376 1085 2518 1141; x_wconf 86' lang='lat' dir='ltr'><strong>Deus</strong></span> <span class='ocrx_word' id='word_1_192' title='bbox 2545 1087 2598 1141; x_wconf 91' lang='lat' dir='ltr'><strong>in</strong></span> <span class='ocrx_word' id='word_1_193' title='bbox 2633 1102 2736 1151; x_wconf 88' lang='lat' dir='ltr'><strong>eo;</strong></span> <span class='ocrx_word' id='word_1_194' title='bbox 2773 1098 2826 1142; x_wconf 89' lang='lat' dir='ltr'><strong>et</strong></span> <span class='ocrx_word' id='word_1_195' title='bbox 2859 1091 2983 1157; x_wconf 83' lang='lat' dir='ltr'><strong>quia</strong></span> <span class='ocrx_word' id='word_1_196' title='bbox 3015 1091 3081 1145; x_wconf 85' lang='lat' dir='ltr'><strong>ad</strong></span> <span class='ocrx_word' id='word_1_197' title='bbox 3129 1093 3385 1155; x_wconf 84' lang='lat' dir='ltr'><strong>unionem</strong></span> <span class='ocrx_word' id='word_1_198' title='bbox 3408 1109 3619 1148; x_wconf 88' lang='lat' dir='ltr'><strong>summe</strong></span> 
     </span>
    </p>
   </div>
   <div class='ocr_carea' id='block_1_28' title="bbox 2048 1176 3616 1248">
    <p class='ocr_par' dir='ltr' id='par_1_28' title="bbox 2048 1176 3616 1248">
     <span class='ocr_line' id='line_1_28' title="bbox 2048 1176 3616 1248; baseline 0.005 -19"><span class='ocrx_word' id='word_1_199' title='bbox 2048 1176 2447 1238; x_wconf 88' lang='lat' dir='ltr'><strong>convenientis.</strong></span> <span class='ocrx_word' id='word_1_200' title='bbox 2515 1180 2767 1248; x_wconf 86' lang='lat' dir='ltr'><strong>sequitur</strong></span> <span class='ocrx_word' id='word_1_201' title='bbox 2825 1181 3045 1236; x_wconf 81' lang='lat' dir='ltr'><strong>dilectio</strong></span> <span class='ocrx_word' id='word_1_202' title='bbox 3093 1197 3326 1247; x_wconf 88' lang='lat' dir='ltr'><strong>summa,</strong></span> <span class='ocrx_word' id='word_1_203' title='bbox 3357 1186 3421 1237; x_wconf 93' lang='lat' dir='ltr'><strong>ad</strong></span> <span class='ocrx_word' id='word_1_204' title='bbox 3473 1185 3616 1238; x_wconf 88' lang='lat' dir='ltr'><strong>illam</strong></span> 
     </span>
    </p>
   </div>
   <div class='ocr_carea' id='block_1_29' title="bbox 2049 1266 3621 1340">
    <p class='ocr_par' dir='ltr' id='par_1_29' title="bbox 2049 1266 3621 1340">
     <span class='ocr_line' id='line_1_29' title="bbox 2049 1266 3621 1340; baseline 0.006 -23"><span class='ocrx_word' id='word_1_205' title='bbox 2049 1266 2284 1320; x_wconf 88' lang='lat' dir='ltr'><strong>divinam</strong></span> <span class='ocrx_word' id='word_1_206' title='bbox 2310 1276 2362 1321; x_wconf 93' lang='lat' dir='ltr'><strong>et</strong></span> <span class='ocrx_word' id='word_1_207' title='bbox 2383 1277 2637 1322; x_wconf 70' lang='lat' dir='ltr'><strong>mternam</strong></span> <span class='ocrx_word' id='word_1_208' title='bbox 2667 1269 2928 1324; x_wconf 81' lang='lat' dir='ltr'><strong>visionem</strong></span> <span class='ocrx_word' id='word_1_209' title='bbox 2959 1283 3220 1340; x_wconf 85' lang='lat' dir='ltr'><strong>sequetur</strong></span> <span class='ocrx_word' id='word_1_210' title='bbox 3240 1273 3621 1328; x_wconf 81' lang='lat' dir='ltr'><strong>inenarrabilis</strong></span> 
     </span>
    </p>
   </div>
   <div class='ocr_carea' id='block_1_30' title="bbox 2055 1355 3621 1430">
    <p class='ocr_par' dir='ltr' id='par_1_30' title="bbox 2055 1355 3621 1430">
     <span class='ocr_line' id='line_1_30' title="bbox 2055 1355 3621 1430; baseline 0.004 -20"><span class='ocrx_word' id='word_1_211' title='bbox 2055 1355 2289 1410; x_wconf 89' lang='lat' dir='ltr'><strong>dulcedo</strong></span> <span class='ocrx_word' id='word_1_212' title='bbox 2312 1366 2367 1410; x_wconf 90' lang='lat' dir='ltr'><strong>et</strong></span> <span class='ocrx_word' id='word_1_213' title='bbox 2396 1356 2661 1421; x_wconf 82' lang='lat' dir='ltr'><strong>suavitas,</strong></span> <span class='ocrx_word' id='word_1_214' title='bbox 2693 1376 2852 1427; x_wconf 88' lang='lat' dir='ltr'><strong>quam</strong></span> <span class='ocrx_word' id='word_1_215' title='bbox 2883 1362 3104 1430; x_wconf 86' lang='lat' dir='ltr'><strong>proprio</strong></span> <span class='ocrx_word' id='word_1_216' title='bbox 3151 1363 3373 1418; x_wconf 88' lang='lat' dir='ltr'><strong>nomine</strong></span> <span class='ocrx_word' id='word_1_217' title='bbox 3405 1364 3621 1417; x_wconf 84' lang='lat' dir='ltr'><strong>l’rnitio-</strong></span> 
     </span>
    </p>
   </div>
   <div class='ocr_carea' id='block_1_31' title="bbox 2048 1446 3618 1522">
    <p class='ocr_par' dir='ltr' id='par_1_31' title="bbox 2048 1446 3618 1522">
     <span class='ocr_line' id='line_1_31' title="bbox 2048 1446 3618 1522; baseline 0.005 -23"><span class='ocrx_word' id='word_1_218' title='bbox 2048 1461 2171 1501; x_wconf 88' lang='lat' dir='ltr'><strong>nem</strong></span> <span class='ocrx_word' id='word_1_219' title='bbox 2199 1446 2432 1501; x_wconf 90' lang='lat' dir='ltr'><strong>dicimus</strong></span> <span class='ocrx_word' id='word_1_220' title='bbox 2459 1464 2476 1513; x_wconf 87' lang='lat'><strong>;</strong></span> <span class='ocrx_word' id='word_1_221' title='bbox 2513 1457 2571 1502; x_wconf 92' lang='lat' dir='ltr'><strong>et</strong></span> <span class='ocrx_word' id='word_1_222' title='bbox 2616 1450 2758 1514; x_wconf 87' lang='lat' dir='ltr'><strong>talis,</strong></span> <span class='ocrx_word' id='word_1_223' title='bbox 2793 1451 3006 1519; x_wconf 89' lang='lat' dir='ltr'><strong>qualem</strong></span> <span class='ocrx_word' id='word_1_224' title='bbox 3035 1467 3137 1506; x_wconf 92' lang='lat' dir='ltr'><strong>nec</strong></span> <span class='ocrx_word' id='word_1_225' title='bbox 3167 1468 3322 1507; x_wconf 88' lang='lat' dir='ltr'><strong>mens</strong></span> <span class='ocrx_word' id='word_1_226' title='bbox 3354 1454 3618 1522; x_wconf 79' lang='lat' dir='ltr'><strong>cogitare,</strong></span> 
     </span>
    </p>
   </div>
   <div class='ocr_carea' id='block_1_32' title="bbox 2048 1537 3624 1610">
    <p class='ocr_par' dir='ltr' id='par_1_32' title="bbox 2048 1537 3624 1610">
     <span class='ocr_line' id='line_1_32' title="bbox 2048 1537 3624 1610; baseline 0.004 -20"><span class='ocrx_word' id='word_1_227' title='bbox 2048 1551 2150 1590; x_wconf 89' lang='lat' dir='ltr'><strong>nec</strong></span> <span class='ocrx_word' id='word_1_228' title='bbox 2176 1537 2358 1606; x_wconf 88' lang='lat' dir='ltr'><strong>lingua</strong></span> <span class='ocrx_word' id='word_1_229' title='bbox 2389 1539 2534 1594; x_wconf 88' lang='lat' dir='ltr'><strong>valet</strong></span> <span class='ocrx_word' id='word_1_230' title='bbox 2581 1543 2895 1610; x_wconf 78' lang='lat' dir='ltr'><strong>exprimere</strong></span> <span class='ocrx_word' id='word_1_231' title='bbox 2950 1543 3286 1596; x_wconf 85' lang='lat' dir='ltr'><strong>mortalium.</strong></span> <span class='ocrx_word' id='word_1_232' title='bbox 3318 1543 3491 1610; x_wconf 83' lang='lat' dir='ltr'><strong>Quam</strong></span> <span class='ocrx_word' id='word_1_233' title='bbox 3532 1545 3624 1598; x_wconf 82' lang='lat' dir='ltr'><strong>ad-</strong></span> 
     </span>
    </p>
   </div>
   <div class='ocr_carea' id='block_1_33' title="bbox 2048 1628 3618 1702">
    <p class='ocr_par' dir='ltr' id='par_1_33' title="bbox 2048 1628 3618 1702">
     <span class='ocr_line' id='line_1_33' title="bbox 2048 1628 3618 1702; baseline 0.003 -20"><span class='ocrx_word' id='word_1_234' title='bbox 2048 1628 2253 1683; x_wconf 84' lang='lat' dir='ltr'><strong>mirans</strong></span> <span class='ocrx_word' id='word_1_235' title='bbox 2281 1628 2446 1683; x_wconf 82' lang='lat' dir='ltr'><strong>David</strong></span> <span class='ocrx_word' id='word_1_236' title='bbox 2469 1631 2730 1702; x_wconf 85' lang='lat' dir='ltr'><strong>propheta</strong></span> <span class='ocrx_word' id='word_1_237' title='bbox 2760 1631 2813 1685; x_wconf 91' lang='lat' dir='ltr'><strong>in</strong></span> <span class='ocrx_word' id='word_1_238' title='bbox 2846 1631 3052 1701; x_wconf 89' lang='lat' dir='ltr'><strong>Spiritu</strong></span> <span class='ocrx_word' id='word_1_239' title='bbox 3087 1634 3375 1695; x_wconf 75' lang='lat' dir='ltr'><strong>clamabat,</strong></span> <span class='ocrx_word' id='word_1_240' title='bbox 3406 1634 3618 1698; x_wconf 84' lang='lat' dir='ltr'><strong>dicens,</strong></span> 
     </span>
    </p>
   </div>
   <div class='ocr_carea' id='block_1_34' title="bbox 389 1697 1958 1798">
    <p class='ocr_par' dir='ltr' id='par_1_34' title="bbox 389 1697 1946 1798">
     <span class='ocr_line' id='line_1_34' title="bbox 389 1697 1946 1798; baseline 0.004 -24"><span class='ocrx_word' id='word_1_241' title='bbox 389 1723 634 1792; x_wconf 81' lang='grc' dir='ltr'><strong>ἀγάπης,</strong></span> <span class='ocrx_word' id='word_1_242' title='bbox 677 1723 798 1792; x_wconf 78' lang='grc' dir='ltr'><strong>ήτις</strong></span> <span class='ocrx_word' id='word_1_243' title='bbox 851 1697 1178 1792; x_wconf 78' lang='grc' dir='ltr'><strong>μεταϐάλλει</strong></span> <span class='ocrx_word' id='word_1_244' title='bbox 1227 1728 1320 1779; x_wconf 82' lang='grc' dir='ltr'><strong>τὸν</strong></span> <span class='ocrx_word' id='word_1_245' title='bbox 1358 1697 1688 1798; x_wconf 44' lang='grc' dir='ltr'><strong>ἐρῶντα-εἰς.</strong></span> <span class='ocrx_word' id='word_1_246' title='bbox 1715 1730 1774 1781; x_wconf 75' lang='grc' dir='ltr'><strong>τὸ</strong></span> <span class='ocrx_word' id='word_1_247' title='bbox 1812 1729 1946 1798; x_wconf 75' lang='grc' dir='ltr'><strong>ἐρώ-</strong></span> 
     </span>
    </p>
   </div>
   <div class='ocr_carea' id='block_1_35' title="bbox 2065 1697 3621 1798">
    <p class='ocr_par' dir='ltr' id='par_1_35' title="bbox 2065 1697 3621 1791">
     <span class='ocr_line' id='line_1_35' title="bbox 2065 1697 3621 1791; baseline 0.004 -20"><span class='ocrx_word' id='word_1_248' title='bbox 2065 1739 2075 1771; x_wconf 90' lang='grc' dir='ltr'><strong>ι</strong></span> <span class='ocrx_word' id='word_1_249' title='bbox 2114 1719 2158 1774; x_wconf 92' lang='grc' dir='ltr'><strong>Ο</strong></span> <span class='ocrx_word' id='word_1_250' title='bbox 2175 1736 2336 1789; x_wconf 88' lang='lat' dir='ltr'><strong>quam</strong></span> <span class='ocrx_word' id='word_1_251' title='bbox 2361 1697 2552 1791; x_wconf 68' lang='lat' dir='ltr'><strong>magna</strong></span> <span class='ocrx_word' id='word_1_252' title='bbox 2569 1697 3203 1776; x_wconf 54' lang='lat' dir='ltr'><strong>inullitudodulcedinis</strong></span> <span class='ocrx_word' id='word_1_253' title='bbox 3225 1732 3350 1783; x_wconf 68' lang='lat' dir='ltr'><strong>tum,</strong></span> <span class='ocrx_word' id='word_1_254' title='bbox 3375 1697 3621 1786; x_wconf 81' lang='lat' dir='ltr'><strong>Domine,</strong></span> 
     </span>
    </p>
   </div>
   <div class='ocr_carea' id='block_1_36' title="bbox 393 1811 1949 1888">
    <p class='ocr_par' dir='ltr' id='par_1_36' title="bbox 393 1811 1949 1888">
     <span class='ocr_line' id='line_1_36' title="bbox 393 1811 1949 1888; baseline 0.004 -24"><span class='ocrx_word' id='word_1_255' title='bbox 393 1832 573 1880; x_wconf 78' lang='grc' dir='ltr'><strong>μενον,</strong></span> <span class='ocrx_word' id='word_1_256' title='bbox 601 1815 738 1883; x_wconf 80' lang='grc' dir='ltr'><strong>αὐτῇ</strong></span> <span class='ocrx_word' id='word_1_257' title='bbox 773 1811 836 1885; x_wconf 82' lang='grc' dir='ltr'><strong>τῇ</strong></span> <span class='ocrx_word' id='word_1_258' title='bbox 881 1816 1082 1887; x_wconf 81' lang='grc' dir='ltr'><strong>θεωρίᾳ</strong></span> <span class='ocrx_word' id='word_1_259' title='bbox 1123 1818 1480 1887; x_wconf 75' lang='grc' dir='ltr'><strong>ἀκολουθήσει</strong></span> <span class='ocrx_word' id='word_1_260' title='bbox 1524 1820 1949 1888; x_wconf 78' lang='grc' dir='ltr'><strong>μεταμόρφωσίς</strong></span> 
     </span>
    </p>
   </div>
   <div class='ocr_carea' id='block_1_37' title="bbox 387 1903 1952 1980">
    <p class='ocr_par' dir='ltr' id='par_1_37' title="bbox 387 1903 1952 1980">
     <span class='ocr_line' id='line_1_37' title="bbox 387 1903 1952 1980; baseline 0.003 -23"><span class='ocrx_word' id='word_1_261' title='bbox 387 1923 469 1968; x_wconf 85' lang='grc' dir='ltr'><strong>τις</strong></span> <span class='ocrx_word' id='word_1_262' title='bbox 503 1907 597 1959; x_wconf 80' lang='grc' dir='ltr'><strong>καὶ</strong></span> <span class='ocrx_word' id='word_1_263' title='bbox 627 1906 869 1970; x_wconf 80' lang='grc' dir='ltr'><strong>ἔκτασις,</strong></span> <span class='ocrx_word' id='word_1_264' title='bbox 903 1903 1046 1980; x_wconf 79' lang='grc' dir='ltr'><strong>ᾗτινι</strong></span> <span class='ocrx_word' id='word_1_265' title='bbox 1077 1912 1101 1962; x_wconf 83' lang='grc' dir='ltr'>ὁ</span> <span class='ocrx_word' id='word_1_266' title='bbox 1131 1909 1359 1977; x_wconf 79' lang='grc' dir='ltr'><strong>ἀγαπῶν</strong></span> <span class='ocrx_word' id='word_1_267' title='bbox 1394 1910 1634 1979; x_wconf 83' lang='grc' dir='ltr'><strong>θεοειδὴς</strong></span> <span class='ocrx_word' id='word_1_268' title='bbox 1664 1911 1952 1962; x_wconf 79' lang='grc' dir='ltr'><strong>ἀποτελευ-</strong></span> 
     </span>
    </p>
   </div>
   <div class='ocr_carea' id='block_1_38' title="bbox 392 1997 1952 2072">
    <p class='ocr_par' dir='ltr' id='par_1_38' title="bbox 392 1997 1952 2072">
     <span class='ocr_line' id='line_1_38' title="bbox 392 1997 1952 2072; baseline 0.004 -22"><span class='ocrx_word' id='word_1_269' title='bbox 392 1999 638 2067; x_wconf 76' lang='grc' dir='ltr'><strong>θήσετςιι,</strong></span> <span class='ocrx_word' id='word_1_270' title='bbox 671 1997 764 2051; x_wconf 79' lang='grc' dir='ltr'><strong>καὶ</strong></span> <span class='ocrx_word' id='word_1_271' title='bbox 803 2002 1063 2069; x_wconf 76' lang='grc' dir='ltr'><strong>κρατήσει</strong></span> <span class='ocrx_word' id='word_1_272' title='bbox 1118 2001 1178 2053; x_wconf 81' lang='grc' dir='ltr'><strong>τὸ</strong></span> <span class='ocrx_word' id='word_1_273' title='bbox 1231 2002 1616 2072; x_wconf 83' lang='grc' dir='ltr'><strong>ἀγαπώμενον.</strong></span> <span class='ocrx_word' id='word_1_274' title='bbox 1663 2002 1826 2057; x_wconf 80' lang='grc' dir='ltr'><strong>Ἀλλά</strong></span> <span class='ocrx_word' id='word_1_275' title='bbox 1859 2005 1952 2056; x_wconf 68' lang='grc' dir='ltr'><strong>κα)⁸</strong></span> 
     </span>
    </p>
   </div>
   <div class='ocr_carea' id='block_1_39' title="bbox 350 2087 1951 2162">
    <p class='ocr_par' dir='ltr' id='par_1_39' title="bbox 350 2087 1951 2162">
     <span class='ocr_line' id='line_1_39' title="bbox 350 2087 1951 2162; baseline 0.003 -21"><span class='ocrx_word' id='word_1_276' title='bbox 350 2129 369 2141; x_wconf 58' lang='grc' dir='ltr'><strong>ς</strong></span> <span class='ocrx_word' id='word_1_277' title='bbox 391 2089 452 2138; x_wconf 59' lang='grc' dir='ltr'><strong>τὺ</strong></span> <span class='ocrx_word' id='word_1_278' title='bbox 479 2087 536 2139; x_wconf 82' lang='grc' dir='ltr'><strong>ἓν</strong></span> <span class='ocrx_word' id='word_1_279' title='bbox 569 2089 718 2140; x_wconf 76' lang='grc' dir='ltr'><strong>ἔσται</strong></span> <span class='ocrx_word' id='word_1_280' title='bbox 751 2090 809 2140; x_wconf 79' lang='grc' dir='ltr'><strong>ἐν</strong></span> <span class='ocrx_word' id='word_1_281' title='bbox 835 2090 912 2158; x_wconf 82' lang='grc' dir='ltr'><strong>τῷ</strong></span> <span class='ocrx_word' id='word_1_282' title='bbox 939 2090 1130 2159; x_wconf 79' lang='grc' dir='ltr'><strong>λοιπῷ,</strong></span> <span class='ocrx_word' id='word_1_283' title='bbox 1178 2091 1341 2144; x_wconf 83' lang='grc' dir='ltr'><strong>αὑτοῦ</strong></span> <span class='ocrx_word' id='word_1_284' title='bbox 1371 2093 1466 2144; x_wconf 78' lang='grc' dir='ltr'><strong>τοῦ</strong></span> <span class='ocrx_word' id='word_1_285' title='bbox 1512 2093 1715 2162; x_wconf 81' lang='grc' dir='ltr'><strong>Κυρίου</strong></span> <span class='ocrx_word' id='word_1_286' title='bbox 1763 2094 1951 2162; x_wconf 81' lang='grc' dir='ltr'><strong>λέγον-</strong></span> 
     </span>
    </p>
   </div>
   <div class='ocr_carea' id='block_1_40' title="bbox 389 2169 1955 2255">
    <p class='ocr_par' dir='ltr' id='par_1_40' title="bbox 389 2169 1955 2255">
     <span class='ocr_line' id='line_1_40' title="bbox 389 2169 1955 2255; baseline 0.003 -23"><span class='ocrx_word' id='word_1_287' title='bbox 389 2198 506 2244; x_wconf 82' lang='grc' dir='ltr'><strong>τος,</strong></span> <span class='ocrx_word' id='word_1_288' title='bbox 541 2200 558 2232; x_wconf 77' lang='grc' dir='ltr'><strong>ι</strong></span> <span class='ocrx_word' id='word_1_289' title='bbox 596 2182 656 2233; x_wconf 87' lang='lat'><strong>&#39;0</strong></span> <span class='ocrx_word' id='word_1_290' title='bbox 690 2181 863 2251; x_wconf 81' lang='grc' dir='ltr'><strong>μένων</strong></span> <span class='ocrx_word' id='word_1_291' title='bbox 898 2169 1125 2251; x_wconf 53' lang='grc' dir='ltr'><strong>ἐν’ὲμοῖ,</strong></span> <span class='ocrx_word' id='word_1_292' title='bbox 1160 2186 1251 2236; x_wconf 73' lang='grc' dir='ltr'><strong>καὶ</strong></span> <span class='ocrx_word' id='word_1_293' title='bbox 1283 2183 1393 2252; x_wconf 78' lang='grc' dir='ltr'><strong>ἐγὼ</strong></span> <span class='ocrx_word' id='word_1_294' title='bbox 1415 2189 1470 2238; x_wconf 77' lang='grc' dir='ltr'>ἐν</span> <span class='ocrx_word' id='word_1_295' title='bbox 1500 2185 1683 2255; x_wconf 78' lang='grc' dir='ltr'><strong>αὐτῷ’</strong></span> <span class='ocrx_word' id='word_1_296' title='bbox 1717 2205 1734 2237; x_wconf 77' lang='grc' dir='ltr'><strong>ι</strong></span> <span class='ocrx_word' id='word_1_297' title='bbox 1763 2186 1896 2240; x_wconf 88' lang='grc' dir='ltr'><strong>διότι</strong></span> <span class='ocrx_word' id='word_1_298' title='bbox 1927 2188 1955 2237; x_wconf 87' lang='grc' dir='ltr'><strong>ὁ</strong></span> 
     </span>
    </p>
   </div>
   <div class='ocr_carea' id='block_1_41' title="bbox 389 2274 1956 2351">
    <p class='ocr_par' dir='ltr' id='par_1_41' title="bbox 389 2274 1956 2351">
     <span class='ocr_line' id='line_1_41' title="bbox 389 2274 1956 2351; baseline 0.003 -24"><span class='ocrx_word' id='word_1_299' title='bbox 389 2274 524 2337; x_wconf 66' lang='grc' dir='ltr'>Θεὸς</span> <span class='ocrx_word' id='word_1_300' title='bbox 553 2276 740 2345; x_wconf 84' lang='grc' dir='ltr'><strong>ἀγάπη</strong></span> <span class='ocrx_word' id='word_1_301' title='bbox 771 2277 910 2341; x_wconf 74' lang='grc' dir='ltr'><strong>ἐστὶ,</strong></span> <span class='ocrx_word' id='word_1_302' title='bbox 941 2276 1036 2330; x_wconf 76' lang='grc' dir='ltr'><strong>καὶ</strong></span> <span class='ocrx_word' id='word_1_303' title='bbox 1067 2279 1093 2329; x_wconf 77' lang='grc' dir='ltr'><strong>ὁ</strong></span> <span class='ocrx_word' id='word_1_304' title='bbox 1126 2277 1301 2347; x_wconf 82' lang='grc' dir='ltr'><strong>μένων</strong></span> <span class='ocrx_word' id='word_1_305' title='bbox 1335 2279 1392 2330; x_wconf 82' lang='grc' dir='ltr'><strong>ἐν</strong></span> <span class='ocrx_word' id='word_1_306' title='bbox 1436 2281 1502 2349; x_wconf 79' lang='grc' dir='ltr'><strong>τῇ</strong></span> <span class='ocrx_word' id='word_1_307' title='bbox 1555 2278 1740 2351; x_wconf 81' lang='grc' dir='ltr'><strong>ἀγάπῃ</strong></span> <span class='ocrx_word' id='word_1_308' title='bbox 1787 2281 1844 2331; x_wconf 83' lang='grc' dir='ltr'><strong>ὲν</strong></span> <span class='ocrx_word' id='word_1_309' title='bbox 1878 2277 1956 2347; x_wconf 83' lang='grc' dir='ltr'><strong>τῷ</strong></span> 
     </span>
    </p>
   </div>
   <div class='ocr_carea' id='block_1_42' title="bbox 394 2364 1958 2439">
    <p class='ocr_par' dir='ltr' id='par_1_42' title="bbox 394 2364 1958 2439">
     <span class='ocr_line' id='line_1_42' title="bbox 394 2364 1958 2439; baseline 0.003 -24"><span class='ocrx_word' id='word_1_310' title='bbox 394 2364 514 2432; x_wconf 78' lang='grc' dir='ltr'><strong>8εῷ</strong></span> <span class='ocrx_word' id='word_1_311' title='bbox 555 2365 727 2433; x_wconf 82' lang='grc' dir='ltr'><strong>μένει,</strong></span> <span class='ocrx_word' id='word_1_312' title='bbox 755 2365 851 2418; x_wconf 77' lang='grc' dir='ltr'><strong>καὶ</strong></span> <span class='ocrx_word' id='word_1_313' title='bbox 880 2366 907 2417; x_wconf 82' lang='grc' dir='ltr'><strong>ό</strong></span> <span class='ocrx_word' id='word_1_314' title='bbox 949 2365 1079 2428; x_wconf 78' lang='grc' dir='ltr'><strong>Θεὸς</strong></span> <span class='ocrx_word' id='word_1_315' title='bbox 1125 2367 1180 2418; x_wconf 81' lang='grc' dir='ltr'><strong>ὲν</strong></span> <span class='ocrx_word' id='word_1_316' title='bbox 1208 2366 1356 2437; x_wconf 81' lang='grc' dir='ltr'><strong>αὐτῷ</strong></span> <span class='ocrx_word' id='word_1_317' title='bbox 1398 2367 1491 2421; x_wconf 74' lang='grc' dir='ltr'><strong>καὶ</strong></span> <span class='ocrx_word' id='word_1_318' title='bbox 1523 2368 1656 2422; x_wconf 76' lang='grc' dir='ltr'><strong>διότι</strong></span> <span class='ocrx_word' id='word_1_319' title='bbox 1687 2369 1822 2439; x_wconf 77' lang='grc' dir='ltr'><strong>πρὸς</strong></span> <span class='ocrx_word' id='word_1_320' title='bbox 1858 2370 1958 2438; x_wconf 71' lang='grc' dir='ltr'><strong>τὴν</strong></span> 
     </span>
    </p>
   </div>
   <div class='ocr_carea' id='block_1_43' title="bbox 390 2455 1957 2530">
    <p class='ocr_par' dir='ltr' id='par_1_43' title="bbox 390 2455 1957 2530">
     <span class='ocr_line' id='line_1_43' title="bbox 390 2455 1957 2530; baseline 0.004 -24"><span class='ocrx_word' id='word_1_321' title='bbox 390 2455 586 2508; x_wconf 70' lang='grc' dir='ltr'><strong>ἕνωσιν</strong></span> <span class='ocrx_word' id='word_1_322' title='bbox 615 2457 708 2508; x_wconf 82' lang='grc' dir='ltr'><strong>τοῦ</strong></span> <span class='ocrx_word' id='word_1_323' title='bbox 740 2456 930 2526; x_wconf 85' lang='grc' dir='ltr'><strong>ἄκρως</strong></span> <span class='ocrx_word' id='word_1_324' title='bbox 959 2460 1354 2530; x_wconf 76' lang='grc' dir='ltr'>συνερχομένου</span> <span class='ocrx_word' id='word_1_325' title='bbox 1387 2459 1579 2512; x_wconf 74' lang='grc' dir='ltr'><strong>ἕπεται</strong></span> <span class='ocrx_word' id='word_1_326' title='bbox 1609 2459 1770 2529; x_wconf 73' lang='grc' dir='ltr'><strong>ἡδονὴ</strong></span> <span class='ocrx_word' id='word_1_327' title='bbox 1792 2460 1957 2530; x_wconf 80' lang='grc' dir='ltr'><strong>ἄκρα,</strong></span> 
     </span>
    </p>
   </div>
   <div class='ocr_carea' id='block_1_44' title="bbox 393 2547 1957 2620">
    <p class='ocr_par' dir='ltr' id='par_1_44' title="bbox 393 2547 1957 2620">
     <span class='ocr_line' id='line_1_44' title="bbox 393 2547 1957 2620; baseline 0.003 -22"><span class='ocrx_word' id='word_1_328' title='bbox 393 2547 530 2615; x_wconf 72' lang='grc' dir='ltr'><strong>αὐτῇ</strong></span> <span class='ocrx_word' id='word_1_329' title='bbox 563 2550 628 2616; x_wconf 76' lang='grc' dir='ltr'><strong>τῇ</strong></span> <span class='ocrx_word' id='word_1_330' title='bbox 667 2547 784 2616; x_wconf 73' lang='grc' dir='ltr'><strong>θεία</strong></span> <span class='ocrx_word' id='word_1_331' title='bbox 807 2548 901 2600; x_wconf 73' lang='grc' dir='ltr'><strong>καὶ</strong></span> <span class='ocrx_word' id='word_1_332' title='bbox 922 2548 1074 2618; x_wconf 76' lang='grc' dir='ltr'><strong>ἀϊδίῳ</strong></span> <span class='ocrx_word' id='word_1_333' title='bbox 1098 2549 1297 2618; x_wconf 68' lang='grc' dir='ltr'><strong>θεωρίᾳ</strong></span> <span class='ocrx_word' id='word_1_334' title='bbox 1325 2549 1682 2620; x_wconf 81' lang='grc' dir='ltr'>ἀκολουθήσει</span> <span class='ocrx_word' id='word_1_335' title='bbox 1710 2551 1957 2620; x_wconf 72' lang='grc' dir='ltr'><strong>ἀνεκδῖή-</strong></span> 
     </span>
    </p>
   </div>
   <div class='ocr_carea' id='block_1_45' title="bbox 395 2640 1961 2711">
    <p class='ocr_par' dir='ltr' id='par_1_45' title="bbox 395 2640 1961 2711">
     <span class='ocr_line' id='line_1_45' title="bbox 395 2640 1961 2711; baseline 0.001 -19"><span class='ocrx_word' id='word_1_336' title='bbox 395 2658 558 2709; x_wconf 80' lang='grc' dir='ltr'>γητος</span> <span class='ocrx_word' id='word_1_337' title='bbox 577 2640 846 2709; x_wconf 76' lang='grc' dir='ltr'>γλυκύτης</span> <span class='ocrx_word' id='word_1_338' title='bbox 867 2641 962 2694; x_wconf 78' lang='grc' dir='ltr'><strong>καὶ</strong></span> <span class='ocrx_word' id='word_1_339' title='bbox 985 2640 1168 2711; x_wconf 77' lang='grc' dir='ltr'><strong>ἡδονὴ,</strong></span> <span class='ocrx_word' id='word_1_340' title='bbox 1188 2641 1252 2707; x_wconf 75' lang='grc' dir='ltr'><strong>ἦν</strong></span> <span class='ocrx_word' id='word_1_341' title='bbox 1282 2640 1394 2711; x_wconf 75' lang='grc' dir='ltr'><strong>[δίῳ</strong></span> <span class='ocrx_word' id='word_1_342' title='bbox 1419 2641 1643 2709; x_wconf 83' lang='grc' dir='ltr'><strong>ὀνόματι</strong></span> <span class='ocrx_word' id='word_1_343' title='bbox 1666 2641 1961 2694; x_wconf 76' lang='grc' dir='ltr'><strong>ἀπόλαυσιν</strong></span> 
     </span>
    </p>
   </div>
   <div class='ocr_carea' id='block_1_46' title="bbox 395 2731 1963 2802">
    <p class='ocr_par' dir='ltr' id='par_1_46' title="bbox 395 2731 1963 2802">
     <span class='ocr_line' id='line_1_46' title="bbox 395 2731 1963 2802; baseline 0.001 -20"><span class='ocrx_word' id='word_1_344' title='bbox 395 2732 647 2799; x_wconf 75' lang='grc' dir='ltr'><strong>λέγομεν,</strong></span> <span class='ocrx_word' id='word_1_345' title='bbox 680 2734 773 2784; x_wconf 74' lang='grc' dir='ltr'><strong>καὶ</strong></span> <span class='ocrx_word' id='word_1_346' title='bbox 807 2731 1052 2800; x_wconf 72' lang='grc' dir='ltr'><strong>τοιαύτη,</strong></span> <span class='ocrx_word' id='word_1_347' title='bbox 1075 2732 1266 2785; x_wconf 82' lang='grc' dir='ltr'><strong>ὁποίαν</strong></span> <span class='ocrx_word' id='word_1_348' title='bbox 1294 2731 1416 2784; x_wconf 82' lang='grc' dir='ltr'><strong>οὔτε</strong></span> <span class='ocrx_word' id='word_1_349' title='bbox 1450 2732 1573 2792; x_wconf 77' lang='grc' dir='ltr'><strong>νοῦς</strong></span> <span class='ocrx_word' id='word_1_350' title='bbox 1600 2733 1811 2802; x_wconf 83' lang='grc' dir='ltr'><strong>νοῆσαι,</strong></span> <span class='ocrx_word' id='word_1_351' title='bbox 1840 2731 1963 2785; x_wconf 79' lang='grc' dir='ltr'><strong>οὔτε</strong></span> 
     </span>
    </p>
   </div>
   <div class='ocr_carea' id='block_1_47' title="bbox 394 2820 1967 2892">
    <p class='ocr_par' dir='ltr' id='par_1_47' title="bbox 394 2820 1967 2892">
     <span class='ocr_line' id='line_1_47' title="bbox 394 2820 1967 2892; baseline 0 -18"><span class='ocrx_word' id='word_1_352' title='bbox 394 2824 608 2890; x_wconf 84' lang='grc' dir='ltr'><strong>γλῶττα</strong></span> <span class='ocrx_word' id='word_1_353' title='bbox 635 2823 870 2892; x_wconf 85' lang='grc' dir='ltr'><strong>δηλῶσαι</strong></span> <span class='ocrx_word' id='word_1_354' title='bbox 898 2821 1110 2891; x_wconf 81' lang='grc' dir='ltr'><strong>θνητῶν</strong></span> <span class='ocrx_word' id='word_1_355' title='bbox 1124 2820 1545 2883; x_wconf 84' lang='grc' dir='ltr'><strong>δυνήσεται.⁶Ην</strong></span> <span class='ocrx_word' id='word_1_356' title='bbox 1562 2823 1852 2891; x_wconf 73' lang='grc' dir='ltr'><strong>θαυμάζων</strong></span> <span class='ocrx_word' id='word_1_357' title='bbox 1867 2825 1967 2875; x_wconf 78' lang='grc' dir='ltr'><strong>Δα-</strong></span> 
     </span>
    </p>
   </div>
   <div class='ocr_carea' id='block_1_48' title="bbox 395 2914 1965 2985">
    <p class='ocr_par' dir='ltr' id='par_1_48' title="bbox 395 2914 1965 2985">
     <span class='ocr_line' id='line_1_48' title="bbox 395 2914 1965 2985; baseline 0.001 -18"><span class='ocrx_word' id='word_1_358' title='bbox 395 2917 481 2970; x_wconf 75' lang='grc' dir='ltr'><strong>ιὶδ</strong></span> <span class='ocrx_word' id='word_1_359' title='bbox 513 2919 540 2968; x_wconf 87' lang='grc' dir='ltr'>ὁ</span> <span class='ocrx_word' id='word_1_360' title='bbox 571 2916 853 2985; x_wconf 73' lang='grc' dir='ltr'><strong>προφήτης</strong></span> <span class='ocrx_word' id='word_1_361' title='bbox 878 2919 933 2967; x_wconf 80' lang='grc' dir='ltr'><strong>ἐν</strong></span> <span class='ocrx_word' id='word_1_362' title='bbox 961 2914 1233 2982; x_wconf 83' lang='grc' dir='ltr'><strong>[Ινεύματι</strong></span> <span class='ocrx_word' id='word_1_363' title='bbox 1264 2914 1393 2968; x_wconf 80' lang='grc' dir='ltr'><strong>ἐϐόα</strong></span> <span class='ocrx_word' id='word_1_364' title='bbox 1424 2914 1620 2983; x_wconf 80' lang='grc' dir='ltr'><strong>λέγων,</strong></span> <span class='ocrx_word' id='word_1_365' title='bbox 1652 2933 1672 2966; x_wconf 86' lang='grc'><em>‹</em></span> <span class='ocrx_word' id='word_1_366' title='bbox 1719 2915 1807 2978; x_wconf 77' lang='grc' dir='ltr'><strong>Ὡς</strong></span> <span class='ocrx_word' id='word_1_367' title='bbox 1833 2917 1965 2970; x_wconf 81' lang='grc' dir='ltr'><strong>πολὺ</strong></span> 
     </span>
    </p>
   </div>
   <div class='ocr_carea' id='block_1_49' title="bbox 2053 1812 3620 1884">
    <p class='ocr_par' dir='ltr' id='par_1_49' title="bbox 2053 1812 3620 1884">
     <span class='ocr_line' id='line_1_49' title="bbox 2053 1812 3620 1884; baseline 0.003 -20"><span class='ocrx_word' id='word_1_368' title='bbox 2053 1828 2215 1882; x_wconf 87' lang='lat' dir='ltr'><strong>quam</strong></span> <span class='ocrx_word' id='word_1_369' title='bbox 2237 1812 2568 1867; x_wconf 83' lang='lat' dir='ltr'><strong>abscondisti</strong></span> <span class='ocrx_word' id='word_1_370' title='bbox 2596 1813 2914 1868; x_wconf 85' lang='lat' dir='ltr'><strong>timentibus</strong></span> <span class='ocrx_word' id='word_1_371' title='bbox 2966 1824 3016 1868; x_wconf 88' lang='lat' dir='ltr'><strong>te</strong></span> <span class='ocrx_word' id='word_1_372' title='bbox 3051 1815 3093 1846; x_wconf 81' lang='grc'><strong>⁸¹</strong></span> <span class='ocrx_word' id='word_1_373' title='bbox 3123 1817 3136 1868; x_wconf 91' lang='lat' dir='ltr'><strong>l</strong></span> <span class='ocrx_word' id='word_1_374' title='bbox 3187 1834 3204 1866; x_wconf 73' lang='grc' dir='ltr'><strong>ι</strong></span> <span class='ocrx_word' id='word_1_375' title='bbox 3241 1815 3450 1868; x_wconf 59' lang='lat' dir='ltr'><strong>Praeter</strong></span> <span class='ocrx_word' id='word_1_376' title='bbox 3483 1831 3620 1884; x_wconf 82' lang='lat' dir='ltr'><strong>prae-</strong></span> 
     </span>
    </p>
   </div>
   <div class='ocr_carea' id='block_1_50' title="bbox 2057 1905 3623 1976">
    <p class='ocr_par' dir='ltr' id='par_1_50' title="bbox 2057 1905 3623 1976">
     <span class='ocr_line' id='line_1_50' title="bbox 2057 1905 3623 1976; baseline 0.001 -18"><span class='ocrx_word' id='word_1_377' title='bbox 2057 1905 2256 1960; x_wconf 88' lang='lat' dir='ltr'><strong>dictam</strong></span> <span class='ocrx_word' id='word_1_378' title='bbox 2303 1906 2502 1960; x_wconf 69' lang='lat' dir='ltr'><strong>divina:</strong></span> <span class='ocrx_word' id='word_1_379' title='bbox 2531 1906 2759 1961; x_wconf 86' lang='lat' dir='ltr'><strong>visionis</strong></span> <span class='ocrx_word' id='word_1_380' title='bbox 2812 1906 3230 1972; x_wconf 80' lang='lat' dir='ltr'><strong>beatitudinem,</strong></span> <span class='ocrx_word' id='word_1_381' title='bbox 3281 1923 3386 1976; x_wconf 80' lang='lat' dir='ltr'><strong>qua</strong></span> <span class='ocrx_word' id='word_1_382' title='bbox 3440 1910 3623 1962; x_wconf 85' lang='lat' dir='ltr'><strong>anima</strong></span> 
     </span>
    </p>
   </div>
   <div class='ocr_carea' id='block_1_51' title="bbox 2057 1997 3623 2068">
    <p class='ocr_par' dir='ltr' id='par_1_51' title="bbox 2057 1997 3623 2068">
     <span class='ocr_line' id='line_1_51' title="bbox 2057 1997 3623 2068; baseline 0.001 -18"><span class='ocrx_word' id='word_1_383' title='bbox 2057 2005 2243 2050; x_wconf 88' lang='lat' dir='ltr'><strong>nostra</strong></span> <span class='ocrx_word' id='word_1_384' title='bbox 2292 2012 2354 2050; x_wconf 81' lang='lat' dir='ltr'><strong>ex</strong></span> <span class='ocrx_word' id='word_1_385' title='bbox 2395 1997 2605 2068; x_wconf 83' lang='lat' dir='ltr'><strong>integro</strong></span> <span class='ocrx_word' id='word_1_386' title='bbox 2642 1997 3016 2063; x_wconf 83' lang='lat' dir='ltr'><strong>lelicitabitur,</strong></span> <span class='ocrx_word' id='word_1_387' title='bbox 3075 1998 3402 2052; x_wconf 85' lang='lat' dir='ltr'><strong>habebimus</strong></span> <span class='ocrx_word' id='word_1_388' title='bbox 3461 2010 3516 2053; x_wconf 90' lang='lat' dir='ltr'><strong>et</strong></span> <span class='ocrx_word' id='word_1_389' title='bbox 3569 2001 3623 2052; x_wconf 92' lang='lat' dir='ltr'><strong>in</strong></span> 
     </span>
    </p>
   </div>
   <div class='ocr_carea' id='block_1_52' title="bbox 2057 2088 3625 2158">
    <p class='ocr_par' dir='ltr' id='par_1_52' title="bbox 2057 2088 3625 2158">
     <span class='ocr_line' id='line_1_52' title="bbox 2057 2088 3625 2158; baseline -0.002 -14"><span class='ocrx_word' id='word_1_390' title='bbox 2057 2104 2287 2158; x_wconf 88' lang='lat' dir='ltr'><strong>corpore</strong></span> <span class='ocrx_word' id='word_1_391' title='bbox 2339 2088 2656 2144; x_wconf 77' lang='lat' dir='ltr'><strong>felicitatem</strong></span> <span class='ocrx_word' id='word_1_392' title='bbox 2716 2105 2817 2144; x_wconf 91' lang='lat' dir='ltr'><strong>suo</strong></span> <span class='ocrx_word' id='word_1_393' title='bbox 2883 2090 3064 2145; x_wconf 87' lang='lat' dir='ltr'><strong>modo.</strong></span> <span class='ocrx_word' id='word_1_394' title='bbox 3120 2091 3334 2145; x_wconf 86' lang='lat' dir='ltr'><strong>Etenim</strong></span> <span class='ocrx_word' id='word_1_395' title='bbox 3395 2105 3625 2158; x_wconf 87' lang='lat' dir='ltr'><strong>corpora</strong></span> 
     </span>
    </p>
   </div>
   <div class='ocr_carea' id='block_1_53' title="bbox 2055 2179 3627 2250">
    <p class='ocr_par' dir='ltr' id='par_1_53' title="bbox 2055 2179 3627 2250">
     <span class='ocr_line' id='line_1_53' title="bbox 2055 2179 3627 2250; baseline -0.001 -15"><span class='ocrx_word' id='word_1_396' title='bbox 2055 2179 2340 2235; x_wconf 78' lang='lat' dir='ltr'><strong>beatorum</strong></span> <span class='ocrx_word' id='word_1_397' title='bbox 2397 2191 2562 2236; x_wconf 90' lang='lat' dir='ltr'><strong>erunt</strong></span> <span class='ocrx_word' id='word_1_398' title='bbox 2612 2181 2961 2242; x_wconf 88' lang='lat' dir='ltr'><strong>immortalia,</strong></span> <span class='ocrx_word' id='word_1_399' title='bbox 3049 2181 3509 2250; x_wconf 87' lang='lat' dir='ltr'><strong>incorruptibilia,</strong></span> <span class='ocrx_word' id='word_1_400' title='bbox 3569 2192 3627 2234; x_wconf 91' lang='lat' dir='ltr'><strong>ut</strong></span> 
     </span>
    </p>
   </div>
   <div class='ocr_carea' id='block_1_54' title="bbox 2057 2269 3625 2341">
    <p class='ocr_par' dir='ltr' id='par_1_54' title="bbox 2057 2269 3625 2341">
     <span class='ocr_line' id='line_1_54' title="bbox 2057 2269 3625 2341; baseline -0.002 -15"><span class='ocrx_word' id='word_1_401' title='bbox 2057 2271 2280 2326; x_wconf 87' lang='lat' dir='ltr'><strong>omnino</strong></span> <span class='ocrx_word' id='word_1_402' title='bbox 2333 2269 2708 2337; x_wconf 86' lang='lat' dir='ltr'><strong>impassibilla,</strong></span> <span class='ocrx_word' id='word_1_403' title='bbox 2769 2271 2989 2325; x_wconf 87' lang='lat' dir='ltr'><strong>subtilia</strong></span> <span class='ocrx_word' id='word_1_404' title='bbox 3067 2271 3303 2340; x_wconf 89' lang='lat' dir='ltr'><strong>denique</strong></span> <span class='ocrx_word' id='word_1_405' title='bbox 3357 2283 3412 2326; x_wconf 90' lang='lat' dir='ltr'><strong>et</strong></span> <span class='ocrx_word' id='word_1_406' title='bbox 3449 2271 3625 2341; x_wconf 78' lang='lat' dir='ltr'><strong>agibi-</strong></span> 
     </span>
    </p>
   </div>
   <div class='ocr_carea' id='block_1_55' title="bbox 2062 2363 3629 2432">
    <p class='ocr_par' dir='ltr' id='par_1_55' title="bbox 2062 2363 3629 2432">
     <span class='ocr_line' id='line_1_55' title="bbox 2062 2363 3629 2432; baseline 0 -18"><span class='ocrx_word' id='word_1_407' title='bbox 2062 2363 2150 2422; x_wconf 88' lang='lat' dir='ltr'><strong>lia.</strong></span> <span class='ocrx_word' id='word_1_408' title='bbox 2215 2373 2268 2417; x_wconf 88' lang='lat' dir='ltr'><strong>et</strong></span> <span class='ocrx_word' id='word_1_409' title='bbox 2319 2363 2440 2431; x_wconf 86' lang='lat' dir='ltr'><strong>plus</strong></span> <span class='ocrx_word' id='word_1_410' title='bbox 2470 2378 2630 2431; x_wconf 88' lang='lat' dir='ltr'><strong>quam</strong></span> <span class='ocrx_word' id='word_1_411' title='bbox 2681 2363 2759 2417; x_wconf 91' lang='lat' dir='ltr'><strong>sol</strong></span> <span class='ocrx_word' id='word_1_412' title='bbox 2839 2363 2999 2416; x_wconf 88' lang='lat' dir='ltr'><strong>modo</strong></span> <span class='ocrx_word' id='word_1_413' title='bbox 3056 2366 3146 2428; x_wconf 81' lang='lat' dir='ltr'><strong>sit,</strong></span> <span class='ocrx_word' id='word_1_414' title='bbox 3204 2363 3506 2432; x_wconf 86' lang='lat' dir='ltr'><strong>splendida,</strong></span> <span class='ocrx_word' id='word_1_415' title='bbox 3573 2371 3629 2414; x_wconf 76' lang='lat' dir='ltr'><strong>et</strong></span> 
     </span>
    </p>
   </div>
   <div class='ocr_carea' id='block_1_56' title="bbox 2061 2450 3624 2522">
    <p class='ocr_par' dir='ltr' id='par_1_56' title="bbox 2061 2450 3624 2522">
     <span class='ocr_line' id='line_1_56' title="bbox 2061 2450 3624 2522; baseline -0.001 -18"><span class='ocrx_word' id='word_1_416' title='bbox 2061 2450 2407 2520; x_wconf 61' lang='lat' dir='ltr'><strong>refulgentia.</strong></span> <span class='ocrx_word' id='word_1_417' title='bbox 2459 2451 2577 2506; x_wconf 82' lang='lat' dir='ltr'><strong>Non</strong></span> <span class='ocrx_word' id='word_1_418' title='bbox 2625 2452 2936 2517; x_wconf 86' lang='lat' dir='ltr'><strong>comedent,</strong></span> <span class='ocrx_word' id='word_1_419' title='bbox 2971 2469 3148 2522; x_wconf 89' lang='lat' dir='ltr'><strong>neque</strong></span> <span class='ocrx_word' id='word_1_420' title='bbox 3179 2453 3369 2506; x_wconf 87' lang='lat' dir='ltr'><strong>bibent</strong></span> <span class='ocrx_word' id='word_1_421' title='bbox 3401 2454 3475 2506; x_wconf 78' lang='lat' dir='ltr'><strong>ibi</strong></span> <span class='ocrx_word' id='word_1_422' title='bbox 3505 2468 3624 2506; x_wconf 84' lang='lat' dir='ltr'><strong>eor-</strong></span> 
     </span>
    </p>
   </div>
   <div class='ocr_carea' id='block_1_57' title="bbox 2063 2539 3626 2612">
    <p class='ocr_par' dir='ltr' id='par_1_57' title="bbox 2063 2539 3626 2612">
     <span class='ocr_line' id='line_1_57' title="bbox 2063 2539 3626 2612; baseline 0.003 -18"><span class='ocrx_word' id='word_1_423' title='bbox 2063 2543 2347 2611; x_wconf 68' lang='lat' dir='ltr'><strong>poraDter,</strong></span> <span class='ocrx_word' id='word_1_424' title='bbox 2371 2542 2570 2598; x_wconf 74' lang='lat' dir='ltr'><strong>divina:</strong></span> <span class='ocrx_word' id='word_1_425' title='bbox 2588 2541 2818 2598; x_wconf 87' lang='lat' dir='ltr'><strong>visionis</strong></span> <span class='ocrx_word' id='word_1_426' title='bbox 2840 2545 3105 2599; x_wconf 78' lang='lat' dir='ltr'><strong>inell‘abili</strong></span> <span class='ocrx_word' id='word_1_427' title='bbox 3129 2547 3380 2598; x_wconf 83' lang='lat' dir='ltr'><strong>satietate</strong></span> <span class='ocrx_word' id='word_1_428' title='bbox 3409 2539 3626 2612; x_wconf 75' lang='lat' dir='ltr'><strong>repleti.</strong></span> 
     </span>
    </p>
   </div>
   <div class='ocr_carea' id='block_1_58' title="bbox 2065 2632 3632 2704">
    <p class='ocr_par' dir='ltr' id='par_1_58' title="bbox 2065 2632 3632 2704">
     <span class='ocr_line' id='line_1_58' title="bbox 2065 2632 3632 2704; baseline 0.001 -18"><span class='ocrx_word' id='word_1_429' title='bbox 2065 2632 2330 2687; x_wconf 86' lang='lat' dir='ltr'><strong>Similiter</strong></span> <span class='ocrx_word' id='word_1_430' title='bbox 2348 2649 2526 2703; x_wconf 88' lang='lat' dir='ltr'><strong>neque</strong></span> <span class='ocrx_word' id='word_1_431' title='bbox 2558 2635 2790 2700; x_wconf 88' lang='lat' dir='ltr'><strong>nubent,</strong></span> <span class='ocrx_word' id='word_1_432' title='bbox 2816 2651 2992 2704; x_wconf 88' lang='lat' dir='ltr'><strong>neque</strong></span> <span class='ocrx_word' id='word_1_433' title='bbox 3017 2636 3320 2696; x_wconf 86' lang='lat' dir='ltr'><strong>nubentur,</strong></span> <span class='ocrx_word' id='word_1_434' title='bbox 3344 2637 3434 2688; x_wconf 83' lang='lat' dir='ltr'><strong>sed</strong></span> <span class='ocrx_word' id='word_1_435' title='bbox 3460 2642 3632 2688; x_wconf 85' lang='lat' dir='ltr'><strong>erunt</strong></span> 
     </span>
    </p>
   </div>
   <div class='ocr_carea' id='block_1_59' title="bbox 2068 2714 3649 2801">
    <p class='ocr_par' dir='ltr' id='par_1_59' title="bbox 2068 2714 3649 2801">
     <span class='ocr_line' id='line_1_59' title="bbox 2068 2714 3649 2801; baseline 0 -24"><span class='ocrx_word' id='word_1_436' title='bbox 2068 2724 2212 2778; x_wconf 85' lang='lat' dir='ltr'><strong>sicut</strong></span> <span class='ocrx_word' id='word_1_437' title='bbox 2269 2725 2444 2794; x_wconf 87' lang='lat' dir='ltr'><strong>angeli</strong></span> <span class='ocrx_word' id='word_1_438' title='bbox 2509 2723 2625 2788; x_wconf 88' lang='lat' dir='ltr'><strong>Dei,</strong></span> <span class='ocrx_word' id='word_1_439' title='bbox 2695 2726 2910 2801; x_wconf 53' lang='lat' dir='ltr'><strong>diqnte</strong></span> <span class='ocrx_word' id='word_1_440' title='bbox 2967 2725 3198 2779; x_wconf 88' lang='lat' dir='ltr'><strong>Domino</strong></span> <span class='ocrx_word' id='word_1_441' title='bbox 3260 2735 3448 2779; x_wconf 83' lang='lat' dir='ltr'><strong>nostro</strong></span> <span class='ocrx_word' id='word_1_442' title='bbox 3501 2714 3649 2780; x_wconf 58' lang='lat' dir='ltr'><strong>Jesu’</strong></span> 
     </span>
    </p>
   </div>
   <div class='ocr_carea' id='block_1_60' title="bbox 2066 2815 3633 2886">
    <p class='ocr_par' dir='ltr' id='par_1_60' title="bbox 2066 2815 3633 2886">
     <span class='ocr_line' id='line_1_60' title="bbox 2066 2815 3633 2886; baseline -0.003 -13"><span class='ocrx_word' id='word_1_443' title='bbox 2066 2817 2284 2873; x_wconf 85' lang='lat' dir='ltr'><strong>Christo</strong></span> <span class='ocrx_word' id='word_1_444' title='bbox 2307 2819 2359 2870; x_wconf 92' lang='lat' dir='ltr'><strong>iu</strong></span> <span class='ocrx_word' id='word_1_445' title='bbox 2379 2817 2667 2885; x_wconf 85' lang='lat' dir='ltr'><strong>Evangelio</strong></span> <span class='ocrx_word' id='word_1_446' title='bbox 2696 2835 2714 2868; x_wconf 78' lang='grc' dir='ltr'><strong>ι</strong></span> <span class='ocrx_word' id='word_1_447' title='bbox 2740 2837 2752 2871; x_wconf 89' lang='lat'>:</span> <span class='ocrx_word' id='word_1_448' title='bbox 2780 2818 2836 2871; x_wconf 81' lang='lat' dir='ltr'><strong>l&#39;n</strong></span> <span class='ocrx_word' id='word_1_449' title='bbox 2859 2815 3262 2872; x_wconf 74' lang='lat' dir='ltr'><strong>resurrci-tione</strong></span> <span class='ocrx_word' id='word_1_450' title='bbox 3283 2818 3427 2871; x_wconf 91' lang='lat' dir='ltr'><strong>enim</strong></span> <span class='ocrx_word' id='word_1_451' title='bbox 3457 2831 3633 2886; x_wconf 87' lang='lat' dir='ltr'><strong>neque</strong></span> 
     </span>
    </p>
   </div>
   <div class='ocr_carea' id='block_1_61' title="bbox 2067 2904 3634 2975">
    <p class='ocr_par' dir='ltr' id='par_1_61' title="bbox 2067 2904 3634 2975">
     <span class='ocr_line' id='line_1_61' title="bbox 2067 2904 3634 2975; baseline -0.001 -16"><span class='ocrx_word' id='word_1_452' title='bbox 2067 2907 2297 2968; x_wconf 89' lang='lat' dir='ltr'><strong>nubent,</strong></span> <span class='ocrx_word' id='word_1_453' title='bbox 2336 2920 2509 2974; x_wconf 89' lang='lat' dir='ltr'><strong>neque</strong></span> <span class='ocrx_word' id='word_1_454' title='bbox 2539 2907 2684 2960; x_wconf 89' lang='lat' dir='ltr'><strong>enim</strong></span> <span class='ocrx_word' id='word_1_455' title='bbox 2717 2907 2867 2970; x_wconf 79' lang='lat' dir='ltr'><strong>ultra</strong></span> <span class='ocrx_word' id='word_1_456' title='bbox 2888 2908 3024 2960; x_wconf 87' lang='lat' dir='ltr'><strong>mori</strong></span> <span class='ocrx_word' id='word_1_457' title='bbox 3060 2913 3338 2975; x_wconf 79' lang='lat' dir='ltr'><strong>poterunt,</strong></span> <span class='ocrx_word' id='word_1_458' title='bbox 3369 2904 3462 2960; x_wconf 87' lang='lat' dir='ltr'><strong>sed</strong></span> <span class='ocrx_word' id='word_1_459' title='bbox 3504 2914 3634 2960; x_wconf 89' lang='lat' dir='ltr'><strong>sunt</strong></span> 
     </span>
    </p>
   </div>
   <div class='ocr_carea' id='block_1_62' title="bbox 394 2995 1958 3076">
    <p class='ocr_par' dir='ltr' id='par_1_62' title="bbox 394 3002 1958 3074">
     <span class='ocr_line' id='line_1_62' title="bbox 394 3002 1958 3074; baseline 0 -19"><span class='ocrx_word' id='word_1_460' title='bbox 394 3005 458 3055; x_wconf 77' lang='grc' dir='ltr'><strong>τὸ</strong></span> <span class='ocrx_word' id='word_1_461' title='bbox 485 3002 686 3072; x_wconf 80' lang='grc' dir='ltr'><strong>πλῆθος</strong></span> <span class='ocrx_word' id='word_1_462' title='bbox 735 3004 835 3071; x_wconf 81' lang='grc' dir='ltr'><strong>τῆς</strong></span> <span class='ocrx_word' id='word_1_463' title='bbox 864 3003 1210 3072; x_wconf 82' lang='grc' dir='ltr'><strong>χριστότητό;</strong></span> <span class='ocrx_word' id='word_1_464' title='bbox 1244 3019 1357 3064; x_wconf 79' lang='grc' dir='ltr'><strong>σου,</strong></span> <span class='ocrx_word' id='word_1_465' title='bbox 1393 3003 1587 3072; x_wconf 79' lang='grc' dir='ltr'><strong>Κύριε,</strong></span> <span class='ocrx_word' id='word_1_466' title='bbox 1628 3004 1695 3074; x_wconf 82' lang='grc' dir='ltr'><strong>ἢν</strong></span> <span class='ocrx_word' id='word_1_467' title='bbox 1723 3005 1958 3073; x_wconf 62' lang='grc' dir='ltr'><strong>ἔκρυψας</strong></span> 
     </span>
    </p>
   </div>
   <div class='ocr_carea' id='block_1_63' title="bbox 2065 2995 3632 3076">
    <p class='ocr_par' dir='ltr' id='par_1_63' title="bbox 2069 2995 3632 3067">
     <span class='ocr_line' id='line_1_63' title="bbox 2069 2995 3632 3067; baseline 0 -15"><span class='ocrx_word' id='word_1_468' title='bbox 2069 2998 2208 3052; x_wconf 87' lang='lat' dir='ltr'><strong>sicut</strong></span> <span class='ocrx_word' id='word_1_469' title='bbox 2239 2995 2414 3067; x_wconf 79' lang='lat' dir='ltr'><strong>angeli</strong></span> <span class='ocrx_word' id='word_1_470' title='bbox 2461 2998 2552 3052; x_wconf 90' lang='lat' dir='ltr'><strong>Dei</strong></span> <span class='ocrx_word' id='word_1_471' title='bbox 2598 2997 2652 3051; x_wconf 89' lang='lat' dir='ltr'><strong>iu</strong></span> <span class='ocrx_word' id='word_1_472' title='bbox 2688 2999 2848 3062; x_wconf 64' lang='lat' dir='ltr'><strong>caelo,</strong></span> <span class='ocrx_word' id='word_1_473' title='bbox 2873 3008 2929 3052; x_wconf 91' lang='lat' dir='ltr'><strong>et</strong></span> <span class='ocrx_word' id='word_1_474' title='bbox 2967 2998 3058 3051; x_wconf 82' lang='lat' dir='ltr'><strong>lilii</strong></span> <span class='ocrx_word' id='word_1_475' title='bbox 3119 3011 3244 3052; x_wconf 83' lang='lat' dir='ltr'><strong>sunt</strong></span> <span class='ocrx_word' id='word_1_476' title='bbox 3279 2998 3371 3053; x_wconf 91' lang='lat' dir='ltr'><strong>Dei</strong></span> <span class='ocrx_word' id='word_1_477' title='bbox 3404 3001 3469 3051; x_wconf 74' lang='grc' dir='ltr'><strong>δ’.</strong></span> <span class='ocrx_word' id='word_1_478' title='bbox 3505 3016 3522 3050; x_wconf 74' lang='grc' dir='ltr'><strong>ι</strong></span> <span class='ocrx_word' id='word_1_479' title='bbox 3563 2998 3632 3052; x_wconf 87' lang='lat' dir='ltr'><strong>Et</strong></span> 
     </span>
    </p>
   </div>
   <div class='ocr_carea' id='block_1_64' title="bbox 397 3093 1960 3163">
    <p class='ocr_par' dir='ltr' id='par_1_64' title="bbox 397 3093 1960 3163">
     <span class='ocr_line' id='line_1_64' title="bbox 397 3093 1960 3163; baseline 0.001 -18"><span class='ocrx_word' id='word_1_480' title='bbox 397 3095 511 3154; x_wconf 77' lang='grc' dir='ltr'><strong>τοῖς</strong></span> <span class='ocrx_word' id='word_1_481' title='bbox 547 3093 902 3161; x_wconf 65' lang='grc' dir='ltr'><strong>φοόουμένοις</strong></span> <span class='ocrx_word' id='word_1_482' title='bbox 949 3109 1030 3147; x_wconf 91' lang='grc' dir='ltr'><strong>σε.</strong></span> <span class='ocrx_word' id='word_1_483' title='bbox 1062 3111 1078 3143; x_wconf 76' lang='grc' dir='ltr'><strong>ι</strong></span> <span class='ocrx_word' id='word_1_484' title='bbox 1117 3093 1274 3161; x_wconf 82' lang='grc' dir='ltr'><strong>Παρὰ</strong></span> <span class='ocrx_word' id='word_1_485' title='bbox 1318 3093 1372 3145; x_wconf 82' lang='grc' dir='ltr'><strong>δὲ</strong></span> <span class='ocrx_word' id='word_1_486' title='bbox 1417 3095 1517 3160; x_wconf 77' lang='grc' dir='ltr'><strong>τὴν</strong></span> <span class='ocrx_word' id='word_1_487' title='bbox 1550 3096 1960 3163; x_wconf 80' lang='grc' dir='ltr'><strong>προειρημένην</strong></span> 
     </span>
    </p>
   </div>
   <div class='ocr_carea' id='block_1_65' title="bbox 400 3180 1960 3257">
    <p class='ocr_par' dir='ltr' id='par_1_65' title="bbox 400 3180 1960 3257">
     <span class='ocr_line' id='line_1_65' title="bbox 400 3180 1960 3257; baseline 0 -19"><span class='ocrx_word' id='word_1_488' title='bbox 400 3186 498 3253; x_wconf 80' lang='grc' dir='ltr'><strong>τῆς</strong></span> <span class='ocrx_word' id='word_1_489' title='bbox 539 3185 688 3248; x_wconf 89' lang='grc' dir='ltr'><strong>θείας</strong></span> <span class='ocrx_word' id='word_1_490' title='bbox 721 3186 959 3253; x_wconf 75' lang='grc' dir='ltr'><strong>θεωρίας</strong></span> <span class='ocrx_word' id='word_1_491' title='bbox 1001 3185 1404 3255; x_wconf 78' lang='grc' dir='ltr'><strong>μακαριότητα,</strong></span> <span class='ocrx_word' id='word_1_492' title='bbox 1457 3180 1602 3257; x_wconf 83' lang='grc' dir='ltr'><strong>ᾗτινι</strong></span> <span class='ocrx_word' id='word_1_493' title='bbox 1646 3187 1679 3256; x_wconf 85' lang='grc' dir='ltr'><strong>ή</strong></span> <span class='ocrx_word' id='word_1_494' title='bbox 1717 3187 1960 3253; x_wconf 79' lang='grc' dir='ltr'><strong>ἡμετέρα</strong></span> 
     </span>
    </p>
   </div>
   <div class='ocr_carea' id='block_1_66' title="bbox 397 3277 1962 3348">
    <p class='ocr_par' dir='ltr' id='par_1_66' title="bbox 397 3277 1962 3348">
     <span class='ocr_line' id='line_1_66' title="bbox 397 3277 1962 3348; baseline -0.003 -18"><span class='ocrx_word' id='word_1_495' title='bbox 397 3279 542 3347; x_wconf 73' lang='grc' dir='ltr'><strong>ψυχή</strong></span> <span class='ocrx_word' id='word_1_496' title='bbox 579 3278 635 3343; x_wconf 76' lang='grc' dir='ltr'>ἐξ</span> <span class='ocrx_word' id='word_1_497' title='bbox 683 3277 943 3346; x_wconf 79' lang='grc' dir='ltr'><strong>ἀκεραίου</strong></span> <span class='ocrx_word' id='word_1_498' title='bbox 998 3278 1485 3348; x_wconf 81' lang='grc' dir='ltr'><strong>μακαρισθήσεται,</strong></span> <span class='ocrx_word' id='word_1_499' title='bbox 1526 3277 1720 3346; x_wconf 76' lang='grc' dir='ltr'><strong>ἕξομεν</strong></span> <span class='ocrx_word' id='word_1_500' title='bbox 1760 3279 1854 3329; x_wconf 70' lang='grc' dir='ltr'><strong>καὶ</strong></span> <span class='ocrx_word' id='word_1_501' title='bbox 1904 3279 1962 3329; x_wconf 77' lang='grc' dir='ltr'>ἐν</span> 
     </span>
    </p>
   </div>
   <div class='ocr_carea' id='block_1_67' title="bbox 396 3369 1961 3439">
    <p class='ocr_par' dir='ltr' id='par_1_67' title="bbox 396 3369 1961 3439">
     <span class='ocr_line' id='line_1_67' title="bbox 396 3369 1961 3439; baseline -0.002 -18"><span class='ocrx_word' id='word_1_502' title='bbox 396 3371 476 3439; x_wconf 79' lang='grc' dir='ltr'><strong>τῷ</strong></span> <span class='ocrx_word' id='word_1_503' title='bbox 511 3371 723 3438; x_wconf 81' lang='grc' dir='ltr'><strong>σώματι</strong></span> <span class='ocrx_word' id='word_1_504' title='bbox 771 3370 870 3438; x_wconf 81' lang='grc' dir='ltr'><strong>τήν</strong></span> <span class='ocrx_word' id='word_1_505' title='bbox 915 3369 1283 3437; x_wconf 77' lang='grc' dir='ltr'><strong>εὐδαιμονίαν,</strong></span> <span class='ocrx_word' id='word_1_506' title='bbox 1318 3369 1460 3421; x_wconf 83' lang='grc' dir='ltr'><strong>κατὰ</strong></span> <span class='ocrx_word' id='word_1_507' title='bbox 1490 3369 1578 3420; x_wconf 78' lang='grc' dir='ltr'><strong>τὸν</strong></span> <span class='ocrx_word' id='word_1_508' title='bbox 1615 3369 1780 3422; x_wconf 81' lang='grc' dir='ltr'><strong>αὑτοῦ</strong></span> <span class='ocrx_word' id='word_1_509' title='bbox 1833 3369 1961 3435; x_wconf 80' lang='grc' dir='ltr'><strong>τρό-</strong></span> 
     </span>
    </p>
   </div>
   <div class='ocr_carea' id='block_1_68' title="bbox 399 3458 1960 3528">
    <p class='ocr_par' dir='ltr' id='par_1_68' title="bbox 399 3458 1960 3528">
     <span class='ocr_line' id='line_1_68' title="bbox 399 3458 1960 3528; baseline -0.003 -14"><span class='ocrx_word' id='word_1_510' title='bbox 399 3479 520 3514; x_wconf 84' lang='grc' dir='ltr'><strong>πον.</strong></span> <span class='ocrx_word' id='word_1_511' title='bbox 553 3463 661 3515; x_wconf 75' lang='grc' dir='ltr'><strong>Καὶ</strong></span> <span class='ocrx_word' id='word_1_512' title='bbox 707 3460 812 3528; x_wconf 71' lang='grc' dir='ltr'><strong>γὰρ</strong></span> <span class='ocrx_word' id='word_1_513' title='bbox 865 3459 932 3511; x_wconf 72' lang='grc' dir='ltr'><strong>τὰ</strong></span> <span class='ocrx_word' id='word_1_514' title='bbox 971 3462 1201 3526; x_wconf 79' lang='grc' dir='ltr'><strong>σώματα</strong></span> <span class='ocrx_word' id='word_1_515' title='bbox 1245 3459 1353 3510; x_wconf 90' lang='grc' dir='ltr'><strong>τῶν</strong></span> <span class='ocrx_word' id='word_1_516' title='bbox 1410 3459 1696 3527; x_wconf 84' lang='grc' dir='ltr'><strong>μακαρίων</strong></span> <span class='ocrx_word' id='word_1_517' title='bbox 1747 3458 1960 3511; x_wconf 78' lang='grc' dir='ltr'><strong>ἔσονται</strong></span> 
     </span>
    </p>
   </div>
   <div class='ocr_carea' id='block_1_69' title="bbox 397 3551 1962 3621">
    <p class='ocr_par' dir='ltr' id='par_1_69' title="bbox 397 3551 1962 3621">
     <span class='ocr_line' id='line_1_69' title="bbox 397 3551 1962 3621; baseline -0.001 -15"><span class='ocrx_word' id='word_1_518' title='bbox 397 3554 661 3615; x_wconf 76' lang='grc' dir='ltr'><strong>ἀθάνατα,</strong></span> <span class='ocrx_word' id='word_1_519' title='bbox 720 3553 1008 3621; x_wconf 73' lang='grc' dir='ltr'><strong>ἄφθαρτα,</strong></span> <span class='ocrx_word' id='word_1_520' title='bbox 1047 3551 1140 3604; x_wconf 78' lang='grc' dir='ltr'><strong>καὶ</strong></span> <span class='ocrx_word' id='word_1_521' title='bbox 1205 3552 1484 3612; x_wconf 75' lang='grc' dir='ltr'><strong>παντελῶς</strong></span> <span class='ocrx_word' id='word_1_522' title='bbox 1532 3552 1741 3620; x_wconf 82' lang='grc' dir='ltr'><strong>ἀπαθῆ,</strong></span> <span class='ocrx_word' id='word_1_523' title='bbox 1788 3552 1962 3605; x_wconf 79' lang='grc' dir='ltr'><strong>λεπτά</strong></span> 
     </span>
    </p>
   </div>
   <div class='ocr_carea' id='block_1_70' title="bbox 399 3643 1964 3716">
    <p class='ocr_par' dir='ltr' id='par_1_70' title="bbox 399 3643 1964 3716">
     <span class='ocr_line' id='line_1_70' title="bbox 399 3643 1964 3716; baseline -0.001 -19"><span class='ocrx_word' id='word_1_524' title='bbox 399 3648 534 3716; x_wconf 66' lang='grc' dir='ltr'><strong>πρὸς</strong></span> <span class='ocrx_word' id='word_1_525' title='bbox 562 3647 792 3706; x_wconf 77' lang='grc' dir='ltr'><strong>τούτοις,</strong></span> <span class='ocrx_word' id='word_1_526' title='bbox 837 3646 928 3698; x_wconf 75' lang='grc' dir='ltr'><strong>καὶ</strong></span> <span class='ocrx_word' id='word_1_527' title='bbox 973 3644 1175 3710; x_wconf 81' lang='grc' dir='ltr'><strong>κοῦφα,</strong></span> <span class='ocrx_word' id='word_1_528' title='bbox 1226 3643 1321 3696; x_wconf 76' lang='grc' dir='ltr'><strong>καὶ</strong></span> <span class='ocrx_word' id='word_1_529' title='bbox 1368 3643 1529 3696; x_wconf 80' lang='grc' dir='ltr'><strong>πλέον</strong></span> <span class='ocrx_word' id='word_1_530' title='bbox 1574 3645 1714 3712; x_wconf 74' lang='grc' dir='ltr'><strong>παρὸ</strong></span> <span class='ocrx_word' id='word_1_531' title='bbox 1757 3644 1783 3694; x_wconf 85' lang='grc' dir='ltr'><strong>δ</strong></span> <span class='ocrx_word' id='word_1_532' title='bbox 1812 3645 1964 3713; x_wconf 73' lang='grc' dir='ltr'><strong>ἥλιος</strong></span> 
     </span>
    </p>
   </div>
   <div class='ocr_carea' id='block_1_71' title="bbox 400 3735 1965 3804">
    <p class='ocr_par' dir='ltr' id='par_1_71' title="bbox 400 3735 1965 3804">
     <span class='ocr_line' id='line_1_71' title="bbox 400 3735 1965 3804; baseline -0.003 -15"><span class='ocrx_word' id='word_1_533' title='bbox 400 3739 496 3790; x_wconf 75' lang='grc' dir='ltr'><strong>νῦν</strong></span> <span class='ocrx_word' id='word_1_534' title='bbox 520 3741 659 3799; x_wconf 77' lang='grc' dir='ltr'><strong>ἐστι,</strong></span> <span class='ocrx_word' id='word_1_535' title='bbox 695 3736 789 3787; x_wconf 63' lang='grc' dir='ltr'><strong>καὶ</strong></span> <span class='ocrx_word' id='word_1_536' title='bbox 832 3735 1063 3804; x_wconf 82' lang='grc' dir='ltr'><strong>λαμπρά</strong></span> <span class='ocrx_word' id='word_1_537' title='bbox 1093 3737 1185 3788; x_wconf 78' lang='grc' dir='ltr'><strong>καὶ</strong></span> <span class='ocrx_word' id='word_1_538' title='bbox 1221 3737 1623 3802; x_wconf 77' lang='grc' dir='ltr'><strong>ἀστράπτοντα.</strong></span> <span class='ocrx_word' id='word_1_539' title='bbox 1659 3736 1733 3787; x_wconf 80' lang='grc' dir='ltr'>Οὐ</span> <span class='ocrx_word' id='word_1_540' title='bbox 1767 3736 1965 3804; x_wconf 83' lang='grc' dir='ltr'><strong>φάγον-</strong></span> 
     </span>
    </p>
   </div>
   <div class='ocr_carea' id='block_1_72' title="bbox 400 3823 1966 3894">
    <p class='ocr_par' dir='ltr' id='par_1_72' title="bbox 400 3823 1966 3894">
     <span class='ocr_line' id='line_1_72' title="bbox 400 3823 1966 3894; baseline -0.001 -18"><span class='ocrx_word' id='word_1_541' title='bbox 400 3845 493 3878; x_wconf 87' lang='grc' dir='ltr'><strong>ται</strong></span> <span class='ocrx_word' id='word_1_542' title='bbox 537 3827 672 3890; x_wconf 75' lang='grc' dir='ltr'><strong>ὲκεϊ,</strong></span> <span class='ocrx_word' id='word_1_543' title='bbox 711 3824 832 3876; x_wconf 72' lang='grc' dir='ltr'><strong>οὐδὲ</strong></span> <span class='ocrx_word' id='word_1_544' title='bbox 877 3826 1088 3876; x_wconf 83' lang='grc' dir='ltr'><strong>πίονται</strong></span> <span class='ocrx_word' id='word_1_545' title='bbox 1122 3823 1470 3892; x_wconf 76' lang='grc' dir='ltr'><strong>σωματικῶς,</strong></span> <span class='ocrx_word' id='word_1_546' title='bbox 1503 3824 1575 3891; x_wconf 82' lang='grc' dir='ltr'><strong>τῷ</strong></span> <span class='ocrx_word' id='word_1_547' title='bbox 1626 3824 1847 3894; x_wconf 70' lang='grc' dir='ltr'><strong>ἀρρήτῳ</strong></span> <span class='ocrx_word' id='word_1_548' title='bbox 1877 3841 1966 3875; x_wconf 84' lang='grc' dir='ltr'><strong>κο-</strong></span> 
     </span>
    </p>
   </div>
   <div class='ocr_carea' id='block_1_73' title="bbox 404 3912 1963 3987">
    <p class='ocr_par' dir='ltr' id='par_1_73' title="bbox 404 3912 1963 3987">
     <span class='ocr_line' id='line_1_73' title="bbox 404 3912 1963 3987; baseline -0.004 -17"><span class='ocrx_word' id='word_1_549' title='bbox 404 3917 614 3987; x_wconf 87' lang='grc' dir='ltr'><strong>ρακινῷ</strong></span> <span class='ocrx_word' id='word_1_550' title='bbox 675 3916 774 3983; x_wconf 81' lang='grc' dir='ltr'><strong>τῆς</strong></span> <span class='ocrx_word' id='word_1_551' title='bbox 837 3915 984 3976; x_wconf 83' lang='grc' dir='ltr'><strong>θείας</strong></span> <span class='ocrx_word' id='word_1_552' title='bbox 1045 3913 1279 3984; x_wconf 86' lang='grc' dir='ltr'><strong>θεωρίας</strong></span> <span class='ocrx_word' id='word_1_553' title='bbox 1335 3913 1776 3982; x_wconf 75' lang='grc' dir='ltr'><strong>πεπληρωμένοι.</strong></span> <span class='ocrx_word' id='word_1_554' title='bbox 1823 3912 1963 3965; x_wconf 73' lang='grc' dir='ltr'><strong>Οὔτε</strong></span> 
     </span>
    </p>
   </div>
   <div class='ocr_carea' id='block_1_74' title="bbox 400 4003 1966 4078">
    <p class='ocr_par' dir='ltr' id='par_1_74' title="bbox 400 4003 1966 4078">
     <span class='ocr_line' id='line_1_74' title="bbox 400 4003 1966 4078; baseline -0.003 -19"><span class='ocrx_word' id='word_1_555' title='bbox 400 4010 671 4078; x_wconf 62' lang='grc' dir='ltr'><strong>γαμοῦσιν</strong></span> <span class='ocrx_word' id='word_1_556' title='bbox 728 4007 928 4074; x_wconf 71' lang='grc' dir='ltr'><strong>ὁμοίως</strong></span> <span class='ocrx_word' id='word_1_557' title='bbox 998 4008 1113 4058; x_wconf 80' lang='grc' dir='ltr'><strong>ἐκεῖ</strong></span> <span class='ocrx_word' id='word_1_558' title='bbox 1145 4045 1159 4068; x_wconf 93' lang='grc'><strong>,</strong></span> <span class='ocrx_word' id='word_1_559' title='bbox 1209 4004 1334 4057; x_wconf 70' lang='grc' dir='ltr'><strong>οὔτε</strong></span> <span class='ocrx_word' id='word_1_560' title='bbox 1383 4003 1796 4072; x_wconf 80' lang='grc' dir='ltr'><strong>ἐκγαμίζονται,</strong></span> <span class='ocrx_word' id='word_1_561' title='bbox 1849 4005 1966 4056; x_wconf 83' lang='grc' dir='ltr'><strong>ἀλλ’</strong></span> 
     </span>
    </p>
   </div>
   <div class='ocr_carea' id='block_1_75' title="bbox 400 4094 1960 4162">
    <p class='ocr_par' dir='ltr' id='par_1_75' title="bbox 400 4094 1960 4162">
     <span class='ocr_line' id='line_1_75' title="bbox 400 4094 1960 4162; baseline -0.003 -12"><span class='ocrx_word' id='word_1_562' title='bbox 400 4100 616 4150; x_wconf 75' lang='grc' dir='ltr'><strong>ἔσονται</strong></span> <span class='ocrx_word' id='word_1_563' title='bbox 646 4097 719 4158; x_wconf 84' lang='grc' dir='ltr'><strong>ὡς</strong></span> <span class='ocrx_word' id='word_1_564' title='bbox 754 4096 976 4162; x_wconf 81' lang='grc' dir='ltr'><strong>ἄγγελοι</strong></span> <span class='ocrx_word' id='word_1_565' title='bbox 1007 4095 1162 4160; x_wconf 76' lang='grc' dir='ltr'><strong>Θεοῦ,</strong></span> <span class='ocrx_word' id='word_1_566' title='bbox 1193 4095 1443 4162; x_wconf 79' lang='grc' dir='ltr'><strong>λέγοντος</strong></span> <span class='ocrx_word' id='word_1_567' title='bbox 1473 4094 1565 4146; x_wconf 75' lang='grc' dir='ltr'><strong>τοῦ</strong></span> <span class='ocrx_word' id='word_1_568' title='bbox 1601 4094 1960 4162; x_wconf 82' lang='grc' dir='ltr'><strong>Εὐαγγελίου,</strong></span> 
     </span>
    </p>
   </div>
   <div class='ocr_carea' id='block_1_76' title="bbox 407 4184 1963 4256">
    <p class='ocr_par' dir='ltr' id='par_1_76' title="bbox 407 4184 1963 4256">
     <span class='ocr_line' id='line_1_76' title="bbox 407 4184 1963 4256; baseline -0.003 -15"><span class='ocrx_word' id='word_1_569' title='bbox 407 4207 427 4241; x_wconf 69' lang='grc' dir='ltr'>α</span> <span class='ocrx_word' id='word_1_570' title='bbox 468 4191 556 4241; x_wconf 81' lang='grc' dir='ltr'><strong>Ἐν</strong></span> <span class='ocrx_word' id='word_1_571' title='bbox 586 4189 694 4256; x_wconf 70' lang='grc' dir='ltr'><strong>γὰρ</strong></span> <span class='ocrx_word' id='word_1_572' title='bbox 718 4189 784 4256; x_wconf 77' lang='grc' dir='ltr'><strong>τῇ</strong></span> <span class='ocrx_word' id='word_1_573' title='bbox 815 4187 1109 4239; x_wconf 85' lang='grc' dir='ltr'><strong>ἀναστάσει</strong></span> <span class='ocrx_word' id='word_1_574' title='bbox 1137 4184 1258 4238; x_wconf 81' lang='grc' dir='ltr'><strong>οὒτε</strong></span> <span class='ocrx_word' id='word_1_575' title='bbox 1287 4187 1579 4254; x_wconf 68' lang='grc' dir='ltr'><strong>γαμοῦσιν,</strong></span> <span class='ocrx_word' id='word_1_576' title='bbox 1625 4184 1745 4237; x_wconf 79' lang='grc' dir='ltr'><strong>οὔτε</strong></span> <span class='ocrx_word' id='word_1_577' title='bbox 1795 4188 1963 4253; x_wconf 81' lang='grc' dir='ltr'><strong>ἐκγα-</strong></span> 
     </span>
    </p>
   </div>
   <div class='ocr_carea' id='block_1_77' title="bbox 407 4272 1961 4348">
    <p class='ocr_par' dir='ltr' id='par_1_77' title="bbox 407 4272 1961 4348">
     <span class='ocr_line' id='line_1_77' title="bbox 407 4272 1961 4348; baseline -0.005 -18"><span class='ocrx_word' id='word_1_578' title='bbox 407 4278 690 4348; x_wconf 72' lang='grc' dir='ltr'><strong>μίζονταιο</strong></span> <span class='ocrx_word' id='word_1_579' title='bbox 735 4274 853 4329; x_wconf 79' lang='grc' dir='ltr'><strong>οὐδὲ</strong></span> <span class='ocrx_word' id='word_1_580' title='bbox 909 4274 1017 4341; x_wconf 83' lang='grc' dir='ltr'><strong>γὰρ</strong></span> <span class='ocrx_word' id='word_1_581' title='bbox 1064 4273 1142 4326; x_wconf 76' lang='grc' dir='ltr'><strong>ἔτι</strong></span> <span class='ocrx_word' id='word_1_582' title='bbox 1183 4272 1574 4340; x_wconf 82' lang='grc' dir='ltr'><strong>’ἀποθνήσκειν</strong></span> <span class='ocrx_word' id='word_1_583' title='bbox 1621 4272 1961 4339; x_wconf 81' lang='grc' dir='ltr'><strong>δυνήσονται,</strong></span> 
     </span>
    </p>
   </div>
   <div class='ocr_carea' id='block_1_78' title="bbox 2068 3088 3630 3158">
    <p class='ocr_par' dir='ltr' id='par_1_78' title="bbox 2068 3088 3630 3158">
     <span class='ocr_line' id='line_1_78' title="bbox 2068 3088 3630 3158; baseline -0.001 -15"><span class='ocrx_word' id='word_1_584' title='bbox 2068 3092 2301 3144; x_wconf 74' lang='lat' dir='ltr'><strong>iterum:</strong></span> <span class='ocrx_word' id='word_1_585' title='bbox 2338 3109 2356 3140; x_wconf 78' lang='grc' dir='ltr'><strong>ι</strong></span> <span class='ocrx_word' id='word_1_586' title='bbox 2399 3088 2554 3144; x_wconf 87' lang='lat' dir='ltr'><strong>Tunc</strong></span> <span class='ocrx_word' id='word_1_587' title='bbox 2604 3089 2890 3158; x_wconf 79' lang='lat' dir='ltr'><strong>fulgebunt</strong></span> <span class='ocrx_word' id='word_1_588' title='bbox 2912 3089 3065 3156; x_wconf 84' lang='lat' dir='ltr'><strong>justi,</strong></span> <span class='ocrx_word' id='word_1_589' title='bbox 3094 3092 3235 3144; x_wconf 88' lang='lat' dir='ltr'><strong>sicut</strong></span> <span class='ocrx_word' id='word_1_590' title='bbox 3265 3090 3345 3143; x_wconf 85' lang='lat' dir='ltr'><strong>sol</strong></span> <span class='ocrx_word' id='word_1_591' title='bbox 3374 3090 3426 3142; x_wconf 79' lang='lat' dir='ltr'><strong>in</strong></span> <span class='ocrx_word' id='word_1_592' title='bbox 3463 3106 3630 3158; x_wconf 83' lang='lat' dir='ltr'><strong>regno</strong></span> 
     </span>
    </p>
   </div>
   <div class='ocr_carea' id='block_1_79' title="bbox 2065 3178 3628 3246">
    <p class='ocr_par' dir='ltr' id='par_1_79' title="bbox 2065 3178 3628 3246">
     <span class='ocr_line' id='line_1_79' title="bbox 2065 3178 3628 3246; baseline 0.001 -12"><span class='ocrx_word' id='word_1_593' title='bbox 2065 3180 2240 3234; x_wconf 85' lang='lat' dir='ltr'><strong>Patris</strong></span> <span class='ocrx_word' id='word_1_594' title='bbox 2269 3195 2462 3234; x_wconf 89' lang='lat' dir='ltr'><strong>eorum</strong></span> <span class='ocrx_word' id='word_1_595' title='bbox 2485 3181 2552 3232; x_wconf 81' lang='grc'><strong>⁵³.</strong></span> <span class='ocrx_word' id='word_1_596' title='bbox 2595 3197 2612 3230; x_wconf 74' lang='grc' dir='ltr'><strong>ι</strong></span> <span class='ocrx_word' id='word_1_597' title='bbox 2653 3178 2719 3232; x_wconf 86' lang='lat' dir='ltr'><strong>Et</strong></span> <span class='ocrx_word' id='word_1_598' title='bbox 2769 3181 2911 3234; x_wconf 91' lang='lat' dir='ltr'><strong>sicut</strong></span> <span class='ocrx_word' id='word_1_599' title='bbox 2940 3181 3006 3235; x_wconf 90' lang='lat' dir='ltr'><strong>de</strong></span> <span class='ocrx_word' id='word_1_600' title='bbox 3060 3182 3338 3246; x_wconf 85' lang='lat' dir='ltr'><strong>societate,</strong></span> <span class='ocrx_word' id='word_1_601' title='bbox 3369 3184 3440 3235; x_wconf 90' lang='lat' dir='ltr'><strong>ita</strong></span> <span class='ocrx_word' id='word_1_602' title='bbox 3473 3195 3532 3236; x_wconf 88' lang='lat' dir='ltr'><strong>et</strong></span> <span class='ocrx_word' id='word_1_603' title='bbox 3560 3182 3628 3235; x_wconf 86' lang='lat' dir='ltr'><strong>de</strong></span> 
     </span>
    </p>
   </div>
   <div class='ocr_carea' id='block_1_80' title="bbox 2063 3271 3625 3340">
    <p class='ocr_par' dir='ltr' id='par_1_80' title="bbox 2063 3271 3625 3340">
     <span class='ocr_line' id='line_1_80' title="bbox 2063 3271 3625 3340; baseline 0.002 -16"><span class='ocrx_word' id='word_1_604' title='bbox 2063 3272 2380 3324; x_wconf 87' lang='lat' dir='ltr'><strong>conditione</strong></span> <span class='ocrx_word' id='word_1_605' title='bbox 2413 3271 2678 3338; x_wconf 85' lang='lat' dir='ltr'><strong>ipsorum,</strong></span> <span class='ocrx_word' id='word_1_606' title='bbox 2716 3287 2824 3339; x_wconf 84' lang='lat' dir='ltr'><strong>quo</strong></span> <span class='ocrx_word' id='word_1_607' title='bbox 2855 3271 2920 3324; x_wconf 90' lang='lat' dir='ltr'><strong>ad</strong></span> <span class='ocrx_word' id='word_1_608' title='bbox 2969 3273 3277 3340; x_wconf 85' lang='lat' dir='ltr'><strong>hujusmodi</strong></span> <span class='ocrx_word' id='word_1_609' title='bbox 3321 3285 3476 3327; x_wconf 76' lang='lat' dir='ltr'><strong>actus</strong></span> <span class='ocrx_word' id='word_1_610' title='bbox 3508 3289 3625 3328; x_wconf 85' lang='lat' dir='ltr'><strong>cor-</strong></span> 
     </span>
    </p>
   </div>
   <div class='ocr_carea' id='block_1_81' title="bbox 2065 3360 3660 3428">
    <p class='ocr_par' dir='ltr' id='par_1_81' title="bbox 2065 3360 3660 3428">
     <span class='ocr_line' id='line_1_81' title="bbox 2065 3360 3660 3428; baseline 0.003 -16"><span class='ocrx_word' id='word_1_611' title='bbox 2065 3375 2262 3427; x_wconf 89' lang='lat' dir='ltr'><strong>poreos</strong></span> <span class='ocrx_word' id='word_1_612' title='bbox 2292 3360 2641 3428; x_wconf 83' lang='lat' dir='ltr'><strong>gaudebunt;</strong></span> <span class='ocrx_word' id='word_1_613' title='bbox 2675 3361 2802 3428; x_wconf 85' lang='lat' dir='ltr'><strong>quia</strong></span> <span class='ocrx_word' id='word_1_614' title='bbox 2834 3363 3042 3414; x_wconf 89' lang='lat' dir='ltr'><strong>nullum</strong></span> <span class='ocrx_word' id='word_1_615' title='bbox 3073 3362 3179 3415; x_wconf 88' lang='lat' dir='ltr'><strong>erit</strong></span> <span class='ocrx_word' id='word_1_616' title='bbox 3212 3361 3284 3414; x_wconf 89' lang='lat' dir='ltr'><strong>ibi</strong></span> <span class='ocrx_word' id='word_1_617' title='bbox 3335 3363 3440 3415; x_wconf 85' lang='lat' dir='ltr'><strong>cibi</strong></span> <span class='ocrx_word' id='word_1_618' title='bbox 3485 3363 3660 3416; x_wconf 58' lang='lat' dir='ltr'><strong>desif</strong></span> 
     </span>
    </p>
   </div>
   <div class='ocr_carea' id='block_1_82' title="bbox 2064 3439 3631 3520">
    <p class='ocr_par' dir='ltr' id='par_1_82' title="bbox 2064 3439 3631 3520">
     <span class='ocr_line' id='line_1_82' title="bbox 2064 3439 3631 3520; baseline 0.001 -17"><span class='ocrx_word' id='word_1_619' title='bbox 2064 3450 2302 3510; x_wconf 85' lang='lat' dir='ltr'><strong>derium,</strong></span> <span class='ocrx_word' id='word_1_620' title='bbox 2346 3451 2491 3504; x_wconf 82' lang='lat' dir='ltr'><strong>ntilla</strong></span> <span class='ocrx_word' id='word_1_621' title='bbox 2525 3439 2596 3503; x_wconf 81' lang='lat' dir='ltr'><strong>ibi</strong></span> <span class='ocrx_word' id='word_1_622' title='bbox 2635 3451 2955 3505; x_wconf 81' lang='lat' dir='ltr'><strong>exardescet</strong></span> <span class='ocrx_word' id='word_1_623' title='bbox 2989 3451 3174 3515; x_wconf 84' lang='lat' dir='ltr'><strong>libido,</strong></span> <span class='ocrx_word' id='word_1_624' title='bbox 3211 3449 3370 3504; x_wconf 69' lang='lat' dir='ltr'><strong>nulla:</strong></span> <span class='ocrx_word' id='word_1_625' title='bbox 3407 3452 3631 3520; x_wconf 65' lang='lat' dir='ltr'><strong>reliqua:</strong></span> 
     </span>
    </p>
   </div>
   <div class='ocr_carea' id='block_1_83' title="bbox 2067 3543 3635 3613">
    <p class='ocr_par' dir='ltr' id='par_1_83' title="bbox 2067 3543 3635 3613">
     <span class='ocr_line' id='line_1_83' title="bbox 2067 3543 3635 3613; baseline 0.001 -16"><span class='ocrx_word' id='word_1_626' title='bbox 2067 3545 2372 3612; x_wconf 82' lang='lat' dir='ltr'><strong>passiones,</strong></span> <span class='ocrx_word' id='word_1_627' title='bbox 2406 3545 2593 3612; x_wconf 88' lang='lat' dir='ltr'><strong>quales</strong></span> <span class='ocrx_word' id='word_1_628' title='bbox 2629 3545 2792 3597; x_wconf 86' lang='lat' dir='ltr'><strong>modo</strong></span> <span class='ocrx_word' id='word_1_629' title='bbox 2829 3545 3064 3612; x_wconf 79' lang='lat' dir='ltr'><strong>patimur</strong></span> <span class='ocrx_word' id='word_1_630' title='bbox 3099 3544 3368 3613; x_wconf 88' lang='lat' dir='ltr'><strong>corporis.</strong></span> <span class='ocrx_word' id='word_1_631' title='bbox 3407 3543 3522 3597; x_wconf 84' lang='lat' dir='ltr'><strong>Non</strong></span> <span class='ocrx_word' id='word_1_632' title='bbox 3558 3546 3635 3598; x_wconf 79' lang='lat' dir='ltr'><strong>la-</strong></span> 
     </span>
    </p>
   </div>
   <div class='ocr_carea' id='block_1_84' title="bbox 2064 3633 3632 3704">
    <p class='ocr_par' dir='ltr' id='par_1_84' title="bbox 2064 3633 3632 3704">
     <span class='ocr_line' id='line_1_84' title="bbox 2064 3633 3632 3704; baseline 0 -16"><span class='ocrx_word' id='word_1_633' title='bbox 2064 3650 2279 3704; x_wconf 64' lang='lat' dir='ltr'><strong>crymae,</strong></span> <span class='ocrx_word' id='word_1_634' title='bbox 2312 3648 2419 3686; x_wconf 90' lang='lat' dir='ltr'><strong>non</strong></span> <span class='ocrx_word' id='word_1_635' title='bbox 2453 3634 2652 3697; x_wconf 91' lang='lat' dir='ltr'><strong>luctus,</strong></span> <span class='ocrx_word' id='word_1_636' title='bbox 2687 3650 2792 3688; x_wconf 74' lang='lat' dir='ltr'><strong>non</strong></span> <span class='ocrx_word' id='word_1_637' title='bbox 2819 3634 3048 3698; x_wconf 86' lang='lat' dir='ltr'><strong>clamor,</strong></span> <span class='ocrx_word' id='word_1_638' title='bbox 3082 3649 3188 3686; x_wconf 84' lang='lat' dir='ltr'><strong>non</strong></span> <span class='ocrx_word' id='word_1_639' title='bbox 3217 3633 3452 3701; x_wconf 83' lang='lat' dir='ltr'><strong>denique</strong></span> <span class='ocrx_word' id='word_1_640' title='bbox 3487 3634 3632 3688; x_wconf 88' lang='lat' dir='ltr'><strong>ullus</strong></span> 
     </span>
    </p>
   </div>
   <div class='ocr_carea' id='block_1_85' title="bbox 2065 3724 3629 3792">
    <p class='ocr_par' dir='ltr' id='par_1_85' title="bbox 2065 3724 3629 3792">
     <span class='ocr_line' id='line_1_85' title="bbox 2065 3724 3629 3792; baseline -0.001 -13"><span class='ocrx_word' id='word_1_641' title='bbox 2065 3726 2242 3788; x_wconf 82' lang='lat' dir='ltr'><strong>dolor,</strong></span> <span class='ocrx_word' id='word_1_642' title='bbox 2306 3740 2411 3776; x_wconf 92' lang='lat' dir='ltr'><strong>nou</strong></span> <span class='ocrx_word' id='word_1_643' title='bbox 2466 3725 2842 3792; x_wconf 69' lang='lat' dir='ltr'><strong>:ngritndiues,</strong></span> <span class='ocrx_word' id='word_1_644' title='bbox 2895 3741 3002 3778; x_wconf 89' lang='lat' dir='ltr'><strong>non</strong></span> <span class='ocrx_word' id='word_1_645' title='bbox 3067 3724 3487 3785; x_wconf 77' lang='lat' dir='ltr'><strong>imbecillitates,</strong></span> <span class='ocrx_word' id='word_1_646' title='bbox 3523 3741 3629 3778; x_wconf 92' lang='lat' dir='ltr'><strong>uou</strong></span> 
     </span>
    </p>
   </div>
   <div class='ocr_carea' id='block_1_86' title="bbox 2067 3815 3627 3885">
    <p class='ocr_par' dir='ltr' id='par_1_86' title="bbox 2067 3815 3627 3885">
     <span class='ocr_line' id='line_1_86' title="bbox 2067 3815 3627 3885; baseline -0.001 -15"><span class='ocrx_word' id='word_1_647' title='bbox 2067 3815 2400 3885; x_wconf 82' lang='lat' dir='ltr'><strong>paupertatis</strong></span> <span class='ocrx_word' id='word_1_648' title='bbox 2428 3827 2624 3868; x_wconf 88' lang='lat' dir='ltr'><strong>metus.</strong></span> <span class='ocrx_word' id='word_1_649' title='bbox 2654 3815 2823 3868; x_wconf 85' lang='lat' dir='ltr'><strong>Nemo</strong></span> <span class='ocrx_word' id='word_1_650' title='bbox 2860 3815 2927 3869; x_wconf 89' lang='lat' dir='ltr'><strong>ibi</strong></span> <span class='ocrx_word' id='word_1_651' title='bbox 2966 3816 3212 3874; x_wconf 67' lang='lat' dir='ltr'><strong>lredetur,</strong></span> <span class='ocrx_word' id='word_1_652' title='bbox 3249 3831 3405 3868; x_wconf 79' lang='lat' dir='ltr'><strong>nemo</strong></span> <span class='ocrx_word' id='word_1_653' title='bbox 3429 3817 3627 3868; x_wconf 81' lang='lat' dir='ltr'><strong>irasce-</strong></span> 
     </span>
    </p>
   </div>
   <div class='ocr_carea' id='block_1_87' title="bbox 2069 3906 3636 3974">
    <p class='ocr_par' dir='ltr' id='par_1_87' title="bbox 2069 3906 3636 3974">
     <span class='ocr_line' id='line_1_87' title="bbox 2069 3906 3636 3974; baseline -0.003 -12"><span class='ocrx_word' id='word_1_654' title='bbox 2069 3917 2176 3972; x_wconf 85' lang='lat' dir='ltr'><strong>tur,</strong></span> <span class='ocrx_word' id='word_1_655' title='bbox 2209 3923 2365 3961; x_wconf 88' lang='lat' dir='ltr'><strong>nemo</strong></span> <span class='ocrx_word' id='word_1_656' title='bbox 2415 3908 2676 3960; x_wconf 81' lang='lat' dir='ltr'><strong>invidebit</strong></span> <span class='ocrx_word' id='word_1_657' title='bbox 2712 3908 2979 3974; x_wconf 84' lang='lat' dir='ltr'><strong>proximo.</strong></span> <span class='ocrx_word' id='word_1_658' title='bbox 3013 3906 3166 3960; x_wconf 86' lang='lat' dir='ltr'><strong>Nulla</strong></span> <span class='ocrx_word' id='word_1_659' title='bbox 3198 3907 3431 3974; x_wconf 86' lang='lat' dir='ltr'><strong>pulsabi‘.</strong></span> <span class='ocrx_word' id='word_1_660' title='bbox 3464 3907 3636 3959; x_wconf 80' lang='lat' dir='ltr'><strong>bono-</strong></span> 
     </span>
    </p>
   </div>
   <div class='ocr_carea' id='block_1_88' title="bbox 2069 3997 3632 4066">
    <p class='ocr_par' dir='ltr' id='par_1_88' title="bbox 2069 3997 3632 4066">
     <span class='ocr_line' id='line_1_88' title="bbox 2069 3997 3632 4066; baseline -0.001 -14"><span class='ocrx_word' id='word_1_661' title='bbox 2069 4000 2162 4061; x_wconf 91' lang='lat' dir='ltr'><strong>ris,</strong></span> <span class='ocrx_word' id='word_1_662' title='bbox 2193 4007 2286 4051; x_wconf 90' lang='lat' dir='ltr'><strong>aut</strong></span> <span class='ocrx_word' id='word_1_663' title='bbox 2323 3998 2606 4066; x_wconf 71' lang='lat' dir='ltr'><strong>potestatis</strong></span> <span class='ocrx_word' id='word_1_664' title='bbox 2641 3998 2885 4052; x_wconf 88' lang='lat' dir='ltr'><strong>ambitio.</strong></span> <span class='ocrx_word' id='word_1_665' title='bbox 2918 3997 3072 4050; x_wconf 80' lang='lat' dir='ltr'><strong>Nulla</strong></span> <span class='ocrx_word' id='word_1_666' title='bbox 3114 3999 3219 4050; x_wconf 80' lang='lat' dir='ltr'><strong>erit</strong></span> <span class='ocrx_word' id='word_1_667' title='bbox 3252 4009 3378 4051; x_wconf 89' lang='lat' dir='ltr'><strong>tunc</strong></span> <span class='ocrx_word' id='word_1_668' title='bbox 3422 3997 3632 4050; x_wconf 82' lang='lat' dir='ltr'><strong>discor-</strong></span> 
     </span>
    </p>
   </div>
   <div class='ocr_carea' id='block_1_89' title="bbox 2068 4086 3630 4147">
    <p class='ocr_par' dir='ltr' id='par_1_89' title="bbox 2068 4086 3630 4147">
     <span class='ocr_line' id='line_1_89' title="bbox 2068 4086 3630 4147; baseline -0.001 -7"><span class='ocrx_word' id='word_1_669' title='bbox 2068 4087 2177 4147; x_wconf 87' lang='lat' dir='ltr'><strong>dia,</strong></span> <span class='ocrx_word' id='word_1_670' title='bbox 2213 4087 2306 4140; x_wconf 81' lang='lat' dir='ltr'><strong>sed</strong></span> <span class='ocrx_word' id='word_1_671' title='bbox 2358 4098 2552 4140; x_wconf 90' lang='lat' dir='ltr'><strong>cuncta</strong></span> <span class='ocrx_word' id='word_1_672' title='bbox 2589 4101 2853 4140; x_wconf 82' lang='lat' dir='ltr'><strong>consona.</strong></span> <span class='ocrx_word' id='word_1_673' title='bbox 2918 4086 3111 4140; x_wconf 81' lang='lat' dir='ltr'><strong>Nullus</strong></span> <span class='ocrx_word' id='word_1_674' title='bbox 3145 4089 3251 4139; x_wconf 82' lang='lat' dir='ltr'><strong>erit</strong></span> <span class='ocrx_word' id='word_1_675' title='bbox 3306 4087 3378 4140; x_wconf 88' lang='lat' dir='ltr'><strong>ibi</strong></span> <span class='ocrx_word' id='word_1_676' title='bbox 3430 4087 3630 4140; x_wconf 89' lang='lat' dir='ltr'><strong>diaboli</strong></span> 
     </span>
    </p>
   </div>
   <div class='ocr_carea' id='block_1_90' title="bbox 2069 4177 3635 4248">
    <p class='ocr_par' dir='ltr' id='par_1_90' title="bbox 2069 4177 3635 4248">
     <span class='ocr_line' id='line_1_90' title="bbox 2069 4177 3635 4248; baseline -0.001 -16"><span class='ocrx_word' id='word_1_677' title='bbox 2069 4192 2248 4232; x_wconf 90' lang='lat' dir='ltr'><strong>metus</strong></span> <span class='ocrx_word' id='word_1_678' title='bbox 2277 4196 2290 4242; x_wconf 90' lang='lat'>;</span> <span class='ocrx_word' id='word_1_679' title='bbox 2319 4179 2525 4231; x_wconf 70' lang='lat' dir='ltr'><strong>insidia:</strong></span> <span class='ocrx_word' id='word_1_680' title='bbox 2567 4177 2875 4231; x_wconf 62' lang='lat' dir='ltr'><strong>daemonum</strong></span> <span class='ocrx_word' id='word_1_681' title='bbox 2931 4178 3124 4231; x_wconf 75' lang='lat' dir='ltr'><strong>nullze:</strong></span> <span class='ocrx_word' id='word_1_682' title='bbox 3160 4180 3320 4232; x_wconf 85' lang='lat' dir='ltr'><strong>timor</strong></span> <span class='ocrx_word' id='word_1_683' title='bbox 3373 4178 3635 4248; x_wconf 80' lang='lat' dir='ltr'><strong>gehentm:</strong></span> 
     </span>
    </p>
   </div>
   <div class='ocr_carea' id='block_1_91' title="bbox 2069 4269 3635 4337">
    <p class='ocr_par' dir='ltr' id='par_1_91' title="bbox 2069 4269 3635 4337">
     <span class='ocr_line' id='line_1_91' title="bbox 2069 4269 3635 4337; baseline -0.001 -14"><span class='ocrx_word' id='word_1_684' title='bbox 2069 4270 2295 4337; x_wconf 88' lang='lat' dir='ltr'><strong>procul:</strong></span> <span class='ocrx_word' id='word_1_685' title='bbox 2331 4269 2623 4337; x_wconf 86' lang='lat' dir='ltr'><strong>tranquilla</strong></span> <span class='ocrx_word' id='word_1_686' title='bbox 2675 4279 2839 4321; x_wconf 88' lang='lat' dir='ltr'><strong>erunt</strong></span> <span class='ocrx_word' id='word_1_687' title='bbox 2872 4271 3076 4328; x_wconf 88' lang='lat' dir='ltr'><strong>omnia.</strong></span> <span class='ocrx_word' id='word_1_688' title='bbox 3141 4278 3194 4322; x_wconf 83' lang='lat' dir='ltr'><strong>et</strong></span> <span class='ocrx_word' id='word_1_689' title='bbox 3247 4284 3369 4323; x_wconf 85' lang='lat' dir='ltr'><strong>Cum</strong></span> <span class='ocrx_word' id='word_1_690' title='bbox 3429 4279 3635 4323; x_wconf 65' lang='lat' dir='ltr'><strong>{eterna</strong></span> 
     </span>
    </p>
   </div>
   <div class='ocr_carea' id='block_1_92' title="bbox 403 4359 1958 4431">
    <p class='ocr_par' dir='ltr' id='par_1_92' title="bbox 403 4360 1958 4431">
     <span class='ocr_line' id='line_1_92' title="bbox 403 4360 1958 4431; baseline -0.008 -8"><span class='ocrx_word' id='word_1_691' title='bbox 403 4370 514 4424; x_wconf 85' lang='grc' dir='ltr'><strong>ἀλλ’</strong></span> <span class='ocrx_word' id='word_1_692' title='bbox 549 4369 689 4421; x_wconf 77' lang='grc' dir='ltr'><strong>εἰσὶν</strong></span> <span class='ocrx_word' id='word_1_693' title='bbox 744 4367 816 4428; x_wconf 85' lang='grc' dir='ltr'><strong>ὡς</strong></span> <span class='ocrx_word' id='word_1_694' title='bbox 855 4368 904 4418; x_wconf 76' lang='grc' dir='ltr'><strong>οἱ</strong></span> <span class='ocrx_word' id='word_1_695' title='bbox 940 4364 1163 4431; x_wconf 87' lang='grc' dir='ltr'><strong>ἄγγελοι</strong></span> <span class='ocrx_word' id='word_1_696' title='bbox 1193 4364 1285 4416; x_wconf 82' lang='grc' dir='ltr'><strong>τοῦ</strong></span> <span class='ocrx_word' id='word_1_697' title='bbox 1339 4363 1476 4415; x_wconf 79' lang='grc' dir='ltr'><strong>Θεοῦ</strong></span> <span class='ocrx_word' id='word_1_698' title='bbox 1525 4365 1580 4414; x_wconf 79' lang='grc' dir='ltr'><strong>ἐν</strong></span> <span class='ocrx_word' id='word_1_699' title='bbox 1623 4362 1700 4430; x_wconf 82' lang='grc' dir='ltr'><strong>τῷ</strong></span> <span class='ocrx_word' id='word_1_700' title='bbox 1727 4360 1958 4431; x_wconf 78' lang='grc' dir='ltr'><strong>οὐρανῷ,</strong></span> 
     </span>
    </p>
   </div>
   <div class='ocr_carea' id='block_1_93' title="bbox 2065 4359 3639 4431">
    <p class='ocr_par' dir='ltr' id='par_1_93' title="bbox 2069 4359 3639 4430">
     <span class='ocr_line' id='line_1_93' title="bbox 2069 4359 3639 4430; baseline -0.003 -13"><span class='ocrx_word' id='word_1_701' title='bbox 2069 4362 2359 4416; x_wconf 85' lang='lat' dir='ltr'><strong>securitate</strong></span> <span class='ocrx_word' id='word_1_702' title='bbox 2385 4361 2526 4430; x_wconf 86' lang='lat' dir='ltr'><strong>jngis</strong></span> <span class='ocrx_word' id='word_1_703' title='bbox 2553 4359 2831 4425; x_wconf 83' lang='lat' dir='ltr'><strong>Splendor.</strong></span> <span class='ocrx_word' id='word_1_704' title='bbox 2863 4361 3000 4414; x_wconf 76' lang='lat' dir='ltr'><strong>Vere</strong></span> <span class='ocrx_word' id='word_1_705' title='bbox 3037 4360 3359 4429; x_wconf 80' lang='lat' dir='ltr'><strong>degenerat,</strong></span> <span class='ocrx_word' id='word_1_706' title='bbox 3393 4360 3486 4428; x_wconf 89' lang='lat' dir='ltr'><strong>qui</strong></span> <span class='ocrx_word' id='word_1_707' title='bbox 3537 4361 3639 4413; x_wconf 86' lang='lat' dir='ltr'><strong>hu-</strong></span> 
     </span>
    </p>
   </div>
   <div class='ocr_carea' id='block_1_94' title="bbox 406 4449 1971 4516">
    <p class='ocr_par' dir='ltr' id='par_1_94' title="bbox 406 4449 1971 4516">
     <span class='ocr_line' id='line_1_94' title="bbox 406 4449 1971 4516; baseline -0.004 -8"><span class='ocrx_word' id='word_1_708' title='bbox 406 4459 501 4508; x_wconf 75' lang='grc' dir='ltr'><strong>καὶ</strong></span> <span class='ocrx_word' id='word_1_709' title='bbox 535 4453 640 4505; x_wconf 73' lang='grc' dir='ltr'><strong>υἱοί</strong></span> <span class='ocrx_word' id='word_1_710' title='bbox 673 4454 779 4504; x_wconf 87' lang='grc' dir='ltr'><strong>είσι</strong></span> <span class='ocrx_word' id='word_1_711' title='bbox 832 4452 925 4505; x_wconf 84' lang='grc' dir='ltr'><strong>τοῦ</strong></span> <span class='ocrx_word' id='word_1_712' title='bbox 982 4451 1138 4503; x_wconf 83' lang='grc' dir='ltr'><strong>Θεοῦ.</strong></span> <span class='ocrx_word' id='word_1_713' title='bbox 1174 4470 1190 4501; x_wconf 77' lang='grc' dir='ltr'><strong>ι</strong></span> <span class='ocrx_word' id='word_1_714' title='bbox 1233 4453 1340 4505; x_wconf 71' lang='grc' dir='ltr'><strong>Καὶ</strong></span> <span class='ocrx_word' id='word_1_715' title='bbox 1371 4450 1553 4514; x_wconf 75' lang='grc' dir='ltr'><strong>πάλιν,</strong></span> <span class='ocrx_word' id='word_1_716' title='bbox 1593 4469 1612 4500; x_wconf 73' lang='grc' dir='ltr'><strong>ι</strong></span> <span class='ocrx_word' id='word_1_717' title='bbox 1649 4451 1782 4502; x_wconf 90' lang='grc' dir='ltr'><strong>Τότε</strong></span> <span class='ocrx_word' id='word_1_718' title='bbox 1831 4449 1971 4516; x_wconf 82' lang='grc' dir='ltr'><strong>λάμ-</strong></span> 
     </span>
    </p>
   </div>
   <div class='ocr_carea' id='block_1_95' title="bbox 405 4540 1966 4610">
    <p class='ocr_par' dir='ltr' id='par_1_95' title="bbox 405 4540 1966 4610">
     <span class='ocr_line' id='line_1_95' title="bbox 405 4540 1966 4610; baseline -0.003 -14"><span class='ocrx_word' id='word_1_719' title='bbox 405 4545 599 4605; x_wconf 79' lang='grc' dir='ltr'><strong>ψουσιν</strong></span> <span class='ocrx_word' id='word_1_720' title='bbox 652 4544 701 4594; x_wconf 80' lang='grc' dir='ltr'><strong>οἱ</strong></span> <span class='ocrx_word' id='word_1_721' title='bbox 749 4542 947 4595; x_wconf 85' lang='grc' dir='ltr'><strong>δίκαιοι</strong></span> <span class='ocrx_word' id='word_1_722' title='bbox 987 4542 1062 4601; x_wconf 83' lang='grc' dir='ltr'><strong>ὡς</strong></span> <span class='ocrx_word' id='word_1_723' title='bbox 1107 4544 1134 4593; x_wconf 86' lang='grc' dir='ltr'>ὁ</span> <span class='ocrx_word' id='word_1_724' title='bbox 1173 4541 1320 4610; x_wconf 76' lang='grc' dir='ltr'><strong>ἥλιος</strong></span> <span class='ocrx_word' id='word_1_725' title='bbox 1367 4544 1423 4593; x_wconf 84' lang='grc' dir='ltr'><strong>ὲν</strong></span> <span class='ocrx_word' id='word_1_726' title='bbox 1470 4544 1533 4610; x_wconf 84' lang='grc' dir='ltr'><strong>τῇ</strong></span> <span class='ocrx_word' id='word_1_727' title='bbox 1583 4540 1827 4609; x_wconf 75' lang='grc' dir='ltr'><strong>βασιλείᾳ</strong></span> <span class='ocrx_word' id='word_1_728' title='bbox 1874 4540 1966 4592; x_wconf 77' lang='grc' dir='ltr'><strong>τοῦ</strong></span> 
     </span>
    </p>
   </div>
   <div class='ocr_carea' id='block_1_96' title="bbox 415 4627 1966 4699">
    <p class='ocr_par' dir='ltr' id='par_1_96' title="bbox 415 4627 1966 4699">
     <span class='ocr_line' id='line_1_96' title="bbox 415 4627 1966 4699; baseline -0.005 -15"><span class='ocrx_word' id='word_1_729' title='bbox 415 4633 622 4699; x_wconf 63' lang='grc' dir='ltr'><strong>Πατρός</strong></span> <span class='ocrx_word' id='word_1_730' title='bbox 651 4631 850 4684; x_wconf 81' lang='grc' dir='ltr'><strong>αὐτῶν.</strong></span> <span class='ocrx_word' id='word_1_731' title='bbox 901 4648 919 4680; x_wconf 73' lang='grc' dir='ltr'><strong>ι</strong></span> <span class='ocrx_word' id='word_1_732' title='bbox 966 4629 1072 4680; x_wconf 81' lang='grc' dir='ltr'><strong>Καὶ</strong></span> <span class='ocrx_word' id='word_1_733' title='bbox 1116 4628 1306 4684; x_wconf 75' lang='grc' dir='ltr'><strong>ὥσπερ</strong></span> <span class='ocrx_word' id='word_1_734' title='bbox 1357 4631 1488 4697; x_wconf 74' lang='grc' dir='ltr'><strong>περὶ</strong></span> <span class='ocrx_word' id='word_1_735' title='bbox 1527 4628 1625 4694; x_wconf 81' lang='grc' dir='ltr'><strong>τῆς</strong></span> <span class='ocrx_word' id='word_1_736' title='bbox 1659 4627 1966 4692; x_wconf 73' lang='grc' dir='ltr'><strong>κοινωνίας,</strong></span> 
     </span>
    </p>
   </div>
   <div class='ocr_carea' id='block_1_97' title="bbox 411 4719 1969 4792">
    <p class='ocr_par' dir='ltr' id='par_1_97' title="bbox 411 4719 1969 4792">
     <span class='ocr_line' id='line_1_97' title="bbox 411 4719 1969 4792; baseline -0.003 -16"><span class='ocrx_word' id='word_1_737' title='bbox 411 4723 552 4776; x_wconf 79' lang='grc' dir='ltr'><strong>οὕτω</strong></span> <span class='ocrx_word' id='word_1_738' title='bbox 577 4727 673 4776; x_wconf 76' lang='grc' dir='ltr'><strong>καὶ</strong></span> <span class='ocrx_word' id='word_1_739' title='bbox 717 4723 845 4792; x_wconf 76' lang='grc' dir='ltr'><strong>περὶ</strong></span> <span class='ocrx_word' id='word_1_740' title='bbox 878 4722 975 4789; x_wconf 81' lang='grc' dir='ltr'><strong>τῆς</strong></span> <span class='ocrx_word' id='word_1_741' title='bbox 1015 4719 1401 4782; x_wconf 78' lang='grc' dir='ltr'><strong>καταστάσεως</strong></span> <span class='ocrx_word' id='word_1_742' title='bbox 1433 4720 1634 4784; x_wconf 85' lang='grc' dir='ltr'><strong>αὐτῶν,</strong></span> <span class='ocrx_word' id='word_1_743' title='bbox 1680 4721 1803 4772; x_wconf 85' lang='grc' dir='ltr'>ὅσον</span> <span class='ocrx_word' id='word_1_744' title='bbox 1834 4721 1969 4789; x_wconf 74' lang='grc' dir='ltr'><strong>πρὸς</strong></span> 
     </span>
    </p>
   </div>
   <div class='ocr_carea' id='block_1_98' title="bbox 408 4810 1969 4881">
    <p class='ocr_par' dir='ltr' id='par_1_98' title="bbox 408 4810 1969 4881">
     <span class='ocr_line' id='line_1_98' title="bbox 408 4810 1969 4881; baseline -0.002 -16"><span class='ocrx_word' id='word_1_745' title='bbox 408 4816 503 4875; x_wconf 75' lang='grc' dir='ltr'><strong>τὰς</strong></span> <span class='ocrx_word' id='word_1_746' title='bbox 532 4813 786 4873; x_wconf 77' lang='grc' dir='ltr'><strong>τοιαύτας</strong></span> <span class='ocrx_word' id='word_1_747' title='bbox 829 4812 1107 4881; x_wconf 80' lang='grc' dir='ltr'><strong>ἐνεργείας</strong></span> <span class='ocrx_word' id='word_1_748' title='bbox 1157 4810 1248 4864; x_wconf 79' lang='grc' dir='ltr'><strong>τοῦ</strong></span> <span class='ocrx_word' id='word_1_749' title='bbox 1294 4811 1545 4880; x_wconf 85' lang='grc' dir='ltr'><strong>σώματος</strong></span> <span class='ocrx_word' id='word_1_750' title='bbox 1590 4813 1969 4880; x_wconf 73' lang='grc' dir='ltr'><strong>χωρήσουσιν.</strong></span> 
     </span>
    </p>
   </div>
   <div class='ocr_carea' id='block_1_99' title="bbox 409 4902 1969 4972">
    <p class='ocr_par' dir='ltr' id='par_1_99' title="bbox 409 4902 1969 4972">
     <span class='ocr_line' id='line_1_99' title="bbox 409 4902 1969 4972; baseline -0.003 -13"><span class='ocrx_word' id='word_1_751' title='bbox 409 4908 556 4959; x_wconf 82' lang='grc' dir='ltr'><strong>Διότι</strong></span> <span class='ocrx_word' id='word_1_752' title='bbox 585 4907 684 4957; x_wconf 75' lang='grc' dir='ltr'><strong>οὐκ</strong></span> <span class='ocrx_word' id='word_1_753' title='bbox 723 4903 875 4955; x_wconf 80' lang='grc' dir='ltr'><strong>ἔσται</strong></span> <span class='ocrx_word' id='word_1_754' title='bbox 925 4905 1041 4955; x_wconf 78' lang='grc' dir='ltr'><strong>ἐκεῖ</strong></span> <span class='ocrx_word' id='word_1_755' title='bbox 1074 4902 1360 4972; x_wconf 77' lang='grc' dir='ltr'><strong>βρώματος</strong></span> <span class='ocrx_word' id='word_1_756' title='bbox 1410 4902 1698 4971; x_wconf 78' lang='grc' dir='ltr'><strong>ἐπιθυμία,</strong></span> <span class='ocrx_word' id='word_1_757' title='bbox 1749 4902 1969 4970; x_wconf 67' lang='grc' dir='ltr'><strong>οὐδεμία</strong></span> 
     </span>
    </p>
   </div>
   <div class='ocr_carea' id='block_1_100' title="bbox 407 4993 1966 5063">
    <p class='ocr_par' dir='ltr' id='par_1_100' title="bbox 407 4993 1966 5063">
     <span class='ocr_line' id='line_1_100' title="bbox 407 4993 1966 5063; baseline -0.004 -15"><span class='ocrx_word' id='word_1_758' title='bbox 407 4999 524 5048; x_wconf 82' lang='grc' dir='ltr'><strong>εκεῖ</strong></span> <span class='ocrx_word' id='word_1_759' title='bbox 557 4994 954 5063; x_wconf 80' lang='grc' dir='ltr'><strong>ἐκκαυθήσεται</strong></span> <span class='ocrx_word' id='word_1_760' title='bbox 990 4995 1279 5054; x_wconf 77' lang='grc' dir='ltr'><strong>ἀκολασία,</strong></span> <span class='ocrx_word' id='word_1_761' title='bbox 1324 4993 1442 5045; x_wconf 77' lang='grc' dir='ltr'><strong>οὐδὲ</strong></span> <span class='ocrx_word' id='word_1_762' title='bbox 1479 4995 1544 5044; x_wconf 72' lang='grc' dir='ltr'><strong>τὰ</strong></span> <span class='ocrx_word' id='word_1_763' title='bbox 1593 4993 1754 5044; x_wconf 66' lang='grc' dir='ltr'><strong>λοιπὰ</strong></span> <span class='ocrx_word' id='word_1_764' title='bbox 1791 4993 1966 5060; x_wconf 73' lang='grc' dir='ltr'><strong>πάθη,</strong></span> 
     </span>
    </p>
   </div>
   <div class='ocr_carea' id='block_1_101' title="bbox 407 5073 1967 5153">
    <p class='ocr_par' dir='ltr' id='par_1_101' title="bbox 407 5073 1967 5153">
     <span class='ocr_line' id='line_1_101' title="bbox 407 5073 1967 5153; baseline -0.005 -14"><span class='ocrx_word' id='word_1_765' title='bbox 407 5091 568 5140; x_wconf 77' lang='grc' dir='ltr'><strong>ὁποῖα</strong></span> <span class='ocrx_word' id='word_1_766' title='bbox 602 5087 696 5137; x_wconf 79' lang='grc' dir='ltr'><strong>νῦν</strong></span> <span class='ocrx_word' id='word_1_767' title='bbox 728 5073 1009 5153; x_wconf 56' lang='grc' dir='ltr'><strong>πάσλοξλεν</strong></span> <span class='ocrx_word' id='word_1_768' title='bbox 1047 5083 1139 5136; x_wconf 81' lang='grc' dir='ltr'><strong>τοῦ</strong></span> <span class='ocrx_word' id='word_1_769' title='bbox 1186 5085 1471 5152; x_wconf 79' lang='grc' dir='ltr'><strong>σώματος’</strong></span> <span class='ocrx_word' id='word_1_770' title='bbox 1525 5085 1583 5135; x_wconf 71' lang='grc' dir='ltr'><strong>οὔ</strong></span> <span class='ocrx_word' id='word_1_771' title='bbox 1636 5083 1868 5150; x_wconf 81' lang='grc' dir='ltr'><strong>δάκρυα,</strong></span> <span class='ocrx_word' id='word_1_772' title='bbox 1907 5082 1967 5132; x_wconf 76' lang='grc' dir='ltr'>οὐ</span> 
     </span>
    </p>
   </div>
   <div class='ocr_carea' id='block_1_102' title="bbox 409 5175 1968 5244">
    <p class='ocr_par' dir='ltr' id='par_1_102' title="bbox 409 5175 1968 5244">
     <span class='ocr_line' id='line_1_102' title="bbox 409 5175 1968 5244; baseline -0.004 -15"><span class='ocrx_word' id='word_1_773' title='bbox 409 5178 629 5244; x_wconf 67' lang='grc' dir='ltr'><strong>θρῆνος,</strong></span> <span class='ocrx_word' id='word_1_774' title='bbox 661 5181 720 5229; x_wconf 69' lang='grc' dir='ltr'><strong>οὐ</strong></span> <span class='ocrx_word' id='word_1_775' title='bbox 773 5176 1024 5238; x_wconf 79' lang='grc' dir='ltr'><strong>κοπετὸς,</strong></span> <span class='ocrx_word' id='word_1_776' title='bbox 1053 5177 1113 5226; x_wconf 77' lang='grc' dir='ltr'>οὐ</span> <span class='ocrx_word' id='word_1_777' title='bbox 1150 5177 1310 5237; x_wconf 75' lang='grc' dir='ltr'><strong>πόνος</strong></span> <span class='ocrx_word' id='word_1_778' title='bbox 1338 5175 1531 5236; x_wconf 74' lang='grc' dir='ltr'><strong>οὐδεὶς,</strong></span> <span class='ocrx_word' id='word_1_779' title='bbox 1591 5176 1651 5226; x_wconf 78' lang='grc' dir='ltr'>οὐ</span> <span class='ocrx_word' id='word_1_780' title='bbox 1704 5175 1968 5242; x_wconf 71' lang='grc' dir='ltr'><strong>χαυνότης</strong></span> 
     </span>
    </p>
   </div>
   <div class='ocr_carea' id='block_1_103' title="bbox 409 5265 1974 5336">
    <p class='ocr_par' dir='ltr' id='par_1_103' title="bbox 409 5265 1974 5336">
     <span class='ocr_line' id='line_1_103' title="bbox 409 5265 1974 5336; baseline -0.003 -16"><span class='ocrx_word' id='word_1_781' title='bbox 409 5271 719 5330; x_wconf 79' lang='grc' dir='ltr'><strong>ἀσθενείας,</strong></span> <span class='ocrx_word' id='word_1_782' title='bbox 761 5271 820 5320; x_wconf 81' lang='grc' dir='ltr'>οὐ</span> <span class='ocrx_word' id='word_1_783' title='bbox 855 5270 1017 5334; x_wconf 59' lang='grc' dir='ltr'><strong>φόϐος</strong></span> <span class='ocrx_word' id='word_1_784' title='bbox 1047 5268 1339 5336; x_wconf 83' lang='grc' dir='ltr'><strong>πτωχείας.</strong></span> <span class='ocrx_word' id='word_1_785' title='bbox 1377 5268 1564 5328; x_wconf 72' lang='grc' dir='ltr'><strong>Οὐδεὶς</strong></span> <span class='ocrx_word' id='word_1_786' title='bbox 1597 5269 1712 5319; x_wconf 80' lang='grc' dir='ltr'><strong>ἐκεῖ</strong></span> <span class='ocrx_word' id='word_1_787' title='bbox 1743 5265 1974 5334; x_wconf 83' lang='grc' dir='ltr'><strong>βλάπτε-</strong></span> 
     </span>
    </p>
   </div>
   <div class='ocr_carea' id='block_1_104' title="bbox 411 5358 1970 5428">
    <p class='ocr_par' dir='ltr' id='par_1_104' title="bbox 411 5358 1970 5428">
     <span class='ocr_line' id='line_1_104' title="bbox 411 5358 1970 5428; baseline 0.004 -21"><span class='ocrx_word' id='word_1_788' title='bbox 411 5375 524 5419; x_wconf 79' lang='grc' dir='ltr'><strong>ται,</strong></span> <span class='ocrx_word' id='word_1_789' title='bbox 579 5359 750 5419; x_wconf 74' lang='grc' dir='ltr'><strong>οὐδεὶς</strong></span> <span class='ocrx_word' id='word_1_790' title='bbox 782 5359 1098 5428; x_wconf 77' lang='grc' dir='ltr'><strong>ὀργίζεται,</strong></span> <span class='ocrx_word' id='word_1_791' title='bbox 1149 5358 1323 5420; x_wconf 72' lang='grc' dir='ltr'><strong>οὐδεὶς</strong></span> <span class='ocrx_word' id='word_1_792' title='bbox 1366 5359 1564 5426; x_wconf 47' lang='grc' dir='ltr'><strong>’φθονεῖ</strong></span> <span class='ocrx_word' id='word_1_793' title='bbox 1603 5359 1679 5427; x_wconf 83' lang='grc' dir='ltr'><strong>τῷ</strong></span> <span class='ocrx_word' id='word_1_794' title='bbox 1726 5359 1970 5426; x_wconf 68' lang='grc' dir='ltr'><strong>πλησίον.</strong></span> 
     </span>
    </p>
   </div>
   <div class='ocr_carea' id='block_1_105' title="bbox 411 5449 1973 5518">
    <p class='ocr_par' dir='ltr' id='par_1_105' title="bbox 411 5449 1973 5518">
     <span class='ocr_line' id='line_1_105' title="bbox 411 5449 1973 5518; baseline 0.003 -20"><span class='ocrx_word' id='word_1_795' title='bbox 411 5449 651 5516; x_wconf 66' lang='grc' dir='ltr'><strong>Οζρὸεμξα</strong></span> <span class='ocrx_word' id='word_1_796' title='bbox 674 5449 858 5501; x_wconf 77' lang='grc' dir='ltr'><strong>νύσσει</strong></span> <span class='ocrx_word' id='word_1_797' title='bbox 890 5449 1053 5518; x_wconf 81' lang='grc' dir='ltr'><strong>τιμῆς</strong></span> <span class='ocrx_word' id='word_1_798' title='bbox 1076 5450 1108 5518; x_wconf 82' lang='grc' dir='ltr'>ἣ</span> <span class='ocrx_word' id='word_1_799' title='bbox 1129 5449 1405 5516; x_wconf 86' lang='grc' dir='ltr'><strong>δυνάμεως</strong></span> <span class='ocrx_word' id='word_1_800' title='bbox 1425 5450 1723 5518; x_wconf 75' lang='grc' dir='ltr'><strong>φιλοτιμία,</strong></span> <span class='ocrx_word' id='word_1_801' title='bbox 1749 5450 1973 5518; x_wconf 79' lang='grc' dir='ltr'><strong>οὐδεμία</strong></span> 
     </span>
    </p>
   </div>
   <div class='ocr_carea' id='block_1_106' title="bbox 485 5579 1498 5650">
    <p class='ocr_par' dir='ltr' id='par_1_106' title="bbox 485 5579 1498 5650">
     <span class='ocr_line' id='line_1_106' title="bbox 485 5579 1498 5650; baseline 0.002 -14"><span class='ocrx_word' id='word_1_802' title='bbox 485 5579 529 5610; x_wconf 72' lang='grc' dir='ltr'><strong>δ’</strong></span> <span class='ocrx_word' id='word_1_803' title='bbox 557 5582 712 5636; x_wconf 82' lang='lat' dir='ltr'><strong>Joan.</strong></span> <span class='ocrx_word' id='word_1_804' title='bbox 746 5600 873 5650; x_wconf 77' lang='grc' dir='ltr'><strong>ιιι-ιι,</strong></span> <span class='ocrx_word' id='word_1_805' title='bbox 911 5587 961 5639; x_wconf 75' lang='grc'><strong>5.</strong></span> <span class='ocrx_word' id='word_1_806' title='bbox 1038 5585 1082 5616; x_wconf 79' lang='grc' dir='ltr'><strong>⁵ο</strong></span> <span class='ocrx_word' id='word_1_807' title='bbox 1114 5584 1267 5638; x_wconf 84' lang='lat' dir='ltr'><strong>Joan.</strong></span> <span class='ocrx_word' id='word_1_808' title='bbox 1304 5599 1374 5647; x_wconf 74' lang='lat' dir='ltr'><strong>vi,</strong></span> <span class='ocrx_word' id='word_1_809' title='bbox 1411 5585 1498 5638; x_wconf 78' lang='lat'><strong>57.</strong></span> 
     </span>
    </p>
   </div>
   <div class='ocr_carea' id='block_1_107' title="bbox 413 5653 1752 5720">
    <p class='ocr_par' dir='ltr' id='par_1_107' title="bbox 413 5653 1752 5720">
     <span class='ocr_line' id='line_1_107' title="bbox 413 5653 1752 5720; baseline 0.006 -20"><span class='ocrx_word' id='word_1_810' title='bbox 413 5663 510 5715; x_wconf 68' lang='lat' dir='ltr'><strong>vti,</strong></span> <span class='ocrx_word' id='word_1_811' title='bbox 545 5653 636 5705; x_wconf 63' lang='lat'><strong>&#39;24.</strong></span> <span class='ocrx_word' id='word_1_812' title='bbox 714 5658 757 5688; x_wconf 78' lang='grc'>⁸⁸</span> <span class='ocrx_word' id='word_1_813' title='bbox 787 5655 962 5708; x_wconf 84' lang='lat' dir='ltr'><strong>Galat.</strong></span> <span class='ocrx_word' id='word_1_814' title='bbox 995 5670 1052 5720; x_wconf 90' lang='lat' dir='ltr'><strong>ll,</strong></span> <span class='ocrx_word' id='word_1_815' title='bbox 1076 5656 1166 5708; x_wconf 73' lang='lat'><strong>‘20.</strong></span> <span class='ocrx_word' id='word_1_816' title='bbox 1245 5657 1290 5686; x_wconf 77' lang='grc'><strong>⁵⁸</strong></span> <span class='ocrx_word' id='word_1_817' title='bbox 1317 5655 1549 5720; x_wconf 74' lang='lat' dir='ltr'><strong>Pailipp.</strong></span> <span class='ocrx_word' id='word_1_818' title='bbox 1595 5670 1630 5718; x_wconf 86' lang='grc' dir='ltr'><strong>ι,</strong></span> <span class='ocrx_word' id='word_1_819' title='bbox 1662 5656 1752 5708; x_wconf 71' lang='lat'><strong>9.5.</strong></span> 
     </span>
    </p>
   </div>
   <div class='ocr_carea' id='block_1_108' title="bbox 1572 5585 2070 5652">
    <p class='ocr_par' dir='ltr' id='par_1_108' title="bbox 1572 5585 2070 5652">
     <span class='ocr_line' id='line_1_108' title="bbox 1572 5585 2070 5652; baseline 0.004 -14"><span class='ocrx_word' id='word_1_820' title='bbox 1572 5585 1615 5617; x_wconf 77' lang='lat'>“</span> <span class='ocrx_word' id='word_1_821' title='bbox 1652 5585 1796 5640; x_wconf 83' lang='lat' dir='ltr'><strong>Psal.</strong></span> <span class='ocrx_word' id='word_1_822' title='bbox 1829 5601 1950 5652; x_wconf 76' lang='lat' dir='ltr'><strong>xxx,</strong></span> <span class='ocrx_word' id='word_1_823' title='bbox 1977 5585 2070 5640; x_wconf 80' lang='lat'><strong>‘20.</strong></span> 
     </span>
    </p>
   </div>
   <div class='ocr_carea' id='block_1_109' title="bbox 2067 4451 3639 4522">
    <p class='ocr_par' dir='ltr' id='par_1_109' title="bbox 2067 4451 3639 4522">
     <span class='ocr_line' id='line_1_109' title="bbox 2067 4451 3639 4522; baseline -0.001 -16"><span class='ocrx_word' id='word_1_824' title='bbox 2067 4454 2156 4522; x_wconf 87' lang='lat' dir='ltr'><strong>jus</strong></span> <span class='ocrx_word' id='word_1_825' title='bbox 2185 4453 2305 4506; x_wconf 60' lang='lat' dir='ltr'><strong>vitae</strong></span> <span class='ocrx_word' id='word_1_826' title='bbox 2336 4465 2520 4506; x_wconf 87' lang='lat' dir='ltr'><strong>amore</strong></span> <span class='ocrx_word' id='word_1_827' title='bbox 2553 4468 2660 4504; x_wconf 92' lang='lat' dir='ltr'><strong>nou</strong></span> <span class='ocrx_word' id='word_1_828' title='bbox 2686 4452 2926 4521; x_wconf 88' lang='lat' dir='ltr'><strong>capitur,</strong></span> <span class='ocrx_word' id='word_1_829' title='bbox 2957 4451 3010 4506; x_wconf 92' lang='lat' dir='ltr'><strong>in</strong></span> <span class='ocrx_word' id='word_1_830' title='bbox 3045 4468 3152 4522; x_wconf 87' lang='lat' dir='ltr'><strong>qua</strong></span> <span class='ocrx_word' id='word_1_831' title='bbox 3186 4451 3389 4507; x_wconf 73' lang='lat' dir='ltr'><strong>divitia:</strong></span> <span class='ocrx_word' id='word_1_832' title='bbox 3425 4462 3480 4506; x_wconf 89' lang='lat' dir='ltr'><strong>et</strong></span> <span class='ocrx_word' id='word_1_833' title='bbox 3504 4452 3639 4506; x_wconf 72' lang='lat' dir='ltr'><strong>dili-</strong></span> 
     </span>
    </p>
   </div>
   <div class='ocr_carea' id='block_1_110' title="bbox 2072 4541 3632 4612">
    <p class='ocr_par' dir='ltr' id='par_1_110' title="bbox 2072 4541 3632 4612">
     <span class='ocr_line' id='line_1_110' title="bbox 2072 4541 3632 4612; baseline -0.001 -16"><span class='ocrx_word' id='word_1_834' title='bbox 2072 4542 2170 4596; x_wconf 76' lang='lat' dir='ltr'><strong>ciae</strong></span> <span class='ocrx_word' id='word_1_835' title='bbox 2199 4551 2253 4596; x_wconf 89' lang='lat' dir='ltr'><strong>et</strong></span> <span class='ocrx_word' id='word_1_836' title='bbox 2287 4541 2479 4610; x_wconf 82' lang='lat' dir='ltr'><strong>gaudia</strong></span> <span class='ocrx_word' id='word_1_837' title='bbox 2508 4544 2584 4596; x_wconf 87' lang='lat' dir='ltr'><strong>sic</strong></span> <span class='ocrx_word' id='word_1_838' title='bbox 2611 4543 2960 4607; x_wconf 89' lang='lat' dir='ltr'><strong>inchoantur,</strong></span> <span class='ocrx_word' id='word_1_839' title='bbox 2994 4553 3051 4596; x_wconf 92' lang='lat' dir='ltr'><strong>ut</strong></span> <span class='ocrx_word' id='word_1_840' title='bbox 3093 4544 3235 4598; x_wconf 80' lang='lat' dir='ltr'><strong>finiri</strong></span> <span class='ocrx_word' id='word_1_841' title='bbox 3271 4543 3632 4612; x_wconf 77' lang='lat' dir='ltr'><strong>nonpossint.</strong></span> 
     </span>
    </p>
   </div>
   <div class='ocr_carea' id='block_1_111' title="bbox 2073 4633 3632 4704">
    <p class='ocr_par' dir='ltr' id='par_1_111' title="bbox 2073 4633 3632 4704">
     <span class='ocr_line' id='line_1_111' title="bbox 2073 4633 3632 4704; baseline -0.004 -14"><span class='ocrx_word' id='word_1_842' title='bbox 2073 4633 2240 4704; x_wconf 81' lang='lat' dir='ltr'><strong>Cujus</strong></span> <span class='ocrx_word' id='word_1_843' title='bbox 2297 4635 2388 4702; x_wconf 88' lang='lat' dir='ltr'><strong>qui</strong></span> <span class='ocrx_word' id='word_1_844' title='bbox 2454 4644 2663 4687; x_wconf 89' lang='lat' dir='ltr'><strong>amator</strong></span> <span class='ocrx_word' id='word_1_845' title='bbox 2711 4650 2831 4690; x_wconf 88' lang='lat' dir='ltr'><strong>esse</strong></span> <span class='ocrx_word' id='word_1_846' title='bbox 2887 4635 3142 4699; x_wconf 82' lang='lat' dir='ltr'><strong>noluerit,</strong></span> <span class='ocrx_word' id='word_1_847' title='bbox 3199 4645 3254 4690; x_wconf 90' lang='lat' dir='ltr'><strong>et</strong></span> <span class='ocrx_word' id='word_1_848' title='bbox 3312 4646 3632 4703; x_wconf 73' lang='lat' dir='ltr'><strong>praesentem</strong></span> 
     </span>
    </p>
   </div>
   <div class='ocr_carea' id='block_1_112' title="bbox 2076 4726 3636 4795">
    <p class='ocr_par' dir='ltr' id='par_1_112' title="bbox 2076 4726 3636 4795">
     <span class='ocr_line' id='line_1_112' title="bbox 2076 4726 3636 4795; baseline -0.001 -18"><span class='ocrx_word' id='word_1_849' title='bbox 2076 4726 2263 4795; x_wconf 76' lang='lat' dir='ltr'><strong>perdet</strong></span> <span class='ocrx_word' id='word_1_850' title='bbox 2311 4726 2473 4778; x_wconf 82' lang='lat' dir='ltr'><strong>vitam</strong></span> <span class='ocrx_word' id='word_1_851' title='bbox 2533 4727 2914 4794; x_wconf 88' lang='lat' dir='ltr'><strong>temporalem,</strong></span> <span class='ocrx_word' id='word_1_852' title='bbox 2970 4735 3024 4780; x_wconf 91' lang='lat' dir='ltr'><strong>et</strong></span> <span class='ocrx_word' id='word_1_853' title='bbox 3083 4727 3226 4779; x_wconf 78' lang='lat' dir='ltr'><strong>hanc</strong></span> <span class='ocrx_word' id='word_1_854' title='bbox 3273 4737 3536 4780; x_wconf 70' lang='lat' dir='ltr'><strong>mternam</strong></span> <span class='ocrx_word' id='word_1_855' title='bbox 3569 4727 3636 4775; x_wconf 85' lang='lat' dir='ltr'><strong>de</strong></span> 
     </span>
    </p>
   </div>
   <div class='ocr_carea' id='block_1_113' title="bbox 2078 4818 3634 4888">
    <p class='ocr_par' dir='ltr' id='par_1_113' title="bbox 2078 4818 3634 4888">
     <span class='ocr_line' id='line_1_113' title="bbox 2078 4818 3634 4888; baseline 0.007 -17"><span class='ocrx_word' id='word_1_856' title='bbox 2078 4833 2183 4887; x_wconf 87' lang='lat' dir='ltr'><strong>qua</strong></span> <span class='ocrx_word' id='word_1_857' title='bbox 2214 4818 2492 4886; x_wconf 90' lang='lat' dir='ltr'><strong>loquimur</strong></span> <span class='ocrx_word' id='word_1_858' title='bbox 2525 4834 2630 4870; x_wconf 89' lang='lat' dir='ltr'><strong>non</strong></span> <span class='ocrx_word' id='word_1_859' title='bbox 2661 4818 2923 4876; x_wconf 85' lang='lat' dir='ltr'><strong>inveniet.</strong></span> <span class='ocrx_word' id='word_1_860' title='bbox 2957 4831 3119 4888; x_wconf 88' lang='lat' dir='ltr'><strong>atque</strong></span> <span class='ocrx_word' id='word_1_861' title='bbox 3143 4837 3170 4872; x_wconf 91' lang='lat' dir='ltr'><strong>a</strong></span> <span class='ocrx_word' id='word_1_862' title='bbox 3214 4834 3387 4878; x_wconf 83' lang='lat' dir='ltr'><strong>morte</strong></span> <span class='ocrx_word' id='word_1_863' title='bbox 3433 4834 3634 4882; x_wconf 55' lang='lat' dir='ltr'><strong>aeterna</strong></span> 
     </span>
    </p>
   </div>
   <div class='ocr_carea' id='block_1_114' title="bbox 2079 4897 3632 4979">
    <p class='ocr_par' dir='ltr' id='par_1_114' title="bbox 2079 4897 3632 4979">
     <span class='ocr_line' id='line_1_114' title="bbox 2079 4897 3632 4979; baseline 0.006 -17"><span class='ocrx_word' id='word_1_864' title='bbox 2079 4910 2344 4978; x_wconf 87' lang='lat' dir='ltr'><strong>capietur.</strong></span> <span class='ocrx_word' id='word_1_865' title='bbox 2382 4908 2554 4976; x_wconf 83' lang='lat' dir='ltr'><strong>llnjus</strong></span> <span class='ocrx_word' id='word_1_866' title='bbox 2584 4897 2798 4961; x_wconf 56' lang='grc' dir='ltr'><strong>αισι-ηιξ</strong></span> <span class='ocrx_word' id='word_1_867' title='bbox 2829 4909 2972 4963; x_wconf 66' lang='lat' dir='ltr'><strong>vitae.</strong></span> <span class='ocrx_word' id='word_1_868' title='bbox 3003 4918 3056 4962; x_wconf 89' lang='lat' dir='ltr'><strong>et</strong></span> <span class='ocrx_word' id='word_1_869' title='bbox 3089 4922 3304 4965; x_wconf 64' lang='lat' dir='ltr'><strong>auarum</strong></span> <span class='ocrx_word' id='word_1_870' title='bbox 3335 4913 3632 4979; x_wconf 77' lang='lat' dir='ltr'><strong>felii-itatis,</strong></span> 
     </span>
    </p>
   </div>
   <div class='ocr_carea' id='block_1_115' title="bbox 2079 4995 3638 5063">
    <p class='ocr_par' dir='ltr' id='par_1_115' title="bbox 2079 4995 3638 5063">
     <span class='ocr_line' id='line_1_115' title="bbox 2079 4995 3638 5063; baseline 0.004 -14"><span class='ocrx_word' id='word_1_871' title='bbox 2079 4999 2206 5050; x_wconf 89' lang='lat' dir='ltr'><strong>olim</strong></span> <span class='ocrx_word' id='word_1_872' title='bbox 2242 5013 2466 5063; x_wconf 77' lang='lat' dir='ltr'><strong>magnus</strong></span> <span class='ocrx_word' id='word_1_873' title='bbox 2496 4997 2692 5048; x_wconf 82' lang='lat' dir='ltr'><strong>Paulus</strong></span> <span class='ocrx_word' id='word_1_874' title='bbox 2727 5004 2910 5049; x_wconf 85' lang='lat' dir='ltr'><strong>noster</strong></span> <span class='ocrx_word' id='word_1_875' title='bbox 2958 4995 3083 5050; x_wconf 82' lang='lat' dir='ltr'><strong>Jesn</strong></span> <span class='ocrx_word' id='word_1_876' title='bbox 3120 4996 3326 5052; x_wconf 84' lang='lat' dir='ltr'><strong>Christi</strong></span> <span class='ocrx_word' id='word_1_877' title='bbox 3365 5002 3638 5057; x_wconf 88' lang='lat' dir='ltr'><strong>desiderio</strong></span> 
     </span>
    </p>
   </div>
   <div class='ocr_carea' id='block_1_116' title="bbox 2081 5071 3640 5159">
    <p class='ocr_par' dir='ltr' id='par_1_116' title="bbox 2081 5071 3640 5159">
     <span class='ocr_line' id='line_1_116' title="bbox 2081 5071 3640 5159; baseline 0.007 -20"><span class='ocrx_word' id='word_1_878' title='bbox 2081 5071 2306 5149; x_wconf 60' lang='lat' dir='ltr'><strong>tractus,</strong></span> <span class='ocrx_word' id='word_1_879' title='bbox 2363 5088 2428 5138; x_wconf 82' lang='lat' dir='ltr'><strong>de</strong></span> <span class='ocrx_word' id='word_1_880' title='bbox 2465 5087 2655 5139; x_wconf 56' lang='lat' dir='ltr'><strong>emilio</strong></span> <span class='ocrx_word' id='word_1_881' title='bbox 2688 5088 2810 5140; x_wconf 72' lang='lat' dir='ltr'><strong>vitze</strong></span> <span class='ocrx_word' id='word_1_882' title='bbox 2855 5090 3136 5154; x_wconf 71' lang='lat' dir='ltr'><strong>prtesentis</strong></span> <span class='ocrx_word' id='word_1_883' title='bbox 3165 5106 3528 5159; x_wconf 88' lang='lat' dir='ltr'><strong>conquerens,</strong></span> <span class='ocrx_word' id='word_1_884' title='bbox 3561 5098 3640 5150; x_wconf 79' lang='lat' dir='ltr'><strong>sic</strong></span> 
     </span>
    </p>
   </div>
   <div class='ocr_carea' id='block_1_117' title="bbox 2079 5174 3639 5247">
    <p class='ocr_par' dir='ltr' id='par_1_117' title="bbox 2079 5174 3639 5247">
     <span class='ocr_line' id='line_1_117' title="bbox 2079 5174 3639 5247; baseline 0.007 -18"><span class='ocrx_word' id='word_1_885' title='bbox 2079 5179 2346 5230; x_wconf 81' lang='lat' dir='ltr'><strong>clamabat</strong></span> <span class='ocrx_word' id='word_1_886' title='bbox 2375 5195 2386 5229; x_wconf 95' lang='lat'>:</span> <span class='ocrx_word' id='word_1_887' title='bbox 2434 5195 2450 5225; x_wconf 79' lang='grc' dir='ltr'><strong>ι</strong></span> <span class='ocrx_word' id='word_1_888' title='bbox 2491 5177 2533 5229; x_wconf 90' lang='grc' dir='ltr'>Ο</span> <span class='ocrx_word' id='word_1_889' title='bbox 2576 5177 2759 5229; x_wconf 65' lang='lat' dir='ltr'><strong>infelix</strong></span> <span class='ocrx_word' id='word_1_890' title='bbox 2791 5180 2972 5243; x_wconf 87' lang='lat' dir='ltr'><strong>homo,</strong></span> <span class='ocrx_word' id='word_1_891' title='bbox 3004 5179 3126 5247; x_wconf 88' lang='lat' dir='ltr'><strong>quis</strong></span> <span class='ocrx_word' id='word_1_892' title='bbox 3159 5197 3241 5233; x_wconf 85' lang='lat' dir='ltr'><strong>me</strong></span> <span class='ocrx_word' id='word_1_893' title='bbox 3287 5174 3542 5238; x_wconf 74' lang='lat' dir='ltr'><strong>liberal-it</strong></span> <span class='ocrx_word' id='word_1_894' title='bbox 3572 5187 3639 5240; x_wconf 87' lang='lat' dir='ltr'><strong>de</strong></span> 
     </span>
    </p>
   </div>
   <div class='ocr_carea' id='block_1_118' title="bbox 2081 5259 3638 5344">
    <p class='ocr_par' dir='ltr' id='par_1_118' title="bbox 2081 5259 3638 5344">
     <span class='ocr_line' id='line_1_118' title="bbox 2081 5259 3638 5344; baseline 0.006 -23"><span class='ocrx_word' id='word_1_895' title='bbox 2081 5259 2306 5335; x_wconf 76' lang='lat' dir='ltr'><strong>corpore</strong></span> <span class='ocrx_word' id='word_1_896' title='bbox 2355 5269 2543 5321; x_wconf 87' lang='lat' dir='ltr'><strong>mortis</strong></span> <span class='ocrx_word' id='word_1_897' title='bbox 2601 5269 2759 5335; x_wconf 80' lang='lat' dir='ltr'><strong>hujus</strong></span> <span class='ocrx_word' id='word_1_898' title='bbox 2789 5270 2968 5322; x_wconf 58' lang='lat'><strong>°‘?-—-</strong></span> <span class='ocrx_word' id='word_1_899' title='bbox 3007 5271 3140 5326; x_wconf 80' lang='lat' dir='ltr'><strong>Vivo</strong></span> <span class='ocrx_word' id='word_1_900' title='bbox 3191 5289 3310 5343; x_wconf 76' lang='lat' dir='ltr'><strong>ego,</strong></span> <span class='ocrx_word' id='word_1_901' title='bbox 3366 5276 3475 5344; x_wconf 86' lang='lat' dir='ltr'><strong>jam</strong></span> <span class='ocrx_word' id='word_1_902' title='bbox 3532 5292 3638 5330; x_wconf 69' lang='lat' dir='ltr'><strong>non</strong></span> 
     </span>
    </p>
   </div>
   <div class='ocr_carea' id='block_1_119' title="bbox 2081 5359 3641 5431">
    <p class='ocr_par' dir='ltr' id='par_1_119' title="bbox 2081 5359 3641 5431">
     <span class='ocr_line' id='line_1_119' title="bbox 2081 5359 3641 5431; baseline 0.006 -22"><span class='ocrx_word' id='word_1_903' title='bbox 2081 5373 2200 5425; x_wconf 83' lang='lat' dir='ltr'><strong>ego,</strong></span> <span class='ocrx_word' id='word_1_904' title='bbox 2241 5359 2371 5409; x_wconf 79' lang='lat' dir='ltr'><strong>vivit</strong></span> <span class='ocrx_word' id='word_1_905' title='bbox 2401 5367 2578 5410; x_wconf 80' lang='lat' dir='ltr'><strong>autem</strong></span> <span class='ocrx_word' id='word_1_906' title='bbox 2613 5360 2664 5412; x_wconf 92' lang='lat' dir='ltr'><strong>in</strong></span> <span class='ocrx_word' id='word_1_907' title='bbox 2700 5375 2783 5411; x_wconf 86' lang='lat' dir='ltr'><strong>me</strong></span> <span class='ocrx_word' id='word_1_908' title='bbox 2816 5359 3065 5414; x_wconf 86' lang='lat' dir='ltr'><strong>Christus</strong></span> <span class='ocrx_word' id='word_1_909' title='bbox 3092 5362 3157 5413; x_wconf 79' lang='grc'><strong>⁸⁵.</strong></span> <span class='ocrx_word' id='word_1_910' title='bbox 3191 5393 3260 5430; x_wconf 58' lang='grc' dir='ltr'><strong>-έ</strong></span> <span class='ocrx_word' id='word_1_911' title='bbox 3311 5362 3485 5431; x_wconf 86' lang='lat' dir='ltr'><strong>Cupio</strong></span> <span class='ocrx_word' id='word_1_912' title='bbox 3528 5366 3641 5418; x_wconf 87' lang='lat' dir='ltr'><strong>dis-</strong></span> 
     </span>
    </p>
   </div>
   <div class='ocr_carea' id='block_1_120' title="bbox 2081 5450 3640 5512">
    <p class='ocr_par' dir='ltr' id='par_1_120' title="bbox 2081 5450 3640 5512">
     <span class='ocr_line' id='line_1_120' title="bbox 2081 5450 3640 5512; baseline 0.005 -10"><span class='ocrx_word' id='word_1_913' title='bbox 2081 5450 2236 5512; x_wconf 81' lang='lat' dir='ltr'><strong>solvi,</strong></span> <span class='ocrx_word' id='word_1_914' title='bbox 2285 5461 2490 5505; x_wconf 79' lang='lat' dir='ltr'><strong>etesse</strong></span> <span class='ocrx_word' id='word_1_915' title='bbox 2543 5467 2664 5505; x_wconf 88' lang='lat' dir='ltr'><strong>cum</strong></span> <span class='ocrx_word' id='word_1_916' title='bbox 2715 5451 2932 5506; x_wconf 84' lang='lat' dir='ltr'><strong>Christo</strong></span> <span class='ocrx_word' id='word_1_917' title='bbox 2957 5455 3021 5506; x_wconf 76' lang='lat'><strong>‘°.</strong></span> <span class='ocrx_word' id='word_1_918' title='bbox 3065 5475 3080 5505; x_wconf 77' lang='grc' dir='ltr'><strong>ι</strong></span> <span class='ocrx_word' id='word_1_919' title='bbox 3109 5455 3438 5510; x_wconf 79' lang='lat' dir='ltr'><strong>Abscondita</strong></span> <span class='ocrx_word' id='word_1_920' title='bbox 3493 5463 3640 5511; x_wconf 71' lang='lat' dir='ltr'><strong>enim</strong></span> 
     </span>
    </p>
   </div>
   <div class='ocr_carea' id='block_1_121' title="bbox 2148 5585 3634 5652">
    <p class='ocr_par' dir='ltr' id='par_1_121' title="bbox 2148 5585 3634 5652">
     <span class='ocr_line' id='line_1_121' title="bbox 2148 5585 3634 5652; baseline 0.001 -12"><span class='ocrx_word' id='word_1_921' title='bbox 2148 5586 2192 5616; x_wconf 85' lang='lat'>”</span> <span class='ocrx_word' id='word_1_922' title='bbox 2222 5585 2412 5640; x_wconf 70' lang='lat' dir='ltr'><strong>Matth.</strong></span> <span class='ocrx_word' id='word_1_923' title='bbox 2443 5603 2572 5652; x_wconf 74' lang='lat' dir='ltr'><strong>xx&quot;,</strong></span> <span class='ocrx_word' id='word_1_924' title='bbox 2603 5588 2690 5642; x_wconf 78' lang='lat'><strong>50.</strong></span> <span class='ocrx_word' id='word_1_925' title='bbox 2765 5588 2810 5618; x_wconf 81' lang='grc'>⁸³</span> <span class='ocrx_word' id='word_1_926' title='bbox 2846 5585 3034 5643; x_wconf 81' lang='lat' dir='ltr'><strong>Matth.</strong></span> <span class='ocrx_word' id='word_1_927' title='bbox 3074 5603 3191 5652; x_wconf 81' lang='lat' dir='ltr'><strong>xm,</strong></span> <span class='ocrx_word' id='word_1_928' title='bbox 3235 5590 3320 5642; x_wconf 64' lang='grc'><strong>45.</strong></span> <span class='ocrx_word' id='word_1_929' title='bbox 3398 5591 3444 5623; x_wconf 62' lang='grc'><strong>⁸⁸</strong></span> <span class='ocrx_word' id='word_1_930' title='bbox 3475 5589 3634 5644; x_wconf 80' lang='lat' dir='ltr'><strong>Rom.</strong></span> 
     </span>
    </p>
   </div>
   <div class='ocr_carea' id='block_1_122' title="bbox 2765 5585 3320 5657">
    <p class='ocr_par' dir='ltr' id='par_1_122' title="bbox 2765 5585 3320 5657">
     <span class='ocr_line' id='line_1_122' title="bbox 2765 5585 3320 5657; baseline 0.005 -18"><span class='ocrx_word' id='word_1_931' title='bbox 2765 5588 2810 5618; x_wconf 81' lang='grc'><strong>⁸³</strong></span> <span class='ocrx_word' id='word_1_932' title='bbox 2846 5585 3034 5643; x_wconf 81' lang='lat' dir='ltr'><strong>Matth.</strong></span> <span class='ocrx_word' id='word_1_933' title='bbox 3074 5603 3191 5657; x_wconf 81' lang='lat' dir='ltr'><strong>xm,</strong></span> <span class='ocrx_word' id='word_1_934' title='bbox 3235 5590 3320 5642; x_wconf 64' lang='grc'><strong>45.</strong></span> 
     </span>
    </p>
   </div>
  </div>
