3904 6216
431 215 562 278 “61

1662 211 2041 273 DEMETRII
2076 211 2383 273 CYDONH

3494 211 3593 273 1168

426 348 509 392 est
539 334 863 391 mortalibus
922 335 1011 389 illa
1044 335 1153 390 vita
1184 353 1196 402 ;
1226 335 1354 405 quia
1408 332 1649 402 quandiu
1706 346 1896 387 sumus
1936 332 1989 385 in

2112 331 2261 384 ἔσται
2304 330 2423 382 τότε
2463 328 2717 396 διχόνοια,
2768 325 2903 380 ἀλλά
2943 326 3207 395 σύμφωνα
3257 326 3434 378 πάντα.
3472 333 3597 385 Οὐδὲν

428 430 652 490 mundo.
678 428 1093 498 peregrinamur
1120 442 1150 479 a
1179 427 1406 479 Domino
1422 425 1488 479 ⁸⁷.
1518 423 1623 479 Sed
1658 433 1787 478 tunc
1837 439 1996 479 reve-

428 522 653 579 labitur,
703 526 760 572 et
813 517 1275 580 manilestabitur,
1342 530 1467 569 cum
1524 514 1786 569 Dominus
1837 514 1997 569 Jesus

427 611 660 680 coeperit
695 626 795 678 pro
826 609 1062 663 terrenis
1112 606 1377 670 cmlestia,
1444 621 1542 675 pro
1598 606 1997 675 temperalibus

428 704 786 773 sempiterna,
810 717 910 771 pro
947 701 1174 754 modicis
1206 714 1394 769 magna
1430 705 1708 768 praestare.
1732 705 1788 751 et
1819 695 1997 749 addu-

428 810 553 847 cere
579 807 765 847 secum
799 803 1021 846 sanctos
1053 791 1105 843 in
1142 790 1353 843 visione
1410 797 1648 858 paternae
1704 787 1911 857 gloriae,
1947 794 2001 839 et

428 886 609 939 facere
644 898 828 938 secum
857 884 908 936 iu
952 882 1273 937 cmlestibus
1330 881 1644 944 considere,
1677 882 1871 948 suique
1896 879 1999 931 im-

361 978 364 980 ’
428 976 815 1029 mortalitatem
838 974 1045 1043 largiri,
1072 975 1135 1027 ad
1161 988 1321 1040 quam
1348 973 1429 1026 sui
1452 972 1730 1040 sanguinis
1759 971 2002 1035 viviﬁca-

432 1068 582 1121 tione
611 1081 707 1121 eos
742 1065 1038 1134 reparavit.
1070 1083 1087 1115 ι
1124 1065 1167 1117 0
1197 1079 1362 1132 quam
1394 1063 1633 1131 gloriosa
1673 1061 1816 1114 dicta
1874 1068 2003 1113 sunt

427 1161 495 1214 de
522 1171 594 1221 te,
638 1160 832 1212 civitas
862 1158 952 1211 Dei
971 1158 1014 1189 ⁸⁸
1042 1158 1054 1210 ἰ
1080 1155 1192 1210 -Ο
1209 1171 1370 1224 quam
1392 1155 1589 1208 dilecta
1628 1152 2006 1213 tabernacula,

433 1251 661 1305 Domine
719 1250 987 1302 virtutum
1034 1249 1046 1301 l
1096 1244 1435 1314 concupiscit
1470 1252 1525 1297 et
1580 1241 1764 1296 deficit
1818 1242 1997 1294 anima

430 1357 549 1395 mea
584 1342 640 1394 in
676 1340 814 1394 atria
850 1338 1061 1392 Domini
1088 1340 1157 1399 ‘9,
1182 1355 1199 1387 ›
1246 1335 1462 1388 dicebat
1508 1332 1808 1402 propheta;
1852 1350 1869 1382 ι
1906 1341 2003 1385 cor

430 1445 613 1485 meum
671 1438 726 1483 et
772 1442 903 1483 caro
958 1439 1079 1482 mea
1126 1425 1541 1480 exsultavcrunt
1589 1424 1644 1478 in
1698 1423 1865 1478 Deum
1922 1422 2004 1475 vi-

428 1538 556 1576 vum
584 1522 649 1574 ⁶⁶.
687 1538 706 1572 ι
805 1564 821 1575 .

2102 421 2256 473 ἔσται
2287 421 2404 472 ἐκεῖ
2434 418 2527 472 τοῦ
2554 416 2799 471 διαϐόλου
2829 417 2971 481 δέος,
3005 416 3198 485 ὲνέδρα
3228 416 3467 486 δαιμόνων
3488 422 3600 475 οὐδε.

2106 512 2228 582 μία,
2276 511 2439 580 φόϐος
2468 511 2569 576 τῆς
2615 511 2841 581 γεέννης
2892 511 3138 579 μακράν.
3192 510 3391 579 Γαληνά
3439 512 3602 566 ἔσονται

2106 602 2306 666 πάντα,
2341 602 2434 654 καὶ
2464 600 2562 654 σὺν
2590 600 2792 670 αἰωνίῳ
2823 601 3127 670 ἀσφαλείᾳ,
3158 601 3235 672 Τῇ
3262 601 3465 673 ἀληθείᾳ
3489 607 3605 672 ἀγεν-

2104 693 2206 757 νής
2260 693 2433 757 ἐστιν,
2462 693 2610 755 ὅστις
2640 693 2738 761 οὐχ
2772 690 3058 746 ἁλίσκεται
3106 690 3184 763 τῷ
3218 693 3357 760 πόθῳ
3386 694 3469 762 τῆς
3498 696 3604 761 ζωῆς

2106 782 2332 853 ταύτης,
2366 784 2423 835 ὲν
2548 781 2777 846 πλοῦτος
2811 783 2904 835 καὶ
2948 782 3155 851 τρυφαὶ
3211 786 3301 835 καὶ
3343 783 3607 852 εὐφροσύναι

2108 874 2283 937 οὕτως
2338 875 2619 944 ἄρχονται,
2694 875 2771 939 ὡς
2834 875 2909 946 μὴ
2966 874 3229 929 δύνασθαι
3292 875 3602 943 τελειωθῆναι·

2108 963 2327 1038 ἧστινος
2373 969 2400 1019 ό
2454 966 2528 1036 μὴ
2590 965 2759 1019 θέλων
2833 966 3088 1034 γενέσθαι
3163 966 3384 1037 ἐραστὴς
3425 967 3501 1018 καὶ
3541 970 3609 1037 τὴν

2105 1059 2387 1130 παροῦσαν
2422 1062 2517 1111 καὶ
2550 1061 2885 1130 πρόσκαιρον
2931 1060 3127 1112 ἀπολεῖ
3156 1059 3318 1129 ζωὴν,
3344 1062 3429 1113 καὶ
3452 1060 3607 1129 ταύτην

2106 1152 2203 1222 τὴν
2237 1152 2407 1204 ἀΐδιον
2435 1151 2565 1220 περὶ
2596 1146 2663 1222 ἧς
2687 1150 3055 1221 διαλεγόμεθα
3085 1151 3182 1221 οὐχ
3212 1153 3439 1221 εὑρήσει,
3464 1154 3534 1202 καὶ
3556 1153 3611 1221 τῷ

2106 1244 2313 1311 αἰωνίῳ
2363 1244 2581 1313 θανάτῳ
2612 1244 3038 1313 κρατηθήσεται.
3076 1245 3293 1316 Ταύτης
3335 1247 3421 1315 τῆς
3444 1248 3609 1298 αἰωνίου

2110 1334 2256 1403 ζωῆς
2286 1336 2383 1389 καὶ
2411 1337 2585 1389 ἀϊδίου
2626 1336 2978 1406 εὐδαιμονίας
3015 1337 3185 1392 πάλαι
3216 1341 3244 1392 ό
3276 1340 3431 1407 μέγας
3452 1338 3612 1401 Παῦλος

2112 1427 2293 1496 ἡμῶν,
2325 1426 2352 1478 ὀ
2382 1426 2677 1490 ἀπόστολος
2709 1428 2805 1480 τοῦ
2850 1428 3025 1497 Ἰησοῦ
3074 1428 3308 1498 Χριστοῦ
3330 1469 3343 1492 ,
3381 1433 3441 1499 τῇ
3474 1430 3613 1481 ἐπιθυ-

2115 1519 2214 1588 μίᾳ
2241 1518 2545 1585 έλκυσθεὶς,
2575 1522 2702 1589 περὶ
2726 1521 2825 1590 τῆς
2857 1520 3070 1591 ἐξορίας
3111 1521 3211 1590 τῆς
3233 1521 3486 1592 παρούσης
3506 1521 3611 1588 ζωῆς

427 1613 791 1684 λυπούμενος,
817 1612 993 1677 οὕτως
1039 1613 1198 1666 ὲ66α⁹
1236 1631 1258 1664 ι
1297 1607 1368 1664 Ὦ
1403 1612 1673 1682 δυστυχὴς
1715 1610 1996 1681 ἄνθρωπε,
2039 1611 2123 1675 τίς
2165 1630 2261 1683 με.
2301 1614 2523 1687 ῥύσεται
2556 1618 2621 1669 ὲκ
2682 1615 2777 1669 τοῦ
2825 1614 3083 1687 σώματος
3111 1616 3206 1670 τοῦ
3237 1617 3417 1687 θνητοῦ
3439 1616 3610 1675 totiens;

429 1708 515 1761 Ζῶ
545 1706 655 1775 ἐγὼ
678 1708 802 1777 ἤδη,
843 1708 945 1759 οὐκ
974 1705 1106 1773 ἐγὼ,
1134 1706 1198 1775 ζῇ
1234 1705 1289 1758 δὲ
1323 1707 1379 1757 έν
1412 1705 1536 1775 ἐμοὶ
1569 1706 1825 1776 Χριστός.
1849 1736 1920 1746 -
1959 1706 2245 1777 Ἐπιθυμῶ
2273 1686 2560 1774 ἀναλῦσαι,
2590 1713 2681 1765 καὶ
2707 1711 2803 1763 σὺν
2830 1686 3055 1781 Χριστῷ
3086 1707 3278 1765 εἶναι.»
3326 1711 3610 1781 ’Δπεκρύφθη

427 1806 539 1874 γὰρ
568 1805 679 1865 τοῖς
710 1803 933 1871 θνητοῖς
963 1801 1146 1871 ἐκείνη
1174 1801 1207 1871 ἡ
1241 1803 1372 1872 ζωή.
1404 1802 1550 1854 Διότι
1608 1803 1691 1870 ἐφ’
1730 1803 1854 1855 ὅσον
1914 1803 2081 1865 ἐσμὲν
2123 1805 2178 1855 έν
2207 1801 2283 1873 τῷ
2312 1806 2525 1875 κόσμῳ,
2566 1805 2956 1876 ἀποδημοῦμεν
2984 1805 3097 1859 ἀπὸ
3129 1805 3223 1859 τοῦ
3255 1808 3460 1874 Κυρίου.
3497 1805 3611 1857 Ἀλλά

430 1898 553 1950 τότε
582 1895 1103 1965 ἀποκαλυφθήσεται
1150 1896 1245 1948 καὶ
1277 1896 1752 1978 φανερωθήσε-ται,
1801 1897 2003 1951 όπόταν
2041 1902 2069 1951 δ
2098 1895 2305 1969 Κύριος
2347 1899 2559 1968 Ἰησοῦς
2619 1898 2849 1970 ἄρξηται
2906 1902 3031 1954 ἀντὶ
3064 1900 3173 1955 τῶν
3202 1901 3392 1970 γηΐνων
3416 1881 3611 1971 τὰόὒρὰ-

426 2011 541 2059 νια,
587 1993 708 2047 ἀντὶ
738 1992 845 2044 τῶν
887 1993 1243 2061 προσκαίρων
1280 1993 1347 2045 τά
1395 1992 1563 2057 ἀΐδια,
1613 1993 1733 2045 ἀντὶ
1781 1994 1889 2046 τῶν
1922 1995 2132 2066 μικρῶν
2158 1996 2224 2048 τὰ
2265 1997 2475 2067 μεγάλα
2503 1995 2723 2062 διδόναι,
2786 1999 2881 2052 καὶ
2943 1998 3318 2067 προσάγεσθαι
3379 2002 3461 2054 σὺν
3505 1998 3612 2067 αὐτῷ

428 2089 555 2149 τοὺς
587 2086 781 2154 ἁγίους
806 2086 865 2138 ὲν
894 2088 961 2156 τῇ
1008 2082 1214 2155 θεωρίᾳ
1242 2085 1342 2154 τῆς
1372 2085 1645 2155 πατρικῆς
1686 2086 1875 2156 δόξης*
1909 2086 2004 2142 καὶ
2042 2090 2216 2142 ποιεῖν
2267 2091 2387 2158 μετ’
2439 2089 2605 2143 αὐτοῦ
2652 2091 2712 2143 ὲν
2775 2092 2891 2153 τοῖς
2935 2091 3216 2163 οὐρανίοις
3286 2090 3609 2161 ωγκαθῆσθσι,

428 2180 527 2237 καὶ
552 2178 652 2248 τὴν
690 2176 995 2231 ἀθανασίαν
1024 2177 1122 2247 τὴν
1163 2177 1303 2230 ἰδίαν
1331 2177 1645 2248 δωρεῖσθαι,
1705 2178 1843 2249 πρὸς
1874 2179 1941 2250 ἢν
1987 2182 2055 2250 τῇ
2096 2176 2422 2252 ζωοποιήσει
2452 2183 2549 2236 τοῦ
2588 2183 2718 2236 ἰδίου
2757 2182 2988 2254 αἵματος
3026 2186 3228 2248 αὐτοὺς
3257 2185 3610 2255 παρεσκεύασεν.

437 2294 457 2325 ι
516 2273 602 2335 Ὠς
630 2268 996 2338 δεδοξασμένα
1026 2268 1266 2339 ἐλαλήθη
1320 2270 1453 2340 περὶ
1485 2269 1601 2335 σοῦ,
1652 2270 1687 2340 ἡ
1724 2271 1881 2334 πόλις
1928 2271 2021 2324 τοῦ
2062 2272 2228 2327 Θεοῦί
2304 2274 2393 2338 Ὠς
2419 2275 2680 2346 ἀγαπητά
2724 2276 2793 2330 τὰ
2838 2276 3181 2348 σκηνώματά
3222 2294 3330 2343 σου,
3372 2278 3513 2348 Κύριε
3536 2279 3613 2331 τίη

433 2370 751 2441 δυνάμεωνί
792 2370 1086 2441 Ἐπιθυμεῖ
1119 2370 1215 2421 καὶ
1254 2366 1496 2421 ἐκλείπει
1559 2366 1592 2435 ἠ
1643 2365 1789 2439 ψυχή
1842 2384 1945 2438 μου
2008 2371 2089 2431 εἰς
2124 2369 2223 2434 τάς
2257 2371 2428 2433 αὐλὰς
2467 2370 2564 2425 τοῦ
2608 2372 2839 2444 Κυρίου,
2863 2390 2882 2425 ι
2924 2372 3116 2443 ἔλεγεν
3166 2373 3194 2426 δ
3234 2374 3518 2444 προφήτης,
3544 2370 3611 2438 ιή

388 2504 399 2515 .
431 2464 629 2533 καρδία
673 2480 776 2533 μου
818 2464 913 2516 καὶ
958 2464 990 2533 ὴ
1026 2461 1163 2531 σάρξ
1213 2478 1317 2529 μου
1354 2459 1722 2529 ἠγαλλιάσατο
1761 2461 1854 2535 επ),
1887 2460 2008 2531 Θεῷ
2047 2459 2229 2526 ζῶντι.
2264 2481 2283 2514 ι

502 2560 649 2615 Talis
680 2559 925 2630 proiecto
961 2568 1046 2613 est
1091 2558 1323 2612 felicitas
1352 2555 1793 2611 Christianorum
1822 2574 1838 2623 ;
1890 2558 2005 2613 talis

2190 2558 2424 2626 Τοιαύτη
2471 2561 2550 2632 τῷ
2602 2561 2715 2614 δντι
2768 2561 2917 2614 ἐστὶν
2974 2562 3004 2631 ἡ
3056 2561 3359 2631 εὐδαιμονία
3396 2558 3487 2612 τῶν
3506 2557 3613 2626 Χρι-

428 2666 559 2720 spes
589 2662 805 2716 nostra;
831 2650 951 2705 talis
980 2649 1153 2705 sancti
1173 2649 1452 2719 Evangelii
1481 2649 1602 2703 linis
1631 2658 1686 2704 et
1710 2650 2001 2706 terminus.

432 2740 551 2797 Non
591 2742 808 2812 qualem
843 2757 970 2797 caro
997 2752 1049 2796 et
1102 2722 1325 2811 sangﬁs
1351 2742 1625 2811 promittit
1670 2741 1855 2808 nobis,
1906 2742 2002 2796 sed

433 2836 651 2904 qualem
699 2834 903 2889 habent
935 2835 1183 2890 caelestes
1233 2842 1290 2889 et
1340 2833 1571 2903 angelici
1607 2835 1855 2903 spiritus.
1897 2835 2003 2889 Pro

431 2946 542 2999 quo
582 2926 901 2988 obtinendo,
933 2941 1041 2980 non
1075 2927 1274 2995 mirum
1306 2927 1348 2980 si
1377 2926 1589 2996 priores
1612 2926 1782 2981 nostri
1814 2927 2004 2983 Patres

432 3021 558 3090 igne
586 3017 870 3074 charitatis
900 3017 1141 3081 accensi,
1177 3016 1329 3069 varia
1383 3025 1439 3070 et
1472 3016 1761 3070 innumera
1811 3026 2003 3085 pertu-

432 3114 549 3166 lere
580 3112 836 3166 alacriter
865 3119 920 3165 et
951 3109 1255 3179 gaudenter
1316 3117 1588 3163 tormenta
1616 3126 1631 3174 ;
1684 3109 1730 3163 si
1764 3109 2005 3179 parenti-

432 3200 561 3265 bus,
617 3200 661 3254 si
710 3200 993 3263 uxoribus,
1034 3199 1079 3254 si
1118 3196 1329 3261 liberis,
1384 3197 1428 3252 si
1485 3197 1722 3267 denique
1772 3198 2003 3263 divitiis,

427 3289 895 3344 delectationibus
958 3289 1159 3352 carnis.
1225 3286 1551 3358 ueterisque
1618 3288 1780 3358 hujus
1819 3288 2008 3343 saiculi

430 3383 598 3436 bonis
627 3390 821 3451 sponte
868 3380 1275 3446 renuntiabant,
1310 3390 1369 3433 ut
1397 3378 1464 3433 ad
1508 3379 1648 3433 hanc
1674 3388 1731 3434 et
1763 3380 2006 3435 velocius

430 3468 776 3528 .et'securius
806 3483 972 3543 atque
1020 3472 1251 3526 liberius
1300 3472 1700 3542 pertingerent.
1757 3473 1825 3526 Et
1874 3472 2003 3542 quia

434 3566 677 3619 charitas
741 3564 948 3619 Christi
995 3566 1137 3635 (qua
1201 3573 1464 3633 quantum
1502 3566 1555 3617 in
1593 3579 1658 3619 ea
1724 3573 1828 3624 est,
1890 3567 2008 3617 vult

436 3673 631 3711 omnes
664 3656 917 3710 homines
936 3656 1117 3709 salvos
1146 3654 1283 3718 ﬁeri,
1317 3662 1372 3709 et
1400 3652 1465 3707 ad
1498 3653 1832 3723 agnitionem
1859 3654 2008 3707 veri-

440 3752 568 3806 tatis
590 3750 881 3820 pervenire
904 3749 971 3815 ")
999 3747 1181 3816 coegit
1211 3760 1327 3811 nos,
1364 3754 1423 3799 ut
1479 3744 1719 3799 dimissis
1748 3746 2006 3800 omnibus

436 3842 565 3896 vitae
596 3841 879 3910 praesentis
912 3838 1237 3902 commodis,
1294 3853 1325 3891 a
1376 3837 1697 3907 longinquis
1734 3837 2005 3907 partibus,

436 3943 493 3988 et
522 3947 645 3987 cum
675 3931 885 4002 magnis
912 3929 1197 3984 laboribus
1228 3942 1400 3996 usque
1431 3927 1497 3980 ad
1534 3942 1631 3982 vos
1671 3926 2007 3991 veniremus,

438 4025 957 4095 proﬁteremurque,
1014 4030 1069 4075 et
1097 4019 1555 4072 annuutiaremus
1611 4032 1733 4085 qua:
1773 4017 2007 4087 professi

441 4130 654 4180 sumus,
717 4123 773 4167 et
824 4109 1302 4173 annuntiavimus,
1339 4106 1464 4162 ideo
1526 4121 1779 4176 rogamus
1807 4121 1922 4168 vos,
1957 4115 2011 4160 et

440 4208 794 4263 obsecramus
820 4205 876 4259 in
910 4219 997 4268 eo,
1020 4202 1117 4273 qui
1147 4216 1249 4256 nos
1265 4215 1456 4255 omnes
1483 4197 1551 4253 ad
1576 4199 1661 4255 sui
1685 4200 2004 4268 imaginem,

441 4298 740 4351 rationales
770 4306 825 4351 et
876 4292 1277 4351 intellectuales
1331 4291 1563 4354 creavit,
1622 4298 1684 4344 ut
1738 4289 2009 4359 patienter

446 4387 531 4440 liis
563 4390 617 4439 in
644 4386 860 4454 scriptis
890 4382 1226 4452 suscipiatis,
1263 4396 1383 4450 quae
1435 4380 1882 4434 annuntiavimus
1910 4395 1924 4431 :
1952 4390 2009 4433 et

411 4532 416 4538 ,
446 4490 506 4531 ιιι
535 4475 847 4536 rationales,
877 4474 944 4528 ad
1009 4472 1302 4540 imaginem
1354 4481 1410 4526 et
1457 4470 1876 4525 similitudinem
1913 4468 2007 4521 Dei

443 4571 634 4633 creati,
669 4567 871 4638 scripta
902 4574 1087 4620 nostra
1118 4579 1244 4618 cum
1302 4563 1510 4618 ratione
1580 4564 1907 4618 discutiatis.
1942 4562 2010 4615 Et

443 4664 490 4719 si
521 4661 649 4732 quid
686 4658 885 4714 rationi
909 4670 1213 4712 consonum
1244 4654 1554 4725 reperietis,
1590 4654 1723 4707 illud
1754 4663 1813 4707 ut
1839 4653 2009 4707 ratio-

445 4754 596 4806 nales
626 4749 908 4819 suscipite.
934 4746 995 4800 Si
1033 4744 1169 4815 quid
1210 4757 1342 4798 vero
1374 4742 1538 4796 aliter
1572 4741 1731 4795 vobis
1762 4740 2011 4796 videntur

443 4857 564 4899 esse
600 4840 938 4905 nuntiatum,
976 4851 1105 4894 ecce
1146 4840 1366 4908 paratos
1397 4849 1498 4889 nos
1520 4834 1820 4899 offerimus,
1844 4834 2009 4888 etiam

446 4949 735 5003 quousque
769 4931 1066 4987 reddamus
1094 4930 1350 5002 spiritum
1403 4926 1472 4982 ad
1500 4928 1695 4992 Deum,
1729 4926 1824 4999 qui
1883 4926 2012 4982 fecit

448 5023 624 5087 illum,
651 5024 705 5077 in
723 5022 872 5077 illius
899 5020 1103 5075 auxilio
1128 5029 1182 5075 et
1200 5020 1427 5080 virtute,
1450 5015 1541 5087 qui
1563 5016 1701 5070 dixit
1720 5015 1887 5084 :,Dum
1904 5024 2013 5070 ste-

451 5116 629 5170 teritis
656 5122 782 5169 ante
814 5128 969 5184 reges
993 5123 1049 5168 et
1082 5110 1364 5182 praesides,
1384 5110 1555 5165 nolite
1590 5111 1851 5179 cogitare,
1882 5121 2013 5177 quo-

2119 2650 2350 2704 στιανῶν
2376 2666 2388 2679 ·
2423 2650 2647 2721 τοιαύτη
2681 2653 2712 2720 ἡ
2761 2652 2914 2715 ἐλπὶς
2948 2653 2981 2723 ή
3009 2654 3255 2723 ἡμετέρα
3275 2669 3291 2686 ο
3320 2650 3519 2707 τοιοῦτον
3546 2648 3609 2703 τοῦ

2113 2742 2270 2810 ἁγίου
2295 2743 2627 2811 Εὑαγγελίου
2661 2744 2722 2796 τὸ
2746 2745 2897 2808 τέλος
2928 2747 3023 2798 καὶ
3054 2747 3115 2799 τὸ
3156 2746 3339 2815 πέρας.
3363 2748 3459 2815 Οὐχ
3481 2750 3611 2799 ὁποῖον

2117 2832 2255 2903 σάρξ
2288 2834 2382 2887 καὶ
2409 2827 2549 2903 αἷμα
2577 2834 2918 2904 ὑπισχνεῖται
2959 2837 3114 2904 ὑμῖν,
3140 2838 3257 2891 ἀλλ’
3282 2840 3446 2890 ὁποῖον
3479 2837 3609 2906 έχουσι

2115 2923 2185 2977 τὰ
2251 2923 2475 2993 οὐράνια
2527 2925 2621 2977 καὶ
2655 2924 2920 2992 ἀγγελικά
2982 2927 3288 2996 πνεύματα.
3316 2929 3468 2997 Ὅπερ
3510 2927 3606 2978 ὥστε

2115 3016 2413 3084 κατασχεῖν
2442 3016 2533 3068 καὶ
2570 3016 2822 3085 φυλάξαι,
2855 3017 3006 3070 οὐδὲν
3067 3019 3382 3085 θαυμαστὸν,
3404 3021 3445 3072 εί
3468 3019 3507 3071 οἱ
3537 3017 3607 3086 πρὸ

2113 3107 2270 3176 ἡμῶν
2301 3104 2567 3176 Πατερες,
2614 3107 2689 3175 τῷ
2730 3110 2864 3177 πυρὶ
2914 3108 3015 3176 τῆς
3080 3112 3296 3180 ἀγάπης
3338 3110 3605 3178 ἐξαφθέντες.

2116 3198 2334 3252 ποικίλα
2388 3200 2481 3251 καὶ
2549 3200 2897 3269 ἀναρίθμητα
2972 3201 3292 3271 ύπήνεγκαν
3346 3203 3488 3273 ἡδέως
3542 3204 3603 3251 καὶ

2114 3291 2457 3362 χαρμονικῶς
2505 3291 2855 3361 κολαστήρια,
2907 3293 2955 3344 εί
2989 3297 3192 3361 γονεῖς,
3252 3290 3604 3359 εἰγυναῖκις,εἰ

2118 3382 2334 3448 παῖδας,
2369 3386 2416 3437 εἰ
2448 3384 2697 3449 πλοῦτον,
2749 3386 2951 3455 σαρκὸς
3011 3389 3227 3457 ἡδονὰς,
3283 3389 3367 3441 καὶ
3411 3388 3465 3439 τὰ
3510 3384 3602 3437 ἄλλα

2116 3474 2294 3528 πάντα
2320 3474 2417 3527 τοῦ
2451 3477 2643 3540 αἰῶνος
2696 3478 2875 3545 ἀγαθά
2924 3480 3193 3544 ἑκουσίως
3249 3477 3619 3549 ὴρνήσαντο,ῖνα’

2115 3567 2253 3636 πρὸς
2298 3569 2501 3638 ταύτην
2551 3569 3107 3641 καῖ’συντομώτερον
3151 3575 3241 3626 καὶ
3286 3572 3603 3639 ἀσφαλέστερον

2116 3654 2214 3707 καὶ
2252 3655 2681 3724 ἐλευθερώτερον
2739 3656 3043 3724 φθάσωσιν.
3069 3663 3180 3714 Καὶ
3233 3661 3357 3715 διότι
3408 3656 3600 3727 sum

2115 3742 2207 3795 τοῦ
2267 3745 2505 3811 Χριστοῦ
2560 3746 2715 3813 (ἥτις
2775 3746 2834 3799 τὸ
2889 3748 3009 3800 κατ’
3067 3750 3237 3821 αὐτὴν
3295 3748 3418 3801 θέλει
3455 3747 3600 3804 πάντας

2112 3834 2434 3907 ἀνθρώπους
2506 3832 2761 3905 σωθῆναι,
2822 3838 2914 3890 καὶ
2963 3839 3046 3901 είς
3110 3841 3387 3908 ἐπίγνωσιν
3417 3834 3600 3905 ἀληθείας

2113 3927 2324 3996 ἐλθεῖν)
2353 3929 2662 3997 ἠνάγκασεν
2715 3931 2883 3999 ἡμᾶς,
2938 3930 3023 3984 ἵνα
3078 3932 3301 3999 ἀφέντες
3352 3928 3495 3981 πάντα
3534 3929 3600 3989 τῆς

2113 4017 2393 4087 παρούσης
2458 4020 2602 4091 ζωῆς
2660 4020 2727 4074 τὰ
2796 4022 2925 4089 ἡδέα
2994 4023 3094 4075 καὶ
3161 4021 3485 4093 συμφέροντα,
3527 4013 3599 4066 ἀπὸ

2117 4110 2470 4179 μακροτέρων
2505 4111 2687 4181 μερῶν
2711 4112 2801 4164 καὶ
2836 4112 2974 4180 μετά
3036 4113 3288 4183 μεγάλων
3338 4110 3489 4162 κόπων
3528 4104 3597 4161 ἕως

2113 4200 2265 4268 ὑμῶν
2287 4202 2548 4271 ἔλθωμεν,
2581 4204 2673 4257 καὶ
2695 4204 3121 4275 ὁμολογήσωμεν
3141 4207 3233 4259 καὶ
3252 4200 3593 4269 ἁναγγείλωμενς

2112 4294 2270 4352 ἅτινα
2299 4295 2735 4364 ὡμολογήσαμεν
2792 4302 2887 4350 καὶ
2924 4298 3353 4366 ἀνηγγείλαμεν.
3377 4293 3459 4345 Διὰ
3490 4283 3596 4339 τοῦτο

2112 4381 2537 4450 παρακαλοῦμεν
2569 4383 2737 4451 ὑμᾶς,
2768 4387 2865 4436 καὶ
2920 4385 3235 4456 ἱκετεύομεν
3261 4387 3313 4437 ὲν
3338 4382 3405 4451 τῷ
3450 4376 3594 4429 πάνταῖ

2111 4472 2279 4540 ἡμᾶς,
2336 4472 2455 4525 κατ’
2516 4473 2701 4527 εἰκόνα
2766 4474 2929 4527 αὑτοῦ
2985 4475 3233 4544 λογικοὺς
3308 4471 3393 4526 καὶ
3439 4461 3593 4533 νοεροῦς

2110 4563 2590 4633 δημιουργήσαντι,
2635 4564 2719 4617 ἵνα
2747 4566 3111 4636 μακροθύμως
3135 4566 3344 4636 δέξησθε
3375 4566 3425 4616 ἐν
3448 4558 3593 4611 τούτοις

2112 4658 2223 4717 τοῖς
2278 4656 2686 4725 γεγραμμένοις
2737 4656 2882 4728 ᾇπερ
2946 4659 3368 4728 ἀνηγγείλαμενο
3422 4650 3496 4703 καὶ
3542 4642 3593 4701 ὡς

2114 4741 2327 4810 λογικοὶ
2349 4743 2471 4796 κατ’
2534 4744 2719 4798 εἰκόνα
2748 4746 2841 4801 καὶ
2877 4745 3133 4817 ὁμοίωσιν
3159 4744 3289 4799 Θεοῦ
3339 4742 3594 4810 δημιουργη⁴

2113 4831 2316 4899 θέντες,
2338 4834 2407 4887 τὰ
2429 4835 2734 4905 γράμματα
2763 4834 2922 4907 ἡμῶν
2951 4839 3088 4907 μετά
3118 4837 3271 4905 λόγου
3318 4828 3590 4902 ἐρευνήσητεο

2115 4922 2220 4976 Καὶ
2248 4924 2313 4977 ἀν
2343 4940 2395 4976 τι
2444 4925 2525 4993 τῷ
2575 4925 2715 4995 λόγῳ
2770 4926 3056 4996 σύμφωνον
3109 4927 3315 4997 εὕρητε,
3359 4921 3500 4974 ἐκεῖνο
3542 4907 3593 4965 ὡς

2111 5015 2320 5082 λογικοὶ
2348 5015 2595 5080 δέξασθε.
2629 5018 2727 5071 Ἂν
2762 5017 2821 5071 δέ
2849 5033 2902 5071 τι
2946 5018 3116 5081 ἄλλως
3161 5017 3282 5087 ὑμῖν
3330 5010 3436 5080 δόξθ
3476 5004 3594 5087 am:

2112 5074 2391 5173 γελθῆναι,
2421 5074 2535 5159 ίδοὺ
2570 5106 2820 5175 ἑτοίμους
2843 5107 2989 5177 ἡμᾶς
3023 5074 3590 5179 πρὸσφέρομενν

453 5206 617 5261 modo
646 5217 742 5261 aut
775 5173 907 5276 quid
937 5204 1239 5272 loquamini
1272 5219 1287 5269 ;
1330 5201 1551 5256 dabitur
1593 5200 1740 5254 enim
1775 5173 1930 5253 vobis
1956 5199 2005 5254 iu

2120 5195 2488 5265 ἀποδώσωμεν
2517 5198 2577 5249 τὸ
2608 5173 2823 5266 πνεῦμα
2957 5173 3078 5269 Θεῷ*
3106 5173 3185 5265 τῷ
3205 5173 3590 5276 τέοιῆσαντίξὺτδ

450 5297 539 5349 illa
602 5296 736 5350 hora
794 5295 923 5365 quid
977 5294 1281 5365 loquamini
1305 5294 1371 5346 ⁶².
1407 5310 1425 5343 ι
1458 5291 1538 5345 Ad
1589 5289 2010 5353 ostendendum,

451 5386 597 5454 quod
626 5386 808 5441 omnia
843 5400 965 5456 quae
1014 5384 1355 5455 scripsimus,
1412 5391 1601 5436 sancto
1633 5380 1924 5450 Evangelio
1957 5388 2013 5432 et

458 5534 652 5663 19ἶ¹¹¹ιιι
682 5535 808 5593 Cor.
839 5552 893 5604 v,
929 5537 1005 5626 6..
1081 5535 1129 5571 ⁵⁸
1178 5536 1322 5594 Psal.
1364 5550 1579 5604 Lxxxvr,
1612 5535 1666 5589 5.

1776 5535 1819 5567 ⁸⁸
1853 5534 1997 5589 Psal.
2028 5549 2252 5602 Lxxxm,
2289 5534 2343 5589 3.
2416 5536 2489 5606 ;⁶⁶
2520 5535 2653 5590 i‘bid.
2730 5535 2809 5603 ﬁ“
2849 5534 2988 5590 Tim.
3028 5549 3104 5601 ut,
3156 5532 3207 5586 ό.

2119 5290 2175 5342 ἐν
2198 5288 2260 5356 τῇ
2291 5287 2511 5358 βοηθείᾳ
2534 5290 2626 5341 καὶ
2656 5292 2721 5359 τῇ
2755 5290 2981 5359 δυνάμει
3031 5290 3120 5344 τοῦ
3152 5287 3389 5344 εἰπόντος.
3432 5272 3587 5367 σ’θταγ

2122 5381 2353 5451 σταθῆτε
2439 5381 2670 5436 ἐνώπιον
2723 5382 2983 5453 βασιλέων
3073 5384 3161 5435 καὶ
3250 5376 3493 5449 ἀρχόντων.
3534 5367 3587 5427 μη

3303 5528 3342 5559 θ’
3371 5512 3521 5577 Matth.
3545 5520 3581 5569 ι.
3604 5506 3605 5509 “
