3904 6216
351 339 487 404 Ηῦ9
1442 339 1541 399 DE
1584 338 1887 407 CONTEM

2057 340 2152 399 DA
2193 338 2479 405 MORTE.
3450 340 3589 405 1170

346 452 650 521 λογίζεσθε,
677 452 792 517 πῶς
823 452 857 524 ἢ
888 452 941 506 τί
986 452 1249 523 λαλήσετε
1274 470 1287 484 ·
1323 453 1610 524 δοθήσεται
1640 455 1746 526 γὰρ
1784 455 1888 523 ﬁni

2044 454 2213 511 ,ιιίοηί
2257 466 2386 509 sunt
2420 467 2683 509 consona.
2726 451 2782 507 Si
2814 460 2996 509 autem
3038 466 3142 507 nec
3176 451 3430 521 praedicta
3459 468 3584 510 cum

346 546 405 598 ὲν
449 543 636 615 ἐκείνη
665 546 730 617 τῇ
772 543 893 615 ὦρᾳ
935 544 986 597 τί
1034 543 1298 615 λαλήσετε
1323 560 1336 575 ⁸
1392 564 1412 597 ι
1458 544 1593 616 πρὸς
1629 545 1690 599 τὸ
1723 544 1888 610 δεῖξαι

2046 544 2239 603 ναιὶοιιθ
2268 545 2561 607 discutere,
2598 558 2700 599 nec
2737 557 2841 599 nos
2873 542 3104 597 ulterius
3143 541 3355 606 audire,
3394 541 3588 597 ordine

345 638 428 692 ὅτι
460 636 639 690 πάντα
670 638 773 690 ὅσα
802 636 1151 708 ἐγράψαμεν,
1183 635 1260 707 τῷ
1302 636 1445 707 ἁγίῳ
1474 638 1791 707 Εὑαγγελίῳ
1819 653 1887 691 κα

2048 646 2079 691 τι
2106 635 2537 692 circumstantiis
2562 632 3041 698 servatis‘debitis,
3072 631 3356 690 volueritis
3385 648 3401 697 ;
3426 646 3590 687 excu-

345 723 425 795 τῷ
454 724 597 794 λόγῳ
619 725 729 779 είσλ⁸
760 725 1048 795 σύμφωνα.
1082 725 1147 777 El
1174 724 1229 777 δὲ
1261 726 1400 795 μήτε
1430 723 1498 778 τὰ
1536 724 1887 794 προειρημένα

2049 744 2207 783 amus
2228 744 2328 783 nos
2353 743 2539 783 coram
2570 727 2681 783 Deo
2701 736 2758 782 et
2789 727 3045 782 omnibus
3069 726 3279 795 angelis
3304 732 3361 779 et
3387 725 3591 781 sanctis

349 821 448 872 σὺν
472 817 620 890 λόγῳ
648 817 961 887 ἐρευνῆσαι,
987 816 1111 870 οὔτε
1148 817 1304 887 ἡμῶν
1335 815 1503 869 πλέον
1535 816 1794 880 ἀκοῦσαι,
1819 814 1891 884 τῆη

2052 820 2158 885 uis,
2188 826 2245 876 et
2275 820 2593 875 invocamus
2630 820 2686 874 in
2734 827 2901 874 testes
2938 819 3138 873 cadum
3169 826 3227 872 et
3272 826 3494 881 terram,
3537 826 3594 871 et

342 910 556 977 τάξεως
600 910 696 963 καὶ
747 908 854 963 τῶν
896 907 1271 979 περιστάσεων
1329 907 1752 978 φυλαττομένων
1812 906 1884 960 τῶ

2048 926 2242 966 ιιιιιιοιιι
2268 920 2600 974 creaturam,
2626 910 2772 978 quod
2807 909 2961 978 juxta
2996 924 3156 978 posse
3183 908 3326 964 circa
3362 908 3590 964 salutem

347 1000 757 1071 ὀφειλομένων,
792 1000 1083 1072 θελήσετεο
1121 1000 1487 1071 ὲξαιτιώμεθα
1525 1001 1674 1070 ἡμᾶς
1732 998 1889 1053 αὐτοὺ

2051 1014 2261 1061 'estram
2293 1004 2547 1070 fecimus,
2591 1005 2735 1073 quod
2766 1002 2949 1058 lacere
2988 1003 3297 1071 potuimus;
3329 1011 3593 1071 ponentes

349 1090 583 1145 ἐνώπιον
604 1090 699 1144 τοῦ
720 1091 854 1145 Θεοῦ
876 1092 970 1144 καὶ
997 1091 1215 1145 πάντων
1249 1092 1359 1145 τῶν
1391 1093 1661 1160 ἀγγέλων,
1682 1094 1782 1153 καὶ
1809 1092 1885 1146 τῶ

2050 1096 2236 1150 mimas
2282 1105 2495 1151 nostras
2549 1111 2646 1165 pro
2714 1105 2889 1150 vestra
2948 1095 3145 1158 salute,
3197 1104 3253 1150 et
3306 1095 3592 1160 charitatc,

310 1184 524 1259 ;ὰγὶων
574 1183 761 1248 αὑτοῦ,
806 1185 901 1237 καὶ
926 1184 1356 1255 ’ὲπικαλούμεθα
1389 1187 1672 1256 μάρτυρας
1704 1188 1796 1239 τὸν
1835 1203 1852 1238 ε

2054 1196 2175 1242 uxta
2219 1188 2590 1257 Evangelium,
2617 1189 2764 1258 quod
2795 1188 2926 1242 dicit
2960 1206 2973 1242 :
3014 1204 3036 1241 s
3064 1186 3323 1256 Maiorem
3361 1187 3596 1241 Charita-

354 1278 515 1345 ρανὸν
540 1278 636 1332 καὶ
673 1277 773 1344 τὴν
805 1278 910 1345 γῆν
941 1280 1036 1331 καὶ
1078 1278 1259 1333 πᾶσαν
1299 1276 1400 1344 τὴν
1429 1277 1628 1341 κτίσιν,
1668 1278 1751 1331 ὅτι
1782 1295 1820 1329 κ

2122 1295 2137 1331 ι
2181 1294 2345 1334 nemo
2382 1280 2565 1345 habet,
2627 1294 2791 1349 quam
2845 1290 2905 1333 ut
2948 1281 3184 1333 animam
3226 1295 3380 1333 suam
3431 1286 3598 1347 ponat
3660 1262 3664 1269 ’

296 1362 334 1409 ν’
352 1368 586 1436 δύναμιν
630 1367 757 1437 περὶ
791 1367 890 1437 τὴν
927 1362 1203 1435 σωτηρίαν
1225 1366 1325 1435 τὴν
1359 1365 1633 1434 ὑμετέραν
1661 1366 1838 1435 δποιής

2058 1371 2153 1440 μιίε
2180 1388 2277 1439 pro
2310 1371 2503 1426 amicis
2531 1372 2646 1426 suis
2675 1371 2739 1436 ",
2772 1389 2792 1423 ι
2836 1381 2891 1425 et
2928 1387 3026 1440 pro
3070 1372 3229 1425 laude
3256 1370 3471 1425 Domini
3500 1386 3600 1424 no-

356 1478 478 1531 μεν,
508 1462 646 1530 ὅπερ
677 1460 956 1515 ποιεῖσθαι
988 1460 1358 1531 ἡδυνήοημεν,
1413 1458 1653 1522 τιθέντες
1700 1461 1794 1522 τὰς
1816 1460 1898 1527 ψυη

2061 1464 2128 1517 tri
2159 1462 2287 1518 Jesu
2323 1463 2552 1531 Christi,
2604 1463 2696 1533 qui
2747 1471 2835 1523 est
2879 1461 3021 1519 Deus
3061 1462 3385 1517 benedictus
3414 1464 3467 1515 in
3498 1477 3599 1516 sa:-

353 1554 452 1624 χάς
479 1555 512 1624 ἡ
523 1553 639 1622 μῶν
668 1553 811 1623 ὑπὲρ
834 1552 932 1622 τῆς
960 1552 1231 1622 σωτηρίας
1256 1551 1410 1621 ὑμῶν
1438 1552 1529 1603 καὶ
1556 1552 1656 1619 τῆς
1681 1553 1895 1621 ἀγάπης

852 1552 932 1622 ;ἦς
960 1552 1231 1622 σωτηρίας
1256 1551 1410 1621 ὑμῶν
1438 1552 1529 1603 καὶ
1556 1552 1656 1619 τῆς
1681 1553 1922 1621 ἀγάπης,
2029 1556 2173 1611 cula.
2203 1556 2394 1612 Amen.

358 1649 500 1705 κατὰ
523 1650 579 1702 τὺ
614 1650 946 1719 Εὑαγγέλιον
967 1667 980 1681 ·
1007 1650 1034 1702 ὃ
1058 1666 1245 1718 φησιν,
1272 1649 1355 1708 ὅτι
1390 1666 1407 1700 ι
1436 1649 1681 1713 Μείζονα
1712 1651 1935 1721 ἀγάπην
1963 1651 2137 1714 οὐδεὶς
2164 1652 2298 1721 ἔχει,
2329 1652 2362 1721 ἢ
2402 1652 2490 1705 ἶνα
2515 1651 2616 1722 τὴν
2651 1651 2830 1721 ψυχὴν
2876 1650 3045 1705 αὐτοῦ
3071 1651 3137 1722 θῇ
3188 1668 3271 1713 τις
3306 1653 3446 1721 ὑπὲρ
3486 1652 3599 1702 τῶν

359 1741 530 1812 φίλων
556 1742 721 1797 αὑτοῦ
746 1758 759 1771 ·
802 1762 821 1795 ι
864 1746 954 1799 καὶ
987 1743 1131 1813 ὑπὲρ
1172 1741 1270 1811 τῆς
1297 1741 1454 1810 δόξης
1490 1741 1587 1795 τοῦ
1628 1742 1833 1812 Κυρίου
1873 1744 2037 1813 ἡμῶν
2062 1745 2240 1815 Ἰησοῦ
2272 1744 2535 1816 Χριστοῦ,
2564 1746 2623 1808 ὃς
2647 1744 2765 1797 ἑστι
2788 1741 2920 1807 Θεὸς
2942 1744 3312 1814 εὐλογημένος
3352 1745 3431 1805 εἰς
3466 1743 3594 1805 τοὺς

358 1839 582 1902 αἰῶνας.
616 1838 813 1909 Ἀμήν.

434 1987 482 2020 ⁸³
508 1986 665 2042 Joan.
707 2003 798 2052 xv,
826 1988 913 2043 l3.

392 2113 3589 2159 W

486 2132 820 2144 ⁸.*-

391 2132 477 2148 c.

730 2182 1731 2421 ΔΗΜΗΤΡΙοΥ
1862 2290 2209 2424 ΤΟΥ
2338 2290 3211 2431 ΚΥΔΩΝΙΟΥ

772 2478 783 2493 ¹
854 2529 1114 2617 ΠΕΡΙ
1172 2530 1399 2618 ΤΟΥ
1454 2530 2241 2618 ΚΑΤΑΦΡΟΝΕΙΝ
2298 2533 2523 2619 TON
2580 2529 3114 2620 ΘΑΝΑΤΟΝ
3178 2607 3185 2615 .

1674 2719 2203 2841 ΛΟΓΟΣ
2264 2715 2340 2833 ⁸.

1054 3114 1998 3270 DEMETRII
2116 3112 2927 3267 CYDONII

866 3400 1012 3480 DE
1106 3394 2029 3480 CONTEMNENDA
2132 3394 2545 3475 MOBTE
2643 3394 3179 3477 ORATHI’

1688 3716 2329 3794 ARGUMENTUMJ

454 3858 774 3920 Demetrius,
817 3864 874 3909 ut
905 3854 1107 3916 doceat,
1142 3856 1358 3905 mortem
1385 3862 1488 3902 non
1537 3846 1890 3912 metuendam,
1912 3846 2003 3899 sed
2040 3848 2474 3899 contemnendam
2500 3841 2961 3914 negligendumque
2998 3855 3129 3907 esse,
3184 3842 3288 3895 tria
3350 3840 3619 3895 hominum

375 3964 602 4017 mortem
641 3952 937 4006 timentium
972 3948 1167 4017 profert
1222 3957 1458 4015 genera:
1490 3942 1662 4011 primo
1717 3957 1803 3995 eos
1861 3941 1950 4011 qui
1993 3950 2211 3994 mortem
2257 3948 2475 4009 propter
2525 3938 2855 4007 voluptatum
2900 3936 3174 4006 jacturam
3251 3937 3627 3990 obominentnr

384 4050 459 4121 (c.
494 4049 617 4102 2—
646 4045 734 4114 6);
770 4041 954 4095 deinde
998 4054 1084 4093 eos
1121 4037 1209 4107 qui
1243 4048 1405 4090 morte
1428 4035 1614 4089 deleri
1632 4035 1809 4091 omnia
1839 4042 2019 4104 putent
2051 4034 2123 4105 (c.
2159 4064 2227 4075 —
2258 4033 2385 4103 20);
2428 4034 2648 4102 denique
2669 4048 2753 4087 eos
2801 4032 2891 4101 qui
2918 4039 3127 4099 propter
3167 4046 3348 4099 poenas
3398 4043 3622 4088 cternas

388 4153 608 4196 mortem
630 4138 860 4192 omnium
892 4135 1152 4189 malorum
1179 4132 1471 4185 maximum
1527 4131 1991 4201 gravissimumque
2046 4146 2155 4185 esse
2189 4131 2512 4185 arbitrentur
2552 4131 2623 4201 (c.
2653 4131 2683 4185 7
2708 4158 2777 4169 —
2804 4128 3034 4198 20-25):
3061 4130 3137 4183 ita
3165 4137 3220 4182 ut
3258 4128 3545 4198 patefaciat
3574 4139 3625 4185 et

392 4240 705 4292 demonstret
737 4229 1023 4285 vanitatem
1051 4225 1253 4281 timoris
1275 4222 1602 4293 singulorum
1631 4222 1847 4291 eiusque
1871 4238 2081 4277 causas.

987 4493 1355 4550 KseAA.Az
1989 4494 2039 4557 Β

1989 4494 2039 4557 Β
2693 4487 2921 4546 CAPUT
2962 4491 3003 4545 Ι.

466 4597 572 4651 Τὸν
598 4595 695 4662 τῆς
721 4590 897 4661 ψυχῆς
928 4588 1034 4641 ἀπὸ
1063 4585 1155 4639 τοῦ
1198 4584 1446 4653 σώματος
1478 4582 1775 4654 χωρισμὸν,
1806 4583 1864 4635 ὃν
1892 4583 1957 4652 δὴ

2136 4584 2314 4638 Animi
2344 4600 2373 4637 a
2402 4600 2628 4654 corpore
2651 4584 2973 4647 discessum,
3012 4597 3175 4652 quem
3197 4590 3426 4638 mortem
3458 4584 3634 4638 nomi-

340 4712 349 4721 -
396 4688 627 4741 Θάνατον
658 4682 933 4749 είώθαμεν
958 4678 1266 4746 ὀνομάζειν,
1294 4676 1496 4737 πάντες
1526 4675 1625 4743 μὲν
1652 4675 1875 4744 φρίττου

2092 4691 2196 4730 lare
2229 4677 2487 4742 solemus,
2529 4692 2719 4733 omnes
2775 4678 3218 4746 perhorrescunt,
3286 4693 3475 4732 omnes
3501 4680 3634 4731 ode-

401 4780 599 4839 πάντες
635 4776 691 4828 δὲ
726 4773 964 4843 μισοῦσι,
1011 4772 1212 4833 πάντες
1253 4769 1310 4821 δὲ
1354 4768 1576 4841 πάντων
1619 4766 1806 4819 κακῶν
1857 4766 1939 4835 χεῖ

2091 4776 2216 4832 “unt,
2271 4783 2460 4823 omnes
2501 4769 2745 4822 omnium
2810 4770 3079 4825 malorum
3115 4770 3633 4839 perniciosissimum

401 4886 581 4940 ριστον
606 4869 833 4919 οἴονται.
866 4866 963 4916 ’Ἂν
989 4862 1045 4915 δέ
1086 4880 1169 4922 τις
1198 4860 1393 4920 αὐτοὺς
1427 4859 1638 4929 ἔρηται,
1677 4858 1729 4910 τί
1759 4858 1818 4909 τὸ
1846 4858 1943 4910 πεῖ

2090 4862 2299 4916 lucunt.
2336 4859 2377 4912 E
2405 4859 2606 4928 quibus
2628 4860 2674 4913 si
2721 4876 2955 4928 quaeras,
2997 4876 3101 4929 qua
3160 4862 3369 4916 ratione
3394 4861 3632 4926 adducti,

392 4965 491 5016 θον
511 4962 684 5022 οὕτως
707 4959 866 5012 αὐτὸν
882 4954 1258 5025 δυσχεραίνειν
1277 4968 1293 4984 ο
1321 4952 1538 5005 δοκοῦσι
1562 4950 1659 5019 μέν
1684 4967 1737 5003 τι
1760 4949 1934 5016 λέγειν

2095 4970 2194 5007 iam
2245 4964 2528 5022 tantopere
2605 4961 2944 5018 aversentur,
3009 4968 3225 5007 causam
3291 4953 3489 5007 habere
3536 4953 3637 5007 sibi

386 5056 497 5109 καὶ
531 5051 780 5129 πείθουσί
808 5067 869 5117 γε
916 5048 1113 5118 ῥᾳδίως
1141 5046 1269 5108 τοὺς
1301 5044 1484 5105 αὐτοῖς
1533 5042 1729 5112 ὁμοίως
1761 5041 1928 5093 διακει

2095 5049 2353 5110 ridentur,
2377 5055 2431 5101 et
2465 5047 2551 5111 iis,
2587 5046 2677 5114 qui
2708 5046 2897 5100 eodem
2930 5045 3091 5098 modo
3120 5054 3248 5100 sunt
3276 5044 3471 5109 affecti,
3501 5044 3637 5098 citra

407 5151 623 5219 μένους,
661 5146 847 5213 ὥσπερ
898 5142 1060 5195 κακοὶ
1107 5140 1314 5203 δειλοὺς
1361 5137 1616 5205 πολέμων
1665 5133 1943 5202 ἀπέχεσθα

2097 5137 2353 5209 negotium
2386 5136 2733 5208 persuadent,
2765 5135 3219 5205 quemadmodum
3276 5135 3475 5206 ignavi,
3515 5150 3639 5188 cum

406 5236 838 5308 παραινοῦντεςο
882 5235 1069 5305 ῥᾷστα.-
1104 5232 1216 5299 γὰρ
1258 5228 1323 5281 ἂν
1370 5226 1512 5280 οὕτω
1562 5225 1831 5290 πείσαιεν,
1869 5226 1948 5293 τῆς

2108 5229 2302 5283 imidos
2340 5242 2371 5281 a
2426 5226 2581 5280 bellis
2635 5226 2934 5280 deterrent.
2988 5225 3121 5279 Nam
3167 5242 3289 5279 etim
3345 5225 3643 5279 aﬂ‘cctionis

405 5331 501 5383 τοῦ
521 5330 726 5389 πάθους
750 5327 1064 5394 ὁμοιότητος
1088 5322 1345 5382 πιθανοὺς
1365 5320 1558 5381 αὐτοὺς
1583 5320 1691 5381 τοῖς
1713 5317 1947 5370 ἀκούουσ

2102 5316 2384 5371 ιὶιιιίιίιυὰο
2412 5316 2571 5370 iidem
2607 5315 2671 5369 iis
2710 5316 2984 5377 conciliet.
3053 5316 3307 5369 lacillime
3367 5315 3644 5368 auditores

394 5420 671 5486 ποιούσης
697 5415 1030 5486 συμϐούλους
1057 5427 1073 5445 ⁶
1100 5411 1165 5464 ἂν
1187 5412 1244 5463 δὲ
1274 5411 1406 5480 πρὸς
1428 5409 1624 5478 ἄνδρας
1650 5405 1936 5477 ὲπιχειρῶε

2107 5424 2138 5459 ιι
2187 5422 2340 5461 suam
2405 5405 2728 5461 sententiam
2763 5405 3056 5459 adducunt.
3092 5405 3197 5458 Sed
3246 5404 3290 5457 si
3324 5404 3464 5473 apud
3501 5404 3646 5459 viros

408 5514 757 5581 κατηγορεῖν,
796 5508 947 5559 οὐδὲν
999 5503 1222 5570 εὖλογον
1271 5504 1410 5571 ὑπὲρ
1456 5502 1556 5570 τῆς
1601 5500 1780 5553 αὐτῶν
1815 5499 1950 5566 δόξης

2103 5500 2329 5553 :amdem
2366 5498 2800 5553 criminationem
2834 5496 3141 5559 instituant,
3178 5497 3381 5549 nullam
3432 5495 3645 5565 Opinio-

408 5604 594 5675 ἔχουσι
629 5604 829 5669 λέγειν,
872 5598 1051 5668 ψυχῆς
1096 5597 1153 5649 δὲ
1204 5596 1363 5663 μόνον
1408 5594 1628 5663 ἄγνοιαν
1675 5592 1769 5645 καὶ
1806 5591 1948 5661 μαλα

2098 5591 2168 5646 iis
2191 5607 2302 5647 suae
2350 5591 2616 5645 rationem
2678 5591 3012 5661 probabilem
3078 5589 3306 5644 reddere
3363 5597 3640 5659 possunt:

472 5744 497 5768 '
520 5745 591 5797 Ex
619 5741 910 5793 recensione
935 5742 1115 5793 (must.
1146 5738 1412 5801 Theophili
1438 5738 1668 5807 Kuinoel.
1699 5732 1874 5798 Lipsiae
1906 5735 2039 5801 1786.
2076 5737 2194 5799 Cum
2231 5739 2657 5800 interpretatione
2694 5738 2955 5805 “aphaelis
2988 5737 3190 5796 Seileri,
3228 5732 3519 5795 Augustam.
