3904 6216
421 262 555 332 ii‘il

1675 255 2055 316 DEMETRII
2095 257 2412 318 CYDONII

3503 277 3519 337 ι
3535 279 3606 341 ιιι

411 371 656 430 morbum
679 369 941 422 duntaxat
992 366 1158 420 animi
1199 364 1308 432 sui,
1356 363 1572 419 inscitia
1622 375 1680 419 et
1740 366 1972 420 mollitie

2080 371 2205 424 κίαν
2234 372 2526 435 νοσοῦντες
2556 373 2899 445 ἐλέγχονται,
2933 378 3025 448 ὑφ’
3053 374 3126 432 ὧν
3154 381 3220 434 τὰ
3253 382 3378 437 ἀδεᾶ
3403 384 3608 457 δεδιέναι,

408 462 720 522 laborantis,
787 458 1085 512 indicantes
1127 474 1140 509 :
1171 456 1368 526 quibus
1398 455 1764 517 adducuntnr,
1814 465 1878 510 ut
1912 471 1974 510 ea

409 567 529 620 quae
555 549 791 606 timenda
823 563 928 601 non
984 556 1128 611 sunt,
1185 548 1430 611 timeant,
1485 558 1538 601 et
1570 548 1638 602 iis
1674 563 1792 617 qua:
1833 549 1977 602 nihil

411 653 630 708 nocent,
665 639 1046 709 percellantur.
1083 639 1192 707 Age
1227 653 1356 692 vero
1413 639 1712 714 videamus,
1771 639 1977 708 quibus

409 733 475 784 de
515 731 696 783 causis
745 735 972 782 mortem
1037 727 1218 779 omnia
1251 727 1390 780 mala
1454 741 1718 795 superare
1754 735 1973 795 putent.

413 820 476 874 Ut
505 829 682 872 autem
709 817 1000 886 proverbio
1039 817 1264 879 dicitur,
1303 817 1591 870 Triiariam
1639 817 1819 870 omnia
1848 833 1977 872 esse

409 912 576 965 divisa
603 927 618 973 ;
650 910 719 962 ita
747 911 823 973 lit,
864 919 1129 963 uteorum
1164 910 1346 974 etiam,
1376 909 1466 973 qui
1497 917 1724 963 mortem
1759 909 1975 978 vitupe-

412 1013 550 1067 rant,
593 1002 693 1056 tria
727 1001 836 1055 sint
862 1015 1080 1068 genera.
1132 999 1264 1053 Nam
1300 999 1691 1069 promptissimi
1748 1001 1976 1070 quique,

409 1111 471 1147 ac
498 1094 679 1162 potius
705 1091 1055 1156 veracissinii,
1111 1092 1201 1160 qui
1231 1107 1330 1145 sua
1384 1092 1582 1160 probra
1636 1092 1818 1146 velare
1878 1107 1977 1146 ne-

409 1185 608 1246 sciunt,
645 1182 822 1234 omnis
879 1181 1093 1250 generis
1122 1181 1456 1250 voluptatum
1506 1181 1861 1251 privationem
1895 1183 1975 1236 la—

411 1281 762 1328 mentantur:
800 1282 853 1326 et
883 1271 936 1325 id
971 1272 1115 1340 quod
1148 1287 1240 1325 cas
1276 1272 1443 1334 delet,
1495 1273 1738 1326 omnium
1781 1275 1978 1329 merito

408 1374 461 1418 et
491 1363 958 1424 molestissimum,
1021 1372 1073 1416 et
1105 1363 1338 1427 maxime
1395 1362 1742 1418 formidabile
1783 1363 1977 1419 existi-

411 1463 579 1510 mant.
621 1454 950 1508 Urbaniores
974 1465 1176 1520 autem,
1203 1464 1258 1508 et
1280 1469 1415 1522 quos
1448 1455 1611 1523 pudet
1651 1456 1769 1509 sine
1813 1470 1980 1510 causa

409 1561 502 1605 aut
529 1565 711 1618 agere,
752 1556 847 1602 aut
896 1550 1184 1604 admittere
1231 1551 1549 1618 quidquam,
1604 1551 1656 1605 id
1715 1568 1744 1604 a
1785 1561 1982 1606 natura

411 1643 623 1716 eunetis
657 1640 879 1695 insitum
913 1642 1087 1704 aiunt,
1127 1651 1184 1697 ut
1217 1657 1275 1696 se
1311 1653 1366 1696 et
1391 1659 1511 1697 esse
1556 1652 1613 1698 et
1650 1644 1830 1697 vivere
1883 1657 1983 1696 cu-

412 1710 582 1801 piant.
616 1733 734 1788 Jam
765 1750 903 1808 vero
935 1736 1076 1802 quod
1110 1733 1160 1787 id
1193 1734 1387 1795 aufert,
1423 1735 1564 1804 quod
1627 1735 1694 1789 ab
1729 1735 1976 1788 omnibus

2089 1710 2322 1810 gﬁdyov;
2345 1747 2438 1798 καὶ
2480 1749 2580 1817 τὴν
2615 1751 2678 1802 ἐκ
2703 1753 2802 1820 τῆς
2837 1754 3045 1825 φθορᾶς
3085 1710 3275 1830 ἀμορὲ

410 1823 704 1892 appetitur,
730 1833 888 1891 atque
919 1822 1104 1885 eliieit,
1143 1832 1200 1879 ut
1230 1838 1292 1876 ea
1321 1839 1444 1890 qua:
1477 1833 1625 1888 sunt,
1679 1839 1787 1878 non
1849 1823 1980 1887 sint,

410 1917 586 1984 iisque
618 1915 914 1984 perniciem
948 1914 1127 1977 all'ert,
1158 1925 1210 1966 et
1269 1916 1430 1968 rebus
1487 1925 1635 1968 tanta
1685 1914 1985 1983 pulchritu-

410 2007 538 2060 dine
573 2021 604 2059 a
660 2013 856 2058 natura
893 2003 1049 2058 factis
1089 2005 1372 2074 caliginem
1429 2021 1493 2058 ex
1526 2005 1751 2059 interitu
1808 2003 1986 2058 oﬂ‘un-

410 2099 510 2163 ilit,
537 2098 660 2167 quis
701 2112 812 2151 non
843 2097 1098 2150 horreat?
1133 2097 1254 2165 quis
1284 2097 1782 2167 nonoderit?quis,
1818 2097 1865 2152 si
1901 2097 1985 2150 vel

406 2193 680 2256 nomines,
715 2200 972 2260 tanquam
1022 2201 1232 2245 natum
1283 2191 1563 2244 inimicum
1596 2206 1705 2245 non
1765 2203 1985 2244 averse-

409 2286 532 2340 tur?
558 2283 744 2353 Neque
768 2299 896 2337 vero
921 2291 1124 2336 naturae
1161 2283 1358 2349 solum,
1415 2297 1627 2347 verum,
1693 2297 1757 2336 ac
1815 2282 1985 2336 multo

406 2375 600 2445 magis,
656 2373 822 2428 etiam
873 2373 986 2427 Deo
1025 2387 1039 2424 :
1072 2386 1181 2425 non
1221 2387 1307 2430 eo.
1347 2380 1578 2436 tantum,
1636 2371 1780 2441 quod
1836 2372 1985 2425 solus

408 2463 864 2520 absolutissimam
917 2459 1386 2516 immortalitatem
1440 2463 1666 2514 sortitus
1723 2470 1806 2514 est
1847 2461 1983 2514 :sed

409 2553 555 2622 quod
599 2553 720 2622 ejus
751 2551 1003 2604 instituto
1053 2550 1298 2604 omnium
1349 2552 1583 2604 maxime
1617 2550 1934 2605 adversatur
1967 2566 1982 2603 :

409 2642 679 2712 siquidem
719 2656 839 2709 qua:
871 2641 987 2709 ipse
1013 2655 1299 2710 procreare
1327 2650 1382 2694 et
1421 2655 1746 2694 conservare
1779 2637 1982 2705 studet,

409 2751 471 2789 ea
499 2748 646 2788 mors
690 2731 986 2799 exstinguit
1031 2738 1086 2782 et
1138 2730 1396 2800 dissipat..
1451 2731 1574 2784 l-latc
1603 2731 1981 2796 modestiores,

409 2825 610 2894 quique
642 2831 895 2879 naturam
942 2830 1272 2888 sequuntur,
1299 2822 1366 2875 ad
1394 2822 1527 2889 justi
1585 2825 1692 2876 odii
1729 2837 1984 2892 compro«

412 2917 707 2974 nationem.
731 2911 944 2980 Reliqui
975 2923 1156 2964 autem
1213 2921 1268 2965 et
1314 2911 1480 2976 tertii,
1523 2927 1647 2966 cum
1708 2914 1985 2982 graviores

2081 461 2177 514 καὶ
2237 465 2646 534 κατεπτηχέναι
2701 468 2771 520 τὰ
2828 469 2906 539 μὴ
2962 469 3299 538 βλάπτοντα,
3359 477 3610 536 πείθονται.

2079 553 2219 622 Φέρε
2253 553 2363 622 γὰρ
2402 554 2626 624 ἴδωμεν,
2658 559 2720 610 ἐκ
2757 559 2928 612 ποίων
2953 560 3227 629 λογισμῶν
3264 567 3423 620 κακοῦ
3454 575 3614 636 παντὸς

2081 644 2347 699 ἐπέκεινα
2378 649 2472 700 τὸν
2508 650 2740 704 θάνατον
2782 652 3006 707 οἴονται.
3049 655 3278 720 Οὐκοῦν,
3318 660 3464 713 τοῦτο
3495 665 3546 732 δὴ
3572 667 3614 717 τὸ

2082 735 2398 804 λεγόμενον,
2431 739 2628 809 τριχθὰ
2666 742 2847 794 πάντα
2876 743 3149 809 δέδασται,
3184 753 3344 818 τριχῆ
3377 753 3616 820 συμόαίνει

2081 828 2178 878 καὶ
2207 828 2334 890 τοὺς
2359 829 2452 880 τὸν
2476 831 2709 884 θάνατον
2741 834 3070 899 κακὲζοντας
3100 839 3441 908 διαιρεῖσθαι.
3467 847 3522 897 0i
3541 850 3617 915 μὲν

2083 917 2192 985 γὰρ
2223 921 2661 989 προχειρότεροι,
2712 926 2919 990 μᾶλλον
2955 927 3012 981 δὲ
3045 929 3421 1003 ἀληθέστεροι,
3464 943 3544 990 καὶ
3569 943 3619 993 τὰ

2083 1008 2294 1061 ἑαυτῶν
2323 1012 2425 1064 οὐκ
2470 1015 2830 1082 ἐπιστάμενοι
2873 1019 3280 1086 συγκαλύπτειν
3331 1028 3512 1098 ὀνείδη,
3541 1032 3618 1100 τὴν

2081 1103 2194 1154 τῶν
2227 1105 2591 1158 παντοδαπῶν
2619 1107 2822 1176 ἡδονῶν
2847 1110 3134 1181 ὀδύρονται
3163 1118 3436 1188 στέρησιν,
3463 1124 3545 1175 καὶ
3574 1124 3620 1176 τὸ

2081 1192 2289 1256 ταύτας
2344 1197 2611 1261 ἀφανίζον
2665 1200 2888 1254 πάντων
2950 1206 3174 1271 είκότως
3227 1210 3534 1281 ἀηδέστερόν
3575 1232 3619 1267 τε

2084 1285 2177 1336 καὶ
2207 1284 2593 1354 φοϐερώτατον
2647 1290 2886 1358 ἥγηνται
2915 1311 2930 1326 ·
2986 1296 3035 1348 οί
3080 1297 3139 1350 δὲ
3188 1300 3522 1373 κομψότεροι,
3551 1308 3621 1356 καὶ

2083 1375 2228 1435 ὅσοις
2259 1374 2472 1441 ἀλόγως
2500 1393 2553 1429 τι
2607 1382 2805 1444 ποιεῖν,
2845 1382 2878 1452 ἢ
2924 1385 3178 1454 πάσχειν,
3221 1392 3479 1462 αἰσχύνη,
3520 1397 3642 1475 πᾶσίι

2085 1481 2217 1532 φασι
2239 1465 2334 1518 τοῦ
2363 1463 2530 1530 εἶναι,
2571 1471 2794 1543 καὶτῆς
2841 1475 3034 1538 οὐσίας
3085 1479 3274 1546 ἔφεσιν
3312 1486 3448 1538 κατά
3493 1487 3621 1553 φύσιν

2086 1557 2390 1626 ἐγκεῖσθαι.
2433 1560 2509 1611 Τὸ
2559 1561 2740 1617 τοίνυν
2799 1565 2860 1617 τὸ
2899 1570 3067 1622 πᾶσιν
3112 1572 3340 1640 ὀρεκτὸν
3386 1578 3619 1648 ἀναιροῦν,

2088 1653 2183 1703 καὶ
2216 1652 2274 1703 τὸ
2309 1655 2410 1721 μὲν
2450 1651 2591 1709 εῐναι
2638 1660 2745 1710 τῶν
2790 1661 2964 1716 ὄντων
3011 1665 3259 1734 ἐλαῦνον,
3305 1671 3555 1726 ἀπώλειαν
3578 1673 3621 1726 δὲ

3285 1763 3368 1816 ίαν
3401 1768 3623 1835 καταχίον

2084 1834 2193 1886 τῶν
2224 1835 2366 1888 οὕτω
2397 1839 2663 1894 κάλλιστα
2696 1843 2847 1913 παρὰ
2882 1846 2983 1915 τῆς
3017 1849 3236 1915 φύσεως
3269 1834 3622 1924 εἰργασμέπυν,

2084 1927 2168 1989 τίς
2193 1928 2291 1980 οὐκ
2330 1928 2396 1982 ἂν
2432 1933 2644 2000 φρίξειε
2674 1954 2688 2001 ;
2721 1937 2803 1999 τίς
2830 1938 2887 1990 δὲ
2917 1940 3017 1992 οὐκ
3057 1941 3125 1994 ἂν
3159 1947 3448 2014 μισήσειε;
3484 1947 3552 2010 τίς
3579 1948 3621 2000 δὲ

2085 2017 2185 2068 οὐκ
2218 2016 2282 2069 ἂν
2313 2021 2410 2074 καὶ
2444 2021 2609 2090 μόνον
2642 2023 2960 2095 λεγόμενον,
2992 2029 3069 2092 ὡς
3101 2035 3169 2102 τῇ
3206 2034 3368 2102 φύσει
3408 2037 3622 2107 πολέμιον

2086 2107 2511 2178 ἀποπέμψαιτος
2544 2114 2606 2166 οὐ
2639 2117 2704 2186 τῇ
2753 2117 2914 2184 φύσει
2966 2120 3022 2174 δὲ
3064 2123 3254 2188 μόνον,
3301 2127 3432 2180 ἀλλὰ
3479 2129 3624 2198 πολλῴ

2087 2200 2353 2270 πρότερον
2381 2205 2472 2257 καὶ
2500 2204 2648 2274 Θεῷ·
2687 2208 2746 2259 οὐ
2778 2210 2940 2278 μόνον
2969 2214 3045 2277 ὡς
3079 2215 3232 2286 μόνῳ
3273 2218 3371 2286 τὴν
3399 2221 3624 2272 τελεωτά-

2085 2308 2184 2359 την
2225 2295 2525 2349 ἀθανασίαν
2548 2298 2977 2371 κεκληρωμένῳ,
3008 2306 3125 2359 ἀλλ’
3155 2309 3242 2361 ὃτι
3269 2313 3362 2362 καὶ
3385 2315 3443 2380 τῇ
3469 2313 3622 2363 τούτου

2089 2387 2407 2454 προαιρέσει
2461 2392 2684 2445 πάντων
2723 2397 3146 2465 ὲναντιὼτατον;
3200 2400 3362 2473 εἰπερ
3402 2405 3437 2457 ἀ
3485 2404 3625 2471 παράο

2087 2492 2207 2544 γειν
2238 2477 2442 2541 ἐκεῖνος
2475 2482 2571 2533 καὶ
2603 2489 2889 2555 συντηρεῖν
2927 2491 3320 2561 προθυμεῖται,
3347 2495 3491 2549 ταῦτ’
3513 2498 3625 2548 ἐκεῖ-

2089 2581 2176 2630 νος
2213 2569 2427 2639 φθείρει
2453 2572 2546 2626 καὶ
2572 2573 2795 2630 διαλύει.
2830 2578 3015 2634 Ταῦτά
3040 2599 3104 2650 γε
3132 2586 3182 2637 οί
3214 2588 3622 2657 σωφρονέστεροι,

2087 2659 2180 2712 καὶ
2230 2662 2296 2730 τῇ
2350 2660 2509 2729 φύσει
2567 2667 2920 2735 κεχρημένοι,
2975 2673 3113 2740 πρὸς
3156 2675 3260 2746 τὴν
3310 2677 3404 2730 τοῦ
3451 2678 3620 2731 δικαίου

2089 2752 2282 2818 μίσους
2315 2751 2612 2818 ἀπόδειξιν.
2657 2757 2720 2808 Ui
2767 2757 2824 2809 δὲ
2871 2761 3050 2814 λοιποὶ
3095 2765 3192 2817 καὶ
3228 2768 3420 2837 τρίτοι,
3463 2769 3620 2838 σεμνά·

2085 2841 2234 2908 τεροί
2273 2858 2416 2904 τινες
2465 2844 2652 2910 ὀντες,
2706 2851 2800 2901 καὶ
2859 2851 3270 2926 εὐλαϐέστεροι,
3315 2859 3404 2910 καί
3446 2877 3492 2912 τι
3537 2858 3620 2910 τῶν

2088 2930 2266 2986 ἄλλων
2323 2934 2630 3006 σοφώτερον
2684 2940 2962 3004 ἀξιοῦντες
3021 2944 3378 3012 διανοεῖσθαι,
3431 2947 3517 3018 οὐχ
3565 2943 3619 3000 ὧν

412 3009 524 3063 sint
576 3014 632 3060 et
677 3001 1122 3066 verecundiores,
1175 3011 1228 3054 et
1266 3001 1613 3071 aliisaliquid
1656 3003 1976 3071 prudentius

2086 3017 2299 3089 ἔφημεν
2329 3001 2511 3076 εἵνεκα
2534 3001 2627 3076 τὸν
2649 3001 2877 3081 θάνατον
2903 3001 3113 3093 ἀξιοῦσι
3143 3001 3416 3099 κακίζειν,
3437 3001 3536 3088 ἀλλ’
3555 3038 3619 3088 ὅτι

411 3097 608 3158 nl'l’erre
655 3094 825 3150 velint
856 3109 871 3147 :
914 3108 1024 3147 non
1075 3091 1144 3146 ob
1173 3107 1234 3148 ea
1264 3108 1384 3162 qum
1409 3094 1977 3158 commemoravimus,

412 3198 639 3246 mortem
672 3187 726 3240 in
761 3184 969 3239 crimen
1032 3184 1330 3238 voeandam
1377 3194 1606 3239 censent
1641 3202 1654 3239 :
1685 3183 1781 3241 sed
1836 3187 1980 3256 quod

409 3289 532 3349 post
562 3293 702 3340 eam,
767 3273 1052 3332 confestim
1082 3275 1206 3331 vitae
1236 3286 1370 3330 actae
1419 3277 1682 3336 rationem
1734 3277 1979 3341 reddere,

412 3368 876 3425 t-taeerbissimas
906 3383 969 3420 ac
1023 3365 1367 3421 tristissimas
1434 3383 1622 3436 poenas
1674 3368 1728 3422 in
1783 3384 1980 3438 perpe-

411 3475 563 3516 tuum
594 3461 725 3515 dare
751 3473 1007 3528 cogamur
1041 3473 1053 3510 :
1084 3473 1311 3527 quarum
1344 3468 1596 3525 expertes
1633 3461 1799 3518 futuri
1832 3477 1981 3516 esse-

410 3570 553 3618 iuus,
580 3553 682 3606 nisi
720 3566 870 3606 mors
898 3551 1112 3607 animos
1152 3566 1182 3605 a
1215 3552 1539 3620 corporibus
1596 3554 1875 3622 avelleret,
1924 3565 1979 3609 et

407 3646 473 3700 ad
515 3645 662 3698 illius
693 3643 798 3696 loci
819 3642 965 3711 leges
994 3656 1059 3695 ac
1090 3641 1422 3709 quazstiunes
1447 3642 1708 3698 mitteret.
1759 3643 1852 3698 llis
1879 3644 1977 3715 igi—

411 3750 497 3790 tur
529 3735 712 3790 verbis
735 3733 958 3802 qnidam
993 3740 1047 3785 et
1076 3732 1182 3786 sibi
1213 3741 1268 3786 et
1305 3731 1642 3787 auditoribus
1668 3735 1860 3789 timore
1895 3737 1978 3790 in-

403 3831 574 3896 jecto,
609 3836 722 3881 tum
761 3825 864 3894 ipsi
897 3823 1090 3878 mortis
1149 3825 1370 3878 nomine
1424 3825 1814 3894 percelluntur,
1865 3837 1977 3894 tuin

406 3918 547 3982 aiiis,
569 3923 642 3972 ‘ut
671 3915 783 3970 sint
816 3923 992 3970 metus
1017 3914 1173 3980 socii,
1199 3915 1549 3984 persuadent.

994 4043 1224 4100 CAPUT
1248 4045 1312 4099 11.

477 4177 768 4234 Videamus
795 4195 944 4252 ergo,
978 4189 1158 4237 utrum
1197 4179 1400 4251 aliquid
1431 4182 1666 4248 Idicant,
1700 4194 1754 4241 et
1812 4187 1978 4243 hone-

404 4280 546 4324 stum
578 4272 669 4334 sit,
700 4272 792 4340 qui
825 4257 1000 4325 virum
1037 4287 1095 4327 se
1121 4274 1266 4328 dicat
1317 4290 1458 4341 esse,
1502 4291 1625 4331 eum
1664 4277 1973 4348 liujusniodi

2089 3107 2212 3176 μετ’,
2235 3111 2438 3162 ἐκεῖνον
2469 3113 2630 3176 εὐθὺς
2655 3116 3078 3185 ἀναγκαζόμεθα
3123 3121 3290 3189 λόγον
3331 3124 3435 3176 τῶν
3461 3124 3620 3193 βεϐιω-

2088 3199 2266 3266 μένων
2298 3203 2545 3272 ὑπέχειν,
2579 3206 2670 3258 καὶ
2703 3207 2800 3271 τὰς
2847 3209 3255 3281 ὀδυνηροτάτας
3293 3217 3385 3268 καὶ
3425 3218 3617 3284 ἀλγεινο-

2083 3293 2254 3356 τάτας
2303 3294 2372 3346 δι’
2404 3297 2598 3359 αίῶνος
2639 3299 2794 3362 δίκας
2830 3299 3053 3369 διδόναι,
3088 3297 3162 3356 ὧν
3193 3309 3300 3359 οὐκ
3335 3307 3397 3360 ἂν
3426 3307 3617 3377 elapsa.

2086 3401 2249 3453 νομεν
2288 3391 2503 3457 πεῖραν,
2561 3389 2636 3459 μὴ
2682 3391 2776 3444 τοῦ
2820 3391 3051 3446 θανάτου
3098 3396 3214 3449 τῶν
3265 3401 3511 3467 σωμάτων
3541 3399 3614 3458 τᾶς

2083 3474 2260 3543 ψυχὰς
2291 3475 2651 3547 διαιροῦντος,
2684 3482 2777 3534 καὶ
2812 3483 2945 3551 πρὸς
2979 3485 3103 3549 τοὺς
3153 3488 3282 3542 ἐκεῖ
3319 3491 3504 3560 νόμους
3543 3489 3614 3539 καὶ

2083 3566 2412 3636 ἱξετασμοὺς
2456 3573 2932 3642 παραπέμποντος.
2989 3578 3219 3644 Τούτοις
3273 3583 3371 3652 μὲν
3404 3583 3488 3636 οῦν
3530 3584 3615 3642 τοῖς

2081 3659 2259 3722 λόγοις
2291 3662 2437 3726 τινὲς
2477 3666 2571 3717 καὶ
2621 3666 2868 3731 ἑαυτοὺς,
2905 3669 3001 3722 καὶ
3048 3670 3176 3734 τοὺς
3221 3675 3521 3737 ἀκούοντας,
3550 3673 3614 3725 δε-

2079 3750 2405 3820 διττόμενοι,
2443 3755 2596 3808 αὐτοί
2637 3773 2696 3809 τε
2727 3760 2822 3810 καὶ
2845 3761 2980 3828 πρὸς
3025 3761 3275 3832 τοῦνομα
3306 3765 3396 3818 τοῦ
3425 3765 3612 3819 θανάτου

2080 3843 2460 3912 ταράττονται,
2509 3849 2604 3901 καὶ
2649 3850 2777 3912 τοὺς
2825 3851 3020 3916 ἀλλους
3071 3855 3328 3911 πείθουσι
3366 3858 3452 3928 τοῦ
3493 3856 3613 3917 δέους

2083 3931 2266 3995 αὐτοῖς
2301 3937 2598 3990 κοινωνεῖν.

2689 4071 2940 4132 ΚΕΦΑᾹ.
2980 4078 3052 4133 B'.

2154 4201 2430 4256 Σκεπτέον
2459 4203 2768 4274 τοιγαροῦν,
2804 4206 2856 4258 εί
2896 4223 2948 4260 τι
2991 4210 3111 4278 μετ’
3140 4210 3403 4282 ἀληθείας
3433 4212 3607 4279 λέγεται

2085 4295 2217 4362 παρ’
2255 4293 2459 4358 αὐτῶν,
2497 4296 2592 4347 καὶ
2640 4298 2691 4348 εἰ
2741 4296 2926 4360 καλὸν,
2973 4299 3142 4368 ἄνδρα
3195 4304 3470 4372 φάσκοντα
3501 4298 3606 4355 εἶναι

406 4363 751 4415 sermonibus
785 4378 843 4416 se
872 4363 1090 4417 dedere.
1133 4365 1348 4421 Primos
1399 4368 1582 4438 itaque
1633 4379 1692 4425 ut
1746 4372 1975 4426 nimium

2081 4381 2341 4444 τοιούτοις
2373 4382 2565 4435 ἑαυτὸν
2599 4382 2778 4451 λόγοις
2817 4363 3222 4467 παραδιδόναι(
3247 4394 3386 4456 Τοὺς
3414 4393 3503 4461 μὲν
3535 4385 3604 4442 οὖν

406 4451 740 4522 voluptarios
785 4464 839 4506 et
892 4453 1102 4517 molles,
1157 4456 1388 4525 ideoque
1425 4461 1662 4516 virilium
1709 4463 1974 4518 bellorum

408 4543 909 4616 imperitos,parv:n
931 4559 1107 4614 operae
1138 4555 1220 4601 est
1258 4552 1323 4600 ad
1359 4549 1686 4604 deditionem
1739 4555 1978 4624 compel-

407 4639 516 4690 lere
547 4651 560 4688 :
591 4635 844 4705 quamvis
897 4645 950 4690 et
987 4636 1184 4693 multos
1221 4637 1398 4693 socios
1453 4639 1703 4705 habeant,
1751 4648 1803 4694 et.
1849 4658 1973 4696 eum

403 4727 590 4785 multis
642 4741 742 4781 nos
813 4726 1091 4784 invadant.
1159 4725 1361 4785 Omnes
1415 4729 1557 4787 enim
1593 4731 1684 4800 qui
1739 4732 1974 4802 Epicuro

404 4820 621 4874 nomina
652 4818 941 4884 dederant,
975 4836 1196 4878 suavem
1235 4821 1395 4877 vitam
1429 4833 1484 4876 et
1532 4824 1732 4880 doloris
1777 4842 1972 4897 expero

403 4926 508 4964 teni
570 4911 825 4970 humana:
856 4912 1129 4967 felicitatis
1158 4912 1318 4970 ﬁnem
1363 4915 1709 4983 existimant;
1757 4920 1970 4977 eldilli-

399 5003 556 5057 cilcm
607 5003 750 5057 inter
779 5003 1027 5059 homines
1077 5005 1244 5058 ullum
1305 5006 1582 5062 inventum
1634 5023 1751 5064 esse
1795 5011 1968 5076 aiunt,

398 5092 491 5162 qui
525 5107 745 5161 prorsus
773 5094 976 5162 absque
1003 5094 1281 5164 voluptate
1302 5097 1484 5152 vivere
1515 5099 1662 5164 velit,
1713 5100 1815 5156 nisi
1846 5103 1969 5172 quis

398 5184 468 5234 ob
523 5192 803 5253 stuporem
856 5199 886 5238 a
936 5187 1390 5242 eommunissimo
1449 5191 1592 5244 bono
1651 5192 1964 5250 abhorreat.

397 5273 600 5329 Tamen
633 5285 778 5330 recte
831 5275 897 5329 iis
922 5275 1103 5331 dicere
1128 5277 1400 5346 possimus
1435 5293 1447 5332 :
1480 5279 1523 5334 Ο
1556 5281 1678 5349 viri,
1724 5286 1767 5340 si
1805 5287 1967 5342 modo

397 5365 499 5422 hoc
519 5368 739 5422 nomine
767 5368 1074 5438 appellandi
1111 5369 1261 5435 estis,
1292 5371 1382 5440 qui
1430 5373 1564 5428 adeo
1605 5375 1850 5433 dissoluti
1913 5388 1964 5437 et

396 5457 661 5520 t‘llCl‘Vali,
692 5459 982 5528 stolidique
1021 5460 1246 5514 omnino
1276 5461 1416 5528 sitis,
1455 5473 1514 5518 ut
1537 5466 1765 5522 nimium
1827 5485 1964 5539 pue«

398 5546 569 5601 iiiiter
604 5549 655 5602 in
683 5565 748 5604 eo
779 5550 976 5615 facitis,
1002 5567 1125 5606 eum
1154 5555 1523 5624 voluptatibus
1550 5565 1784 5622 tantum,
1835 5559 1960 5614 boni

390 5637 650 5713 judicium
676 5642 1026 5713 permittitis;
1060 5645 1103 5697 si
1162 5647 1292 5718 quid
1336 5655 1514 5702 autem
1549 5664 1672 5704 cum
1715 5651 1956 5708 molestia

2081 4469 2331 4539 πρώτους
2365 4469 2440 4535 ὡς
2491 4470 2608 4524 λίαν
2655 4472 2818 4537 ὄντας
2866 4477 3186 4545 φιληδόνους
3222 4483 3316 4537 καὶ
3348 4481 3602 4552 μαλακοὺς.

2077 4562 2171 4615 καὶ
2200 4561 2286 4617 διὰ
2323 4563 2477 4616 τοῦτο
2507 4565 2778 4635 ἀνδρικῶν
2807 4567 3059 4639 πολέμων
3085 4573 3370 4644 ἀπείρους,
3395 4575 3450 4628 οὐ
3481 4572 3628 4642 χαλε--

2077 4654 2177 4704 πὸν
2228 4655 2704 4724 παραστήσασθαι,
2756 4660 2937 4713 καίτοι
2995 4668 3088 4716 καὶ
3147 4666 3374 4730 πολλοὺς
3418 4667 3602 4734 ἔχοντες

2076 4742 2420 4812 συμμάχους,
2455 4745 2547 4796 καὶ
2575 4749 2712 4814 μετὰ
2739 4748 2951 4803 πολλῶν
2975 4751 3105 4820 ἡμῖν
3129 4753 3406 4818 ἐπιόντας.
3432 4754 3601 4809 Πάντες

2074 4836 2181 4905 γὰρ
2214 4835 2262 4887 οἱ
2297 4835 2416 4903 μετ’
2447 4835 2768 4907 Ἐπικούρου
2803 4843 3226 4912 στρατευόμενοι
3260 4847 3350 4901 τὸν
3389 4847 3504 4914 ἡδὺν
3527 4841 3602 4894 καὶ

2073 4924 2374 4994 ἀνάλγητον
2403 4926 2516 4995 βίον
2547 4928 2892 5002 ἀνθρωπίνης
2927 4935 3271 5006 εὐδαιμονίας
3306 4941 3490 4993 οἴονται
3519 4937 3598 4986 πέ-

2073 5034 2194 5086 ρας,
2227 5018 2321 5072 καὶ
2368 5019 2602 5087 χαλεπόν
2646 5039 2814 5088 φασιν
2865 5025 2924 5077 ὲν
2971 5026 3283 5098 ἀνθρώποις
3331 5031 3495 5099 εὑρεῖν
3525 5027 3598 5079 τὸν

2069 5110 2197 5162 ἄνευ
2233 5110 2424 5180 ἡδονῆς
2453 5099 2774 5184 αἱρούμενον
2823 5115 2922 5188 ζῇν
2955 5120 3212 5190 ἀτεχνῶς,
3255 5124 3305 5174 εί
3339 5127 3409 5194 μή
3441 5139 3514 5182 τις
3545 5118 3597 5170 δι’

2071 5203 2428 5272 ἀναισθησίαν
2455 5205 2632 5269 ἀηδῶς
2659 5206 2771 5277 ἕχει
2800 5210 2936 5280 πρὸς
2980 5211 3040 5266 τὸ
3068 5214 3372 5269 κοινότατον
3399 5212 3592 5281 ἀγαθόν.

2071 5292 2260 5361 Ὅμως
2288 5294 2513 5356 εἰκότως
2543 5297 2609 5348 ἂν
2635 5298 2818 5358 αὐτοῖς
2847 5299 3101 5372 λέγοιμεν
3122 5319 3136 5334 ο
3165 5301 3229 5357 Ὠ
3267 5305 3468 5375 ἄνδρες,
3499 5301 3592 5368 εἴγε

2066 5383 2223 5436 τοῦτο
2271 5387 2375 5455 χρὴ
2427 5386 2612 5439 καλεῖν
2663 5389 2807 5458 ὑμᾶς
2855 5390 3028 5456 οὕτως
3074 5395 3479 5468 ἐκλελυμένους,
3515 5394 3592 5445 καὶ

2067 5476 2600 5546 ἐκνενευρισμένους,
2631 5481 2724 5532 καὶ
2752 5481 3113 5550 βλακεύοντας
3137 5487 3386 5556 ἀτεχνῶς,
3401 5485 3470 5547 ὡς
3491 5483 3588 5534 λίαν

2067 5565 2220 5634 ὑμῶν
2254 5567 2505 5621 παιδικὸν
2561 5571 2622 5622 τὸ
2653 5575 2774 5634 ταῖς
2814 5573 3027 5642 ἡδοναῖς
3101 5578 3256 5646 μόνον
3290 5577 3384 5647 τὴν
3433 5575 3586 5645 κρίσιν

2065 5658 2384 5729 ἐπιτρέπειν
2409 5659 2502 5714 τοῦ
2545 5661 2752 5733 ἀγαθοῦ
2779 5680 2794 5697 ·
2839 5665 2885 5717 εί
2919 5666 2976 5720 δέ
3014 5685 3065 5720 τι
3111 5668 3204 5723 καὶ
3246 5667 3380 5739 μετὰ
3423 5665 3582 5737 dum;
