3904 6216
340 312 478 375 1173

1462 312 1560 372 DE
1607 309 2175 373 CONTEMNENDA
2218 310 2495 373 MORTE.

3448 305 3584 371 1174

334 422 566 490 ὠφελεῖν
594 420 833 484 δύναιτο,
865 420 1024 474 τοῦτο
1064 421 1334 487 κακίζειν,
1366 421 1460 474 καὶ
1498 422 1675 475 πάντα
1706 422 1909 492 τρόπον

2027 421 2280 490 prodesse
2309 430 2491 491 queat,
2538 420 2591 477 id
2625 421 2968 493 vituperatis,
3007 430 3059 477 et
3086 421 3281 489 quovis
3312 421 3474 475 modo
3501 423 3583 474 el—

338 514 565 582 φεύγειν
594 513 922 585 πειρᾶσθαι·
956 514 1086 567 ἄλλο
1131 516 1229 584 μὲν
1273 513 1427 566 οὐδὲν
1467 514 1719 581 ἐγκαλεῖν
1763 512 1911 582 ἔχον-

335 624 457 671 τας,
500 608 585 659 ὅτι
626 606 682 659 δὲ
718 608 879 673 μόνον
917 607 977 658 ού
1021 606 1196 659 σαίνει
1244 605 1342 675 τὴν
1384 604 1656 673 αἴσθησιν.
1690 605 1756 657 Τί
1800 605 1910 673 γὰρ

335 698 559 759 κωλύει,
593 698 688 749 καὶ
722 699 849 760 τοὺς
896 698 1114 765 ίατροὺς
1143 699 1255 758 τοϊς
1289 696 1473 763 λόγοις
1512 696 1721 757 τούτοις
1752 697 1901 748 κακί·

337 791 473 856 ζειν,
507 788 557 842 οἶ
580 792 693 851 τοῖς
723 789 967 857 σώμασιν
988 789 1088 840 ούκ
1112 788 1282 851 ἄλλως
1312 786 1719 857 ἐπικουροῦσιν.
1743 787 1775 856 ἢ
1804 788 1913 839 τῶν

334 882 537 946 ἀηδῶν,
575 880 671 932 καὶ
709 880 933 945 ἐσθίειν,
984 882 1074 932 καὶ
1117 880 1313 941 πίνειν,
1364 882 1458 934 καὶ
1490 878 1780 941 ἅπτεσθαι,
1818 880 1913 931 καὶ

337 970 511 1020 πάντα
539 968 741 1036 τρόπον
757 968 994 1037 χρῆσθαι
1011 969 1139 1032 τοὺς
1162 969 1465 1037 κάμνοντας
1488 964 1910 1035 ἀναγκάζοντες,

336 1054 419 1121 οῖς
440 1058 538 1110 τοῦ
565 1057 754 1111 τοῦτον
782 1059 873 1111 τὸν
904 1059 1102 1128 τρόπον
1132 1060 1277 1127 ἡμᾶς
1312 1059 1503 1110 λυπεῖν
1561 1059 1654 1112 καὶ
1688 1060 1915 1128 μισθοὺς

341 1148 616 1217 μεγάλους
655 1148 940 1219 τελοῦμεν,
996 1151 1092 1202 καὶ
1142 1151 1465 1219 εὐεργεσίας
1512 1151 1666 1203 αύτοί
1706 1168 1785 1211 τε,
1821 1152 1914 1203 καὶ

336 1234 420 1301 οἷς
440 1239 548 1291 τῶν
583 1240 865 1310 ἡμετέρων
898 1240 1071 1309 μέλει,
1105 1241 1518 1310 όμολογοῦμεν;
1557 1237 1660 1295 Ὧν
1702 1245 1747 1295 εί
1778 1243 1914 1311 πρὸς

340 1331 512 1399 μόνην
554 1330 653 1399 τὴν
703 1331 896 1401 ἡδονὴν
946 1331 1053 1384 ἔδει
1103 1334 1277 1385 πάντα
1335 1332 1578 1401 ἀνάγειν,
1641 1334 1795 1396 τίνας
1849 1334 1917 1388 ἂν

338 1417 554 1486 ἐχθίους
605 1419 818 1489 ὑπῆρξε
869 1421 1097 1485 καλεῖν;
1148 1421 1288 1473 Ἀλλ’
1330 1417 1486 1490 οἶμαι
1534 1423 1772 1490 τάγαθὸν
1821 1426 1915 1475 καὶ

337 1509 510 1561 κακὸν
539 1509 600 1561 ού
633 1510 777 1579 λύπῃ
812 1511 906 1563 καὶ
938 1512 1121 1581 ἡδονῇ,
1155 1513 1234 1583 τῷ
1266 1512 1323 1564 δὲ
1354 1512 1620 1585 ὠφελίμῳ
1651 1518 1745 1567 καὶ
1781 1515 1913 1584 βλα·

339 1600 486 1669 ϐερῷ
516 1601 797 1671 κρίνεσθαι
821 1602 987 1657 δοκεῖ.
1031 1605 1092 1655 Et
1125 1604 1181 1657 δὲ
1219 1606 1354 1675 πρὸς
1382 1608 1481 1674 τὴν
1510 1606 1703 1676 ἡδονὴν
1732 1606 1913 1659 πάντα

340 1692 646 1760 ἀνοίσομεν,
681 1694 871 1760 κακὸν,
905 1694 1095 1763 ὥσπερ
1125 1696 1283 1766 ἔφην,
1328 1699 1387 1751 ὲν
1433 1696 1646 1766 σώματι
1693 1698 1793 1767 μὲν
1837 1699 1917 1751 ία-

2014 512 2199 581 fugere
2230 513 2479 577 studetis,
2505 516 2720 569 tametsi
2755 515 2890 568 nihil
2924 514 3069 568 aliud
3122 513 3368 568 habeatis
3399 529 3576 581 repre-

2014 605 2386 669 hendendum,
2432 606 2536 659 nisi
2588 606 2718 661 illud
2755 608 2955 671 solum,
2997 606 3141 675 quod
3196 619 3420 659 sensum
3477 620 3613 655 non,

2014 696 2333 753 demulceat.
2367 697 2503 763 Quid
2532 698 2675 751 enim
2698 708 2863 761 vetat,
2897 698 3136 751 medicos
3155 712 3367 765 quoque
3398 696 3584 749 iisdem

2016 786 2321 840 rationibus
2377 788 2681 854 criminari,
2734 789 2847 857 qui
2882 788 3207 856 corporibus
3267 802 3373 840 non
3433 788 3611 839 aliter

2015 891 2341 933 succurrunt
2369 895 2532 948 quam
2591 882 2850 951 cogendis
2878 881 3116 951 aegrotis,
3174 889 3233 933 ut
3273 895 3362 933 res
3403 880 3611 932 insua—'

2017 985 2119 1027 ves
2156 972 2527 1026 eteomedant
2567 982 2622 1026 et
2656 972 2865 1035 bibant,
2926 982 2981 1026 et
3030 980 3275 1042 tangant,
3326 982 3379 1025 et
3414 972 3589 1024 modis

2016 1065 2273 1122 omnibus
2325 1064 2606 1119 tractent?
2663 1063 2870 1128 Quibus
2927 1078 2994 1118 eo
3050 1063 3197 1132 quod
3256 1065 3359 1118 hoc
3428 1064 3590 1116 modo

2019 1155 2233 1209 molesti
2266 1154 2421 1207 nobis
2444 1154 2574 1214 sint,
2601 1163 2655 1207 et
2682 1169 2902 1224 magnas
2940 1154 3219 1208 mercedes
3278 1154 3587 1222 pendimus,

2017 1260 2071 1302 et
2102 1248 2300 1302 debere
2324 1247 2448 1308 illis,
2478 1256 2592 1300 tum
2635 1262 2734 1300 nos
2768 1247 2894 1315 ipsi,
2958 1256 3069 1301 tum
3098 1248 3130 1300 ii
3194 1247 3395 1316 quibus
3448 1262 3589 1300 cuine

2018 1349 2227 1397 sumus,
2261 1335 2639 1403 praedicamus.
2669 1335 2903 1400 Quibus,
2938 1338 2981 1389 si
3024 1338 3089 1390 ad
3120 1337 3289 1391 solam
3348 1338 3593 1405 volupta-

2021 1439 2127 1481 tem
2162 1429 2344 1481 omnia
2388 1427 2582 1481 rel‘erri
2617 1438 2915 1495 Oporteret,
2983 1430 3206 1497 quinam
3260 1431 3596 1485 inimiciorcs

2021 1513 2277 1583 appellari
2308 1514 2607 1569 deberent?
2658 1512 2860 1568 Verum
2898 1518 3017 1568 mea
3050 1515 3271 1583 quidem
3323 1518 3594 1571 sententia

2020 1623 2107 1662 res
2131 1608 2287 1662 bona:
2320 1618 2375 1662 et
2413 1608 2570 1662 malae
2621 1623 2729 1660 non
2784 1608 2971 1662 dolore
3019 1617 3076 1662 et
3137 1609 3435 1677 voluptate,
3502 1612 3599 1665 sed

2023 1700 2256 1753 utilitate
2285 1710 2340 1753 et
2365 1714 2504 1752 noxa
2530 1699 2837 1769 iudicanda:
2866 1710 3015 1755 sunt.
3033 1700 3089 1753 Si
3109 1716 3234 1754 vero
3262 1704 3327 1755 ad
3348 1703 3602 1771 volupta-

339 1783 488 1853 τρδςν
529 1786 802 1853 χείριστον
845 1786 901 1837 δὲ
946 1787 1005 1838 ὲν
1035 1763 1180 1856 ψυχῇ
1217 1763 1404 1856 νόμοι,
1458 1763 1551 1841 καὶ
1605 1763 1910 1852 παιδευταῖ,

2027 1794 2128 1837 tem
2154 1793 2348 1836 cuncta
2380 1763 2704 1844 referemus,
2739 1784 3164 1838 ineommodabit
3192 1785 3264 1855 (id
3288 1787 3428 1855 quod
3464 1763 3601 1855 dixi)

340 1876 437 1927 καὶ
468 1879 665 1942 γονεῖς,
718 1877 814 1929 καὶ
852 1877 988 1940 ὅλως
1033 1881 1100 1931 τὰ
1143 1880 1450 1948 τιμιώτατα
1483 1883 1577 1932 καὶ
1624 1880 1914 1949 ὠφελιμώ-

341 1983 499 2021 τατα.
527 1964 687 2021 Οὗτοι
716 1968 824 2038 γὰρ
854 1970 1051 2031 πάντες
1090 1971 1156 2024 ἃν
1204 1973 1280 2041 μὴ
1317 1973 1565 2037 πείθωσι,
1603 1973 1670 2025 τά
1704 1976 1911 2042 προσή-

342 2071 511 2110 κοντα
536 2059 950 2129 παραινοῦντες,
978 2061 1307 2130 ἀηδέστατον
1338 2064 1577 2130 γίνονται
1614 2064 1687 2133 μὴ
1734 2064 1914 2116 πειθο·

344 2149 567 2218 μένοις,
620 2152 987 2220 ἀτιμοῦντες,
1048 2155 1143 2207 καὶ
1203 2156 1517 2225 εἴργοντες.
1574 2156 1670 2209 καλ⁸
1727 2156 1917 2225 μακρᾷ

341 2241 567 2295 κολάσει
598 2243 1009 2313 παραδιδόντες,
1040 2237 1115 2297 ὧν
1160 2245 1312 2297 οῦδὲν
1361 2246 1428 2299 ἂν
1462 2248 1596 2315 ἡμῖν
1626 2244 1817 2315 δφελος
1852 2248 1915 2297 ἐκ

342 2331 543 2394 παντὸς
561 2332 761 2402 τρόπου
785 2333 883 2403 τὴν
900 2335 1084 2388 ἀνεσιν
1102 2336 1413 2404 προτιμῶσι
1437 2336 1540 2407 (l).
1567 2336 1803 2406 Πόρνούς
1832 2336 1912 2399 δὲ,

342 2426 438 2478 καὶ
470 2428 853 2495 προιγωγέας,
879 2427 975 2479 καὶ
1002 2425 1264 2491 κόλακας,
1296 2428 1389 2480 καὶ
1411 2429 1526 2480 ὅσοι
1548 2428 1616 2480 τά
1639 2428 1913 2498 αίσχιστα,

342 2519 495 2571 αὐτοί
528 2535 588 2569 τε
617 2518 1017 2589 ἐπιτηδεύουσι,
1054 2520 1154 2574 καὶ
1179 2522 1290 2583 τοῖς
1320 2520 1502 2584 ἄλλοις
1528 2521 1627 2582 τὰς
1660 2521 1769 2575 ἀπὸ
1798 2521 1917 2573 τού-

342 2627 451 2664 των
486 2612 679 2680 ήδονάς
716 2612 1091 2681 προξενοῦσιν,
1147 2612 1487 2683 ἐπιτηδείους
1530 2613 1662 2681 ἡμῖν
1711 2612 1913 2675 αὐτοῖς,

343 2703 419 2765 ὡς
442 2704 607 2771 ἔοικε,
646 2704 967 2774 νομιοῦμεν,
1007 2705 1073 2759 ἂν
1104 2705 1174 2759 τὰ
1201 2704 1310 2759 τῶν
1338 2703 1538 2773 ἡδονῶν
1563 2706 1739 2773 κρατῇ
1778 2720 1919 2757 παν-

344 2796 541 2869 ταχοῦ.

959 2892 1210 2948 ΚΕΦΔΛ.
1245 2893 1317 2947 1".

416 2982 640 3052 Πρῶτον
682 2984 783 3054 μὲν
816 2984 911 3039 οὖν
939 2986 1098 3039 τοῦτο
1143 2986 1238 3039 καὶ
1268 2986 1599 3056 κουφότητος
1632 2988 1921 3057 νομιστέον

2015 1873 2236 1943 corpori
2270 1873 2537 1935 medicus,
2557 1881 2611 1926 et
2644 1874 2877 1927 maxime
2919 1874 3191 1928 nocebunt
3223 1879 3405 1928 animo
3430 1876 3599 1945 leges.

2014 1970 2069 2016 et
2100 1963 2465 2026 institutores,
2489 1973 2543 2015 et
2571 1964 3097 2033 parentes,denique
3126 1967 3520 2033 pretiosissima
3540 1977 3598 2021 et

2016 2053 2306 2107 utilissima
2323 2068 2572 2121 quaeque.
2598 2054 2633 2106 li
2654 2054 2797 2107 enim
2815 2070 3027 2117 omnes,
3049 2071 3172 2108 cum
3210 2056 3409 2109 frustra
3436 2057 3599 2115 olﬁcii

2014 2154 2384 2208 commonent,
2415 2146 2829 2201 contumacibus
2857 2148 3225 2202 molestissimi
3262 2148 3598 2218 iiunt,igno-

2017 2230 2183 2284 tninia
2220 2232 2640 2298 mulctando,et
2682 2235 2738 2286 in
2782 2248 3059 2288 carcerem
3100 2234 3247 2305 eonji
3297 2238 3510 2303 ciendo,
3545 2246 3602 2291 et

2017 2323 2289 2377 diuturnis
2314 2323 2601 2392 suppliciis
2632 2324 2956 2379 alliciendo:
2982 2341 3213 2394 quorum
3250 2328 3455 2380 nullum
3500 2344 3601 2382 no-

2019 2414 2101 2469 bis
2147 2424 2292 2469 esset
2319 2415 2697 2480 commodum,
2726 2418 2771 2470 si
2819 2419 3017 2485 quovis
3053 2421 3214 2473 modo
3254 2422 3426 2475 otium
3464 2422 3601 2476 illud

2018 2506 2496 2574 amplecteremur.
2537 2506 2644 2561 Sed
2673 2508 2931 2572 cinaedos,
2977 2510 3222 2574 lenones.
3263 2513 3596 2578 adulatores,

2018 2596 2222 2665 quique
2246 2596 2448 2666 ﬂagitia
2470 2605 2581 2653 tum
2615 2599 2717 2669 ipsi
2745 2611 3025 2663 exercent,
3066 2611 3180 2657 tum
3211 2604 3333 2659 aliis
3365 2606 3488 2659 inde
3509 2621 3604 2660 vo-

2021 2690 2253 2759 luptates
2277 2692 2602 2757 conciliant,
2635 2702 2971 2763 opportunos
3026 2698 3233 2753 scilicet
3274 2699 3434 2754 nobis
3472 2698 3603 2770 ipsis

2016 2781 2405 2851 judicabimus,
2440 2786 2485 2839 si
2517 2786 2719 2855 ublqne
2761 2788 3071 2857 voluptates
3126 2791 3505 2845 dominentur.

2616 2890 2848 2947 CAPUT
2904 2893 2985 2952 Ill.

2097 2980 2338 3035 Primum
2379 2981 2543 3051 igitur
2576 2980 2707 3034 illttd
2738 2981 2974 3037 levitatis
3007 2984 3310 3053 putandum
3355 2995 3462 3049 cSt,
3501 2987 3599 3042 dc-

351 3074 541 3146 κλᾴειν
573 3076 681 3128 τῶν
710 3076 913 3146 ἡδονῶν
946 3079 1364 3148 στερουμένους,
1397 3080 1582 3151 ῶσπερ
1612 3081 1679 3134 τὰ
1706 3081 1918 3148 παιδία,

2030 3075 2244 3145 plorare
2301 3074 2639 3145 voluptatum
2706 3076 3113 3144 privationem:
3150 3079 3324 3133 instar
3398 3096 3600 3149 puero-

351 3166 482 3218 ὅταν
506 3167 682 3220 αὐτῶν
709 3168 759 3219 οί
810 3168 1147 3236 παιδαγωγοὶ
1197 3168 1323 3230 τοὺς
1372 3169 1772 3238 ἀστραγάλους,
1803 3171 1835 3238 ἡ
1869 3186 1921 3222 τι

352 3257 462 3309 τῶν
507 3257 608 3327 τῆς
654 3259 895 3321 παιδιᾶς,
937 3260 1303 3330 ἀφαιρῶνται.
1336 3258 1552 3312 Ἐπειτ’
1580 3258 1921 3323 ἐξεταστέον,

350 3350 629 3412 καὶτίνας
658 3351 766 3403 τῶν
796 3351 997 3419 ἡδονῶν
1049 3353 1097 3444 6.
1128 3350 1359 3412 θάνατος
1410 3350 1709 3419 ἀφανίζων,
1752 3348 1924 3410 οὕτως

353 3442 470 3493 ἐστὶ
511 3442 775 3510 λυπηρός.
810 3440 1016 3494 Οὐκοῦν
1048 3438 1140 3493 ἰαὶ
1177 3441 1384 3493 τούτων
1431 3442 1509 3502 είς
1548 3440 1694 3508 τρεῖς
1731 3438 1926 3508 μοίρας

350 3534 774 3603 διαιρουμένων,
808 3534 905 3605 τὴν
942 3534 1041 3604 μὲν
1072 3533 1200 3603 μίαν
1233 3534 1327 3586 καὶ
1376 3532 1620 3602 πρώτην,
1657 3533 1751 3584 καὶ
1785 3532 1925 3583 θειο-

354 3624 667 3693 τάτηνριαὶ
711 3627 744 3694 ἢ
781 3626 913 3694 μόνη
960 3625 1218 3693 καθαρῶς
1270 3626 1419 3677 ἐστιν
1471 3623 1787 3695 ἀνθρώπου,
1830 3624 1928 3675 καὶ

358 3716 479 3768 καθ’
498 3714 701 3786 ἑαυτὴν
731 3716 958 3785 αἱρετή·
988 3716 1130 3783 λέγω
1157 3715 1220 3785 δὴ
1246 3717 1345 3785 τὴν
1371 3716 1499 3784 περὶ
1520 3715 1619 3786 τὴν
1646 3714 1924 3783 ἀλήθειαν,

357 3808 453 3858 καὶ
498 3808 591 3857 τὸν
642 3805 787 3872 νοῦν,
845 3807 940 3858 καὶ
991 3806 1092 3875 ὅση
1148 3805 1340 3859 τούτου
1392 3806 1625 3875 γένους’
1675 3806 1928 3859 τοσοῦτον

357 3898 551 3969 ἀπέχει
579 3897 822 3968 φθείρειν
845 3900 872 3951 ὁ
903 3898 1155 3964 θάνατος,
1183 3897 1350 3967 ἤγουν
1377 3897 1437 3951 τὸ
1463 3898 1626 3967 τυχὸν
1648 3897 1923 3962 ἐλαττοῦν,

357 3990 499 4042 ὥστε
534 3992 627 4043 καὶ
672 3990 781 4041 τῶν
822 3990 1100 4053 παντελῶς
1139 3989 1431 4055 ἀδυνάτων,
1466 3992 1514 4041 εί
1558 3990 1631 4059 μὴ
1668 3990 1803 4059 μετᾶ
1835 3990 1928 4043 θά-

359 4098 535 4148 νατον,
572 4082 831 4151 καθαρῶς
873 4098 933 4133 τε
980 4084 1075 4133 καὶ
1126 4082 1385 4151 ἀσφαλῶς
1437 4083 1653 4145 ὲκείνας
1693 4082 1926 4151 ἡσθῆναι

358 4176 456 4236 τὰς
483 4175 695 4244 ἡδονάς.
732 4174 840 4226 Καὶ
885 4171 1027 4225 τοῦτ’
1061 4173 1295 4227 ἄπιστον
1344 4173 1443 4240 μὲν
1481 4174 1608 4235 ἴσως
1645 4174 1786 4237 δόξει
1816 4170 1927 4236 τοῖς

360 4266 435 4331 ὡς
464 4267 619 4336 ἔτυχε
657 4266 791 4329 ζῶσι
811 4284 823 4297 ·
859 4267 1058 4327 παντὸς
1085 4266 1140 4317 δὲ
1170 4266 1371 4334 μᾶλλον
1402 4268 1551 4319 ἐστιν
1592 4264 1789 4336 ἀληθὲς
1815 4268 1927 4328 τοῖς

360 4360 459 4413 οὐκ
501 4357 876 4420 ἀϐασανίστως
909 4357 1036 4426 περὶ
1080 4357 1188 4409 τῶν
1234 4359 1576 4426 πραγμάτων
1621 4356 1929 4426 ψηφιζομέ-

2033 3183 2175 3233 rum,
2206 3166 2404 3236 quibus
2438 3167 2677 3236 magistri
2711 3169 2866 3231 talos,
2894 3180 2986 3221 aut
3020 3169 3165 3222 aliud
3199 3171 3476 3240 quippiam
3519 3173 3603 3226 lu-

2032 3258 2262 3323 dicrum,
2283 3258 2545 3326 eripiunt.
2578 3257 2785 3312 Deinde
2808 3261 3181 3327 qumrcndum,
3232 3263 3429 3332 quibus
3483 3265 3602 3318 adi-

2032 3347 2649 3415 mendisvoluptatibus,
2715 3364 2863 3403 mors
2887 3359 2993 3402 tam
3052 3353 3231 3421 gravis
3289 3355 3413 3408 sit?
3460 3355 3599 3410 Cum

2033 3449 2213 3493 autem
2248 3439 2330 3493 ha:
2369 3453 2585 3508 quoque
2626 3439 2679 3492 in
2719 3448 2828 3494 tres
2860 3450 3042 3510 partes
3073 3442 3407 3508 dividantur,
3436 3463 3598 3500 unam

2032 3531 2248 3600 quidem
2277 3538 2333 3586 et
2357 3530 2593 3584 maxime
2626 3530 2886 3596 divinam,
2920 3540 2976 3587 et
3024 3548 3142 3602 qttre
3197 3536 3310 3589 sola
3364 3538 3603 3593 hominis

2033 3632 2137 3685 est,
2168 3630 2223 3676 et
2249 3630 2472 3691 propter
2499 3622 2845 3691 semetipsam
2870 3625 3169 3692 expetenda
3224 3624 3364 3695 [eam
3417 3640 3599 3684 autem

2033 3714 2178 3778 dico,
2207 3728 2330 3783 qua:
2379 3713 2437 3767 in
2470 3713 2700 3768 veritate
2756 3714 3055 3786 indaganda
3102 3726 3369 3780 versatur,
3430 3727 3484 3772 et
3546 3721 3601 3771 in

2035 3809 2410 3873 menteposlta
2451 3814 2556 3867 est,
2623 3815 2679 3860 et
2735 3821 2855 3873 qum
2902 3816 3028 3861 sunt
3085 3808 3327 3876 ejusdem
3364 3812 3606 3884 generis]

2037 3904 2245 3950 tantum
2289 3897 2443 3952 abest
2472 3907 2529 3950 ut
2559 3912 2703 3951 mors
2726 3898 2936 3966 perdat,
2963 3898 3045 3953 vel
3079 3899 3298 3954 minima
3353 3918 3414 3954 ex
3454 3912 3606 3971 parte

2035 3989 2323 4054 diminuat,
2360 3998 2420 4043 ut
2444 3989 2590 4043 nullo
2617 3990 2779 4044 modo
2822 3991 2937 4045 ﬁeri
2997 3994 3165 4061 possit
3220 4003 3275 4046 ut
3304 3993 3411 4048 illis
3442 3997 3602 4049 volu-

2037 4079 2274 4145 ptatibus
2294 4094 2427 4145 pure
2456 4087 2511 4132 et
2538 4094 2730 4133 secure
2747 4080 3118 4149 perfruamur,
3144 4083 3249 4135 nisi
3292 4093 3411 4151 post
3456 4100 3607 4139 mor-

2037 4180 2165 4223 tem.
2195 4171 2262 4223 At
2294 4170 2394 4225 hoc
2426 4171 2740 4225 incredibile
2769 4172 3019 4227 fortassis
3042 4173 3314 4227 videbitur
3367 4176 3602 4232 homini-

2036 4265 2136 4317 bus
2169 4272 2375 4317 temere
2401 4264 2731 4329 viventibus,
2780 4280 2904 4318 cum
2951 4265 3193 4318 omnium
3253 4267 3600 4323 verissimum

2035 4356 2120 4409 sit'
2148 4355 2214 4408 iis
2236 4355 2329 4423 qui
2350 4369 2456 4408 non
2486 4354 2589 4408 nisi
2636 4355 2881 4409 adhibita
2935 4355 3309 4424 exploratione
3341 4358 3406 4413 de
3444 4361 3605 4417 rebus

361 4469 493 4515 νοις.
526 4451 637 4504 Καὶ
679 4452 810 4519 παρ’
849 4449 1006 4519 ἡμῶν
1036 4449 1091 4502 δέ
1135 4466 1219 4512 τις
1275 4450 1428 4503 οὐδὲν
1474 4446 1637 4521 ἦττον
1677 4450 1829 4502 ἔσται
1858 4451 1920 4519 τῇ

2033 4448 2353 4502 decernunt.
2410 4448 2476 4501 Et
2503 4463 2531 4500 a
2560 4448 2715 4502 nobis
2757 4446 2920 4501 etiam
2976 4449 3107 4517 ipsis
3138 4452 3495 4518 patrocinium
3525 4456 3607 4509 ni-

360 4547 488 4619 δόξῃ
537 4545 709 4617 ταύτῃ
764 4544 1095 4615 συνηγορία,
1148 4545 1274 4597 ὅταν
1329 4544 1500 4613 αὐτὴν
1560 4543 1923 4612 ἐξετάζωμεν.

361 4640 621 4693 Λείπεται
661 4640 715 4691 δὲ
765 4639 863 4710 τὴν
909 4639 1112 4709 ζημίαν
1160 4637 1300 4692 εἶναι
1347 4640 1460 4701 τοῖς
1492 4638 1928 4707 ἀποθνήσκουσιν

359 4734 437 4792 εἰς
468 4731 566 4793 τὰς
593 4728 687 4784 τοῦ
717 4731 961 4799 σώματος
983 4731 1195 4801 ἡδονάς.
1236 4729 1397 4783 Ἀλλά
1418 4731 1512 4781 καὶ
1540 4728 1763 4789 ταύταις
1792 4729 1926 4783 πολὺ

359 4824 476 4875 τόδε
515 4824 793 4892 διάφορον.
822 4824 885 4876 Ai
924 4825 1021 4892 μὲν
1063 4824 1174 4893 γὰρ
1205 4822 1417 4891 φύσεώς
1458 4821 1516 4874 τέ
1561 4824 1699 4874 είσιν
1743 4822 1927 4891 ἔργον,

362 4916 456 4968 καὶ
485 4916 633 4982 παρὰ
667 4914 801 4967 Θεοῦ
849 4915 1317 4985 συγκεχώρηνται,
1372 4913 1404 4984 ἢ
1446 4916 1517 4967 τά
1567 4915 1710 4967 κατὰ
1766 4915 1933 4984 μέρος

361 5007 428 5059 δι’
461 5007 640 5059 αὐτῶν
673 5007 1086 5076 συντηροῦντος,
1118 5005 1149 5076 ἢ
1198 5009 1309 5067 τοῖς
1345 5008 1541 5067 κοινοῖς
1582 5008 1780 5059 εἴδεσιν
1830 5024 1932 5075 μη-

362 5100 673 5168 χανωμένου
703 5101 761 5151 τὶ
802 5100 1019 5170 διαρκές
1048 5116 1108 5151 τε
1141 5101 1232 5152 καὶ
1265 5099 1512 5168 μόνιμον,
1554 5099 1651 5150 καὶ
1696 5101 1761 5167 τῇ
1811 5098 1929 5150 δια·

361 5189 490 5257 δοκῇ
528 5191 637 5250 τοῖς
664 5191 718 5240 ὲν
747 5189 962 5255 γενέσει
1001 5188 1096 5241 καὶ
1138 5188 1313 5259 φθορᾷ
1358 5187 1761 5256 ὲπισκευαστὴν
1792 5186 1929 5239 ἀθα-

362 5279 555 5332 νασίαν
612 5274 1040 5349 ἐπι-νοήσαντος,
1100 5279 1179 5351 ὡς
1236 5281 1397 5348 μέχρι
1447 5278 1542 5330 τοῦ
1588 5278 1786 5330 πολλοῦ
1833 5277 1929 5331 τοῦ

365 5369 621 5423 συνθέτου
654 5373 839 5440 μένειν
882 5372 941 5423 ού
980 5371 1299 5441 δυναμένου.
1330 5362 1496 5423 Abeat
1530 5370 1585 5421 δέ
1618 5371 1779 5434 είσιν,
1805 5371 1929 5423 ὅσαι

361 5460 427 5525 τῇ
457 5462 670 5525 γενέσει
700 5461 1092 5524 λυσιτελοῦσιν,
1146 5462 1240 5513 ἐπὶ
1287 5458 1538 5530 διαδοχὴν
1563 5459 1630 5509 τὰ
1666 5458 1779 5521 ζῶα
1807 5462 1928 5520 ταῖς

366 5549 575 5618 ἡδοναῖς
609 5552 1067 5622 προκαλούμεναι,
1102 5552 1196 5605 καὶ
1233 5553 1354 5605 ὅσαι
1381 5550 1481 5621 τὴν
1510 5551 1690 5621 ὄρεξιν
1733 5548 1932 5618 Θήγου-

2036 4541 2331 4594 hilominus
2358 4539 2730 4603 adhibebitur,
2773 4556 2897 4595 cum
2964 4543 3017 4595 in
3064 4558 3183 4597 eam
3240 4544 3603 4613 inquiremus.

2034 4632 2328 4701 Reliquum
2361 4647 2492 4699 ergo
2521 4643 2626 4695 est,
2654 4632 2950 4687 morientes
2998 4649 3387 4705 corporearum
3452 4640 3606 4693 voluo

2034 4733 2241 4795 ptatum
2272 4725 2535 4795 iacturam
2570 4724 2768 4779 facere.
2798 4723 2902 4780 Sed
2929 4726 3118 4779 harum
3142 4728 3303 4780 etiam
3348 4743 3602 4798 magnum

2035 4826 2119 4870 est
2145 4816 2461 4870 discrimen.
2513 4813 2647 4868 Nam
2672 4816 2789 4869 aliae
2814 4826 2867 4869 et
2896 4826 3113 4884 natura;
3130 4832 3267 4885 opus
3298 4827 3445 4879 sunt,
3491 4831 3538 4871 et
3572 4837 3602 4873 α

2037 4907 2146 4961 Deo
2175 4920 2469 4971 concessae,
2521 4906 2604 4959 vel
2658 4905 2897 4974 singulas
2930 4921 3018 4959 res
3076 4922 3172 4975 per
3232 4922 3325 4959 eas
3377 4922 3604 4963 conser-

2035 5006 2216 5059 vante,
2254 4997 2337 5049 vel
2370 4998 2421 5049 id
2456 4996 2836 5048 communibus
2867 4995 3057 5050 formis
3128 4995 3495 5062 machinante,
3543 5010 3603 5053 ut

2032 5090 2234 5143 durent
2264 5096 2320 5142 ct
2349 5097 2626 5149 maneant,
2681 5096 2844 5154 atque
2870 5086 2922 5140 id
2950 5088 3287 5155 pr0positum
3347 5088 3598 5151 habente,

2035 5191 2091 5233 ut
2118 5195 2215 5249 per
2242 5179 2644 5233 successionem
2674 5177 2744 5231 iis
2771 5192 2891 5246 qua:
2919 5180 3171 5233 oriuntur
3213 5191 3269 5233 et
3301 5180 3600 5242 intereunt,

2035 5270 2498 5326 immortalitatem
2570 5270 2966 5324 instauratione
3036 5271 3344 5325 conciliet:
3401 5273 3601 5342 quippe

2034 5380 2157 5419 cum
2186 5380 2250 5417 ea
2280 5378 2401 5432 quae
2452 5363 2747 5432 composita
2794 5374 2951 5429 sunt,
3004 5364 3163 5433 longo
3208 5373 3452 5435 tempore
3502 5369 3603 5420 du-

2035 5473 2155 5510 rare
2201 5463 2495 5525 nequeant.
2539 5454 2633 5508 llre
2682 5464 2862 5508 autem
2903 5465 3048 5522 sunt,
3103 5472 3222 5525 quae
3252 5459 3317 5510 ad
3372 5474 3603 5526 genera—-

2039 5550 2239 5605 tionem
2272 5558 2524 5619 prosunt,
2549 5560 2603 5605 et
2647 5550 2711 5603 ad
2748 5551 2949 5605 sobolis
2988 5552 3425 5621 propagationem
3478 5556 3601 5606 ani-

428 5685 498 5747 (l)
520 5686 637 5752 Cod.
663 5687 785 5752 Reg.
815 5688 951 5749 12l3,
980 5689 1336 5751 προτιμώντων,
1358 5688 1491 5750 quod
1530 5688 1827 5749 exquisitius
1871 5688 2096 5748 videtur,
2125 5686 2346 5751 [ςευίιὶιο
2394 5686 2617 5737 absolute
2649 5688 2834 5749 posito,
2859 5694 2908 5737 et
2946 5696 3051 5749 post
3091 5690 3255 5751 ὁςεὶος
3282 5688 3401 5739 facta
3430 5691 3607 5741 distin-

365 5749 550 5798 ctione.
591 5749 723 5799 lion.
