3904 6216
141 358 273 425 ΙῙῘἹ

1262 373 1360 435 DE
1401 375 1972 441 CONTEMNENDA
2011 379 2295 442 MOBTE.

3270 374 3406 440 1178

134 477 246 545 γὰρ
281 476 395 539 τοῖς
446 474 650 546 χοίροις
697 475 1035 551 δικαιότερον
1084 481 1467 550 παρεικάζειν,
1515 481 1608 545 οὒς
1645 486 1711 553 τῇ

1841 486 2076 556 .peciem.
2117 487 2251 541 Nam
2305 498 2412 555 qua
2463 483 2699 549 ratione,
2748 482 2897 561 jure,
2946 479 3111 536 homo
3167 479 3409 561 dicetur,

134 569 235 636 τῆς
263 568 473 638 τροφῆς
518 567 753 640 ἀφθονίᾳ
804 571 1109 636 πιαίνοντες
1144 572 1347 642 θύομεν
1375 589 1389 603 °
1426 574 1628 642 μᾶλλον
1657 575 1715 629 δὲ

138 662 233 714 καὶ
260 660 368 714 τῶν
396 660 599 731 χοίρων
627 662 1068 743 ἀχρηστοτέρους
1094 660 1317 729 τούτους
1348 666 1714 735 ὑποληπτέον.

138 750 264 807 Τῶν
298 755 399 824 μὲν
441 753 552 824 γὰρ
583 753 700 807 ἐστι
734 754 995 820 πολλάκις
1037 759 1136 828 τῆς
1180 759 1551 829 πολυσαρκίας
1580 759 1718 813 ἀπό-

136 846 358 910 νασθαι,
392 846 590 916 ἀνδρὸς
648 846 706 900 δὲ
761 847 961 901 ἐαυτὸν
1019 849 1504 919 κατασαρκοῦντος
1566 851 1718 905 οὐδέν

135 936 372 1005 ὄφελοςδ
427 937 573 1009 πλὴν
621 937 675 990 εί
714 954 800 999 τις
856 938 984 1004 τοὺς
1030 939 1225 1004 ἄλλους
1285 940 1719 1010 σωφρονίζεσθαι

139 1030 490 1099 βουλόμενος,
521 1029 692 1096 λέγοι,
728 1031 785 1083 ἐν
825 1030 972 1100 αὐτῷ
1004 1030 1101 1101 τὴν
1143 1031 1243 1101 τῆς
1276 1034 1490 1103 τρυφῆς
1528 1034 1721 1103 αίσχύ-

136 1139 239 1191 νην
267 1121 696 1190 διδασκομένους
721 1139 734 1153 ο
762 1122 950 1194 ὥσπερ
976 1126 1109 1193 φασὶ
1135 1126 1229 1177 καλ⁸
1255 1126 1719 1195 Λακεδαιμονίους

135 1217 209 1285 τῇ
238 1216 344 1267 τῶν
376 1212 633 1266 Εἱλώτων
676 1214 817 1286 μέθῃ
862 1219 976 1276 τοῖς
1009 1219 1198 1270 παισὶν
1242 1218 1620 1271 ὑποδεικνύναι
1661 1218 1721 1270 τὸ

134 1307 244 1374 τῆς
271 1307 484 1375 νήψεως
513 1307 737 1373 ἀγαθόν.
787 1308 854 1363 Τί
892 1309 936 1360 δ’
974 1310 1038 1362 ἀν
1083 1310 1230 1362 εἴποι
1264 1327 1345 1372 τις
1394 1310 1454 1361 τὸ
1487 1310 1585 1378 τῆς
1619 1327 1722 1379 μα-

135 1398 455 1457 ταιοπονίας
506 1396 709 1466 ταύτης
749 1398 1080 1468 ἀπέραντον,
1139 1399 1233 1451 καλ⁸
1292 1400 1352 1451 τὸ
1401 1398 1723 1468 καθημέραν

136 1492 219 1551 εἰς
259 1489 349 1541 τὸν
398 1490 735 1558 τετρημένον
775 1490 1183 1557 ἀναγκάζεσθαι
1229 1491 1384 1543 πίθον
1423 1491 1657 1552 ἀντλεῖν,
1695 1491 1723 1543 ὃ

139 1597 194 1631 τι
224 1582 372 1641 τινὰς
410 1581 577 1649 φησὶν
612 1583 640 1633 ό
690 1580 857 1650 μῦθος
892 1583 1314 1654 κατακριθῆναι,
1345 1585 1445 1636 οὐκ
1491 1581 1588 1635 οἷδ’
1616 1585 1643 1635 ὅ
1671 1599 1726 1636 τι

141 1669 277 1739 περὶ
314 1671 438 1732 τοὺς
497 1671 708 1723 ἑαυτῶν
743 1671 898 1734 θεοὺς
935 1674 1321 1744 άμαρτόνταςς
1374 1674 1498 1727 Ἔτι
1542 1675 1723 1729 τοίνυν

140 1760 224 1829 τῷ
266 1762 474 1832 θανάτῳ
513 1764 793 1831 μεμπτέον
838 1765 1015 1836 φάγον
1049 1765 1338 1835 ἄνθρωπον
1386 1766 1723 1835 ἀναιροῦντι,

1824 578 1911 632 cui
1938 579 2115 633 solum
2145 578 2277 647 quid
2299 578 2486 641 edere,
2515 576 2647 646 qttid
2678 573 2868 630 bibere
2905 572 3061 639 velit,
3093 585 3243 627 cura:
3270 582 3355 627 est
3391 589 3405 626 :

1826 669 1895 725 de
1923 669 2299 723 ratiocinando
2334 677 2540 733 autem,
2576 675 2633 723 et
2672 664 2903 722 sciendo
2932 664 3092 734 plane
3138 664 3211 718 sit
3247 679 3402 717 secu-

1827 776 1921 815 rus
1934 761 1957 813 τ
1972 761 2106 814 Nam
2132 760 2178 815 is
2198 760 2377 830 porcis
2394 761 2595 814 rectius
2614 774 2732 813 com
2741 757 3039 828 parabitur,
3059 771 3198 825 quos
3215 755 3414 824 pabulo

1827 851 2031 907 aﬂ‘atim
2063 851 2355 920 prabendo
2381 852 2717 919 saginantes,
2744 858 3066 903 mactamus.
3096 847 3210 901 lmo
3230 847 3413 917 porcis

1826 944 2138 998 inutiliores
2161 944 2324 1000 etiam
2345 941 2686 996 existimandi
2703 950 2850 995 sunt.
2869 939 3023 1010 Saepe
3040 939 3185 993 enim
3216 953 3413 1008 porco-

1832 1052 1953 1090 rum
1988 1035 2173 1103 sagina
2229 1034 2332 1088 frui
2366 1033 2513 1088 licet.
2563 1032 2671 1087 Viri
2709 1041 2892 1108 autem
2923 1046 3047 1085 sese
3078 1046 3244 1084 carne
3274 1046 3411 1086 one-

1829 1128 2001 1182 rantis
2036 1126 2217 1181 nullus
2256 1140 2390 1181 usus
2436 1134 2565 1179 est:
2610 1124 2712 1177 nisi
2750 1122 2887 1177 alios
2932 1123 3203 1192 quispiam
3248 1124 3413 1177 casti-

1829 1235 1955 1289 gare
1987 1218 2195 1278 volens.
2229 1217 2297 1271 de
2330 1232 2397 1271 eo
2423 1217 2587 1271 verba
2628 1216 2808 1279 faciat,
2846 1226 3010 1284 atque
3072 1215 3126 1267 in
3163 1226 3228 1267 eo
3256 1215 3413 1270 luxu-

1828 1310 1925 1365 ria;
1950 1310 2184 1364 dedecus
2205 1315 2480 1363 ostendat.
2514 1308 2986 1373 Quemadmodum
3013 1306 3412 1362 Lacedmmonii

1830 1402 2099 1461 feruntur,
2145 1417 2240 1467 per
2272 1398 2522 1452 llelomm
2553 1399 2654 1469 [sic
2685 1399 2831 1452 enim
2870 1398 2945 1451 illi
2990 1414 3086 1451 sua
3137 1400 3410 1467 mancipia

1827 1492 2115 1564 vocabant]
2153 1492 2494 1553 ebrietatem,
2534 1492 2738 1557 liberis,
2790 1492 3105 1545 sobrietatis
3140 1502 3427 1559 prmum--

1833 1585 1961 1639 tiam
2011 1585 2438 1638 denwnstrasse.
2502 1584 2641 1647 Quid
2674 1597 2806 1637 vero
2852 1582 2921 1635 de
2958 1582 3149 1645 inanis
3214 1582 3415 1635 laboris

1832 1676 1990 1730 istius
2020 1676 2285 1730 inﬁnitate
2314 1676 2597 1740 dicemus,
2630 1682 2683 1729 et
2716 1673 2787 1728 de
2854 1672 3181 1728 necessitate
3236 1674 3420 1742 quoti-

1833 1769 1924 1823 die
1998 1768 2258 1836 implendi
2324 1754 2583 1835 perforati
2636 1765 2769 1819 dolii
2818 1766 2842 1818 ?
2894 1780 2999 1835 qua
3064 1778 3224 1835 paena
3271 1766 3415 1818 mul-

141 1855 239 1907 καὶ
264 1854 517 1923 τοιαύτης
544 1856 847 1925 ἀχρηστίας
886 1857 977 1909 τὸν
1002 1858 1117 1925 βίον
1147 1857 1545 1930 ἐλευθεροῦντι,
1577 1859 1635 1911 ὃν
1665 1874 1726 1926 γε

1841 1870 1975 1916 tatas
2036 1875 2156 1915 csse
2220 1860 2513 1928 quasdam,
2563 1858 2751 1912 nescio
2814 1858 2886 1911 ob
2941 1860 3083 1924 quod
3137 1857 3319 1911 scelus
3358 1857 3414 1910 in

140 1947 241 1999 καὶ
286 1947 548 2001 δοκοῦντα
580 1949 700 2018 ζῇν,
742 1949 1110 2019 εὐλογώτερον
1145 1950 1211 2003 ἀν
1259 1968 1341 2012 τις
1377 1949 1523 2003 εἴποι
1554 1950 1736 2017 πάλαι

133 2038 424 2103 τεθνάναι,
447 2038 588 2091 οὕτω
615 2041 753 2110 πρὸς
783 2042 874 2095 τὸν
907 2042 1127 2110 λογικὸν
1156 2043 1271 2113 βίον
1297 2043 1555 2111 ἀκίνητον
1581 2040 1733 2106 ὄντα,

137 2132 241 2183 καὶ
280 2131 346 2200 τῇ
391 2135 606 2202 συνεχεῖ
647 2134 785 2203 μέθῃ
841 2136 977 2204 πρὸς
1027 2137 1206 2188 πάντα
1255 2133 1737 2202 ἀναισθητοῦντα;

148 2222 299 2275 Ἀλλ’
326 2224 374 2276 εί
408 2224 638 2295 μηδενὸς
662 2208 845 2288 ἄλλου..
879 2226 1071 2279 τούτου
1104 2244 1165 2294 γε
1194 2226 1363 2280 ἕνεκα
1389 2227 1477 2279 τὸν
1506 2224 1737 2279 θάνατον

138 2316 316 2386 ἐχρῆν
352 2317 651 2389 εὐεργέτην
701 2319 909 2385 καλεῖν,
963 2319 1211 2371 ἐκποδὼν
1260 2318 1607 2385 ποιούμενον,
1640 2315 1735 2378 οὓς

138 2412 247 2473 τὴν
279 2410 453 2480 ἀρχὴν
509 2411 617 2464 ἔδει
669 2412 805 2482 μηδὲ
859 2413 1136 2483 γενέσθαι.
1181 2408 1352 2481 Οἶμαι
1400 2411 1479 2477 δὲ,
1516 2409 1638 2480 μηδ’
1668 2409 1735 2462 ἀν

137 2500 344 2564 αὐτοὺς
370 2503 637 2568 ἐκείνους,
672 2505 723 2557 εί
747 2521 810 2572 γε
847 2506 1167 2576 ἐκνήψαιεν,
1195 2504 1337 2574 ὺπέρ
1378 2503 1591 2558 ἑαυτῶν
1626 2520 1730 2554 κα-

137 2592 301 2646 κίσαι
349 2594 439 2646 τὸν
480 2596 734 2659 θάνατον,
796 2597 951 2667 μηδὲ,
1015 2598 1089 2660 ὼς
1145 2597 1483 2663 ἀδικοῦνται,
1542 2596 1734 2664 φάναι,

140 2682 220 2752 μὴ
259 2684 713 2755 συγχωρούμενοι
748 2686 1006 2755 τοιαύτην
1036 2686 1380 2756 ἀκαθαρσίαν
1410 2688 1621 2739 ἀσκεῖν.

1834 1953 2067 2006 maritos
2085 1967 2214 2007 suos
2243 1952 2616 2014 comitiis-sum,
2651 1949 2848 2003 [abqu
2885 1949 3196 2016 perhibent.
3244 1945 3415 2001 Num-

1833 2044 1962 2114 quid
1997 2059 2148 2098 mors
2193 2044 2498 2099 accusanda
2555 2052 2661 2105 est,
2701 2056 2828 2095 cum
2862 2056 3118 2095 voracem
3175 2042 3413 2110 aliquem

1836 2134 2115 2190 hominem
2145 2135 2304 2199 tollit,
2335 2143 2390 2188 et
2438 2134 2602 2187 vitam
2636 2142 2744 2187 tam
2775 2132 2957 2186 inutili
2996 2132 3237 2201 pondere
3280 2133 3419 2185 libe-

1838 2236 1920 2281 rat
1957 2245 1971 2281 :
2003 2226 2187 2296 quem
2222 2227 2384 2280 etiam
2431 2225 2560 2280 dum
2612 2225 2798 2278 vivere
2862 2224 3164 2288 videretur,
3212 2225 3417 2278 rectius

1835 2321 1946 2389 jam
1981 2320 2108 2372 olim
2133 2328 2407 2372 mortuum
2439 2317 2716 2372 dixisses?
2746 2325 2806 2370 ut
2835 2316 2927 2384 qui
2963 2315 3031 2368 ad
3058 2316 3248 2381 vitam,
3296 2331 3417 2385 quae

1838 2408 2066 2462 rationis
2116 2408 2387 2477 particeps
2415 2417 2521 2471 est,
2571 2405 2720 2460 nulla
2779 2406 2990 2460 ratione
3042 2406 3266 2475 perduci
3313 2421 3417 2475 po-

1837 2501 2098 2565 tuerit,et
2126 2498 2272 2553 omni
2306 2514 2489 2553 rerum
2514 2513 2701 2563 sensu,
2755 2498 2826 2553 ob
2875 2506 3191 2567 perpetuam
3234 2497 3417 2552 ebrie-

1836 2602 2001 2646 tatem
2030 2592 2287 2657 caruerit,
2321 2608 2384 2645 ac
2406 2607 2513 2645 non
2548 2592 2749 2660 potius,
2776 2592 2825 2645 si
2861 2606 2971 2645 non
3006 2589 3078 2644 ob
3112 2589 3281 2652 aliud,
3316 2589 3419 2643 hac

1835 2685 2027 2738 saltem
2061 2685 2227 2755 gratia
2252 2686 2414 2739 morti
2450 2684 2672 2756 agenda:
2701 2683 2886 2755 gratiae
2919 2692 3128 2747 essent,
3163 2698 3286 2751 quae
3317 2681 3419 2737 hos

134 2794 168 2833 e
222 2781 409 2835 medio
453 2783 630 2844 tollat,
689 2799 827 2853 quos
889 2799 1116 2853 prorsus
1163 2800 1233 2838 ne
1294 2784 1443 2837 nasci
1503 2783 1725 2852 quidem
1767 2781 2097 2851 oportebat?
2151 2782 2224 2834 At
2262 2797 2330 2835 ne
2402 2782 2522 2836 illos
2578 2782 2729 2852 ipsos
2802 2779 3046 2853 quidem,
3106 2779 3151 2834 si
3202 2780 3424 2848 quando

135 2879 426 2949 crapulam
478 2879 920 2946 edormivissent,
982 2882 1051 2937 de
1134 2889 1313 2936 morte
1365 2886 1764 2947 conquesturos
1803 2891 1927 2931 esse
1962 2884 2093 2946 puto
2120 2916 2136 2941 ,
2168 2890 2271 2929 nec
2302 2874 2500 2946 injuria
2569 2889 2629 2929 se
2679 2873 2819 2931 allici
2856 2858 3127 2939 dicturos,
3173 2888 3297 2929 cum
3347 2873 3418 2935 iis

137 2987 257 3027 non
290 2971 645 3041 concedatur,
681 2974 735 3027 in
768 2975 872 3030 hoc
899 2975 1191 3032 libidinum
1218 2990 1379 3031 caeno
1410 2972 1666 3029 volutari.

759 3067 1011 3122 ΚΕΦΑΛ.
1042 3066 1119 3124 Ε’.

214 3161 285 3213 Τί
314 3158 360 3213 δ’
386 3158 453 3214 ἂν
480 3161 656 3222 είποις
693 3159 792 3223 τὰς
818 3158 1008 3226 άλλας,
1037 3162 1136 3223 τὰς
1166 3159 1355 3232 ῶσπερ
1383 3160 1488 3214 ἀπὸ
1519 3160 1725 3230 μητρός

134 3268 296 3313 τινος
347 3250 449 3319 τῆς
503 3251 716 3320 τρυφῆς
767 3251 1098 3321 τικτομένας
1153 3252 1413 3316 κακίας·¹
1445 3254 1579 3306 πᾶσι
1626 3253 1733 3320 γὰρ

138 3340 341 3413 σχεδὸν
367 3342 478 3404 τοῖς
504 3342 752 3411 αίσχροῖς
792 3342 946 3411 παρὰ
986 3342 1189 3414 ταύτης
1218 3345 1276 3395 αἱ
1310 3343 1594 3413 ἀφορμαί·
1639 3347 1733 3397 καὶ

134 3450 204 3498 το
248 3434 376 3495 τοὺς
409 3435 683 3498 παγέντας
707 3435 841 3504 ἡμῖν
863 3416 968 3488 ὐπὸ
996 3436 1094 3504 τῆς
1117 3436 1332 3503 φύσεως
1355 3438 1537 3505 ὅρους,
1566 3434 1735 3503 ὑπερ-

135 3526 439 3592 ϐαίνοντας
477 3527 603 3589 τοὺς
634 3526 955 3595 ἀνθρώπους
998 3528 1079 3589 εἰς
1117 3527 1212 3583 τὸν
1245 3527 1355 3581 τῶν
1401 3525 1733 3594 ἀκαθάρτων

135 3615 357 3685 ἡδονῶν
396 3615 695 3683 ἐμπίπτειν
744 3616 1014 3685 κρημνὸν,
1058 3610 1134 3668 ὧν
1180 3617 1291 3679 τοῖς
1324 3613 1729 3684 κατηγοροῦσιν

134 3705 308 3777 οἶμαι
340 3709 433 3760 καὶ
461 3708 633 3778 μόνην
662 3707 762 3779 τὴν
792 3709 1018 3779 μνήμην
1048 3707 1316 3777 αίσχύνην
1349 3707 1417 3760 ἀν
1446 3707 1729 3774 ἐνεγκεῖνς

133 3797 608 3870 Δυσχερανοῦμεν
636 3795 755 3864 οὖν,
806 3801 856 3853 εί
910 3800 988 3871 μὴ
1036 3802 1133 3854 καὶ
1164 3799 1435 3863 ἀθάνατος
1466 3800 1495 3853 δ
1522 3801 1731 3869 μοιχὸς,

135 3894 243 3947 καὶ
265 3890 350 3960 τῷ
378 3891 717 3962 παιδεραστῇ
760 3892 1127 3961 συνευξόμεθα
1172 3893 1274 3961 τὴν
1300 3892 1453 3946 νόσον
1484 3892 1563 3954 είς
1595 3890 1735 3945 ἀπέ-

137 3999 352 4057 ραντον
388 3982 815 4052 παρατείνεσθαι
841 3997 857 4014 ο
885 3982 919 4053 ἢ
954 3984 1050 4036 καὶ
1077 3982 1177 4047 τὰς
1205 3981 1347 4053 ὑπὲρ
1372 3982 1485 4036 τῶν
1511 3980 1736 4053 χρημά-

134 4077 260 4137 τῶν
288 4074 604 4141 ἐπιϐουλάς,
644 4076 739 4129 καὶ
789 4074 1148 4144 φιλονεικίας,
1206 4076 1301 4130 καὶ
1352 4075 1604 4144 φθόνους,
1639 4074 1737 4129 καὶ

136 4168 281 4231 τοὺς
313 4166 451 4237 ὐπέρ
479 4167 578 4236 τῆς
602 4166 956 4236 παντοδαπῆς
980 4166 1293 4230 πλεονεξίας
1318 4167 1610 4236 πολέμους,
1639 4165 1735 4230 οὓς

138 4259 389 4330 φανερὸν
417 4260 527 4313 τῶν
568 4259 773 4329 ἡδονῶν
817 4260 999 4317 εἵνεκα
1029 4261 1157 4323 τούς
1206 4259 1528 4329 ἀνθρώπους
1560 4261 1735 4330 αἱρεῖ-

141 4352 310 4416 σθαι,
355 4347 756 4421 ἀϊδίουςφείναι
812 4350 1154 4420 θελήσομεν;
1213 4350 1403 4419 ὥσπερ
1465 4349 1733 4419 τοῦιβίου

142 4446 331 4516 μηδὲν
360 4445 552 4513 ὄφελος
605 4445 686 4509 ὃν,
736 4444 801 4499 ἂν
840 4446 915 4513 μὴ
966 4444 1210 4513 συνεχῶς
1240 4442 1458 4511 μεγάλα
1488 4442 1634 4495 κακά
1669 4442 1735 4495 τὰ

143 4538 258 4606 μὲν
290 4536 556 4605 ποιῶμεν,
583 4535 653 4590 τά
693 4536 748 4589 δὲ
779 4538 1102 4605 πάσχωμεν,
1145 4534 1241 4587 καὶ
1286 4537 1351 4604 τῇ
1398 4532 1737 4602 πολυμόρφῳ

139 4627 333 4699 κακίᾳ
361 4628 429 4681 τά
461 4629 710 4699 ἡμέτερα
740 4628 923 4683 αὐτῶν
953 4628 1358 4696 ἐπιτρέψωμεν.
1388 4624 1552 4677 Ἀλλὰ
1584 4622 1743 4675 τοῦτο

131 4721 195 4776 τί
232 4720 364 4773 ποτ’
398 4722 551 4776 ἐστὶν
579 4720 790 4789 ἓτερον,
827 4719 859 4790 ἢ
898 4719 959 4771 τὸ
990 4719 1087 4789 μὲν
1116 4717 1286 4771 κακὸν
1325 4713 1742 4785 συμϐουλεύειν,

131 4814 203 4866 τδ
255 4812 322 4864 δὲ
361 4813 566 4879 ἀγαθὸν
617 4813 797 4881 φυγῆς
848 4812 945 4865 καὶ
988 4810 1214 4879 ἀτιμίας
1251 4808 1632 4877 τιμήσασθαι;
1673 4807 1743 4860 Ἦ

129 4904 342 4957 τοίνυν
367 4901 592 4972 ἀναίδην
623 4902 827 4965 οὑτωσὶ
854 4904 952 4971 τὴν
986 4901 1180 4970 ἡδονὴν
1207 4894 1348 4951 εἶναι
1383 4900 1586 4968 φατέον
1616 4897 1745 4949 τάν-

131 4995 437 5067 θρώπινον
472 4995 697 5063 ἀγαθὸν,
730 4995 931 5066 ἀρετὴν
973 4995 1053 5059 δὲ,
1083 4994 1179 5047 καὶ
1225 4994 1440 5060 σοφίαν,
1481 4992 1576 5045 καὶ
1618 4993 1743 5045 ὲπι-

130 5090 250 5158 στὴ
262 5103 402 5157 μην,
429 5088 592 5155 λόγου
614 5088 776 5158 χάριν
798 5089 894 5141 καὶ
923 5085 1259 5156 εὐπρεπείας
1286 5085 1446 5154 μόνον
1469 5082 1743 5152 εἰρῆσθαι,

134 5185 252 5234 καὶ
277 5181 410 5235 τότε
442 5183 539 5235 καὶ
570 5181 647 5251 τῷ
677 5180 895 5251 θανάτῳ
946 5179 1227 5249 μεμπτέον
1256 5177 1324 5230 τά
1363 5176 1626 5232 κάλλιστα
1650 5173 1748 5226 καὶ

126 5274 477 5346 τιμιώτατα
528 5273 688 5344 ἡμῶν
745 5274 1113 5345 ὰφαιροῢντι;
1172 5275 1203 5342 ἢ
1264 5272 1585 5342 νομίζοντας
1637 5267 1747 5320 τῶν

129 5365 371 5438 ἡδονῶν
411 5365 513 5428 τὰς
555 5366 656 5436 μὲν
710 5369 777 5437 τῇ
827 5367 974 5437 ψυχῇ
1034 5366 1217 5437 λώϐην
1273 5365 1533 5433 ἄντικρυς
1583 5358 1746 5426 εἶναι,

127 5459 246 5515 καὶ
301 5459 371 5527 τῇ
422 5461 577 5529 κοινῇ
631 5459 740 5513 τῶν
793 5458 1099 5525 ἀνθρώπων
1157 5456 1404 5527 πολιτείᾳ
1463 5454 1747 5517 παντελῶς

129 5553 591 5615 ἐναντιωτάτας,
622 5553 722 5616 τὰς
759 5553 813 5605 δὲ
850 5553 943 5605 καὶ
989 5553 1158 5612 αὐτὰς
1194 5551 1348 5604 οὐδὲν
1397 5544 1562 5619 ἦττον
1610 5548 1748 5618 ,βλάο

126 5662 327 5701 πτειν
363 5644 687 5714 δυναμένας,
720 5646 785 5699 ἂν
814 5647 874 5699 τὸ
921 5647 1075 5715 παρὰ
1101 5644 1196 5698 τοῦ
1245 5644 1406 5711 λόγου
1439 5645 1639 5713 μέτρον
1673 5641 1748 5712 μὴ

129 5735 602 5805 κατα-δέχωνται,
642 5738 764 5790 οὐδέ
807 5740 897 5790 τὸν
943 5739 1173 5791 θάνατον
1212 5736 1495 5799 παντελῶς
1545 5738 1749 5805 ἀτιμα-

131 5830 356 5895 cisio»,
407 5830 517 5883 οὐδ’
563 5829 636 5893 ὣς
695 5847 750 5885 τι
802 5832 909 5886 τῶν
961 5829 1239 5902 βλαϐερῶν
1290 5832 1611 5911 φευκτέονςρ
1633 5828 1748 5884 ἀλλ’

2439 3065 2672 3124 CAPUT
2744 3066 2810 3121 ν.
2852 3072 2853 3081 ‘

1911 3159 2053 3226 Quid
2073 3174 2205 3215 vero
2228 3160 2297 3215 de
2319 3160 2545 3230 reliquis
2574 3162 2723 3216 vitiis
2755 3161 2927 3226 dicas,
2955 3180 3075 3233 qua:
3122 3178 3153 3217 a
3184 3160 3421 3226 deliciis,

1840 3249 2007 3303 veluti
2058 3258 2230 3305 matre
2264 3252 2538 3312 oriuntur,
2586 3252 2844 3306 omnibus
2902 3253 3047 3306 enim
3100 3252 3214 3306 fere
3268 3253 3420 3324 ﬂagi-

1840 3344 1931 3397 tiis
1969 3358 2156 3396 ansam
2188 3344 2301 3398 hac
2333 3345 2600 3413 prmbent,
2640 3354 2735 3398 aut
2789 3344 2856 3398 de
2889 3358 2954 3398 eo
2986 3344 3129 3413 quod
3168 3345 3419 3399 homines

1843 3434 2001 3487 nobis
2022 3450 2051 3487 a
2076 3444 2268 3488 natura
2290 3436 2537 3503 praeﬁxos
2564 3435 2767 3489 limites
2800 3436 3197 3501 transilientes,
3236 3436 3289 3488 in
3321 3435 3425 3488 im-

1841 3541 2102 3595 purarum
2136 3526 2476 3595 voluptatum
2516 3527 2878 3597 praecipitium
2915 3527 3206 3582 incidunt?
3263 3543 3420 3595 quas,

1842 3631 1902 3673 ut
1947 3618 2197 3682 arbitror,
2248 3621 2337 3687 qui
2387 3619 2817 3688 reprehendunt,
2874 3619 2957 3674 vel
3023 3621 3135 3673 sola
3194 3619 3413 3673 illarum

1842 3710 2360 3764 commemoratione
2417 3712 2766 3765 erubescunt.
2822 3710 2964 3781 Ergo
3004 3712 3230 3765 moleste
3274 3709 3421 3766 fere-

1844 3816 1988 3863 mus,
2020 3801 2065 3856 si
2114 3802 2328 3857 adulter
2372 3818 2481 3857 non
2532 3805 2603 3856 sit
2635 3803 2994 3858 immortalis?
3045 3812 3100 3857 et
3129 3818 3234 3857 una
3296 3817 3422 3856 cum

1843 3907 2137 3962 puerorum
2166 3902 2410 3949 amatore
2454 3903 2577 3947 vota
2605 3893 2890 3956 faciemus,
2945 3903 3003 3947 ut
3034 3894 3258 3947 morbus
3304 3894 3422 3963 ejus

1842 3983 1901 4038 in
1934 3983 2206 4038 inﬁnitum
2246 3982 2621 4053 producatur?
2668 3992 2761 4038 aut
2793 3984 2956 4037 etiam
2987 3982 3237 4047 insidias,
3301 3994 3424 4052 quae

1843 4078 2091 4148 pecunia
2122 4077 2442 4143 tenduntur,
2469 4089 2525 4132 et
2543 4077 2948 4140 contentiones,
2968 4083 3022 4130 et
3055 4074 3310 4139 invidias,
3367 4082 3425 4129 et

1848 4170 2100 4233 bella,ob
2129 4170 2283 4225 varia
2341 4170 2528 4240 iniqua
2559 4171 2708 4225 lucra
2755 4169 2959 4239 suscipi
3014 4168 3179 4223 solita
3249 4169 3424 4237 (lucra

1844 4276 1977 4317 vero
2006 4272 2229 4331 propter
2265 4262 2571 4331 voluptates
2601 4263 2669 4316 ab
2702 4261 3020 4315 hominibus
3070 4261 3257 4330 appeti
3285 4274 3425 4313 con-

1847 4355 1978 4421 stat)
2015 4362 2215 4407 :eterna
2238 4368 2360 4407 esse
2397 4354 2670 4407 velimus?
2712 4354 2867 4421 quasi
2930 4367 3060 4406 vero
3110 4352 3231 4406 vita:
3274 4352 3426 4405 nulla

1849 4446 1922 4499 sit
1947 4446 2174 4509 utilitas,
2203 4444 2311 4499 nisi
2340 4446 2685 4498 continenter
2716 4460 2910 4514 magna
2960 4444 3101 4497 mala
3136 4444 3269 4497 alias
3325 4443 3426 4497 de-

1768 4559 1820 4619 D
1846 4553 1987 4599 mus,
2015 4538 2150 4591 alias
2184 4538 2446 4600 feramus,
2480 4546 2535 4591 et
2580 4553 2669 4593 res
2729 4547 2948 4591 nostras
2997 4538 3049 4590 in
3107 4536 3428 4607 multiplicis

1846 4630 2161 4683 vitiositatis
2226 4637 2553 4699 potestatem
2616 4630 3015 4697 permittamus.
3081 4627 3281 4683 Verum
3319 4627 3424 4680 hoc

1847 4723 1976 4793 quid
1997 4724 2211 4778 tandem
2244 4733 2328 4780 est
2358 4723 2524 4786 aliud,
2547 4739 2707 4791 quam
2735 4724 2875 4776 malo
2893 4722 3220 4776 senatoriam
3246 4729 3429 4773 aucto-

1849 4819 2063 4871 ritatem
2089 4817 2352 4878 tribuere,
2385 4816 2586 4869 bonum
2620 4825 2802 4867 autem
2829 4813 3023 4867 exsilio
3079 4821 3133 4865 et
3187 4809 3424 4879 ignomi-

1848 4911 1939 4964 nia
1973 4911 2244 4963 multare?
2297 4910 2405 4961 Aut
2436 4909 2598 4978 igitur
2646 4915 2834 4976 aperte
2888 4905 3025 4958 adeo
3056 4903 3427 4973 pronuntian-

1850 5005 1981 5057 dum
2011 5010 2115 5067 est,
2148 5003 2477 5071 voluptatem
2505 4998 2741 5054 hominis
2800 5013 2921 5052 esse
2978 4998 3182 5051 bonum
3215 5011 3228 5048 :
3258 4994 3429 5047 virtu-

1852 5102 1960 5148 tem
2022 5102 2204 5146 autem
2263 5100 2319 5165 et
2370 5091 2719 5160 sapientiam,
2763 5097 2817 5142 et
2900 5087 3209 5149 scientiam,
3267 5084 3423 5139 verbi

1849 5193 2063 5240 tantum
2119 5184 2314 5253 gratia,
2361 5192 2416 5238 et
2466 5192 2689 5251 prepter
2732 5181 2970 5251 speciem
3026 5178 3316 5241 nominari,
3369 5187 3425 5230 et

1852 5284 1983 5327 tunc
2004 5273 2167 5326 morti
2191 5272 2600 5341 exprobandum
2638 5282 2742 5335 est,
2782 5287 2901 5341 quae
2928 5286 3013 5337 ea,
3063 5286 3183 5339 qua:
3217 5278 3274 5323 et
3305 5268 3424 5337 pul-

1850 5363 2125 5420 cherrima
2157 5372 2211 5417 et
2241 5363 2638 5433 pretiosissima
2672 5364 2983 5428 habeamus,
3011 5364 3236 5416 adimat.
3290 5361 3421 5425 Aut,

1851 5457 1899 5511 si
1922 5456 2184 5526 quasdam
2235 5456 2546 5525 voluptates
2582 5455 2892 5510 evidentem
2958 5456 3267 5509 animorum
3302 5467 3425 5507 esse

1849 5550 2170 5621 perniciem,
2230 5551 2628 5616 existimemus,
2690 5560 2745 5605 et
2802 5549 3078 5603 communi
3141 5547 3424 5601 hominum

1853 5645 1977 5698 vitae
1997 5644 2066 5699 ab
2117 5643 2269 5698 omni
2293 5654 2447 5713 parte
2495 5643 2914 5698 adversissimas
2951 5658 2965 5693 :
2996 5643 3130 5696 alias
3180 5651 3233 5695 et
3278 5640 3427 5710 ipsas

1854 5734 2211 5791 nihilominus
2267 5736 2459 5790 obesse
2498 5750 2680 5805 posse,
2728 5735 2833 5789 nisi
2872 5746 3033 5788 recta:
3065 5732 3291 5787 rationis
3342 5747 3430 5786 ro-

1854 5828 1971 5901 gula
1996 5828 2318 5883 adhibeatur
2353 5845 2367 5881 :
2406 5842 2582 5897 neque
2608 5842 2755 5882 mors
2790 5828 3011 5899 penitus
3072 5825 3294 5882 infamia
3322 5840 3424 5879 no-
