  <div class='ocr_page' id='page_1' title='image "/cluster/home/n/w/nwhite01/storage/ocr_20150623/154/hvd.32044073505299/622.png"; bbox 0 0 3904 6216; ppageno 0'>
   <div class='ocr_carea' id='block_1_1' title="bbox 195 377 314 440">
    <p class='ocr_par' dir='ltr' id='par_1_1' title="bbox 195 377 314 440">
     <span class='ocr_line' id='line_1_1' title="bbox 195 377 314 440; baseline 0 0"><span class='ocrx_word' id='word_1_1' title='bbox 195 377 314 440; x_wconf 90' lang='grc'>1181</span> 
     </span>
    </p>
   </div>
   <div class='ocr_carea' id='block_1_2' title="bbox 189 583 1750 660">
    <p class='ocr_par' dir='ltr' id='par_1_2' title="bbox 189 583 1750 660">
     <span class='ocr_line' id='line_1_2' title="bbox 189 583 1750 660; baseline 0.006 -23"><span class='ocrx_word' id='word_1_2' title='bbox 189 585 279 637; x_wconf 72' lang='grc' dir='ltr'><strong>καὶ</strong></span> <span class='ocrx_word' id='word_1_3' title='bbox 302 583 507 652; x_wconf 78' lang='grc' dir='ltr'><strong>γλυκέα</strong></span> <span class='ocrx_word' id='word_1_4' title='bbox 547 583 670 636; x_wconf 74' lang='grc' dir='ltr'>τινὰ</span> <span class='ocrx_word' id='word_1_5' title='bbox 718 586 832 647; x_wconf 82' lang='grc' dir='ltr'>τοῖς</span> <span class='ocrx_word' id='word_1_6' title='bbox 861 586 1216 655; x_wconf 82' lang='grc' dir='ltr'>ἀηδεστάτοις</span> <span class='ocrx_word' id='word_1_7' title='bbox 1273 593 1750 660; x_wconf 85' lang='grc' dir='ltr'>παραμιγνύντας,</span> 
     </span>
    </p>
   </div>
   <div class='ocr_carea' id='block_1_3' title="bbox 192 676 1755 756">
    <p class='ocr_par' dir='ltr' id='par_1_3' title="bbox 192 676 1755 756">
     <span class='ocr_line' id='line_1_3' title="bbox 192 676 1755 756; baseline 0.007 -27"><span class='ocrx_word' id='word_1_8' title='bbox 192 678 274 729; x_wconf 77' lang='grc' dir='ltr'><strong>ἵνα</strong></span> <span class='ocrx_word' id='word_1_9' title='bbox 323 678 388 745; x_wconf 80' lang='grc' dir='ltr'>τῇ</span> <span class='ocrx_word' id='word_1_10' title='bbox 451 676 580 745; x_wconf 65' lang='grc' dir='ltr'><strong>περὶ⁵</strong></span> <span class='ocrx_word' id='word_1_11' title='bbox 641 677 708 729; x_wconf 74' lang='grc' dir='ltr'><strong>τὰ</strong></span> <span class='ocrx_word' id='word_1_12' title='bbox 755 677 886 747; x_wconf 73' lang='grc' dir='ltr'>ἡδέα</span> <span class='ocrx_word' id='word_1_13' title='bbox 922 682 1131 751; x_wconf 82' lang='grc' dir='ltr'>λιχνείᾳ</span> <span class='ocrx_word' id='word_1_14' title='bbox 1181 684 1308 752; x_wconf 77' lang='grc' dir='ltr'>ῥᾷον</span> <span class='ocrx_word' id='word_1_15' title='bbox 1363 686 1457 738; x_wconf 81' lang='grc' dir='ltr'><strong>καὶ</strong></span> <span class='ocrx_word' id='word_1_16' title='bbox 1488 687 1554 737; x_wconf 68' lang='grc' dir='ltr'>τὰ</span> <span class='ocrx_word' id='word_1_17' title='bbox 1592 686 1755 756; x_wconf 87' lang='grc' dir='ltr'>θερα-</span> 
     </span>
    </p>
   </div>
   <div class='ocr_carea' id='block_1_4' title="bbox 194 767 1755 841">
    <p class='ocr_par' dir='ltr' id='par_1_4' title="bbox 194 767 1755 841">
     <span class='ocr_line' id='line_1_4' title="bbox 194 767 1755 841; baseline 0.006 -21"><span class='ocrx_word' id='word_1_18' title='bbox 194 767 416 820; x_wconf 81' lang='grc' dir='ltr'>πεύοντα</span> <span class='ocrx_word' id='word_1_19' title='bbox 460 768 740 831; x_wconf 79' lang='grc' dir='ltr'>δέξωνται.</span> <span class='ocrx_word' id='word_1_20' title='bbox 796 769 1043 836; x_wconf 88' lang='grc' dir='ltr'>Ὀρῶμεν</span> <span class='ocrx_word' id='word_1_21' title='bbox 1083 772 1140 824; x_wconf 78' lang='grc' dir='ltr'>δὲ</span> <span class='ocrx_word' id='word_1_22' title='bbox 1193 775 1284 825; x_wconf 81' lang='grc' dir='ltr'><strong>καὶ</strong></span> <span class='ocrx_word' id='word_1_23' title='bbox 1333 778 1456 835; x_wconf 77' lang='grc' dir='ltr'>τοὺς</span> <span class='ocrx_word' id='word_1_24' title='bbox 1496 778 1755 841; x_wconf 74' lang='grc' dir='ltr'><strong>ὑπιόντας</strong></span> 
     </span>
    </p>
   </div>
   <div class='ocr_carea' id='block_1_5' title="bbox 189 859 1753 938">
    <p class='ocr_par' dir='ltr' id='par_1_5' title="bbox 189 859 1753 938">
     <span class='ocr_line' id='line_1_5' title="bbox 189 859 1753 938; baseline 0.007 -27"><span class='ocrx_word' id='word_1_25' title='bbox 189 861 253 912; x_wconf 73' lang='grc' dir='ltr'>τὰ</span> <span class='ocrx_word' id='word_1_26' title='bbox 283 859 426 929; x_wconf 74' lang='grc' dir='ltr'>’ἄχθη</span> <span class='ocrx_word' id='word_1_27' title='bbox 467 860 711 929; x_wconf 82' lang='grc' dir='ltr'>ᾄδοντας,</span> <span class='ocrx_word' id='word_1_28' title='bbox 760 861 892 913; x_wconf 84' lang='grc' dir='ltr'>ὅταν</span> <span class='ocrx_word' id='word_1_29' title='bbox 940 864 1252 927; x_wconf 73' lang='grc' dir='ltr'>πιέζωνται,</span> <span class='ocrx_word' id='word_1_30' title='bbox 1291 868 1386 918; x_wconf 77' lang='grc' dir='ltr'><strong>καὶ</strong></span> <span class='ocrx_word' id='word_1_31' title='bbox 1433 872 1550 930; x_wconf 82' lang='grc' dir='ltr'>ταῖς</span> <span class='ocrx_word' id='word_1_32' title='bbox 1590 869 1753 938; x_wconf 81' lang='grc' dir='ltr'>ᾠδαῖς</span> 
     </span>
    </p>
   </div>
   <div class='ocr_carea' id='block_1_6' title="bbox 189 951 1750 1031">
    <p class='ocr_par' dir='ltr' id='par_1_6' title="bbox 189 951 1750 1031">
     <span class='ocr_line' id='line_1_6' title="bbox 189 951 1750 1031; baseline 0.011 -30"><span class='ocrx_word' id='word_1_33' title='bbox 189 951 514 1020; x_wconf 82' lang='grc' dir='ltr'>κουφότερον</span> <span class='ocrx_word' id='word_1_34' title='bbox 551 954 764 1018; x_wconf 76' lang='grc' dir='ltr'><strong>ἑαυτοῖς</strong></span> <span class='ocrx_word' id='word_1_35' title='bbox 794 957 1077 1025; x_wconf 76' lang='grc' dir='ltr'><strong>οἰομένους</strong></span> <span class='ocrx_word' id='word_1_36' title='bbox 1105 960 1166 1012; x_wconf 87' lang='grc' dir='ltr'>τὸ</span> <span class='ocrx_word' id='word_1_37' title='bbox 1196 964 1417 1031; x_wconf 77' lang='grc' dir='ltr'>φορτίον</span> <span class='ocrx_word' id='word_1_38' title='bbox 1459 967 1654 1017; x_wconf 84' lang='grc' dir='ltr'>ποιεῖν.</span> <span class='ocrx_word' id='word_1_39' title='bbox 1688 965 1750 1018; x_wconf 74' lang='lat' dir='ltr'><strong>Et</strong></span> 
     </span>
    </p>
   </div>
   <div class='ocr_carea' id='block_1_7' title="bbox 186 1044 1753 1124">
    <p class='ocr_par' dir='ltr' id='par_1_7' title="bbox 186 1044 1753 1124">
     <span class='ocr_line' id='line_1_7' title="bbox 186 1044 1753 1124; baseline 0.01 -30"><span class='ocrx_word' id='word_1_40' title='bbox 186 1045 358 1094; x_wconf 80' lang='grc' dir='ltr'>τοίνυν</span> <span class='ocrx_word' id='word_1_41' title='bbox 396 1044 598 1113; x_wconf 79' lang='grc' dir='ltr'>ἑτέρων</span> <span class='ocrx_word' id='word_1_42' title='bbox 645 1045 832 1099; x_wconf 74' lang='grc' dir='ltr'>εἵνεκα</span> <span class='ocrx_word' id='word_1_43' title='bbox 875 1049 970 1100; x_wconf 78' lang='grc' dir='ltr'><strong>καὶ</strong></span> <span class='ocrx_word' id='word_1_44' title='bbox 1007 1049 1172 1121; x_wconf 76' lang='grc' dir='ltr'>μέχρι</span> <span class='ocrx_word' id='word_1_45' title='bbox 1219 1054 1361 1115; x_wconf 80' lang='grc' dir='ltr'>τινὸς</span> <span class='ocrx_word' id='word_1_46' title='bbox 1399 1058 1510 1118; x_wconf 86' lang='grc' dir='ltr'>τοῖς</span> <span class='ocrx_word' id='word_1_47' title='bbox 1543 1057 1753 1124; x_wconf 80' lang='grc' dir='ltr'>ἀνθρὼ-</span> 
     </span>
    </p>
   </div>
   <div class='ocr_carea' id='block_1_8' title="bbox 187 1135 1751 1220">
    <p class='ocr_par' dir='ltr' id='par_1_8' title="bbox 187 1135 1751 1220">
     <span class='ocr_line' id='line_1_8' title="bbox 187 1135 1751 1220; baseline 0.012 -34"><span class='ocrx_word' id='word_1_48' title='bbox 187 1153 303 1199; x_wconf 86' lang='grc' dir='ltr'>ποις</span> <span class='ocrx_word' id='word_1_49' title='bbox 329 1135 383 1189; x_wconf 76' lang='grc' dir='ltr'>τὸ</span> <span class='ocrx_word' id='word_1_50' title='bbox 414 1137 569 1204; x_wconf 84' lang='grc' dir='ltr'>γένος</span> <span class='ocrx_word' id='word_1_51' title='bbox 597 1138 752 1190; x_wconf 85' lang='grc' dir='ltr'>τοῦτο</span> <span class='ocrx_word' id='word_1_52' title='bbox 779 1141 889 1194; x_wconf 88' lang='grc' dir='ltr'><strong>τῶν</strong></span> <span class='ocrx_word' id='word_1_53' title='bbox 926 1144 1129 1212; x_wconf 68' lang='grc' dir='ltr'>ἡδονῶν</span> <span class='ocrx_word' id='word_1_54' title='bbox 1163 1149 1585 1220; x_wconf 80' lang='grc' dir='ltr'>συγκεχώρηται</span> <span class='ocrx_word' id='word_1_55' title='bbox 1611 1167 1623 1180; x_wconf 92' lang='grc'><strong>·</strong></span> <span class='ocrx_word' id='word_1_56' title='bbox 1654 1151 1751 1218; x_wconf 78' lang='grc' dir='ltr'><strong>δῆο</strong></span> 
     </span>
    </p>
   </div>
   <div class='ocr_carea' id='block_1_9' title="bbox 181 1224 1752 1306">
    <p class='ocr_par' dir='ltr' id='par_1_9' title="bbox 181 1224 1752 1306">
     <span class='ocr_line' id='line_1_9' title="bbox 181 1224 1752 1306; baseline 0.01 -28"><span class='ocrx_word' id='word_1_57' title='bbox 181 1224 288 1286; x_wconf 83' lang='grc' dir='ltr'>λον,</span> <span class='ocrx_word' id='word_1_58' title='bbox 338 1229 432 1291; x_wconf 76' lang='grc' dir='ltr'>ὡς,</span> <span class='ocrx_word' id='word_1_59' title='bbox 483 1230 582 1296; x_wconf 68' lang='grc' dir='ltr'>τῆς</span> <span class='ocrx_word' id='word_1_60' title='bbox 638 1229 984 1301; x_wconf 80' lang='grc' dir='ltr'><strong>λειτουργίας</strong></span> <span class='ocrx_word' id='word_1_61' title='bbox 1029 1239 1404 1306; x_wconf 69' lang='grc' dir='ltr'>παυσομένης,</span> <span class='ocrx_word' id='word_1_62' title='bbox 1456 1242 1609 1292; x_wconf 76' lang='grc' dir='ltr'>οὐδὲν</span> <span class='ocrx_word' id='word_1_63' title='bbox 1642 1241 1752 1294; x_wconf 81' lang='grc' dir='ltr'>οὐδ’</span> 
     </span>
    </p>
   </div>
   <div class='ocr_carea' id='block_1_10' title="bbox 180 1317 1750 1401">
    <p class='ocr_par' dir='ltr' id='par_1_10' title="bbox 180 1317 1750 1401">
     <span class='ocr_line' id='line_1_10' title="bbox 180 1317 1750 1401; baseline 0.01 -31"><span class='ocrx_word' id='word_1_64' title='bbox 180 1317 328 1370; x_wconf 85' lang='grc' dir='ltr'>αὐτοὶ</span> <span class='ocrx_word' id='word_1_65' title='bbox 349 1317 742 1387; x_wconf 77' lang='grc' dir='ltr'><strong>ζημιώσονται,</strong></span> <span class='ocrx_word' id='word_1_66' title='bbox 778 1324 835 1376; x_wconf 78' lang='grc' dir='ltr'>ἐν</span> <span class='ocrx_word' id='word_1_67' title='bbox 857 1327 968 1386; x_wconf 82' lang='grc' dir='ltr'>τοῖς</span> <span class='ocrx_word' id='word_1_68' title='bbox 988 1327 1210 1391; x_wconf 70' lang='grc' dir='ltr'>οἰκείοις</span> <span class='ocrx_word' id='word_1_69' title='bbox 1242 1331 1464 1397; x_wconf 78' lang='grc' dir='ltr'>ἀγαθοῖς</span> <span class='ocrx_word' id='word_1_70' title='bbox 1485 1333 1750 1401; x_wconf 80' lang='grc' dir='ltr'>καταλιμ-</span> 
     </span>
    </p>
   </div>
   <div class='ocr_carea' id='block_1_11' title="bbox 184 1408 1751 1488">
    <p class='ocr_par' dir='ltr' id='par_1_11' title="bbox 184 1408 1751 1488">
     <span class='ocr_line' id='line_1_11' title="bbox 184 1408 1751 1488; baseline 0.01 -29"><span class='ocrx_word' id='word_1_71' title='bbox 184 1408 476 1477; x_wconf 76' lang='grc' dir='ltr'>πανόμενοι</span> <span class='ocrx_word' id='word_1_72' title='bbox 494 1423 511 1440; x_wconf 86' lang='grc'>⁶</span> <span class='ocrx_word' id='word_1_73' title='bbox 535 1409 727 1482; x_wconf 82' lang='grc' dir='ltr'>ὥσπερ</span> <span class='ocrx_word' id='word_1_74' title='bbox 749 1414 870 1467; x_wconf 81' lang='grc' dir='ltr'>οὐδὲ</span> <span class='ocrx_word' id='word_1_75' title='bbox 897 1417 1022 1478; x_wconf 81' lang='grc' dir='ltr'>τοὺς</span> <span class='ocrx_word' id='word_1_76' title='bbox 1048 1417 1482 1488; x_wconf 60' lang='grc' dir='ltr'>ἀχθοφοροῦντας</span> <span class='ocrx_word' id='word_1_77' title='bbox 1506 1422 1751 1485; x_wconf 80' lang='grc' dir='ltr'>ἐκείνους</span> 
     </span>
    </p>
   </div>
   <div class='ocr_carea' id='block_1_12' title="bbox 179 1500 1750 1582">
    <p class='ocr_par' dir='ltr' id='par_1_12' title="bbox 179 1500 1750 1582">
     <span class='ocr_line' id='line_1_12' title="bbox 179 1500 1750 1582; baseline 0.011 -32"><span class='ocrx_word' id='word_1_78' title='bbox 179 1500 317 1552; x_wconf 78' lang='grc' dir='ltr'>εἴποι</span> <span class='ocrx_word' id='word_1_79' title='bbox 367 1517 450 1562; x_wconf 89' lang='grc' dir='ltr'><strong>τις</strong></span> <span class='ocrx_word' id='word_1_80' title='bbox 482 1500 548 1553; x_wconf 82' lang='grc' dir='ltr'>ἂν</span> <span class='ocrx_word' id='word_1_81' title='bbox 598 1502 952 1572; x_wconf 73' lang='grc' dir='ltr'><strong>ζημιοῦσθαι,</strong></span> <span class='ocrx_word' id='word_1_82' title='bbox 1007 1507 1101 1560; x_wconf 87' lang='grc' dir='ltr'><strong>τοῦ</strong></span> <span class='ocrx_word' id='word_1_83' title='bbox 1147 1527 1204 1561; x_wconf 86' lang='grc' dir='ltr'><strong>τε</strong></span> <span class='ocrx_word' id='word_1_84' title='bbox 1243 1511 1445 1582; x_wconf 81' lang='grc' dir='ltr'>ἄχθους</span> <span class='ocrx_word' id='word_1_85' title='bbox 1487 1514 1604 1582; x_wconf 73' lang='grc' dir='ltr'>ἅμα</span> <span class='ocrx_word' id='word_1_86' title='bbox 1658 1517 1750 1568; x_wconf 70' lang='grc' dir='ltr'><strong>καὶ</strong></span> 
     </span>
    </p>
   </div>
   <div class='ocr_carea' id='block_1_13' title="bbox 179 1590 1751 1670">
    <p class='ocr_par' dir='ltr' id='par_1_13' title="bbox 179 1590 1751 1670">
     <span class='ocr_line' id='line_1_13' title="bbox 179 1590 1751 1670; baseline 0.01 -30"><span class='ocrx_word' id='word_1_87' title='bbox 179 1590 277 1658; x_wconf 76' lang='grc' dir='ltr'>τῆς</span> <span class='ocrx_word' id='word_1_88' title='bbox 328 1591 468 1660; x_wconf 81' lang='grc' dir='ltr'>ᾠδῆς</span> <span class='ocrx_word' id='word_1_89' title='bbox 526 1593 1067 1664; x_wconf 77' lang='grc' dir='ltr'><strong>ἀπαλλαττομένους.</strong></span> <span class='ocrx_word' id='word_1_90' title='bbox 1104 1601 1322 1654; x_wconf 83' lang='grc' dir='ltr'>Μᾶλλον</span> <span class='ocrx_word' id='word_1_91' title='bbox 1379 1602 1478 1670; x_wconf 74' lang='grc' dir='ltr'>μὲν</span> <span class='ocrx_word' id='word_1_92' title='bbox 1519 1600 1611 1657; x_wconf 79' lang='grc' dir='ltr'><strong>οὗν</strong></span> <span class='ocrx_word' id='word_1_93' title='bbox 1657 1609 1751 1659; x_wconf 75' lang='grc' dir='ltr'><strong>καὶ</strong></span> 
     </span>
    </p>
   </div>
   <div class='ocr_carea' id='block_1_14' title="bbox 183 1678 1749 1765">
    <p class='ocr_par' dir='ltr' id='par_1_14' title="bbox 183 1678 1749 1765">
     <span class='ocr_line' id='line_1_14' title="bbox 183 1678 1749 1765; baseline 0.011 -33"><span class='ocrx_word' id='word_1_94' title='bbox 183 1681 399 1751; x_wconf 77' lang='grc' dir='ltr'>χάριτας</span> <span class='ocrx_word' id='word_1_95' title='bbox 433 1682 499 1737; x_wconf 85' lang='grc' dir='ltr'>ἂν</span> <span class='ocrx_word' id='word_1_96' title='bbox 538 1678 648 1736; x_wconf 75' lang='grc' dir='ltr'>εἶεν</span> <span class='ocrx_word' id='word_1_97' title='bbox 681 1687 878 1740; x_wconf 80' lang='grc' dir='ltr'>δίκαιοι</span> <span class='ocrx_word' id='word_1_98' title='bbox 931 1691 1121 1744; x_wconf 85' lang='grc' dir='ltr'>τούτου</span> <span class='ocrx_word' id='word_1_99' title='bbox 1169 1709 1228 1760; x_wconf 86' lang='grc' dir='ltr'><strong>γε</strong></span> <span class='ocrx_word' id='word_1_100' title='bbox 1272 1694 1432 1747; x_wconf 74' lang='grc' dir='ltr'>ἕνεκα</span> <span class='ocrx_word' id='word_1_101' title='bbox 1466 1697 1749 1765; x_wconf 78' lang='grc' dir='ltr'>ὁμολογεῖν</span> 
     </span>
    </p>
   </div>
   <div class='ocr_carea' id='block_1_15' title="bbox 181 1771 1748 1854">
    <p class='ocr_par' dir='ltr' id='par_1_15' title="bbox 181 1771 1748 1854">
     <span class='ocr_line' id='line_1_15' title="bbox 181 1771 1748 1854; baseline 0.012 -32"><span class='ocrx_word' id='word_1_102' title='bbox 181 1771 257 1839; x_wconf 83' lang='grc' dir='ltr'>τῷ</span> <span class='ocrx_word' id='word_1_103' title='bbox 295 1772 527 1842; x_wconf 82' lang='grc' dir='ltr'>Θανάτῳ,</span> <span class='ocrx_word' id='word_1_104' title='bbox 569 1775 670 1828; x_wconf 76' lang='grc' dir='ltr'>οὐκ</span> <span class='ocrx_word' id='word_1_105' title='bbox 707 1779 861 1832; x_wconf 80' lang='grc' dir='ltr'>ἐῶντι</span> <span class='ocrx_word' id='word_1_106' title='bbox 905 1783 1133 1845; x_wconf 79' lang='grc' dir='ltr'>τούτους</span> <span class='ocrx_word' id='word_1_107' title='bbox 1164 1786 1305 1854; x_wconf 81' lang='grc' dir='ltr'>ὑπὲρ</span> <span class='ocrx_word' id='word_1_108' title='bbox 1341 1787 1517 1840; x_wconf 81' lang='grc' dir='ltr'>ἄλλων</span> <span class='ocrx_word' id='word_1_109' title='bbox 1550 1791 1748 1841; x_wconf 82' lang='grc' dir='ltr'>κόπτε-</span> 
     </span>
    </p>
   </div>
   <div class='ocr_carea' id='block_1_16' title="bbox 182 1859 1752 1948">
    <p class='ocr_par' dir='ltr' id='par_1_16' title="bbox 182 1859 1752 1948">
     <span class='ocr_line' id='line_1_16' title="bbox 182 1859 1752 1948; baseline 0.011 -34"><span class='ocrx_word' id='word_1_110' title='bbox 182 1862 322 1924; x_wconf 88' lang='grc' dir='ltr'>σθαι,</span> <span class='ocrx_word' id='word_1_111' title='bbox 378 1865 596 1918; x_wconf 74' lang='grc' dir='ltr'>εἴδωλον</span> <span class='ocrx_word' id='word_1_112' title='bbox 646 1868 839 1939; x_wconf 73' lang='grc' dir='ltr'>ἡδονῆς</span> <span class='ocrx_word' id='word_1_113' title='bbox 894 1872 1090 1936; x_wconf 81' lang='grc' dir='ltr'>αὐτοὺς</span> <span class='ocrx_word' id='word_1_114' title='bbox 1141 1880 1584 1948; x_wconf 63' lang='grc' dir='ltr'>καρπουμένους,</span> <span class='ocrx_word' id='word_1_115' title='bbox 1639 1859 1752 1932; x_wconf 66' lang='grc' dir='ltr'>ἀλλ’</span> 
     </span>
    </p>
   </div>
   <div class='ocr_carea' id='block_1_17' title="bbox 179 1952 1750 2036">
    <p class='ocr_par' dir='ltr' id='par_1_17' title="bbox 179 1952 1750 2036">
     <span class='ocr_line' id='line_1_17' title="bbox 179 1952 1750 2036; baseline 0.013 -32"><span class='ocrx_word' id='word_1_116' title='bbox 179 1952 383 2004; x_wconf 77' lang='grc' dir='ltr'>ιστάντι</span> <span class='ocrx_word' id='word_1_117' title='bbox 412 1953 510 2022; x_wconf 80' lang='grc' dir='ltr'>τὴν</span> <span class='ocrx_word' id='word_1_118' title='bbox 538 1956 774 2026; x_wconf 79' lang='grc' dir='ltr'>ἀπάτην.</span> <span class='ocrx_word' id='word_1_119' title='bbox 811 1962 904 2012; x_wconf 72' lang='grc' dir='ltr'><strong>καὶ</strong></span> <span class='ocrx_word' id='word_1_120' title='bbox 937 1962 1069 2027; x_wconf 66' lang='grc' dir='ltr'>πρὸς</span> <span class='ocrx_word' id='word_1_121' title='bbox 1105 1965 1333 2028; x_wconf 80' lang='grc' dir='ltr'>ἑαυτοὺς</span> <span class='ocrx_word' id='word_1_122' title='bbox 1365 1970 1750 2036; x_wconf 66' lang='grc' dir='ltr'>ἐπιστρέφοντι</span> 
     </span>
    </p>
   </div>
   <div class='ocr_carea' id='block_1_18' title="bbox 173 2045 1750 2128">
    <p class='ocr_par' dir='ltr' id='par_1_18' title="bbox 173 2045 1750 2128">
     <span class='ocr_line' id='line_1_18' title="bbox 173 2045 1750 2128; baseline 0.011 -33"><span class='ocrx_word' id='word_1_123' title='bbox 173 2045 300 2106; x_wconf 65' lang='grc' dir='ltr'>τοὺς</span> <span class='ocrx_word' id='word_1_124' title='bbox 337 2045 676 2114; x_wconf 81' lang='grc' dir='ltr'>ἀνθρώπους.</span> <span class='ocrx_word' id='word_1_125' title='bbox 727 2052 791 2102; x_wconf 88' lang='grc' dir='ltr'><strong>Ὃ</strong></span> <span class='ocrx_word' id='word_1_126' title='bbox 833 2053 925 2104; x_wconf 66' lang='grc' dir='ltr'><strong>καὶ</strong></span> <span class='ocrx_word' id='word_1_127' title='bbox 957 2054 1230 2121; x_wconf 76' lang='grc' dir='ltr'>Σοφοκλέα</span> <span class='ocrx_word' id='word_1_128' title='bbox 1261 2059 1353 2110; x_wconf 74' lang='grc' dir='ltr'><strong>τὸν</strong></span> <span class='ocrx_word' id='word_1_129' title='bbox 1399 2061 1630 2128; x_wconf 77' lang='grc' dir='ltr'>ποιητὴν</span> <span class='ocrx_word' id='word_1_130' title='bbox 1661 2063 1750 2113; x_wconf 82' lang='grc' dir='ltr'><strong>λέ-</strong></span> 
     </span>
    </p>
   </div>
   <div class='ocr_carea' id='block_1_19' title="bbox 175 2137 1749 2221">
    <p class='ocr_par' dir='ltr' id='par_1_19' title="bbox 175 2137 1749 2221">
     <span class='ocr_line' id='line_1_19' title="bbox 175 2137 1749 2221; baseline 0.01 -31"><span class='ocrx_word' id='word_1_131' title='bbox 175 2152 326 2201; x_wconf 77' lang='grc' dir='ltr'>γιται</span> <span class='ocrx_word' id='word_1_132' title='bbox 360 2137 496 2207; x_wconf 82' lang='grc' dir='ltr'>πρὸς</span> <span class='ocrx_word' id='word_1_133' title='bbox 523 2141 612 2191; x_wconf 65' lang='grc' dir='ltr'>τὶν</span> <span class='ocrx_word' id='word_1_134' title='bbox 651 2142 902 2210; x_wconf 81' lang='grc' dir='ltr'>Κέφαλον</span> <span class='ocrx_word' id='word_1_135' title='bbox 933 2146 1356 2216; x_wconf 75' lang='grc' dir='ltr'>ἀποκρίνασθαι,</span> <span class='ocrx_word' id='word_1_136' title='bbox 1391 2153 1652 2221; x_wconf 60' lang='grc' dir='ltr'>ἐρόμενον</span> <span class='ocrx_word' id='word_1_137' title='bbox 1676 2155 1749 2215; x_wconf 84' lang='grc' dir='ltr'>ὡς</span> 
     </span>
    </p>
   </div>
   <div class='ocr_carea' id='block_1_20' title="bbox 179 2225 1746 2310">
    <p class='ocr_par' dir='ltr' id='par_1_20' title="bbox 179 2225 1746 2310">
     <span class='ocr_line' id='line_1_20' title="bbox 179 2225 1746 2310; baseline 0.013 -35"><span class='ocrx_word' id='word_1_138' title='bbox 179 2225 240 2293; x_wconf 82' lang='grc' dir='ltr'>δή</span> <span class='ocrx_word' id='word_1_139' title='bbox 275 2243 326 2278; x_wconf 88' lang='grc' dir='ltr'><strong>τι</strong></span> <span class='ocrx_word' id='word_1_140' title='bbox 361 2229 546 2293; x_wconf 83' lang='grc' dir='ltr'>καλὸν,</span> <span class='ocrx_word' id='word_1_141' title='bbox 596 2233 645 2284; x_wconf 82' lang='grc' dir='ltr'><strong>εί</strong></span> <span class='ocrx_word' id='word_1_142' title='bbox 693 2228 802 2296; x_wconf 80' lang='grc' dir='ltr'>οἷός</span> <span class='ocrx_word' id='word_1_143' title='bbox 847 2236 907 2288; x_wconf 84' lang='grc' dir='ltr'><strong><em>τὲ</em></strong></span> <span class='ocrx_word' id='word_1_144' title='bbox 955 2237 1106 2288; x_wconf 80' lang='grc' dir='ltr'>ἐστιν</span> <span class='ocrx_word' id='word_1_145' title='bbox 1156 2240 1213 2290; x_wconf 79' lang='grc' dir='ltr'>ὲν</span> <span class='ocrx_word' id='word_1_146' title='bbox 1257 2243 1402 2310; x_wconf 72' lang='grc' dir='ltr'>γήρα</span> <span class='ocrx_word' id='word_1_147' title='bbox 1455 2243 1746 2310; x_wconf 78' lang='grc' dir='ltr'>μίγνυσθαι</span> 
     </span>
    </p>
   </div>
   <div class='ocr_carea' id='block_1_21' title="bbox 185 2322 1748 2401">
    <p class='ocr_par' dir='ltr' id='par_1_21' title="bbox 185 2322 1748 2401">
     <span class='ocr_line' id='line_1_21' title="bbox 185 2322 1748 2401; baseline 0.012 -31"><span class='ocrx_word' id='word_1_148' title='bbox 185 2322 437 2385; x_wconf 68' lang='grc' dir='ltr'>γυναικίς</span> <span class='ocrx_word' id='word_1_149' title='bbox 488 2324 760 2393; x_wconf 84' lang='grc' dir='ltr'>Εὐφήμει,</span> <span class='ocrx_word' id='word_1_150' title='bbox 821 2324 976 2380; x_wconf 75' lang='grc' dir='ltr'>εἶπεν</span> <span class='ocrx_word' id='word_1_151' title='bbox 1034 2332 1262 2392; x_wconf 74' lang='grc' dir='ltr'>ἐκεῖνος.</span> <span class='ocrx_word' id='word_1_152' title='bbox 1326 2333 1452 2384; x_wconf 84' lang='grc' dir='ltr'>νοῦν</span> <span class='ocrx_word' id='word_1_153' title='bbox 1496 2334 1656 2401; x_wconf 54' lang='grc' dir='ltr'>ἔχων,</span> <span class='ocrx_word' id='word_1_154' title='bbox 1703 2329 1748 2389; x_wconf 80' lang='grc' dir='ltr'><strong>ὦ</strong></span> 
     </span>
    </p>
   </div>
   <div class='ocr_carea' id='block_1_22' title="bbox 184 2412 1747 2495">
    <p class='ocr_par' dir='ltr' id='par_1_22' title="bbox 184 2412 1747 2495">
     <span class='ocr_line' id='line_1_22' title="bbox 184 2412 1747 2495; baseline 0.008 -29"><span class='ocrx_word' id='word_1_155' title='bbox 184 2412 433 2480; x_wconf 76' lang='grc' dir='ltr'>ἄνθρωπε</span> <span class='ocrx_word' id='word_1_156' title='bbox 458 2430 470 2445; x_wconf 91' lang='grc'><strong>·</strong></span> <span class='ocrx_word' id='word_1_157' title='bbox 503 2415 670 2470; x_wconf 82' lang='grc' dir='ltr'>πάλαι</span> <span class='ocrx_word' id='word_1_158' title='bbox 702 2420 811 2488; x_wconf 79' lang='grc' dir='ltr'><strong>γὰρ</strong></span> <span class='ocrx_word' id='word_1_159' title='bbox 848 2419 1054 2475; x_wconf 86' lang='grc' dir='ltr'>τούτων</span> <span class='ocrx_word' id='word_1_160' title='bbox 1097 2422 1287 2494; x_wconf 83' lang='grc' dir='ltr'>ὥσπερ</span> <span class='ocrx_word' id='word_1_161' title='bbox 1330 2427 1540 2495; x_wconf 76' lang='grc' dir='ltr'>ἀγρίων</span> <span class='ocrx_word' id='word_1_162' title='bbox 1569 2427 1747 2494; x_wconf 74' lang='grc' dir='ltr'>ἀπήλ-</span> 
     </span>
    </p>
   </div>
   <div class='ocr_carea' id='block_1_23' title="bbox 186 2506 1746 2587">
    <p class='ocr_par' dir='ltr' id='par_1_23' title="bbox 186 2506 1746 2587">
     <span class='ocr_line' id='line_1_23' title="bbox 186 2506 1746 2587; baseline 0.01 -30"><span class='ocrx_word' id='word_1_163' title='bbox 186 2506 388 2574; x_wconf 82' lang='grc' dir='ltr'>λαγμαι</span> <span class='ocrx_word' id='word_1_164' title='bbox 428 2507 705 2563; x_wconf 77' lang='grc' dir='ltr'>δεσποτῶν</span> <span class='ocrx_word' id='word_1_165' title='bbox 728 2527 743 2542; x_wconf 75' lang='grc' dir='ltr'><strong>ο</strong></span> <span class='ocrx_word' id='word_1_166' title='bbox 770 2512 870 2576; x_wconf 83' lang='grc' dir='ltr'>τὰς</span> <span class='ocrx_word' id='word_1_167' title='bbox 897 2515 1091 2582; x_wconf 76' lang='grc' dir='ltr'>ἡδονὰς</span> <span class='ocrx_word' id='word_1_168' title='bbox 1126 2517 1285 2570; x_wconf 88' lang='grc' dir='ltr'>τοῦτο</span> <span class='ocrx_word' id='word_1_169' title='bbox 1313 2517 1514 2584; x_wconf 78' lang='grc' dir='ltr'>λέγων,</span> <span class='ocrx_word' id='word_1_170' title='bbox 1550 2519 1639 2587; x_wconf 78' lang='grc' dir='ltr'><strong>ὑφ’</strong></span> <span class='ocrx_word' id='word_1_171' title='bbox 1672 2514 1746 2572; x_wconf 82' lang='grc' dir='ltr'>ὧν</span> 
     </span>
    </p>
   </div>
   <div class='ocr_carea' id='block_1_24' title="bbox 184 2598 1747 2684">
    <p class='ocr_par' dir='ltr' id='par_1_24' title="bbox 184 2598 1747 2684">
     <span class='ocr_line' id='line_1_24' title="bbox 184 2598 1747 2684; baseline 0.01 -35"><span class='ocrx_word' id='word_1_172' title='bbox 184 2598 242 2652; x_wconf 81' lang='grc' dir='ltr'>τὸ</span> <span class='ocrx_word' id='word_1_173' title='bbox 269 2600 373 2653; x_wconf 87' lang='grc' dir='ltr'><strong>τῶν</strong></span> <span class='ocrx_word' id='word_1_174' title='bbox 403 2602 706 2672; x_wconf 83' lang='grc' dir='ltr'>ἀνθρώπων</span> <span class='ocrx_word' id='word_1_175' title='bbox 755 2607 1091 2676; x_wconf 79' lang='grc' dir='ltr'>κηλούμενον</span> <span class='ocrx_word' id='word_1_176' title='bbox 1139 2610 1314 2676; x_wconf 74' lang='grc' dir='ltr'>γένος,</span> <span class='ocrx_word' id='word_1_177' title='bbox 1362 2609 1554 2680; x_wconf 85' lang='grc' dir='ltr'>ῶσπερ</span> <span class='ocrx_word' id='word_1_178' title='bbox 1592 2613 1747 2684; x_wconf 82' lang='grc' dir='ltr'><strong>κακῷ</strong></span> 
     </span>
    </p>
   </div>
   <div class='ocr_carea' id='block_1_25' title="bbox 177 2690 1240 2767">
    <p class='ocr_par' dir='ltr' id='par_1_25' title="bbox 177 2690 1240 2767">
     <span class='ocr_line' id='line_1_25' title="bbox 177 2690 1240 2767; baseline 0.015 -25"><span class='ocrx_word' id='word_1_179' title='bbox 177 2690 430 2766; x_wconf 77' lang='grc' dir='ltr'>δεσπότῃ,</span> <span class='ocrx_word' id='word_1_180' title='bbox 465 2696 646 2765; x_wconf 83' lang='grc' dir='ltr'>χαίρει</span> <span class='ocrx_word' id='word_1_181' title='bbox 681 2698 996 2767; x_wconf 79' lang='grc' dir='ltr'>παραμένον</span> <span class='ocrx_word' id='word_1_182' title='bbox 1027 2702 1240 2767; x_wconf 85' lang='grc' dir='ltr'>αὐταῖς.</span> 
     </span>
    </p>
   </div>
   <div class='ocr_carea' id='block_1_26' title="bbox 782 2793 1142 2848">
    <p class='ocr_par' dir='ltr' id='par_1_26' title="bbox 782 2793 1142 2848">
     <span class='ocr_line' id='line_1_26' title="bbox 782 2793 1142 2848; baseline 0.017 -6"><span class='ocrx_word' id='word_1_183' title='bbox 782 2793 822 2842; x_wconf 78' lang='grc' dir='ltr'>Κ</span> <span class='ocrx_word' id='word_1_184' title='bbox 836 2793 1034 2847; x_wconf 72' lang='grc' dir='ltr'><strong>ΕΦΛΛ.</strong></span> <span class='ocrx_word' id='word_1_185' title='bbox 1068 2793 1142 2848; x_wconf 88' lang='lat' dir='ltr'><strong>Z&#39;.</strong></span> 
     </span>
    </p>
   </div>
   <div class='ocr_carea' id='block_1_27' title="bbox 247 2877 1745 2961">
    <p class='ocr_par' dir='ltr' id='par_1_27' title="bbox 247 2877 1745 2961">
     <span class='ocr_line' id='line_1_27' title="bbox 247 2877 1745 2961; baseline 0.009 -27"><span class='ocrx_word' id='word_1_186' title='bbox 247 2878 384 2943; x_wconf 80' lang='grc' dir='ltr'>Τοὺς</span> <span class='ocrx_word' id='word_1_187' title='bbox 414 2880 516 2950; x_wconf 78' lang='grc' dir='ltr'>μὲν</span> <span class='ocrx_word' id='word_1_188' title='bbox 543 2877 636 2936; x_wconf 75' lang='grc' dir='ltr'>οὖν</span> <span class='ocrx_word' id='word_1_189' title='bbox 669 2883 758 2938; x_wconf 76' lang='grc' dir='ltr'><strong>διὰ</strong></span> <span class='ocrx_word' id='word_1_190' title='bbox 795 2885 893 2948; x_wconf 78' lang='grc' dir='ltr'><strong>τὰς</strong></span> <span class='ocrx_word' id='word_1_191' title='bbox 923 2887 1020 2940; x_wconf 77' lang='grc' dir='ltr'><strong>τοῦ</strong></span> <span class='ocrx_word' id='word_1_192' title='bbox 1048 2887 1301 2958; x_wconf 79' lang='grc' dir='ltr'>σώματος</span> <span class='ocrx_word' id='word_1_193' title='bbox 1331 2891 1545 2961; x_wconf 62' lang='grc' dir='ltr'>ήδννάς,</span> <span class='ocrx_word' id='word_1_194' title='bbox 1581 2893 1636 2946; x_wconf 82' lang='grc' dir='ltr'><strong>εῖ</strong></span> <span class='ocrx_word' id='word_1_195' title='bbox 1657 2911 1745 2946; x_wconf 86' lang='grc' dir='ltr'>τι-</span> 
     </span>
    </p>
   </div>
   <div class='ocr_carea' id='block_1_28' title="bbox 179 2968 1746 3051">
    <p class='ocr_par' dir='ltr' id='par_1_28' title="bbox 179 2968 1746 3051">
     <span class='ocr_line' id='line_1_28' title="bbox 179 2968 1746 3051; baseline 0.01 -29"><span class='ocrx_word' id='word_1_196' title='bbox 179 2987 263 3033; x_wconf 81' lang='grc' dir='ltr'><strong>νες</strong></span> <span class='ocrx_word' id='word_1_197' title='bbox 301 2971 362 3025; x_wconf 75' lang='grc' dir='ltr'>ἂν</span> <span class='ocrx_word' id='word_1_198' title='bbox 394 2970 504 3026; x_wconf 80' lang='grc' dir='ltr'>εἶεν</span> <span class='ocrx_word' id='word_1_199' title='bbox 533 2968 714 3038; x_wconf 70' lang='grc' dir='ltr'>αὗται,</span> <span class='ocrx_word' id='word_1_200' title='bbox 749 2977 842 3028; x_wconf 64' lang='grc' dir='ltr'><strong>τὸν</strong></span> <span class='ocrx_word' id='word_1_201' title='bbox 873 2978 1105 3032; x_wconf 82' lang='grc' dir='ltr'>θάνατον</span> <span class='ocrx_word' id='word_1_202' title='bbox 1154 2983 1492 3051; x_wconf 74' lang='grc' dir='ltr'>φρίττοντας,</span> <span class='ocrx_word' id='word_1_203' title='bbox 1527 2987 1618 3038; x_wconf 72' lang='grc' dir='ltr'><strong>καὶ</strong></span> <span class='ocrx_word' id='word_1_204' title='bbox 1648 3003 1746 3038; x_wconf 75' lang='grc' dir='ltr'><strong>κα-</strong></span> 
     </span>
    </p>
   </div>
   <div class='ocr_carea' id='block_1_29' title="bbox 182 3065 1744 3144">
    <p class='ocr_par' dir='ltr' id='par_1_29' title="bbox 182 3065 1744 3144">
     <span class='ocr_line' id='line_1_29' title="bbox 182 3065 1744 3144; baseline 0.008 -26"><span class='ocrx_word' id='word_1_205' title='bbox 182 3065 274 3118; x_wconf 68' lang='grc' dir='ltr'>κῖν</span> <span class='ocrx_word' id='word_1_206' title='bbox 316 3066 544 3134; x_wconf 76' lang='grc' dir='ltr'>ἔσχατον</span> <span class='ocrx_word' id='word_1_207' title='bbox 587 3070 865 3138; x_wconf 73' lang='grc' dir='ltr'>οἰομένους</span> <span class='ocrx_word' id='word_1_208' title='bbox 915 3073 1076 3125; x_wconf 81' lang='grc' dir='ltr'>αὑτὸν</span> <span class='ocrx_word' id='word_1_209' title='bbox 1127 3078 1238 3136; x_wconf 84' lang='grc' dir='ltr'>τοῖς</span> <span class='ocrx_word' id='word_1_210' title='bbox 1275 3075 1609 3144; x_wconf 81' lang='grc' dir='ltr'>ἀνθρώποις,</span> <span class='ocrx_word' id='word_1_211' title='bbox 1639 3079 1744 3131; x_wconf 89' lang='grc' dir='ltr'><strong>τῶν</strong></span> 
     </span>
    </p>
   </div>
   <div class='ocr_carea' id='block_1_30' title="bbox 187 3158 1814 3250">
    <p class='ocr_par' dir='ltr' id='par_1_30' title="bbox 187 3158 1814 3250">
     <span class='ocr_line' id='line_1_30' title="bbox 187 3158 1814 3250; baseline 0.01 -43"><span class='ocrx_word' id='word_1_212' title='bbox 187 3158 451 3223; x_wconf 80' lang='grc' dir='ltr'>παιγνίων</span> <span class='ocrx_word' id='word_1_213' title='bbox 477 3159 701 3223; x_wconf 87' lang='grc' dir='ltr'>τούτων,</span> <span class='ocrx_word' id='word_1_214' title='bbox 729 3164 929 3229; x_wconf 81' lang='grc' dir='ltr'>μᾶλλον</span> <span class='ocrx_word' id='word_1_215' title='bbox 961 3165 1017 3217; x_wconf 79' lang='grc' dir='ltr'>δὲ</span> <span class='ocrx_word' id='word_1_216' title='bbox 1051 3165 1152 3233; x_wconf 81' lang='grc' dir='ltr'>τῆς</span> <span class='ocrx_word' id='word_1_217' title='bbox 1178 3168 1308 3236; x_wconf 77' lang='grc' dir='ltr'>περὶ</span> <span class='ocrx_word' id='word_1_218' title='bbox 1340 3168 1509 3222; x_wconf 83' lang='grc' dir='ltr'>ταῦτα</span> <span class='ocrx_word' id='word_1_219' title='bbox 1546 3172 1744 3238; x_wconf 77' lang='grc' dir='ltr'>μανίας</span> <span class='ocrx_word' id='word_1_220' title='bbox 1769 3189 1814 3250; x_wconf 79' lang='lat' dir='ltr'><strong>C</strong></span> 
     </span>
    </p>
   </div>
   <div class='ocr_carea' id='block_1_31' title="bbox 181 3249 1745 3328">
    <p class='ocr_par' dir='ltr' id='par_1_31' title="bbox 181 3249 1745 3328">
     <span class='ocr_line' id='line_1_31' title="bbox 181 3249 1745 3328; baseline 0.008 -30"><span class='ocrx_word' id='word_1_221' title='bbox 181 3249 272 3299; x_wconf 74' lang='grc' dir='ltr'><strong>καὶ</strong></span> <span class='ocrx_word' id='word_1_222' title='bbox 304 3249 686 3321; x_wconf 72' lang='grc' dir='ltr'>ἀσχημοσύνης</span> <span class='ocrx_word' id='word_1_223' title='bbox 717 3252 918 3316; x_wconf 79' lang='grc' dir='ltr'>αὐτοὺς</span> <span class='ocrx_word' id='word_1_224' title='bbox 961 3255 1398 3320; x_wconf 66' lang='grc' dir='ltr'>ἀπαλλάττονται.</span> <span class='ocrx_word' id='word_1_225' title='bbox 1443 3256 1600 3328; x_wconf 69' lang='grc' dir='ltr'>οἶμαι</span> <span class='ocrx_word' id='word_1_226' title='bbox 1629 3263 1745 3322; x_wconf 85' lang='grc' dir='ltr'>τοῖς</span> 
     </span>
    </p>
   </div>
   <div class='ocr_carea' id='block_1_32' title="bbox 178 3341 1746 3421">
    <p class='ocr_par' dir='ltr' id='par_1_32' title="bbox 178 3341 1746 3421">
     <span class='ocr_line' id='line_1_32' title="bbox 178 3341 1746 3421; baseline 0.006 -27"><span class='ocrx_word' id='word_1_227' title='bbox 178 3341 352 3408; x_wconf 64' lang='grc' dir='ltr'>λύγοις</span> <span class='ocrx_word' id='word_1_228' title='bbox 398 3344 610 3406; x_wconf 84' lang='grc' dir='ltr'>τούτοις</span> <span class='ocrx_word' id='word_1_229' title='bbox 657 3349 1148 3415; x_wconf 80' lang='grc' dir='ltr'>σωφρονισθέντας,</span> <span class='ocrx_word' id='word_1_230' title='bbox 1199 3352 1293 3403; x_wconf 66' lang='grc' dir='ltr'><strong>καὶ</strong></span> <span class='ocrx_word' id='word_1_231' title='bbox 1339 3353 1440 3421; x_wconf 80' lang='grc' dir='ltr'>τὴν</span> <span class='ocrx_word' id='word_1_232' title='bbox 1489 3353 1746 3421; x_wconf 81' lang='grc' dir='ltr'>παιδικὴν</span> 
     </span>
    </p>
   </div>
   <div class='ocr_carea' id='block_1_33' title="bbox 174 3435 1746 3514">
    <p class='ocr_par' dir='ltr' id='par_1_33' title="bbox 174 3435 1746 3514">
     <span class='ocr_line' id='line_1_33' title="bbox 174 3435 1746 3514; baseline 0.006 -29"><span class='ocrx_word' id='word_1_233' title='bbox 174 3435 588 3504; x_wconf 70' lang='grc' dir='ltr'>ἀπορρίψαντας</span> <span class='ocrx_word' id='word_1_234' title='bbox 628 3439 857 3502; x_wconf 84' lang='grc' dir='ltr'>ἔννοιαν,</span> <span class='ocrx_word' id='word_1_235' title='bbox 909 3442 1006 3509; x_wconf 77' lang='grc' dir='ltr'>τὴν</span> <span class='ocrx_word' id='word_1_236' title='bbox 1055 3443 1309 3510; x_wconf 80' lang='grc' dir='ltr'>σώφρονα</span> <span class='ocrx_word' id='word_1_237' title='bbox 1351 3445 1446 3496; x_wconf 78' lang='grc' dir='ltr'><strong>καὶ</strong></span> <span class='ocrx_word' id='word_1_238' title='bbox 1484 3443 1746 3514; x_wconf 77' lang='grc' dir='ltr'>ἀνδρικὴν</span> 
     </span>
    </p>
   </div>
   <div class='ocr_carea' id='block_1_34' title="bbox 173 3527 1744 3604">
    <p class='ocr_par' dir='ltr' id='par_1_34' title="bbox 173 3527 1744 3604">
     <span class='ocr_line' id='line_1_34' title="bbox 173 3527 1744 3604; baseline 0.004 -24"><span class='ocrx_word' id='word_1_239' title='bbox 173 3527 588 3596; x_wconf 75' lang='grc' dir='ltr'>ἀντιλήψεσθαι,</span> <span class='ocrx_word' id='word_1_240' title='bbox 621 3531 712 3584; x_wconf 72' lang='grc' dir='ltr'><strong>καὶ</strong></span> <span class='ocrx_word' id='word_1_241' title='bbox 749 3533 822 3600; x_wconf 83' lang='grc' dir='ltr'>μὴ</span> <span class='ocrx_word' id='word_1_242' title='bbox 867 3534 1001 3601; x_wconf 73' lang='grc' dir='ltr'>πρὸς</span> <span class='ocrx_word' id='word_1_243' title='bbox 1029 3534 1090 3586; x_wconf 77' lang='grc' dir='ltr'>τὸ</span> <span class='ocrx_word' id='word_1_244' title='bbox 1116 3533 1297 3604; x_wconf 70' lang='grc' dir='ltr'>χρεὼ)</span> <span class='ocrx_word' id='word_1_245' title='bbox 1335 3533 1516 3604; x_wconf 81' lang='grc' dir='ltr'>ἀηδῶς</span> <span class='ocrx_word' id='word_1_246' title='bbox 1541 3535 1650 3587; x_wconf 86' lang='grc' dir='ltr'><strong>τῶν</strong></span> <span class='ocrx_word' id='word_1_247' title='bbox 1682 3550 1744 3601; x_wconf 83' lang='grc' dir='ltr'><strong>γε</strong></span> 
     </span>
    </p>
   </div>
   <div class='ocr_carea' id='block_1_35' title="bbox 175 3616 1745 3694">
    <p class='ocr_par' dir='ltr' id='par_1_35' title="bbox 175 3616 1745 3694">
     <span class='ocr_line' id='line_1_35' title="bbox 175 3616 1745 3694; baseline 0.004 -26"><span class='ocrx_word' id='word_1_248' title='bbox 175 3616 377 3682; x_wconf 71' lang='grc' dir='ltr'>ἡδονῶν</span> <span class='ocrx_word' id='word_1_249' title='bbox 405 3618 568 3672; x_wconf 69' lang='grc' dir='ltr'>ἕνεκα</span> <span class='ocrx_word' id='word_1_250' title='bbox 598 3620 900 3675; x_wconf 83' lang='grc' dir='ltr'>διακεῖσθαι</span> <span class='ocrx_word' id='word_1_251' title='bbox 928 3639 942 3652; x_wconf 89' lang='grc'><strong>·</strong></span> <span class='ocrx_word' id='word_1_252' title='bbox 975 3627 1087 3686; x_wconf 86' lang='grc' dir='ltr'>τοῖς</span> <span class='ocrx_word' id='word_1_253' title='bbox 1136 3624 1191 3676; x_wconf 89' lang='grc' dir='ltr'>δὲ</span> <span class='ocrx_word' id='word_1_254' title='bbox 1222 3623 1307 3676; x_wconf 70' lang='grc' dir='ltr'>διὰ</span> <span class='ocrx_word' id='word_1_255' title='bbox 1348 3624 1446 3694; x_wconf 75' lang='grc' dir='ltr'>τὴν</span> <span class='ocrx_word' id='word_1_256' title='bbox 1478 3623 1570 3684; x_wconf 72' lang='grc' dir='ltr'><strong>τοῦ</strong></span> <span class='ocrx_word' id='word_1_257' title='bbox 1607 3619 1745 3675; x_wconf 80' lang='grc' dir='ltr'>εἶναι</span> 
     </span>
    </p>
   </div>
   <div class='ocr_carea' id='block_1_36' title="bbox 173 3708 1746 3782">
    <p class='ocr_par' dir='ltr' id='par_1_36' title="bbox 173 3708 1746 3782">
     <span class='ocr_line' id='line_1_36' title="bbox 173 3708 1746 3782; baseline 0.006 -23"><span class='ocrx_word' id='word_1_258' title='bbox 173 3708 494 3778; x_wconf 76' lang='grc' dir='ltr'>κοινοτάτην</span> <span class='ocrx_word' id='word_1_259' title='bbox 525 3712 844 3782; x_wconf 81' lang='grc' dir='ltr'>ἐπιθυμίαν,</span> <span class='ocrx_word' id='word_1_260' title='bbox 877 3716 969 3768; x_wconf 76' lang='grc' dir='ltr'><strong>καὶ</strong></span> <span class='ocrx_word' id='word_1_261' title='bbox 994 3714 1052 3767; x_wconf 83' lang='grc' dir='ltr'><strong>τὺ</strong></span> <span class='ocrx_word' id='word_1_262' title='bbox 1082 3714 1244 3782; x_wconf 84' lang='grc' dir='ltr'>φύσει</span> <span class='ocrx_word' id='word_1_263' title='bbox 1276 3716 1442 3770; x_wconf 83' lang='grc' dir='ltr'>πᾶσιν</span> <span class='ocrx_word' id='word_1_264' title='bbox 1463 3715 1746 3782; x_wconf 75' lang='grc' dir='ltr'>ἐγκεῖσθαι</span> 
     </span>
    </p>
   </div>
   <div class='ocr_carea' id='block_1_37' title="bbox 170 3801 1748 3877">
    <p class='ocr_par' dir='ltr' id='par_1_37' title="bbox 170 3801 1748 3877">
     <span class='ocr_line' id='line_1_37' title="bbox 170 3801 1748 3877; baseline 0.006 -26"><span class='ocrx_word' id='word_1_265' title='bbox 170 3801 272 3868; x_wconf 84' lang='grc' dir='ltr'>τῆς</span> <span class='ocrx_word' id='word_1_266' title='bbox 304 3801 451 3869; x_wconf 77' lang='grc' dir='ltr'>ζωῆς</span> <span class='ocrx_word' id='word_1_267' title='bbox 482 3802 686 3871; x_wconf 83' lang='grc' dir='ltr'>ταύτης</span> <span class='ocrx_word' id='word_1_268' title='bbox 719 3806 908 3872; x_wconf 80' lang='grc' dir='ltr'>ἔφεσιν</span> <span class='ocrx_word' id='word_1_269' title='bbox 938 3807 1038 3877; x_wconf 80' lang='grc' dir='ltr'>τήν</span> <span class='ocrx_word' id='word_1_270' title='bbox 1065 3805 1321 3876; x_wconf 75' lang='grc' dir='ltr'>τελευτὴν</span> <span class='ocrx_word' id='word_1_271' title='bbox 1360 3807 1748 3877; x_wconf 84' lang='grc' dir='ltr'>δυσχεραίνου-</span> 
     </span>
    </p>
   </div>
   <div class='ocr_carea' id='block_1_38' title="bbox 177 3893 1750 3968">
    <p class='ocr_par' dir='ltr' id='par_1_38' title="bbox 177 3893 1750 3968">
     <span class='ocr_line' id='line_1_38' title="bbox 177 3893 1750 3968; baseline 0.007 -26"><span class='ocrx_word' id='word_1_272' title='bbox 177 3907 284 3954; x_wconf 86' lang='grc' dir='ltr'>σιν,</span> <span class='ocrx_word' id='word_1_273' title='bbox 310 3893 386 3956; x_wconf 83' lang='grc' dir='ltr'>ὼς</span> <span class='ocrx_word' id='word_1_274' title='bbox 406 3893 474 3946; x_wconf 78' lang='grc' dir='ltr'>ἂν</span> <span class='ocrx_word' id='word_1_275' title='bbox 499 3895 607 3946; x_wconf 85' lang='grc' dir='ltr'><strong>τῶν</strong></span> <span class='ocrx_word' id='word_1_276' title='bbox 628 3898 687 3948; x_wconf 82' lang='grc' dir='ltr'>ὲν</span> <span class='ocrx_word' id='word_1_277' title='bbox 711 3899 846 3966; x_wconf 72' lang='grc' dir='ltr'>ἡμῖν</span> <span class='ocrx_word' id='word_1_278' title='bbox 868 3899 928 3951; x_wconf 81' lang='grc' dir='ltr'>τὸ</span> <span class='ocrx_word' id='word_1_279' title='bbox 949 3899 1172 3968; x_wconf 79' lang='grc' dir='ltr'>ἄριστον</span> <span class='ocrx_word' id='word_1_280' title='bbox 1190 3901 1280 3952; x_wconf 73' lang='grc' dir='ltr'>καὶ</span> <span class='ocrx_word' id='word_1_281' title='bbox 1297 3899 1576 3955; x_wconf 78' lang='grc' dir='ltr'>θειότατον</span> <span class='ocrx_word' id='word_1_282' title='bbox 1598 3903 1750 3954; x_wconf 79' lang='grc' dir='ltr'>ἁναιο</span> 
     </span>
    </p>
   </div>
   <div class='ocr_carea' id='block_1_39' title="bbox 172 3979 1749 4057">
    <p class='ocr_par' dir='ltr' id='par_1_39' title="bbox 172 3979 1749 4057">
     <span class='ocr_line' id='line_1_39' title="bbox 172 3979 1749 4057; baseline 0.007 -26"><span class='ocrx_word' id='word_1_283' title='bbox 172 3979 400 4050; x_wconf 75' lang='grc' dir='ltr'>ροῦσαν,</span> <span class='ocrx_word' id='word_1_284' title='bbox 431 3981 460 4032; x_wconf 83' lang='grc' dir='ltr'><strong>ὃ</strong></span> <span class='ocrx_word' id='word_1_285' title='bbox 501 3984 634 4036; x_wconf 77' lang='grc' dir='ltr'>πᾶσι</span> <span class='ocrx_word' id='word_1_286' title='bbox 690 3987 802 4047; x_wconf 84' lang='grc' dir='ltr'>τοῖς</span> <span class='ocrx_word' id='word_1_287' title='bbox 834 3981 1106 4040; x_wconf 82' lang='grc' dir='ltr'>’ὁπωσοῦν</span> <span class='ocrx_word' id='word_1_288' title='bbox 1144 3986 1262 4040; x_wconf 80' lang='grc' dir='ltr'>οὖσι</span> <span class='ocrx_word' id='word_1_289' title='bbox 1306 3989 1399 4040; x_wconf 85' lang='grc' dir='ltr'>καὶ</span> <span class='ocrx_word' id='word_1_290' title='bbox 1443 3988 1542 4057; x_wconf 81' lang='grc' dir='ltr'>τὴν</span> <span class='ocrx_word' id='word_1_291' title='bbox 1587 3989 1749 4056; x_wconf 84' lang='grc' dir='ltr'>φύσιν</span> 
     </span>
    </p>
   </div>
   <div class='ocr_carea' id='block_1_40' title="bbox 167 4071 1744 4145">
    <p class='ocr_par' dir='ltr' id='par_1_40' title="bbox 167 4071 1744 4145">
     <span class='ocr_line' id='line_1_40' title="bbox 167 4071 1744 4145; baseline 0.006 -24"><span class='ocrx_word' id='word_1_292' title='bbox 167 4071 393 4140; x_wconf 69' lang='grc' dir='ltr'>ὁρῶμεν</span> <span class='ocrx_word' id='word_1_293' title='bbox 425 4074 839 4140; x_wconf 83' lang='grc' dir='ltr'>φιλονεικοῦσαν</span> <span class='ocrx_word' id='word_1_294' title='bbox 884 4079 1093 4145; x_wconf 82' lang='grc' dir='ltr'>τηρεῖν,</span> <span class='ocrx_word' id='word_1_295' title='bbox 1149 4079 1326 4130; x_wconf 77' lang='grc' dir='ltr'>ἐκεῖνο</span> <span class='ocrx_word' id='word_1_296' title='bbox 1370 4079 1436 4130; x_wconf 81' lang='grc' dir='ltr'>ἄν</span> <span class='ocrx_word' id='word_1_297' title='bbox 1467 4095 1550 4141; x_wconf 88' lang='grc' dir='ltr'><strong>τις</strong></span> <span class='ocrx_word' id='word_1_298' title='bbox 1579 4079 1744 4144; x_wconf 78' lang='grc' dir='ltr'>εἴποι,</span> 
     </span>
    </p>
   </div>
   <div class='ocr_carea' id='block_1_41' title="bbox 168 4163 1746 4240">
    <p class='ocr_par' dir='ltr' id='par_1_41' title="bbox 168 4163 1746 4240">
     <span class='ocr_line' id='line_1_41' title="bbox 168 4163 1746 4240; baseline 0.006 -26"><span class='ocrx_word' id='word_1_299' title='bbox 168 4163 270 4220; x_wconf 78' lang='grc' dir='ltr'><strong>καὶ</strong></span> <span class='ocrx_word' id='word_1_300' title='bbox 299 4164 430 4226; x_wconf 80' lang='grc' dir='ltr'>ῖσως</span> <span class='ocrx_word' id='word_1_301' title='bbox 470 4167 610 4218; x_wconf 74' lang='grc' dir='ltr'>κατὰ</span> <span class='ocrx_word' id='word_1_302' title='bbox 638 4166 850 4234; x_wconf 80' lang='grc' dir='ltr'>καιρὸν,</span> <span class='ocrx_word' id='word_1_303' title='bbox 881 4166 990 4220; x_wconf 89' lang='grc' dir='ltr'>δεῖν</span> <span class='ocrx_word' id='word_1_304' title='bbox 1016 4169 1115 4236; x_wconf 77' lang='grc' dir='ltr'>μὲν</span> <span class='ocrx_word' id='word_1_305' title='bbox 1142 4169 1217 4238; x_wconf 75' lang='grc' dir='ltr'>μὴ</span> <span class='ocrx_word' id='word_1_306' title='bbox 1241 4171 1376 4238; x_wconf 78' lang='grc' dir='ltr'>πρὸς</span> <span class='ocrx_word' id='word_1_307' title='bbox 1404 4171 1500 4232; x_wconf 73' lang='grc' dir='ltr'>τὰς</span> <span class='ocrx_word' id='word_1_308' title='bbox 1532 4171 1746 4240; x_wconf 75' lang='grc' dir='ltr'>ἡδονὰς,</span> 
     </span>
    </p>
   </div>
   <div class='ocr_carea' id='block_1_42' title="bbox 169 4251 1750 4329">
    <p class='ocr_par' dir='ltr' id='par_1_42' title="bbox 169 4251 1750 4329">
     <span class='ocr_line' id='line_1_42' title="bbox 169 4251 1750 4329; baseline 0.008 -28"><span class='ocrx_word' id='word_1_309' title='bbox 169 4251 269 4303; x_wconf 75' lang='grc' dir='ltr'><strong>καὶ</strong></span> <span class='ocrx_word' id='word_1_310' title='bbox 300 4251 401 4322; x_wconf 81' lang='grc' dir='ltr'>τὴν</span> <span class='ocrx_word' id='word_1_311' title='bbox 422 4252 628 4306; x_wconf 80' lang='grc' dir='ltr'>ἐκεῖθεν</span> <span class='ocrx_word' id='word_1_312' title='bbox 652 4256 868 4326; x_wconf 82' lang='grc' dir='ltr'>ἀπάτην</span> <span class='ocrx_word' id='word_1_313' title='bbox 891 4257 1157 4326; x_wconf 70' lang='grc' dir='ltr'>ὁρῶντας,</span> <span class='ocrx_word' id='word_1_314' title='bbox 1185 4275 1253 4310; x_wconf 87' lang='grc' dir='ltr'><strong>πε</strong></span> <span class='ocrx_word' id='word_1_315' title='bbox 1263 4260 1314 4328; x_wconf 77' lang='lat' dir='ltr'><strong>pl</strong></span> <span class='ocrx_word' id='word_1_316' title='bbox 1345 4259 1452 4311; x_wconf 88' lang='grc' dir='ltr'><strong>τῶν</strong></span> <span class='ocrx_word' id='word_1_317' title='bbox 1482 4263 1750 4329; x_wconf 76' lang='grc' dir='ltr'>πραγμα-</span> 
     </span>
    </p>
   </div>
   <div class='ocr_carea' id='block_1_43' title="bbox 169 4345 1750 4421">
    <p class='ocr_par' dir='ltr' id='par_1_43' title="bbox 169 4345 1750 4421">
     <span class='ocr_line' id='line_1_43' title="bbox 169 4345 1750 4421; baseline 0.008 -26"><span class='ocrx_word' id='word_1_318' title='bbox 169 4361 284 4396; x_wconf 86' lang='grc' dir='ltr'><strong>των</strong></span> <span class='ocrx_word' id='word_1_319' title='bbox 313 4345 673 4414; x_wconf 72' lang='grc' dir='ltr'>ψηφίζεσθαι,</span> <span class='ocrx_word' id='word_1_320' title='bbox 703 4347 836 4400; x_wconf 57' lang='lat' dir='ltr'><strong>ene</strong></span> <span class='ocrx_word' id='word_1_321' title='bbox 863 4351 922 4402; x_wconf 67' lang='grc' dir='ltr'><strong>τὸ</strong></span> <span class='ocrx_word' id='word_1_322' title='bbox 953 4349 1094 4403; x_wconf 83' lang='grc' dir='ltr'>θεῖον</span> <span class='ocrx_word' id='word_1_323' title='bbox 1126 4351 1221 4404; x_wconf 80' lang='grc' dir='ltr'><strong>καὶ</strong></span> <span class='ocrx_word' id='word_1_324' title='bbox 1251 4354 1390 4406; x_wconf 68' lang='grc' dir='ltr'>κατὰ</span> <span class='ocrx_word' id='word_1_325' title='bbox 1420 4351 1580 4420; x_wconf 89' lang='grc' dir='ltr'>φύσιν</span> <span class='ocrx_word' id='word_1_326' title='bbox 1613 4354 1750 4421; x_wconf 83' lang='grc' dir='ltr'>ἀγα-</span> 
     </span>
    </p>
   </div>
   <div class='ocr_carea' id='block_1_44' title="bbox 171 4435 1750 4514">
    <p class='ocr_par' dir='ltr' id='par_1_44' title="bbox 171 4435 1750 4514">
     <span class='ocr_line' id='line_1_44' title="bbox 171 4435 1750 4514; baseline 0.008 -28"><span class='ocrx_word' id='word_1_327' title='bbox 171 4435 269 4487; x_wconf 68' lang='grc' dir='ltr'><strong>θὸν</strong></span> <span class='ocrx_word' id='word_1_328' title='bbox 294 4435 403 4489; x_wconf 86' lang='grc' dir='ltr'><strong>τῶν</strong></span> <span class='ocrx_word' id='word_1_329' title='bbox 434 4440 491 4489; x_wconf 82' lang='grc' dir='ltr'>ὲν</span> <span class='ocrx_word' id='word_1_330' title='bbox 522 4439 653 4508; x_wconf 78' lang='grc' dir='ltr'>ἡμῖν</span> <span class='ocrx_word' id='word_1_331' title='bbox 700 4441 921 4506; x_wconf 82' lang='grc' dir='ltr'>ἀγαθῶν</span> <span class='ocrx_word' id='word_1_332' title='bbox 970 4443 1243 4496; x_wconf 87' lang='grc' dir='ltr'>ποιεῖσθαι</span> <span class='ocrx_word' id='word_1_333' title='bbox 1287 4445 1608 4514; x_wconf 79' lang='grc' dir='ltr'>τεκμήριον,</span> <span class='ocrx_word' id='word_1_334' title='bbox 1657 4447 1750 4499; x_wconf 74' lang='grc' dir='ltr'><strong>καὶ</strong></span> 
     </span>
    </p>
   </div>
   <div class='ocr_carea' id='block_1_45' title="bbox 1312 393 2350 458">
    <p class='ocr_par' dir='ltr' id='par_1_45' title="bbox 1312 393 2350 458">
     <span class='ocr_line' id='line_1_45' title="bbox 1312 393 2350 458; baseline 0.007 -7"><span class='ocrx_word' id='word_1_335' title='bbox 1312 393 1409 452; x_wconf 90' lang='lat' dir='ltr'><strong>DE</strong></span> <span class='ocrx_word' id='word_1_336' title='bbox 1451 393 1916 456; x_wconf 69' lang='lat' dir='ltr'><strong>CONTEMNEN</strong></span> <span class='ocrx_word' id='word_1_337' title='bbox 1931 399 2023 458; x_wconf 85' lang='lat' dir='ltr'><strong>DA</strong></span> <span class='ocrx_word' id='word_1_338' title='bbox 2063 398 2350 458; x_wconf 78' lang='lat' dir='ltr'><strong>MORTE.</strong></span> 
     </span>
    </p>
   </div>
   <div class='ocr_carea' id='block_1_46' title="bbox 191 491 1749 576">
    <p class='ocr_par' dir='ltr' id='par_1_46' title="bbox 191 491 1746 572">
     <span class='ocr_line' id='line_1_46' title="bbox 191 491 1746 572; baseline 0.008 -27"><span class='ocrx_word' id='word_1_339' title='bbox 191 494 403 562; x_wconf 70' lang='grc' dir='ltr'>ίατροῦς</span> <span class='ocrx_word' id='word_1_340' title='bbox 426 491 642 563; x_wconf 77' lang='grc' dir='ltr'>ὁρῶμεν</span> <span class='ocrx_word' id='word_1_341' title='bbox 666 492 837 548; x_wconf 79' lang='grc' dir='ltr'>ἐνίοτε</span> <span class='ocrx_word' id='word_1_342' title='bbox 865 497 1250 567; x_wconf 80' lang='grc' dir='ltr'>σοφιζομένους</span> <span class='ocrx_word' id='word_1_343' title='bbox 1275 504 1398 563; x_wconf 70' lang='grc' dir='ltr'>τοὺς</span> <span class='ocrx_word' id='word_1_344' title='bbox 1419 504 1746 572; x_wconf 75' lang='grc' dir='ltr'>κάμνοντας,</span> 
     </span>
    </p>
   </div>
   <div class='ocr_carea' id='block_1_47' title="bbox 1854 491 2882 576">
    <p class='ocr_par' dir='ltr' id='par_1_47' title="bbox 1854 508 2882 576">
     <span class='ocr_line' id='line_1_47' title="bbox 1854 508 2882 576; baseline 0.005 -18"><span class='ocrx_word' id='word_1_345' title='bbox 1854 509 2095 576; x_wconf 67' lang='lat' dir='ltr'><strong>quaedam</strong></span> <span class='ocrx_word' id='word_1_346' title='bbox 2124 508 2486 563; x_wconf 82' lang='lat' dir='ltr'><strong>amarissimis</strong></span> <span class='ocrx_word' id='word_1_347' title='bbox 2546 509 2882 564; x_wconf 74' lang='lat' dir='ltr'><strong>commisceri</strong></span> 
     </span>
    </p>
   </div>
   <div class='ocr_carea' id='block_1_48' title="bbox 3295 401 3431 466">
    <p class='ocr_par' dir='ltr' id='par_1_48' title="bbox 3295 401 3431 466">
     <span class='ocr_line' id='line_1_48' title="bbox 3295 401 3431 466; baseline 0.007 -2"><span class='ocrx_word' id='word_1_348' title='bbox 3295 401 3431 466; x_wconf 61' lang='grc' dir='ltr'>11Ἷὲ</span> 
     </span>
    </p>
   </div>
   <div class='ocr_carea' id='block_1_49' title="bbox 2924 513 3426 570">
    <p class='ocr_par' dir='ltr' id='par_1_49' title="bbox 2924 513 3426 570">
     <span class='ocr_line' id='line_1_49' title="bbox 2924 513 3426 570; baseline -0.004 -8"><span class='ocrx_word' id='word_1_349' title='bbox 2924 527 2936 562; x_wconf 92' lang='lat'><strong>:</strong></span> <span class='ocrx_word' id='word_1_350' title='bbox 2977 521 3030 564; x_wconf 91' lang='lat' dir='ltr'><strong>ut</strong></span> <span class='ocrx_word' id='word_1_351' title='bbox 3080 513 3325 566; x_wconf 75' lang='lat' dir='ltr'><strong>suavium</strong></span> <span class='ocrx_word' id='word_1_352' title='bbox 3361 519 3426 570; x_wconf 80' lang='lat' dir='ltr'><strong>l-i-</strong></span> 
     </span>
    </p>
   </div>
   <div class='ocr_carea' id='block_1_50' title="bbox 1866 603 3430 675">
    <p class='ocr_par' dir='ltr' id='par_1_50' title="bbox 1866 603 3430 675">
     <span class='ocr_line' id='line_1_50' title="bbox 1866 603 3430 675; baseline 0.005 -21"><span class='ocrx_word' id='word_1_353' title='bbox 1866 603 2140 671; x_wconf 81' lang='lat' dir='ltr'><strong>guritione</strong></span> <span class='ocrx_word' id='word_1_354' title='bbox 2194 603 2406 657; x_wconf 74' lang='lat' dir='ltr'><strong>facilius</strong></span> <span class='ocrx_word' id='word_1_355' title='bbox 2461 604 2857 659; x_wconf 85' lang='lat' dir='ltr'><strong>medicamenta</strong></span> <span class='ocrx_word' id='word_1_356' title='bbox 2921 622 3139 675; x_wconf 87' lang='lat' dir='ltr'><strong>quoque</strong></span> <span class='ocrx_word' id='word_1_357' title='bbox 3194 621 3430 662; x_wconf 73' lang='lat' dir='ltr'><strong>sum-int.</strong></span> 
     </span>
    </p>
   </div>
   <div class='ocr_carea' id='block_1_51' title="bbox 1858 695 3432 764">
    <p class='ocr_par' dir='ltr' id='par_1_51' title="bbox 1858 695 3432 764">
     <span class='ocr_line' id='line_1_51' title="bbox 1858 695 3432 764; baseline 0.003 -16"><span class='ocrx_word' id='word_1_358' title='bbox 1858 695 2144 749; x_wconf 83' lang='lat' dir='ltr'><strong>Cernimus</strong></span> <span class='ocrx_word' id='word_1_359' title='bbox 2171 701 2334 748; x_wconf 88' lang='lat' dir='ltr'><strong>etiam</strong></span> <span class='ocrx_word' id='word_1_360' title='bbox 2399 711 2515 758; x_wconf 85' lang='lat' dir='ltr'><strong>eos,</strong></span> <span class='ocrx_word' id='word_1_361' title='bbox 2569 695 2663 764; x_wconf 93' lang='lat' dir='ltr'><strong>qui</strong></span> <span class='ocrx_word' id='word_1_362' title='bbox 2707 712 2871 749; x_wconf 82' lang='lat' dir='ltr'><strong>onera</strong></span> <span class='ocrx_word' id='word_1_363' title='bbox 2925 698 3180 760; x_wconf 85' lang='lat' dir='ltr'><strong>subeunt,</strong></span> <span class='ocrx_word' id='word_1_364' title='bbox 3239 715 3432 752; x_wconf 84' lang='lat' dir='ltr'><strong>cauere</strong></span> 
     </span>
    </p>
   </div>
   <div class='ocr_carea' id='block_1_52' title="bbox 1857 789 3427 853">
    <p class='ocr_par' dir='ltr' id='par_1_52' title="bbox 1857 789 3427 853">
     <span class='ocr_line' id='line_1_52' title="bbox 1857 789 3427 853; baseline 0.002 -14"><span class='ocrx_word' id='word_1_365' title='bbox 1857 802 1977 839; x_wconf 84' lang='lat' dir='ltr'><strong>eum</strong></span> <span class='ocrx_word' id='word_1_366' title='bbox 2016 795 2361 852; x_wconf 84' lang='lat' dir='ltr'><strong>premuntur,</strong></span> <span class='ocrx_word' id='word_1_367' title='bbox 2393 797 2445 836; x_wconf 79' lang='lat' dir='ltr'><strong>et</strong></span> <span class='ocrx_word' id='word_1_368' title='bbox 2481 795 2692 853; x_wconf 86' lang='lat' dir='ltr'><strong>putare.</strong></span> <span class='ocrx_word' id='word_1_369' title='bbox 2751 796 2910 840; x_wconf 88' lang='lat' dir='ltr'><strong>cantu</strong></span> <span class='ocrx_word' id='word_1_370' title='bbox 2938 803 2994 839; x_wconf 86' lang='lat' dir='ltr'><strong>se</strong></span> <span class='ocrx_word' id='word_1_371' title='bbox 3044 803 3182 840; x_wconf 88' lang='lat' dir='ltr'><strong>onus</strong></span> <span class='ocrx_word' id='word_1_372' title='bbox 3215 789 3314 840; x_wconf 89' lang='lat' dir='ltr'><strong>sibi</strong></span> <span class='ocrx_word' id='word_1_373' title='bbox 3348 791 3427 842; x_wconf 74' lang='grc' dir='ltr'>Ιτι-</span> 
     </span>
    </p>
   </div>
   <div class='ocr_carea' id='block_1_53' title="bbox 1856 875 3427 946">
    <p class='ocr_par' dir='ltr' id='par_1_53' title="bbox 1856 875 3427 946">
     <span class='ocr_line' id='line_1_53' title="bbox 1856 875 3427 946; baseline 0.003 -18"><span class='ocrx_word' id='word_1_374' title='bbox 1856 877 1977 929; x_wconf 85' lang='lat' dir='ltr'><strong>vius</strong></span> <span class='ocrx_word' id='word_1_375' title='bbox 2010 876 2258 930; x_wconf 85' lang='lat' dir='ltr'><strong>reddere.</strong></span> <span class='ocrx_word' id='word_1_376' title='bbox 2309 875 2462 941; x_wconf 82' lang='lat' dir='ltr'><strong>Quod</strong></span> <span class='ocrx_word' id='word_1_377' title='bbox 2495 876 2536 928; x_wconf 92' lang='lat' dir='ltr'><strong>si</strong></span> <span class='ocrx_word' id='word_1_378' title='bbox 2564 877 2902 944; x_wconf 73' lang='lat' dir='ltr'><strong>voluptatum</strong></span> <span class='ocrx_word' id='word_1_379' title='bbox 2959 894 3155 946; x_wconf 80' lang='lat' dir='ltr'><strong>genus,</strong></span> <span class='ocrx_word' id='word_1_380' title='bbox 3204 880 3427 933; x_wconf 82' lang='lat' dir='ltr'><strong>alterius</strong></span> 
     </span>
    </p>
   </div>
   <div class='ocr_carea' id='block_1_54' title="bbox 1857 966 3423 1035">
    <p class='ocr_par' dir='ltr' id='par_1_54' title="bbox 1857 966 3423 1035">
     <span class='ocr_line' id='line_1_54' title="bbox 1857 966 3423 1035; baseline -0.001 -14"><span class='ocrx_word' id='word_1_381' title='bbox 1857 982 2042 1027; x_wconf 82' lang='lat' dir='ltr'><strong>causa.</strong></span> <span class='ocrx_word' id='word_1_382' title='bbox 2073 971 2126 1020; x_wconf 84' lang='lat' dir='ltr'><strong>et</strong></span> <span class='ocrx_word' id='word_1_383' title='bbox 2153 967 2216 1019; x_wconf 90' lang='lat' dir='ltr'><strong>ad</strong></span> <span class='ocrx_word' id='word_1_384' title='bbox 2251 976 2462 1035; x_wconf 87' lang='lat' dir='ltr'><strong>tempus</strong></span> <span class='ocrx_word' id='word_1_385' title='bbox 2493 966 2801 1019; x_wconf 87' lang='lat' dir='ltr'><strong>hominibus</strong></span> <span class='ocrx_word' id='word_1_386' title='bbox 2829 983 3147 1020; x_wconf 85' lang='lat' dir='ltr'><strong>concessum</strong></span> <span class='ocrx_word' id='word_1_387' title='bbox 3181 983 3261 1022; x_wconf 88' lang='lat' dir='ltr'><strong>est</strong></span> <span class='ocrx_word' id='word_1_388' title='bbox 3288 986 3298 1020; x_wconf 88' lang='lat'><strong><em>:</em></strong></span> <span class='ocrx_word' id='word_1_389' title='bbox 3335 970 3423 1021; x_wconf 91' lang='lat' dir='ltr'><strong>ubi</strong></span> 
     </span>
    </p>
   </div>
   <div class='ocr_carea' id='block_1_55' title="bbox 1857 1057 3433 1127">
    <p class='ocr_par' dir='ltr' id='par_1_55' title="bbox 1857 1057 3433 1127">
     <span class='ocr_line' id='line_1_55' title="bbox 1857 1057 3433 1127; baseline 0.001 -16"><span class='ocrx_word' id='word_1_390' title='bbox 1857 1057 2218 1115; x_wconf 76' lang='lat' dir='ltr'><strong>ministerium</strong></span> <span class='ocrx_word' id='word_1_391' title='bbox 2279 1058 2523 1118; x_wconf 78' lang='lat' dir='ltr'><strong>desierit,</strong></span> <span class='ocrx_word' id='word_1_392' title='bbox 2557 1071 2659 1110; x_wconf 89' lang='lat' dir='ltr'><strong>nec</strong></span> <span class='ocrx_word' id='word_1_393' title='bbox 2710 1057 2854 1126; x_wconf 83' lang='lat' dir='ltr'><strong>ipsos</strong></span> <span class='ocrx_word' id='word_1_394' title='bbox 2905 1059 3196 1127; x_wconf 82' lang='lat' dir='ltr'><strong>quidquam</strong></span> <span class='ocrx_word' id='word_1_395' title='bbox 3260 1059 3433 1113; x_wconf 87' lang='lat' dir='ltr'><strong>detri-</strong></span> 
     </span>
    </p>
   </div>
   <div class='ocr_carea' id='block_1_56' title="bbox 1857 1148 3436 1217">
    <p class='ocr_par' dir='ltr' id='par_1_56' title="bbox 1857 1148 3436 1217">
     <span class='ocr_line' id='line_1_56' title="bbox 1857 1148 3436 1217; baseline 0 -15"><span class='ocrx_word' id='word_1_396' title='bbox 1857 1150 2023 1202; x_wconf 88' lang='lat' dir='ltr'><strong>menti</strong></span> <span class='ocrx_word' id='word_1_397' title='bbox 2049 1157 2263 1202; x_wconf 89' lang='lat' dir='ltr'><strong>constat</strong></span> <span class='ocrx_word' id='word_1_398' title='bbox 2295 1163 2508 1217; x_wconf 87' lang='lat' dir='ltr'><strong>capere,</strong></span> <span class='ocrx_word' id='word_1_399' title='bbox 2545 1149 2694 1202; x_wconf 89' lang='lat' dir='ltr'><strong>nullo</strong></span> <span class='ocrx_word' id='word_1_400' title='bbox 2747 1163 2970 1201; x_wconf 88' lang='lat' dir='ltr'><strong>suorum</strong></span> <span class='ocrx_word' id='word_1_401' title='bbox 3038 1148 3303 1201; x_wconf 88' lang='lat' dir='ltr'><strong>bonorum</strong></span> <span class='ocrx_word' id='word_1_402' title='bbox 3370 1149 3436 1202; x_wconf 87' lang='lat' dir='ltr'><strong>iis</strong></span> 
     </span>
    </p>
   </div>
   <div class='ocr_carea' id='block_1_57' title="bbox 1855 1241 3431 1310">
    <p class='ocr_par' dir='ltr' id='par_1_57' title="bbox 1855 1241 3431 1310">
     <span class='ocr_line' id='line_1_57' title="bbox 1855 1241 3431 1310; baseline -0.001 -15"><span class='ocrx_word' id='word_1_403' title='bbox 1855 1250 2065 1310; x_wconf 83' lang='lat' dir='ltr'><strong>erepto,</strong></span> <span class='ocrx_word' id='word_1_404' title='bbox 2119 1242 2278 1294; x_wconf 85' lang='lat' dir='ltr'><strong>sicuti</strong></span> <span class='ocrx_word' id='word_1_405' title='bbox 2307 1257 2406 1294; x_wconf 89' lang='lat' dir='ltr'><strong>nec</strong></span> <span class='ocrx_word' id='word_1_406' title='bbox 2450 1242 2662 1308; x_wconf 84' lang='lat' dir='ltr'><strong>bajulos</strong></span> <span class='ocrx_word' id='word_1_407' title='bbox 2714 1241 2836 1295; x_wconf 86' lang='lat' dir='ltr'><strong>illus</strong></span> <span class='ocrx_word' id='word_1_408' title='bbox 2876 1241 3142 1309; x_wconf 76' lang='lat' dir='ltr'><strong>iacturam</strong></span> <span class='ocrx_word' id='word_1_409' title='bbox 3194 1241 3431 1308; x_wconf 89' lang='lat' dir='ltr'><strong>aliquam</strong></span> 
     </span>
    </p>
   </div>
   <div class='ocr_carea' id='block_1_58' title="bbox 1857 1333 3430 1402">
    <p class='ocr_par' dir='ltr' id='par_1_58' title="bbox 1857 1333 3430 1402">
     <span class='ocr_line' id='line_1_58' title="bbox 1857 1333 3430 1402; baseline -0.002 -16"><span class='ocrx_word' id='word_1_410' title='bbox 1857 1333 2031 1387; x_wconf 90' lang='lat' dir='ltr'><strong>facere</strong></span> <span class='ocrx_word' id='word_1_411' title='bbox 2055 1333 2338 1402; x_wconf 81' lang='lat' dir='ltr'><strong>quisquam</strong></span> <span class='ocrx_word' id='word_1_412' title='bbox 2364 1333 2585 1396; x_wconf 79' lang='lat' dir='ltr'><strong>dixerit,</strong></span> <span class='ocrx_word' id='word_1_413' title='bbox 2607 1349 2726 1387; x_wconf 90' lang='lat' dir='ltr'><strong>cum</strong></span> <span class='ocrx_word' id='word_1_414' title='bbox 2757 1333 2916 1386; x_wconf 90' lang='lat' dir='ltr'><strong>simul</strong></span> <span class='ocrx_word' id='word_1_415' title='bbox 2949 1341 3001 1385; x_wconf 92' lang='lat' dir='ltr'><strong>et</strong></span> <span class='ocrx_word' id='word_1_416' title='bbox 3035 1347 3173 1385; x_wconf 90' lang='lat' dir='ltr'><strong>onus</strong></span> <span class='ocrx_word' id='word_1_417' title='bbox 3196 1341 3430 1401; x_wconf 72' lang='lat' dir='ltr'><strong>gestare.</strong></span> 
     </span>
    </p>
   </div>
   <div class='ocr_carea' id='block_1_59' title="bbox 1854 1422 3432 1490">
    <p class='ocr_par' dir='ltr' id='par_1_59' title="bbox 1854 1422 3432 1490">
     <span class='ocr_line' id='line_1_59' title="bbox 1854 1422 3432 1490; baseline -0.004 -11"><span class='ocrx_word' id='word_1_418' title='bbox 1854 1435 1908 1479; x_wconf 86' lang='lat' dir='ltr'><strong>ct</strong></span> <span class='ocrx_word' id='word_1_419' title='bbox 1937 1440 2132 1478; x_wconf 79' lang='lat' dir='ltr'><strong>cauere</strong></span> <span class='ocrx_word' id='word_1_420' title='bbox 2165 1426 2440 1479; x_wconf 81' lang='lat' dir='ltr'><strong>desinunt.</strong></span> <span class='ocrx_word' id='word_1_421' title='bbox 2473 1422 2706 1490; x_wconf 62' lang='lat' dir='ltr'><strong>IEquius</strong></span> <span class='ocrx_word' id='word_1_422' title='bbox 2744 1423 2911 1490; x_wconf 81' lang='lat' dir='ltr'><strong>igitur</strong></span> <span class='ocrx_word' id='word_1_423' title='bbox 2941 1433 3108 1481; x_wconf 88' lang='lat' dir='ltr'><strong>esset,</strong></span> <span class='ocrx_word' id='word_1_424' title='bbox 3144 1437 3238 1474; x_wconf 83' lang='lat' dir='ltr'><strong>eos</strong></span> <span class='ocrx_word' id='word_1_425' title='bbox 3276 1422 3432 1474; x_wconf 81' lang='lat' dir='ltr'><strong>morti</strong></span> 
     </span>
    </p>
   </div>
   <div class='ocr_carea' id='block_1_60' title="bbox 1852 1512 3433 1586">
    <p class='ocr_par' dir='ltr' id='par_1_60' title="bbox 1852 1512 3433 1586">
     <span class='ocr_line' id='line_1_60' title="bbox 1852 1512 3433 1586; baseline -0.004 -18"><span class='ocrx_word' id='word_1_426' title='bbox 1852 1516 2048 1586; x_wconf 82' lang='lat' dir='ltr'><strong>gratias</strong></span> <span class='ocrx_word' id='word_1_427' title='bbox 2082 1525 2364 1584; x_wconf 84' lang='lat' dir='ltr'><strong>propterea</strong></span> <span class='ocrx_word' id='word_1_428' title='bbox 2416 1528 2594 1583; x_wconf 62' lang='lat' dir='ltr'><strong>agt-re.</strong></span> <span class='ocrx_word' id='word_1_429' title='bbox 2653 1513 2797 1582; x_wconf 87' lang='lat' dir='ltr'><strong>quod</strong></span> <span class='ocrx_word' id='word_1_430' title='bbox 2833 1528 2940 1565; x_wconf 90' lang='lat' dir='ltr'><strong>non</strong></span> <span class='ocrx_word' id='word_1_431' title='bbox 2977 1513 3227 1566; x_wconf 88' lang='lat' dir='ltr'><strong>sinantur</strong></span> <span class='ocrx_word' id='word_1_432' title='bbox 3274 1512 3340 1564; x_wconf 88' lang='lat' dir='ltr'><strong>ab</strong></span> <span class='ocrx_word' id='word_1_433' title='bbox 3374 1526 3433 1563; x_wconf 82' lang='lat' dir='ltr'><strong>ea</strong></span> 
     </span>
    </p>
   </div>
   <div class='ocr_carea' id='block_1_61' title="bbox 1853 1605 3434 1677">
    <p class='ocr_par' dir='ltr' id='par_1_61' title="bbox 1853 1605 3434 1677">
     <span class='ocr_line' id='line_1_61' title="bbox 1853 1605 3434 1677; baseline -0.004 -17"><span class='ocrx_word' id='word_1_434' title='bbox 1853 1618 2075 1677; x_wconf 82' lang='lat' dir='ltr'><strong>prepter</strong></span> <span class='ocrx_word' id='word_1_435' title='bbox 2106 1607 2240 1660; x_wconf 90' lang='lat' dir='ltr'><strong>alios</strong></span> <span class='ocrx_word' id='word_1_436' title='bbox 2273 1605 2579 1675; x_wconf 79' lang='lat' dir='ltr'><strong>defatigari,</strong></span> <span class='ocrx_word' id='word_1_437' title='bbox 2625 1620 2746 1659; x_wconf 86' lang='lat' dir='ltr'><strong>cum</strong></span> <span class='ocrx_word' id='word_1_438' title='bbox 2789 1605 2890 1674; x_wconf 88' lang='lat' dir='ltr'><strong>ipsi</strong></span> <span class='ocrx_word' id='word_1_439' title='bbox 2920 1605 3211 1659; x_wconf 81' lang='lat' dir='ltr'><strong>simulacro</strong></span> <span class='ocrx_word' id='word_1_440' title='bbox 3240 1605 3434 1656; x_wconf 84' lang='lat' dir='ltr'><strong>dun&#39;a-</strong></span> 
     </span>
    </p>
   </div>
   <div class='ocr_carea' id='block_1_62' title="bbox 1853 1696 3439 1765">
    <p class='ocr_par' dir='ltr' id='par_1_62' title="bbox 1853 1696 3439 1765">
     <span class='ocr_line' id='line_1_62' title="bbox 1853 1696 3439 1765; baseline -0.003 -15"><span class='ocrx_word' id='word_1_441' title='bbox 1853 1707 1941 1750; x_wconf 76' lang='lat' dir='ltr'><strong>xat</strong></span> <span class='ocrx_word' id='word_1_442' title='bbox 1973 1697 2306 1764; x_wconf 78' lang='lat' dir='ltr'><strong>voluptatum</strong></span> <span class='ocrx_word' id='word_1_443' title='bbox 2333 1696 2600 1759; x_wconf 79' lang='lat' dir='ltr'><strong>fruantur,</strong></span> <span class='ocrx_word' id='word_1_444' title='bbox 2639 1697 2732 1750; x_wconf 89' lang='lat' dir='ltr'><strong>sed</strong></span> <span class='ocrx_word' id='word_1_445' title='bbox 2770 1697 3068 1765; x_wconf 89' lang='lat' dir='ltr'><strong>impostura</strong></span> <span class='ocrx_word' id='word_1_446' title='bbox 3125 1710 3439 1762; x_wconf 84' lang='lat' dir='ltr'><strong>compesca-</strong></span> 
     </span>
    </p>
   </div>
   <div class='ocr_carea' id='block_1_63' title="bbox 1856 1785 3434 1854">
    <p class='ocr_par' dir='ltr' id='par_1_63' title="bbox 1856 1785 3434 1854">
     <span class='ocr_line' id='line_1_63' title="bbox 1856 1785 3434 1854; baseline 0.001 -18"><span class='ocrx_word' id='word_1_447' title='bbox 1856 1797 1944 1837; x_wconf 92' lang='lat' dir='ltr'><strong>tur</strong></span> <span class='ocrx_word' id='word_1_448' title='bbox 2002 1795 2055 1839; x_wconf 88' lang='lat' dir='ltr'><strong>et</strong></span> <span class='ocrx_word' id='word_1_449' title='bbox 2097 1786 2344 1838; x_wconf 83' lang='lat' dir='ltr'><strong>homines</strong></span> <span class='ocrx_word' id='word_1_450' title='bbox 2409 1786 2474 1838; x_wconf 89' lang='lat' dir='ltr'><strong>ad</strong></span> <span class='ocrx_word' id='word_1_451' title='bbox 2531 1787 2856 1854; x_wconf 80' lang='lat' dir='ltr'><strong>semetipsos</strong></span> <span class='ocrx_word' id='word_1_452' title='bbox 2917 1793 3323 1840; x_wconf 76' lang='lat' dir='ltr'><strong>convertantur.</strong></span> <span class='ocrx_word' id='word_1_453' title='bbox 3376 1785 3434 1838; x_wconf 90' lang='lat' dir='ltr'><strong>ld</strong></span> 
     </span>
    </p>
   </div>
   <div class='ocr_carea' id='block_1_64' title="bbox 1788 1855 3433 1946">
    <p class='ocr_par' dir='ltr' id='par_1_64' title="bbox 1788 1855 3433 1946">
     <span class='ocr_line' id='line_1_64' title="bbox 1788 1855 3433 1946; baseline 0.002 -22"><span class='ocrx_word' id='word_1_454' title='bbox 1788 1855 1827 1907; x_wconf 70' lang='grc'><strong>8</strong></span> <span class='ocrx_word' id='word_1_455' title='bbox 1858 1877 2000 1943; x_wconf 89' lang='lat' dir='ltr'><strong>quod</strong></span> <span class='ocrx_word' id='word_1_456' title='bbox 2043 1874 2338 1944; x_wconf 85' lang='lat' dir='ltr'><strong>Sophocles</strong></span> <span class='ocrx_word' id='word_1_457' title='bbox 2381 1887 2535 1944; x_wconf 88' lang='lat' dir='ltr'><strong>poeta</strong></span> <span class='ocrx_word' id='word_1_458' title='bbox 2587 1877 2936 1946; x_wconf 86' lang='lat' dir='ltr'><strong>respondisse</strong></span> <span class='ocrx_word' id='word_1_459' title='bbox 2970 1877 3140 1931; x_wconf 80' lang='lat' dir='ltr'><strong>fertur</strong></span> <span class='ocrx_word' id='word_1_460' title='bbox 3169 1877 3433 1945; x_wconf 83' lang='lat' dir='ltr'><strong>Cephalo.</strong></span> 
     </span>
    </p>
   </div>
   <div class='ocr_carea' id='block_1_65' title="bbox 1860 1969 3433 2039">
    <p class='ocr_par' dir='ltr' id='par_1_65' title="bbox 1860 1969 3433 2039">
     <span class='ocr_line' id='line_1_65' title="bbox 1860 1969 3433 2039; baseline 0.001 -18"><span class='ocrx_word' id='word_1_461' title='bbox 1860 1977 2116 2037; x_wconf 85' lang='lat' dir='ltr'><strong>tanquam</strong></span> <span class='ocrx_word' id='word_1_462' title='bbox 2177 1971 2451 2039; x_wconf 79' lang='lat' dir='ltr'><strong>egregium</strong></span> <span class='ocrx_word' id='word_1_463' title='bbox 2504 1970 2760 2039; x_wconf 81' lang='lat' dir='ltr'><strong>quiddam</strong></span> <span class='ocrx_word' id='word_1_464' title='bbox 2808 1970 3151 2039; x_wconf 86' lang='lat' dir='ltr'><strong>percontanti</strong></span> <span class='ocrx_word' id='word_1_465' title='bbox 3191 1984 3205 2022; x_wconf 89' lang='lat'>:</span> <span class='ocrx_word' id='word_1_466' title='bbox 3243 1969 3322 2022; x_wconf 84' lang='lat' dir='ltr'><strong>An</strong></span> <span class='ocrx_word' id='word_1_467' title='bbox 3377 1971 3433 2022; x_wconf 89' lang='lat' dir='ltr'><strong>in</strong></span> 
     </span>
    </p>
   </div>
   <div class='ocr_carea' id='block_1_66' title="bbox 1852 2060 3432 2129">
    <p class='ocr_par' dir='ltr' id='par_1_66' title="bbox 1852 2060 3432 2129">
     <span class='ocr_line' id='line_1_66' title="bbox 1852 2060 3432 2129; baseline -0.003 -13"><span class='ocrx_word' id='word_1_468' title='bbox 1852 2071 2133 2116; x_wconf 82' lang='lat' dir='ltr'><strong>senectute</strong></span> <span class='ocrx_word' id='word_1_469' title='bbox 2162 2077 2274 2114; x_wconf 90' lang='lat' dir='ltr'><strong>rem</strong></span> <span class='ocrx_word' id='word_1_470' title='bbox 2320 2061 2520 2114; x_wconf 78' lang='lat' dir='ltr'><strong>habere</strong></span> <span class='ocrx_word' id='word_1_471' title='bbox 2585 2077 2706 2114; x_wconf 91' lang='lat' dir='ltr'><strong>cum</strong></span> <span class='ocrx_word' id='word_1_472' title='bbox 2738 2061 2966 2114; x_wconf 85' lang='lat' dir='ltr'><strong>muliere</strong></span> <span class='ocrx_word' id='word_1_473' title='bbox 3008 2060 3234 2129; x_wconf 79' lang='lat' dir='ltr'><strong>posset?</strong></span> <span class='ocrx_word' id='word_1_474' title='bbox 3288 2060 3432 2112; x_wconf 78' lang='lat' dir='ltr'><strong>Bona</strong></span> 
     </span>
    </p>
   </div>
   <div class='ocr_carea' id='block_1_67' title="bbox 1850 2151 3428 2220">
    <p class='ocr_par' dir='ltr' id='par_1_67' title="bbox 1850 2151 3428 2220">
     <span class='ocr_line' id='line_1_67' title="bbox 1850 2151 3428 2220; baseline -0.003 -15"><span class='ocrx_word' id='word_1_475' title='bbox 1850 2153 2034 2212; x_wconf 68' lang='lat' dir='ltr'><strong>verba.</strong></span> <span class='ocrx_word' id='word_1_476' title='bbox 2065 2153 2249 2217; x_wconf 92' lang='lat' dir='ltr'><strong>homo,</strong></span> <span class='ocrx_word' id='word_1_477' title='bbox 2283 2153 2460 2220; x_wconf 90' lang='lat' dir='ltr'><strong>inquit</strong></span> <span class='ocrx_word' id='word_1_478' title='bbox 2496 2152 2607 2216; x_wconf 92' lang='lat' dir='ltr'><strong>ille,</strong></span> <span class='ocrx_word' id='word_1_479' title='bbox 2641 2153 2840 2220; x_wconf 86' lang='lat' dir='ltr'><strong>quippe</strong></span> <span class='ocrx_word' id='word_1_480' title='bbox 2878 2153 2962 2206; x_wconf 84' lang='lat' dir='ltr'><strong>vir</strong></span> <span class='ocrx_word' id='word_1_481' title='bbox 2995 2151 3289 2214; x_wconf 84' lang='lat' dir='ltr'><strong>cordatus;</strong></span> <span class='ocrx_word' id='word_1_482' title='bbox 3316 2151 3428 2219; x_wconf 75' lang='lat' dir='ltr'><strong>jam</strong></span> 
     </span>
    </p>
   </div>
   <div class='ocr_carea' id='block_1_68' title="bbox 1849 2240 3424 2312">
    <p class='ocr_par' dir='ltr' id='par_1_68' title="bbox 1849 2240 3424 2312">
     <span class='ocr_line' id='line_1_68' title="bbox 1849 2240 3424 2312; baseline -0.001 -18"><span class='ocrx_word' id='word_1_483' title='bbox 1849 2245 1976 2296; x_wconf 85' lang='lat' dir='ltr'><strong>olim</strong></span> <span class='ocrx_word' id='word_1_484' title='bbox 2008 2245 2188 2299; x_wconf 90' lang='lat' dir='ltr'><strong>abhis</strong></span> <span class='ocrx_word' id='word_1_485' title='bbox 2252 2252 2506 2311; x_wconf 88' lang='lat' dir='ltr'><strong>tanquam</strong></span> <span class='ocrx_word' id='word_1_486' title='bbox 2549 2244 2856 2312; x_wconf 79' lang='lat' dir='ltr'><strong>agrestibus</strong></span> <span class='ocrx_word' id='word_1_487' title='bbox 2907 2242 3144 2296; x_wconf 80' lang='lat' dir='ltr'><strong>dominis</strong></span> <span class='ocrx_word' id='word_1_488' title='bbox 3201 2240 3424 2295; x_wconf 84' lang='lat' dir='ltr'><strong>recessi.</strong></span> 
     </span>
    </p>
   </div>
   <div class='ocr_carea' id='block_1_69' title="bbox 1852 2335 3430 2404">
    <p class='ocr_par' dir='ltr' id='par_1_69' title="bbox 1852 2335 3430 2404">
     <span class='ocr_line' id='line_1_69' title="bbox 1852 2335 3430 2404; baseline -0.001 -17"><span class='ocrx_word' id='word_1_489' title='bbox 1852 2335 2169 2404; x_wconf 84' lang='lat' dir='ltr'><strong>Voluptates</strong></span> <span class='ocrx_word' id='word_1_490' title='bbox 2211 2335 2313 2388; x_wconf 88' lang='lat' dir='ltr'><strong>hoc</strong></span> <span class='ocrx_word' id='word_1_491' title='bbox 2344 2337 2563 2388; x_wconf 83' lang='lat' dir='ltr'><strong>nomine</strong></span> <span class='ocrx_word' id='word_1_492' title='bbox 2602 2345 2826 2398; x_wconf 76' lang='lat' dir='ltr'><strong>notans,</strong></span> <span class='ocrx_word' id='word_1_493' title='bbox 2852 2336 3050 2404; x_wconf 89' lang='lat' dir='ltr'><strong>quibus</strong></span> <span class='ocrx_word' id='word_1_494' title='bbox 3086 2349 3254 2402; x_wconf 58' lang='lat' dir='ltr'><strong>genu»</strong></span> <span class='ocrx_word' id='word_1_495' title='bbox 3281 2347 3430 2385; x_wconf 90' lang='lat' dir='ltr'><strong>mor-</strong></span> 
     </span>
    </p>
   </div>
   <div class='ocr_carea' id='block_1_70' title="bbox 1851 2424 3429 2496">
    <p class='ocr_par' dir='ltr' id='par_1_70' title="bbox 1851 2424 3429 2496">
     <span class='ocr_line' id='line_1_70' title="bbox 1851 2424 3429 2496; baseline 0 -19"><span class='ocrx_word' id='word_1_496' title='bbox 1851 2424 1954 2477; x_wconf 84' lang='lat' dir='ltr'><strong>tale</strong></span> <span class='ocrx_word' id='word_1_497' title='bbox 1975 2425 2278 2489; x_wconf 88' lang='lat' dir='ltr'><strong>deliuitum,</strong></span> <span class='ocrx_word' id='word_1_498' title='bbox 2329 2427 2466 2492; x_wconf 87' lang='lat' dir='ltr'><strong>apud</strong></span> <span class='ocrx_word' id='word_1_499' title='bbox 2517 2442 2607 2481; x_wconf 85' lang='lat' dir='ltr'><strong>eas</strong></span> <span class='ocrx_word' id='word_1_500' title='bbox 2650 2428 2801 2496; x_wconf 86' lang='lat' dir='ltr'><strong>quasi</strong></span> <span class='ocrx_word' id='word_1_501' title='bbox 2867 2427 3057 2480; x_wconf 89' lang='lat' dir='ltr'><strong>herum</strong></span> <span class='ocrx_word' id='word_1_502' title='bbox 3124 2425 3429 2495; x_wconf 87' lang='lat' dir='ltr'><strong>improbum</strong></span> 
     </span>
    </p>
   </div>
   <div class='ocr_carea' id='block_1_71' title="bbox 1847 2517 2564 2574">
    <p class='ocr_par' dir='ltr' id='par_1_71' title="bbox 1847 2517 2564 2574">
     <span class='ocr_line' id='line_1_71' title="bbox 1847 2517 2564 2574; baseline 0.008 -6"><span class='ocrx_word' id='word_1_503' title='bbox 1847 2518 2031 2570; x_wconf 83' lang='lat' dir='ltr'><strong>animo</strong></span> <span class='ocrx_word' id='word_1_504' title='bbox 2074 2517 2264 2572; x_wconf 83' lang='lat' dir='ltr'><strong>libenti</strong></span> <span class='ocrx_word' id='word_1_505' title='bbox 2301 2529 2564 2574; x_wconf 80' lang='lat' dir='ltr'><strong>remanet.</strong></span> 
     </span>
    </p>
   </div>
   <div class='ocr_carea' id='block_1_72' title="bbox 2481 2782 2864 2839">
    <p class='ocr_par' dir='ltr' id='par_1_72' title="bbox 2481 2782 2864 2839">
     <span class='ocr_line' id='line_1_72' title="bbox 2481 2782 2864 2839; baseline -0.005 -1"><span class='ocrx_word' id='word_1_506' title='bbox 2481 2782 2708 2839; x_wconf 77' lang='lat' dir='ltr'>CAPUT</span> <span class='ocrx_word' id='word_1_507' title='bbox 2753 2783 2864 2838; x_wconf 77' lang='lat' dir='ltr'><strong>VII.</strong></span> 
     </span>
    </p>
   </div>
   <div class='ocr_carea' id='block_1_73' title="bbox 1915 2869 3429 2946">
    <p class='ocr_par' dir='ltr' id='par_1_73' title="bbox 1915 2869 3429 2946">
     <span class='ocr_line' id='line_1_73' title="bbox 1915 2869 3429 2946; baseline -0.001 -17"><span class='ocrx_word' id='word_1_508' title='bbox 1915 2875 1994 2930; x_wconf 76' lang='lat' dir='ltr'><strong>Ac</strong></span> <span class='ocrx_word' id='word_1_509' title='bbox 2016 2889 2109 2930; x_wconf 89' lang='lat' dir='ltr'><strong>eos</strong></span> <span class='ocrx_word' id='word_1_510' title='bbox 2142 2875 2385 2944; x_wconf 74' lang='lat' dir='ltr'><strong>quidem,</strong></span> <span class='ocrx_word' id='word_1_511' title='bbox 2423 2877 2516 2944; x_wconf 89' lang='lat' dir='ltr'><strong>qui</strong></span> <span class='ocrx_word' id='word_1_512' title='bbox 2579 2878 2652 2929; x_wconf 87' lang='lat' dir='ltr'><strong>ob</strong></span> <span class='ocrx_word' id='word_1_513' title='bbox 2713 2875 2962 2946; x_wconf 89' lang='lat' dir='ltr'><strong>corporis</strong></span> <span class='ocrx_word' id='word_1_514' title='bbox 3018 2875 3322 2943; x_wconf 78' lang='lat' dir='ltr'><strong>voluptates</strong></span> <span class='ocrx_word' id='word_1_515' title='bbox 3357 2869 3429 2944; x_wconf 80' lang='lat' dir='ltr'><strong>[si</strong></span> 
     </span>
    </p>
   </div>
   <div class='ocr_carea' id='block_1_74' title="bbox 1845 2967 3431 3038">
    <p class='ocr_par' dir='ltr' id='par_1_74' title="bbox 1845 2967 3431 3038">
     <span class='ocr_line' id='line_1_74' title="bbox 1845 2967 3431 3038; baseline -0.001 -18"><span class='ocrx_word' id='word_1_516' title='bbox 1845 2981 1964 3036; x_wconf 70' lang='lat' dir='ltr'><strong>qua:</strong></span> <span class='ocrx_word' id='word_1_517' title='bbox 1995 2967 2156 3020; x_wconf 90' lang='lat' dir='ltr'><strong>modo</strong></span> <span class='ocrx_word' id='word_1_518' title='bbox 2181 2983 2258 3021; x_wconf 68' lang='lat' dir='ltr'><strong>ea:</strong></span> <span class='ocrx_word' id='word_1_519' title='bbox 2287 2968 2441 3038; x_wconf 79' lang='lat' dir='ltr'><strong>sunt]</strong></span> <span class='ocrx_word' id='word_1_520' title='bbox 2473 2977 2702 3021; x_wconf 89' lang='lat' dir='ltr'><strong>mortem</strong></span> <span class='ocrx_word' id='word_1_521' title='bbox 2759 2976 3145 3036; x_wconf 78' lang='lat' dir='ltr'><strong>expavescunt,</strong></span> <span class='ocrx_word' id='word_1_522' title='bbox 3195 2980 3431 3034; x_wconf 85' lang='lat' dir='ltr'><strong>eamque</strong></span> 
     </span>
    </p>
   </div>
   <div class='ocr_carea' id='block_1_75' title="bbox 1847 3056 3430 3128">
    <p class='ocr_par' dir='ltr' id='par_1_75' title="bbox 1847 3056 3430 3128">
     <span class='ocr_line' id='line_1_75' title="bbox 1847 3056 3430 3128; baseline -0.001 -16"><span class='ocrx_word' id='word_1_523' title='bbox 1847 3059 2042 3112; x_wconf 88' lang='lat' dir='ltr'><strong>malum</strong></span> <span class='ocrx_word' id='word_1_524' title='bbox 2075 3059 2388 3115; x_wconf 85' lang='lat' dir='ltr'><strong>hominibus</strong></span> <span class='ocrx_word' id='word_1_525' title='bbox 2420 3067 2722 3112; x_wconf 73' lang='lat' dir='ltr'><strong>extremum</strong></span> <span class='ocrx_word' id='word_1_526' title='bbox 2749 3074 2873 3113; x_wconf 88' lang='lat' dir='ltr'><strong>esse</strong></span> <span class='ocrx_word' id='word_1_527' title='bbox 2921 3067 3130 3128; x_wconf 84' lang='lat' dir='ltr'><strong>putant,</strong></span> <span class='ocrx_word' id='word_1_528' title='bbox 3195 3073 3317 3126; x_wconf 71' lang='lat' dir='ltr'><strong>qua:</strong></span> <span class='ocrx_word' id='word_1_529' title='bbox 3360 3056 3430 3110; x_wconf 81' lang='lat' dir='ltr'><strong>ab</strong></span> 
     </span>
    </p>
   </div>
   <div class='ocr_carea' id='block_1_76' title="bbox 1847 3150 3425 3222">
    <p class='ocr_par' dir='ltr' id='par_1_76' title="bbox 1847 3150 3425 3222">
     <span class='ocr_line' id='line_1_76' title="bbox 1847 3150 3425 3222; baseline -0.001 -16"><span class='ocrx_word' id='word_1_530' title='bbox 1847 3153 1966 3206; x_wconf 77' lang='lat' dir='ltr'><strong>istis</strong></span> <span class='ocrx_word' id='word_1_531' title='bbox 2003 3153 2244 3208; x_wconf 82' lang='lat' dir='ltr'><strong>ludicris.</strong></span> <span class='ocrx_word' id='word_1_532' title='bbox 2269 3169 2332 3206; x_wconf 89' lang='lat' dir='ltr'><strong>ac</strong></span> <span class='ocrx_word' id='word_1_533' title='bbox 2361 3155 2540 3222; x_wconf 88' lang='lat' dir='ltr'><strong>potius</strong></span> <span class='ocrx_word' id='word_1_534' title='bbox 2569 3155 2638 3206; x_wconf 87' lang='lat' dir='ltr'><strong>ab</strong></span> <span class='ocrx_word' id='word_1_535' title='bbox 2669 3154 2878 3208; x_wconf 86' lang='lat' dir='ltr'><strong>insania</strong></span> <span class='ocrx_word' id='word_1_536' title='bbox 2923 3155 3041 3216; x_wconf 82' lang='lat' dir='ltr'><strong>hac,</strong></span> <span class='ocrx_word' id='word_1_537' title='bbox 3073 3161 3129 3206; x_wconf 87' lang='lat' dir='ltr'><strong>et</strong></span> <span class='ocrx_word' id='word_1_538' title='bbox 3187 3150 3425 3221; x_wconf 81' lang='lat' dir='ltr'><strong>turpitu-</strong></span> 
     </span>
    </p>
   </div>
   <div class='ocr_carea' id='block_1_77' title="bbox 1847 3243 3433 3314">
    <p class='ocr_par' dir='ltr' id='par_1_77' title="bbox 1847 3243 3433 3314">
     <span class='ocr_line' id='line_1_77' title="bbox 1847 3243 3433 3314; baseline -0.002 -15"><span class='ocrx_word' id='word_1_539' title='bbox 1847 3247 2098 3300; x_wconf 87' lang='lat' dir='ltr'><strong>dine‘eos</strong></span> <span class='ocrx_word' id='word_1_540' title='bbox 2151 3246 2416 3314; x_wconf 85' lang='lat' dir='ltr'><strong>repellat;</strong></span> <span class='ocrx_word' id='word_1_541' title='bbox 2469 3246 2708 3299; x_wconf 88' lang='lat' dir='ltr'><strong>arbitror</strong></span> <span class='ocrx_word' id='word_1_542' title='bbox 2760 3247 2844 3300; x_wconf 89' lang='lat' dir='ltr'><strong>his</strong></span> <span class='ocrx_word' id='word_1_543' title='bbox 2881 3246 3185 3300; x_wconf 81' lang='lat' dir='ltr'><strong>rationibus</strong></span> <span class='ocrx_word' id='word_1_544' title='bbox 3245 3243 3433 3298; x_wconf 85' lang='lat' dir='ltr'><strong>erudi-</strong></span> 
     </span>
    </p>
   </div>
   <div class='ocr_carea' id='block_1_78' title="bbox 1850 3333 3427 3405">
    <p class='ocr_par' dir='ltr' id='par_1_78' title="bbox 1850 3333 3427 3405">
     <span class='ocr_line' id='line_1_78' title="bbox 1850 3333 3427 3405; baseline -0.003 -17"><span class='ocrx_word' id='word_1_545' title='bbox 1850 3343 1950 3400; x_wconf 90' lang='lat' dir='ltr'><strong>tos,</strong></span> <span class='ocrx_word' id='word_1_546' title='bbox 1975 3344 2030 3388; x_wconf 91' lang='lat' dir='ltr'><strong>et</strong></span> <span class='ocrx_word' id='word_1_547' title='bbox 2058 3336 2250 3402; x_wconf 82' lang='lat' dir='ltr'><strong>puerili</strong></span> <span class='ocrx_word' id='word_1_548' title='bbox 2287 3336 2552 3390; x_wconf 85' lang='lat' dir='ltr'><strong>sententia</strong></span> <span class='ocrx_word' id='word_1_549' title='bbox 2585 3335 2814 3405; x_wconf 70' lang='lat' dir='ltr'><strong>abiecta,</strong></span> <span class='ocrx_word' id='word_1_550' title='bbox 2858 3335 3156 3388; x_wconf 86' lang='lat' dir='ltr'><strong>modestam</strong></span> <span class='ocrx_word' id='word_1_551' title='bbox 3209 3344 3263 3387; x_wconf 90' lang='lat' dir='ltr'><strong>et</strong></span> <span class='ocrx_word' id='word_1_552' title='bbox 3289 3333 3427 3385; x_wconf 86' lang='lat' dir='ltr'><strong>viri-</strong></span> 
     </span>
    </p>
   </div>
   <div class='ocr_carea' id='block_1_79' title="bbox 1847 3425 3426 3491">
    <p class='ocr_par' dir='ltr' id='par_1_79' title="bbox 1847 3425 3426 3491">
     <span class='ocr_line' id='line_1_79' title="bbox 1847 3425 3426 3491; baseline -0.004 -13"><span class='ocrx_word' id='word_1_553' title='bbox 1847 3425 1950 3479; x_wconf 84' lang='lat' dir='ltr'><strong>lem</strong></span> <span class='ocrx_word' id='word_1_554' title='bbox 1983 3425 2128 3480; x_wconf 87' lang='lat' dir='ltr'><strong>illius</strong></span> <span class='ocrx_word' id='word_1_555' title='bbox 2157 3427 2278 3479; x_wconf 88' lang='lat' dir='ltr'><strong>loco</strong></span> <span class='ocrx_word' id='word_1_556' title='bbox 2335 3433 2647 3491; x_wconf 86' lang='lat' dir='ltr'><strong>sumpturos</strong></span> <span class='ocrx_word' id='word_1_557' title='bbox 2686 3439 2702 3476; x_wconf 88' lang='lat'><strong>:</strong></span> <span class='ocrx_word' id='word_1_558' title='bbox 2737 3438 2839 3478; x_wconf 86' lang='lat' dir='ltr'><strong>nec</strong></span> <span class='ocrx_word' id='word_1_559' title='bbox 2899 3425 3031 3486; x_wconf 81' lang='lat' dir='ltr'><strong>fato,</strong></span> <span class='ocrx_word' id='word_1_560' title='bbox 3085 3425 3426 3490; x_wconf 87' lang='lat' dir='ltr'><strong>voluptatum</strong></span> 
     </span>
    </p>
   </div>
   <div class='ocr_carea' id='block_1_80' title="bbox 1846 3512 3426 3584">
    <p class='ocr_par' dir='ltr' id='par_1_80' title="bbox 1846 3512 3426 3584">
     <span class='ocr_line' id='line_1_80' title="bbox 1846 3512 3426 3584; baseline -0.003 -16"><span class='ocrx_word' id='word_1_561' title='bbox 1846 3515 2062 3584; x_wconf 85' lang='lat' dir='ltr'><strong>quidem</strong></span> <span class='ocrx_word' id='word_1_562' title='bbox 2093 3516 2283 3584; x_wconf 74' lang='lat' dir='ltr'><strong>gratia,</strong></span> <span class='ocrx_word' id='word_1_563' title='bbox 2310 3515 2424 3570; x_wconf 92' lang='lat' dir='ltr'><strong>fore</strong></span> <span class='ocrx_word' id='word_1_564' title='bbox 2453 3515 2701 3569; x_wconf 82' lang='lat' dir='ltr'><strong>infestos.</strong></span> <span class='ocrx_word' id='word_1_565' title='bbox 2739 3515 2810 3569; x_wconf 88' lang='lat' dir='ltr'><strong>lis</strong></span> <span class='ocrx_word' id='word_1_566' title='bbox 2841 3525 3021 3569; x_wconf 86' lang='lat' dir='ltr'><strong>autem</strong></span> <span class='ocrx_word' id='word_1_567' title='bbox 3073 3514 3164 3582; x_wconf 90' lang='lat' dir='ltr'><strong>qui</strong></span> <span class='ocrx_word' id='word_1_568' title='bbox 3189 3512 3426 3573; x_wconf 87' lang='lat' dir='ltr'><strong>obitum,</strong></span> 
     </span>
    </p>
   </div>
   <div class='ocr_carea' id='block_1_81' title="bbox 1847 3605 3427 3675">
    <p class='ocr_par' dir='ltr' id='par_1_81' title="bbox 1847 3605 3427 3675">
     <span class='ocr_line' id='line_1_81' title="bbox 1847 3605 3427 3675; baseline -0.003 -15"><span class='ocrx_word' id='word_1_569' title='bbox 1847 3606 1920 3660; x_wconf 89' lang='lat' dir='ltr'><strong>ob</strong></span> <span class='ocrx_word' id='word_1_570' title='bbox 1942 3605 2204 3660; x_wconf 74' lang='lat' dir='ltr'><strong>latissime</strong></span> <span class='ocrx_word' id='word_1_571' title='bbox 2229 3615 2504 3675; x_wconf 83' lang='lat' dir='ltr'><strong>patentem</strong></span> <span class='ocrx_word' id='word_1_572' title='bbox 2539 3607 2756 3660; x_wconf 77' lang='lat' dir='ltr'><strong>vivendi</strong></span> <span class='ocrx_word' id='word_1_573' title='bbox 2809 3606 3189 3674; x_wconf 84' lang='lat' dir='ltr'><strong>cupiditatem,</strong></span> <span class='ocrx_word' id='word_1_574' title='bbox 3251 3612 3305 3658; x_wconf 90' lang='lat' dir='ltr'><strong>et</strong></span> <span class='ocrx_word' id='word_1_575' title='bbox 3326 3619 3427 3656; x_wconf 75' lang='lat' dir='ltr'><strong>na—</strong></span> 
     </span>
    </p>
   </div>
   <div class='ocr_carea' id='block_1_82' title="bbox 1851 3696 3417 3767">
    <p class='ocr_par' dir='ltr' id='par_1_82' title="bbox 1851 3696 3417 3767">
     <span class='ocr_line' id='line_1_82' title="bbox 1851 3696 3417 3767; baseline -0.003 -15"><span class='ocrx_word' id='word_1_576' title='bbox 1851 3707 1969 3752; x_wconf 80' lang='lat' dir='ltr'><strong>tura</strong></span> <span class='ocrx_word' id='word_1_577' title='bbox 2005 3697 2175 3767; x_wconf 81' lang='lat' dir='ltr'><strong>hujus</strong></span> <span class='ocrx_word' id='word_1_578' title='bbox 2201 3697 2324 3752; x_wconf 73' lang='lat' dir='ltr'><strong>vitae</strong></span> <span class='ocrx_word' id='word_1_579' title='bbox 2351 3698 2683 3753; x_wconf 80' lang='lat' dir='ltr'><strong>desiderium</strong></span> <span class='ocrx_word' id='word_1_580' title='bbox 2729 3699 2951 3752; x_wconf 86' lang='lat' dir='ltr'><strong>insitum</strong></span> <span class='ocrx_word' id='word_1_581' title='bbox 3003 3696 3362 3750; x_wconf 78' lang='lat' dir='ltr'><strong>reformidant</strong></span> <span class='ocrx_word' id='word_1_582' title='bbox 3401 3712 3417 3748; x_wconf 86' lang='lat'><strong>:</strong></span> 
     </span>
    </p>
   </div>
   <div class='ocr_carea' id='block_1_83' title="bbox 1847 3784 3428 3856">
    <p class='ocr_par' dir='ltr' id='par_1_83' title="bbox 1847 3784 3428 3856">
     <span class='ocr_line' id='line_1_83' title="bbox 1847 3784 3428 3856; baseline -0.001 -16"><span class='ocrx_word' id='word_1_583' title='bbox 1847 3788 1990 3855; x_wconf 90' lang='lat' dir='ltr'><strong>quod</strong></span> <span class='ocrx_word' id='word_1_584' title='bbox 2019 3796 2074 3842; x_wconf 85' lang='lat' dir='ltr'><strong>et</strong></span> <span class='ocrx_word' id='word_1_585' title='bbox 2093 3787 2431 3856; x_wconf 86' lang='lat' dir='ltr'><strong>optimumet</strong></span> <span class='ocrx_word' id='word_1_586' title='bbox 2457 3784 2856 3841; x_wconf 74' lang='lat' dir='ltr'><strong>divinissimum</strong></span> <span class='ocrx_word' id='word_1_587' title='bbox 2905 3801 3094 3842; x_wconf 88' lang='lat' dir='ltr'><strong>eorum</strong></span> <span class='ocrx_word' id='word_1_588' title='bbox 3153 3800 3277 3854; x_wconf 63' lang='lat' dir='ltr'><strong>qua</strong></span> <span class='ocrx_word' id='word_1_589' title='bbox 3328 3784 3428 3838; x_wconf 80' lang='lat' dir='ltr'><strong>ha-</strong></span> 
     </span>
    </p>
   </div>
   <div class='ocr_carea' id='block_1_84' title="bbox 1848 3873 3428 3938">
    <p class='ocr_par' dir='ltr' id='par_1_84' title="bbox 1848 3873 3428 3938">
     <span class='ocr_line' id='line_1_84' title="bbox 1848 3873 3428 3938; baseline -0.001 -10"><span class='ocrx_word' id='word_1_590' title='bbox 1848 3875 2072 3928; x_wconf 85' lang='lat' dir='ltr'><strong>beamus</strong></span> <span class='ocrx_word' id='word_1_591' title='bbox 2101 3876 2331 3938; x_wconf 85' lang='lat' dir='ltr'><strong>auferat,</strong></span> <span class='ocrx_word' id='word_1_592' title='bbox 2350 3891 2472 3929; x_wconf 89' lang='lat' dir='ltr'><strong>cum</strong></span> <span class='ocrx_word' id='word_1_593' title='bbox 2502 3890 2533 3928; x_wconf 85' lang='lat' dir='ltr'><strong>a</strong></span> <span class='ocrx_word' id='word_1_594' title='bbox 2563 3884 2755 3929; x_wconf 78' lang='lat' dir='ltr'><strong>natura</strong></span> <span class='ocrx_word' id='word_1_595' title='bbox 2779 3875 2942 3929; x_wconf 87' lang='lat' dir='ltr'><strong>etiam</strong></span> <span class='ocrx_word' id='word_1_596' title='bbox 2979 3875 3033 3928; x_wconf 93' lang='lat' dir='ltr'><strong>in</strong></span> <span class='ocrx_word' id='word_1_597' title='bbox 3081 3875 3244 3928; x_wconf 86' lang='lat' dir='ltr'><strong>rebus</strong></span> <span class='ocrx_word' id='word_1_598' title='bbox 3279 3873 3428 3927; x_wconf 85' lang='lat' dir='ltr'><strong>vilis-</strong></span> 
     </span>
    </p>
   </div>
   <div class='ocr_carea' id='block_1_85' title="bbox 1849 3965 3434 4030">
    <p class='ocr_par' dir='ltr' id='par_1_85' title="bbox 1849 3965 3434 4030">
     <span class='ocr_line' id='line_1_85' title="bbox 1849 3965 3434 4030; baseline -0.001 -10"><span class='ocrx_word' id='word_1_599' title='bbox 1849 3967 2004 4023; x_wconf 82' lang='lat' dir='ltr'><strong>simis</strong></span> <span class='ocrx_word' id='word_1_600' title='bbox 2023 3966 2266 4022; x_wconf 86' lang='lat' dir='ltr'><strong>studiose</strong></span> <span class='ocrx_word' id='word_1_601' title='bbox 2294 3967 2458 4022; x_wconf 82' lang='lat' dir='ltr'><strong>vitam</strong></span> <span class='ocrx_word' id='word_1_602' title='bbox 2487 3967 2797 4021; x_wconf 84' lang='lat' dir='ltr'><strong>conservari</strong></span> <span class='ocrx_word' id='word_1_603' title='bbox 2829 3966 3130 4030; x_wconf 88' lang='lat' dir='ltr'><strong>videamus,</strong></span> <span class='ocrx_word' id='word_1_604' title='bbox 3174 3966 3302 4020; x_wconf 88' lang='lat' dir='ltr'><strong>illud</strong></span> <span class='ocrx_word' id='word_1_605' title='bbox 3339 3965 3434 4019; x_wconf 87' lang='lat' dir='ltr'><strong>di-.</strong></span> 
     </span>
    </p>
   </div>
   <div class='ocr_carea' id='block_1_86' title="bbox 1849 4058 3424 4128">
    <p class='ocr_par' dir='ltr' id='par_1_86' title="bbox 1849 4058 3424 4128">
     <span class='ocr_line' id='line_1_86' title="bbox 1849 4058 3424 4128; baseline -0.002 -15"><span class='ocrx_word' id='word_1_606' title='bbox 1849 4073 1974 4113; x_wconf 88' lang='lat' dir='ltr'><strong>cere</strong></span> <span class='ocrx_word' id='word_1_607' title='bbox 2028 4074 2219 4128; x_wconf 87' lang='lat' dir='ltr'><strong>queas.</strong></span> <span class='ocrx_word' id='word_1_608' title='bbox 2271 4075 2336 4114; x_wconf 88' lang='lat' dir='ltr'><strong>ac</strong></span> <span class='ocrx_word' id='word_1_609' title='bbox 2381 4070 2686 4128; x_wconf 89' lang='lat' dir='ltr'><strong>opportune</strong></span> <span class='ocrx_word' id='word_1_610' title='bbox 2749 4058 3424 4128; x_wconf 82' lang='lat' dir='ltr'><strong>fortassis:judieandum</strong></span> 
     </span>
    </p>
   </div>
   <div class='ocr_carea' id='block_1_87' title="bbox 1851 4149 3428 4220">
    <p class='ocr_par' dir='ltr' id='par_1_87' title="bbox 1851 4149 3428 4220">
     <span class='ocr_line' id='line_1_87' title="bbox 1851 4149 3428 4220; baseline -0.001 -15"><span class='ocrx_word' id='word_1_611' title='bbox 1851 4165 1972 4205; x_wconf 87' lang='lat' dir='ltr'><strong>esse</strong></span> <span class='ocrx_word' id='word_1_612' title='bbox 1997 4151 2064 4206; x_wconf 89' lang='lat' dir='ltr'><strong>de</strong></span> <span class='ocrx_word' id='word_1_613' title='bbox 2102 4151 2284 4215; x_wconf 83' lang='lat' dir='ltr'><strong>rebus,</strong></span> <span class='ocrx_word' id='word_1_614' title='bbox 2309 4166 2416 4205; x_wconf 92' lang='lat' dir='ltr'><strong>non</strong></span> <span class='ocrx_word' id='word_1_615' title='bbox 2459 4150 2818 4220; x_wconf 88' lang='lat' dir='ltr'><strong>voluptatum.</strong></span> <span class='ocrx_word' id='word_1_616' title='bbox 2867 4161 2922 4204; x_wconf 89' lang='lat' dir='ltr'><strong>et</strong></span> <span class='ocrx_word' id='word_1_617' title='bbox 2971 4150 3182 4203; x_wconf 82' lang='lat' dir='ltr'><strong>illarqu</strong></span> <span class='ocrx_word' id='word_1_618' title='bbox 3222 4149 3428 4204; x_wconf 82' lang='lat' dir='ltr'><strong>fraudis</strong></span> 
     </span>
    </p>
   </div>
   <div class='ocr_carea' id='block_1_88' title="bbox 1851 4243 3430 4310">
    <p class='ocr_par' dir='ltr' id='par_1_88' title="bbox 1851 4243 3430 4310">
     <span class='ocr_line' id='line_1_88' title="bbox 1851 4243 3430 4310; baseline -0.001 -12"><span class='ocrx_word' id='word_1_619' title='bbox 1851 4246 2060 4298; x_wconf 85' lang='lat' dir='ltr'><strong>ratione</strong></span> <span class='ocrx_word' id='word_1_620' title='bbox 2086 4245 2289 4310; x_wconf 87' lang='lat' dir='ltr'><strong>habita,</strong></span> <span class='ocrx_word' id='word_1_621' title='bbox 2324 4246 2417 4300; x_wconf 90' lang='lat' dir='ltr'><strong>sed</strong></span> <span class='ocrx_word' id='word_1_622' title='bbox 2459 4245 2526 4299; x_wconf 91' lang='lat' dir='ltr'><strong>de</strong></span> <span class='ocrx_word' id='word_1_623' title='bbox 2582 4243 2784 4299; x_wconf 90' lang='lat' dir='ltr'><strong>nostris</strong></span> <span class='ocrx_word' id='word_1_624' title='bbox 2834 4243 3012 4305; x_wconf 88' lang='lat' dir='ltr'><strong>bonis,</strong></span> <span class='ocrx_word' id='word_1_625' title='bbox 3065 4259 3096 4296; x_wconf 92' lang='lat' dir='ltr'><strong>e</strong></span> <span class='ocrx_word' id='word_1_626' title='bbox 3142 4244 3328 4298; x_wconf 88' lang='lat' dir='ltr'><strong>divino</strong></span> <span class='ocrx_word' id='word_1_627' title='bbox 3373 4251 3430 4297; x_wconf 89' lang='lat' dir='ltr'><strong>et</strong></span> 
     </span>
    </p>
   </div>
   <div class='ocr_carea' id='block_1_89' title="bbox 1854 4334 3430 4406">
    <p class='ocr_par' dir='ltr' id='par_1_89' title="bbox 1854 4334 3430 4406">
     <span class='ocr_line' id='line_1_89' title="bbox 1854 4334 3430 4406; baseline -0.001 -18"><span class='ocrx_word' id='word_1_628' title='bbox 1854 4336 2084 4390; x_wconf 86' lang='lat' dir='ltr'><strong>naturali</strong></span> <span class='ocrx_word' id='word_1_629' title='bbox 2115 4336 2260 4390; x_wconf 82' lang='lat' dir='ltr'><strong>bono</strong></span> <span class='ocrx_word' id='word_1_630' title='bbox 2293 4336 2667 4406; x_wconf 78' lang='lat' dir='ltr'><strong>conjecturam</strong></span> <span class='ocrx_word' id='word_1_631' title='bbox 2715 4334 3038 4404; x_wconf 88' lang='lat' dir='ltr'><strong>capiendam</strong></span> <span class='ocrx_word' id='word_1_632' title='bbox 3069 4351 3083 4386; x_wconf 90' lang='lat'><strong>:</strong></span> <span class='ocrx_word' id='word_1_633' title='bbox 3112 4334 3430 4388; x_wconf 74' lang='lat' dir='ltr'><strong>existiman-</strong></span> 
     </span>
    </p>
   </div>
   <div class='ocr_carea' id='block_1_90' title="bbox 1853 4425 3430 4496">
    <p class='ocr_par' dir='ltr' id='par_1_90' title="bbox 1853 4425 3430 4496">
     <span class='ocr_line' id='line_1_90' title="bbox 1853 4425 3430 4496; baseline -0.001 -16"><span class='ocrx_word' id='word_1_634' title='bbox 1853 4428 2089 4496; x_wconf 90' lang='lat' dir='ltr'><strong>dumque</strong></span> <span class='ocrx_word' id='word_1_635' title='bbox 2123 4442 2241 4496; x_wconf 67' lang='lat' dir='ltr'><strong>quae</strong></span> <span class='ocrx_word' id='word_1_636' title='bbox 2263 4442 2386 4482; x_wconf 90' lang='lat' dir='ltr'><strong>eum</strong></span> <span class='ocrx_word' id='word_1_637' title='bbox 2429 4427 2518 4480; x_wconf 85' lang='lat' dir='ltr'><strong>illo</strong></span> <span class='ocrx_word' id='word_1_638' title='bbox 2569 4436 2891 4494; x_wconf 79' lang='lat' dir='ltr'><strong>congruant,</strong></span> <span class='ocrx_word' id='word_1_639' title='bbox 2930 4440 2992 4479; x_wconf 88' lang='lat' dir='ltr'><strong>ea</strong></span> <span class='ocrx_word' id='word_1_640' title='bbox 3033 4425 3188 4480; x_wconf 84' lang='lat' dir='ltr'><strong>nobis</strong></span> <span class='ocrx_word' id='word_1_641' title='bbox 3223 4427 3430 4495; x_wconf 82' lang='lat' dir='ltr'><strong>pariter</strong></span> 
     </span>
    </p>
   </div>
   <div class='ocr_carea' id='block_1_91' title="bbox 169 4518 1749 4604">
    <p class='ocr_par' dir='ltr' id='par_1_91' title="bbox 169 4527 1749 4604">
     <span class='ocr_line' id='line_1_91' title="bbox 169 4527 1749 4604; baseline 0.006 -26"><span class='ocrx_word' id='word_1_642' title='bbox 169 4527 241 4578; x_wconf 67' lang='grc' dir='ltr'>τὰ</span> <span class='ocrx_word' id='word_1_643' title='bbox 275 4528 379 4596; x_wconf 75' lang='grc' dir='ltr'>μὲν</span> <span class='ocrx_word' id='word_1_644' title='bbox 409 4529 604 4599; x_wconf 78' lang='grc' dir='ltr'>ἐκείνῳ</span> <span class='ocrx_word' id='word_1_645' title='bbox 635 4531 1004 4600; x_wconf 77' lang='grc' dir='ltr'>συμϐαίνοντα</span> <span class='ocrx_word' id='word_1_646' title='bbox 1046 4536 1142 4586; x_wconf 71' lang='grc' dir='ltr'><strong>καὶ</strong></span> <span class='ocrx_word' id='word_1_647' title='bbox 1168 4536 1301 4604; x_wconf 78' lang='grc' dir='ltr'>ἡμῖν</span> <span class='ocrx_word' id='word_1_648' title='bbox 1334 4534 1630 4588; x_wconf 84' lang='grc' dir='ltr'>λυσιτελεῖν</span> <span class='ocrx_word' id='word_1_649' title='bbox 1662 4553 1749 4588; x_wconf 86' lang='grc' dir='ltr'>νο-</span> 
     </span>
    </p>
   </div>
   <div class='ocr_carea' id='block_1_92' title="bbox 1854 4518 3427 4604">
    <p class='ocr_par' dir='ltr' id='par_1_92' title="bbox 1858 4518 3427 4590">
     <span class='ocr_line' id='line_1_92' title="bbox 1858 4518 3427 4590; baseline -0.004 -14"><span class='ocrx_word' id='word_1_650' title='bbox 1858 4521 2109 4590; x_wconf 73' lang='lat' dir='ltr'><strong>expedire</strong></span> <span class='ocrx_word' id='word_1_651' title='bbox 2138 4537 2151 4572; x_wconf 90' lang='lat'><strong>:</strong></span> <span class='ocrx_word' id='word_1_652' title='bbox 2185 4536 2302 4590; x_wconf 62' lang='lat' dir='ltr'><strong>qua!</strong></span> <span class='ocrx_word' id='word_1_653' title='bbox 2334 4535 2461 4573; x_wconf 89' lang='lat' dir='ltr'><strong>vero</strong></span> <span class='ocrx_word' id='word_1_654' title='bbox 2493 4535 2618 4578; x_wconf 85' lang='lat' dir='ltr'><strong>cum</strong></span> <span class='ocrx_word' id='word_1_655' title='bbox 2648 4519 2742 4572; x_wconf 90' lang='lat' dir='ltr'><strong>illo</strong></span> <span class='ocrx_word' id='word_1_656' title='bbox 2765 4529 3023 4587; x_wconf 73' lang='lat' dir='ltr'><strong>pugnent,</strong></span> <span class='ocrx_word' id='word_1_657' title='bbox 3076 4533 3138 4572; x_wconf 90' lang='lat' dir='ltr'><strong>ea</strong></span> <span class='ocrx_word' id='word_1_658' title='bbox 3169 4519 3222 4571; x_wconf 88' lang='lat' dir='ltr'><strong>in</strong></span> <span class='ocrx_word' id='word_1_659' title='bbox 3249 4518 3427 4578; x_wconf 86' lang='lat' dir='ltr'><strong>malis,</strong></span> 
     </span>
    </p>
   </div>
   <div class='ocr_carea' id='block_1_93' title="bbox 170 4621 1749 4698">
    <p class='ocr_par' dir='ltr' id='par_1_93' title="bbox 170 4621 1749 4698">
     <span class='ocr_line' id='line_1_93' title="bbox 170 4621 1749 4698; baseline 0.006 -26"><span class='ocrx_word' id='word_1_660' title='bbox 170 4621 380 4690; x_wconf 79' lang='grc' dir='ltr'>μίζειν,</span> <span class='ocrx_word' id='word_1_661' title='bbox 410 4623 510 4675; x_wconf 87' lang='grc' dir='ltr'>ὃσα</span> <span class='ocrx_word' id='word_1_662' title='bbox 539 4623 594 4676; x_wconf 84' lang='grc' dir='ltr'>δὲ</span> <span class='ocrx_word' id='word_1_663' title='bbox 618 4625 811 4695; x_wconf 81' lang='grc' dir='ltr'>ἐκείνῳ</span> <span class='ocrx_word' id='word_1_664' title='bbox 841 4629 1095 4695; x_wconf 83' lang='grc' dir='ltr'>μάχεται,</span> <span class='ocrx_word' id='word_1_665' title='bbox 1121 4628 1295 4684; x_wconf 83' lang='grc' dir='ltr'>ταῦτα</span> <span class='ocrx_word' id='word_1_666' title='bbox 1324 4629 1422 4698; x_wconf 79' lang='grc' dir='ltr'>τῆς</span> <span class='ocrx_word' id='word_1_667' title='bbox 1451 4630 1544 4684; x_wconf 90' lang='grc' dir='ltr'><strong>τοῦ</strong></span> <span class='ocrx_word' id='word_1_668' title='bbox 1577 4629 1749 4683; x_wconf 84' lang='grc' dir='ltr'>κακοῦ</span> 
     </span>
    </p>
   </div>
   <div class='ocr_carea' id='block_1_94' title="bbox 167 4712 1752 4788">
    <p class='ocr_par' dir='ltr' id='par_1_94' title="bbox 167 4712 1752 4788">
     <span class='ocr_line' id='line_1_94' title="bbox 167 4712 1752 4788; baseline 0.005 -26"><span class='ocrx_word' id='word_1_669' title='bbox 167 4712 381 4780; x_wconf 79' lang='grc' dir='ltr'>μοίρας</span> <span class='ocrx_word' id='word_1_670' title='bbox 409 4712 638 4779; x_wconf 79' lang='grc' dir='ltr'>οἴεσθαι,</span> <span class='ocrx_word' id='word_1_671' title='bbox 681 4717 777 4768; x_wconf 68' lang='grc' dir='ltr'><strong>καὶ</strong></span> <span class='ocrx_word' id='word_1_672' title='bbox 804 4717 1023 4785; x_wconf 74' lang='grc' dir='ltr'>προσέεΓ</span> <span class='ocrx_word' id='word_1_673' title='bbox 1058 4720 1192 4787; x_wconf 72' lang='grc' dir='ltr'>ἡμῖν</span> <span class='ocrx_word' id='word_1_674' title='bbox 1239 4719 1500 4788; x_wconf 75' lang='grc' dir='ltr'>βλαϐερά.</span> <span class='ocrx_word' id='word_1_675' title='bbox 1530 4719 1752 4788; x_wconf 84' lang='grc' dir='ltr'>Ταύτης</span> 
     </span>
    </p>
   </div>
   <div class='ocr_carea' id='block_1_95' title="bbox 159 4805 1749 4881">
    <p class='ocr_par' dir='ltr' id='par_1_95' title="bbox 159 4805 1749 4881">
     <span class='ocr_line' id='line_1_95' title="bbox 159 4805 1749 4881; baseline -0.004 -11"><span class='ocrx_word' id='word_1_676' title='bbox 159 4806 358 4855; x_wconf 61' lang='grc' dir='ltr'><strong>τοίνυν</strong></span> <span class='ocrx_word' id='word_1_677' title='bbox 388 4805 487 4874; x_wconf 80' lang='grc' dir='ltr'><strong>τῆς</strong></span> <span class='ocrx_word' id='word_1_678' title='bbox 517 4806 746 4876; x_wconf 78' lang='grc' dir='ltr'>γνώμης</span> <span class='ocrx_word' id='word_1_679' title='bbox 772 4807 940 4878; x_wconf 77' lang='grc' dir='ltr'>πολλὴ</span> <span class='ocrx_word' id='word_1_680' title='bbox 974 4811 1133 4880; x_wconf 70' lang='grc' dir='ltr'>χάρις</span> <span class='ocrx_word' id='word_1_681' title='bbox 1155 4813 1310 4881; x_wconf 79' lang='grc' dir='ltr'>ἡμῖν.</span> <span class='ocrx_word' id='word_1_682' title='bbox 1345 4812 1610 4881; x_wconf 78' lang='grc' dir='ltr'>Ἀτεχνῶς</span> <span class='ocrx_word' id='word_1_683' title='bbox 1641 4812 1749 4880; x_wconf 75' lang='grc' dir='ltr'>γὰρ</span> 
     </span>
    </p>
   </div>
   <div class='ocr_carea' id='block_1_96' title="bbox 158 4895 1751 4972">
    <p class='ocr_par' dir='ltr' id='par_1_96' title="bbox 158 4895 1751 4972">
     <span class='ocr_line' id='line_1_96' title="bbox 158 4895 1751 4972; baseline 0.005 -26"><span class='ocrx_word' id='word_1_684' title='bbox 158 4898 195 4963; x_wconf 76' lang='grc' dir='ltr'>ἡ</span> <span class='ocrx_word' id='word_1_685' title='bbox 224 4895 362 4958; x_wconf 76' lang='grc' dir='ltr'>δόξα</span> <span class='ocrx_word' id='word_1_686' title='bbox 396 4900 820 4967; x_wconf 76' lang='grc' dir='ltr'>σωφρονούντων</span> <span class='ocrx_word' id='word_1_687' title='bbox 846 4901 1077 4969; x_wconf 70' lang='grc' dir='ltr'>ἀνδρῶν,</span> <span class='ocrx_word' id='word_1_688' title='bbox 1109 4903 1355 4972; x_wconf 78' lang='grc' dir='ltr'>καὶπρὸς</span> <span class='ocrx_word' id='word_1_689' title='bbox 1381 4903 1408 4954; x_wconf 79' lang='grc' dir='ltr'>ὃ</span> <span class='ocrx_word' id='word_1_690' title='bbox 1437 4903 1537 4968; x_wconf 85' lang='grc' dir='ltr'>δεῖ,</span> <span class='ocrx_word' id='word_1_691' title='bbox 1574 4902 1751 4955; x_wconf 80' lang='grc' dir='ltr'>πάντα</span> 
     </span>
    </p>
   </div>
   <div class='ocr_carea' id='block_1_97' title="bbox 157 4990 1748 5062">
    <p class='ocr_par' dir='ltr' id='par_1_97' title="bbox 157 4990 1748 5062">
     <span class='ocr_line' id='line_1_97' title="bbox 157 4990 1748 5062; baseline 0.002 -21"><span class='ocrx_word' id='word_1_692' title='bbox 157 4990 580 5056; x_wconf 74' lang='grc' dir='ltr'>ἀναφερόντων.</span> <span class='ocrx_word' id='word_1_693' title='bbox 625 4991 763 5043; x_wconf 78' lang='grc' dir='ltr'>Ἀλλ’</span> <span class='ocrx_word' id='word_1_694' title='bbox 799 4993 846 5044; x_wconf 84' lang='grc' dir='ltr'>εξ</span> <span class='ocrx_word' id='word_1_695' title='bbox 896 4993 994 5062; x_wconf 79' lang='grc' dir='ltr'>μὲν</span> <span class='ocrx_word' id='word_1_696' title='bbox 1040 4991 1070 5062; x_wconf 78' lang='grc' dir='ltr'>ἦ</span> <span class='ocrx_word' id='word_1_697' title='bbox 1121 4993 1298 5062; x_wconf 75' lang='grc' dir='ltr'>ψυχῆς</span> <span class='ocrx_word' id='word_1_698' title='bbox 1338 4993 1468 5046; x_wconf 77' lang='grc' dir='ltr'>ἄνευ</span> <span class='ocrx_word' id='word_1_699' title='bbox 1513 4992 1748 5062; x_wconf 72' lang='grc' dir='ltr'>ἐζῶμεν,</span> 
     </span>
    </p>
   </div>
   <div class='ocr_carea' id='block_1_98' title="bbox 161 5079 1752 5153">
    <p class='ocr_par' dir='ltr' id='par_1_98' title="bbox 161 5079 1752 5153">
     <span class='ocr_line' id='line_1_98' title="bbox 161 5079 1752 5153; baseline 0.002 -22"><span class='ocrx_word' id='word_1_700' title='bbox 161 5082 266 5132; x_wconf 70' lang='grc' dir='ltr'><strong>καὶ</strong></span> <span class='ocrx_word' id='word_1_701' title='bbox 303 5081 366 5131; x_wconf 73' lang='grc' dir='ltr'>τὸ</span> <span class='ocrx_word' id='word_1_702' title='bbox 402 5083 560 5150; x_wconf 85' lang='grc' dir='ltr'>σῶμα</span> <span class='ocrx_word' id='word_1_703' title='bbox 600 5083 760 5151; x_wconf 85' lang='grc' dir='ltr'>μόνον</span> <span class='ocrx_word' id='word_1_704' title='bbox 799 5079 866 5153; x_wconf 79' lang='grc' dir='ltr'>ἦν</span> <span class='ocrx_word' id='word_1_705' title='bbox 905 5083 1053 5135; x_wconf 80' lang='grc' dir='ltr'>τοῦθ’</span> <span class='ocrx_word' id='word_1_706' title='bbox 1099 5085 1234 5153; x_wconf 83' lang='grc' dir='ltr'>ὅπερ</span> <span class='ocrx_word' id='word_1_707' title='bbox 1265 5085 1460 5152; x_wconf 79' lang='grc' dir='ltr'>ὲσμέν⁶</span> <span class='ocrx_word' id='word_1_708' title='bbox 1498 5079 1557 5136; x_wconf 74' lang='grc' dir='ltr'><strong>οὗ</strong></span> <span class='ocrx_word' id='word_1_709' title='bbox 1598 5084 1752 5149; x_wconf 81' lang='grc' dir='ltr'>φθει-</span> 
     </span>
    </p>
   </div>
   <div class='ocr_carea' id='block_1_99' title="bbox 163 5169 1750 5246">
    <p class='ocr_par' dir='ltr' id='par_1_99' title="bbox 163 5169 1750 5246">
     <span class='ocr_line' id='line_1_99' title="bbox 163 5169 1750 5246; baseline 0.004 -26"><span class='ocrx_word' id='word_1_710' title='bbox 163 5170 440 5238; x_wconf 73' lang='grc' dir='ltr'>ρομένου,</span> <span class='ocrx_word' id='word_1_711' title='bbox 473 5171 684 5243; x_wconf 81' lang='grc' dir='ltr'>ούδαμῆ</span> <span class='ocrx_word' id='word_1_712' title='bbox 715 5173 962 5242; x_wconf 77' lang='grc' dir='ltr'>οὐδαμῶς</span> <span class='ocrx_word' id='word_1_713' title='bbox 993 5173 1059 5226; x_wconf 83' lang='grc' dir='ltr'>ἂν</span> <span class='ocrx_word' id='word_1_714' title='bbox 1095 5169 1183 5244; x_wconf 81' lang='grc' dir='ltr'>ἦν,</span> <span class='ocrx_word' id='word_1_715' title='bbox 1223 5173 1251 5226; x_wconf 86' lang='grc' dir='ltr'><strong>ὃ</strong></span> <span class='ocrx_word' id='word_1_716' title='bbox 1291 5175 1556 5246; x_wconf 81' lang='grc' dir='ltr'>πρότερον</span> <span class='ocrx_word' id='word_1_717' title='bbox 1586 5171 1750 5245; x_wconf 79' lang='grc' dir='ltr'>ἦμεν,</span> 
     </span>
    </p>
   </div>
   <div class='ocr_carea' id='block_1_100' title="bbox 157 5261 1748 5334">
    <p class='ocr_par' dir='ltr' id='par_1_100' title="bbox 157 5261 1748 5334">
     <span class='ocr_line' id='line_1_100' title="bbox 157 5261 1748 5334; baseline 0 -20"><span class='ocrx_word' id='word_1_718' title='bbox 157 5261 298 5314; x_wconf 82' lang='grc' dir='ltr'>οὐδέ</span> <span class='ocrx_word' id='word_1_719' title='bbox 327 5278 413 5323; x_wconf 82' lang='grc' dir='ltr'><strong>τις</strong></span> <span class='ocrx_word' id='word_1_720' title='bbox 445 5264 576 5332; x_wconf 69' lang='grc' dir='ltr'>ἡμῖν</span> <span class='ocrx_word' id='word_1_721' title='bbox 634 5265 908 5331; x_wconf 81' lang='grc' dir='ltr'>μετέπιιτ’</span> <span class='ocrx_word' id='word_1_722' title='bbox 939 5265 1114 5330; x_wconf 79' lang='grc' dir='ltr'>ἐλπὶς,</span> <span class='ocrx_word' id='word_1_723' title='bbox 1163 5265 1195 5332; x_wconf 84' lang='grc' dir='ltr'><strong>ἢ</strong></span> <span class='ocrx_word' id='word_1_724' title='bbox 1241 5265 1421 5334; x_wconf 74' lang='grc' dir='ltr'>λόγος,</span> <span class='ocrx_word' id='word_1_725' title='bbox 1466 5264 1748 5316; x_wconf 79' lang='grc' dir='ltr'>ἐλείπετο·</span> 
     </span>
    </p>
   </div>
   <div class='ocr_carea' id='block_1_101' title="bbox 156 5354 1753 5426">
    <p class='ocr_par' dir='ltr' id='par_1_101' title="bbox 156 5354 1753 5426">
     <span class='ocr_line' id='line_1_101' title="bbox 156 5354 1753 5426; baseline 0.001 -22"><span class='ocrx_word' id='word_1_726' title='bbox 156 5354 194 5424; x_wconf 82' lang='grc' dir='ltr'><strong>ἦ</strong></span> <span class='ocrx_word' id='word_1_727' title='bbox 241 5355 343 5406; x_wconf 69' lang='grc' dir='ltr'><strong>καὶ</strong></span> <span class='ocrx_word' id='word_1_728' title='bbox 373 5355 517 5425; x_wconf 75' lang='grc' dir='ltr'>ψυχῇ</span> <span class='ocrx_word' id='word_1_729' title='bbox 560 5355 832 5425; x_wconf 75' lang='grc' dir='ltr'>χρώμενοι</span> <span class='ocrx_word' id='word_1_730' title='bbox 873 5357 1009 5426; x_wconf 76' lang='grc' dir='ltr'>πρὸς</span> <span class='ocrx_word' id='word_1_731' title='bbox 1055 5359 1114 5409; x_wconf 77' lang='grc' dir='ltr'>τὸ</span> <span class='ocrx_word' id='word_1_732' title='bbox 1161 5355 1282 5426; x_wconf 78' lang='grc' dir='ltr'>ζῇν,</span> <span class='ocrx_word' id='word_1_733' title='bbox 1331 5355 1430 5410; x_wconf 78' lang='grc' dir='ltr'><strong>οὐκ</strong></span> <span class='ocrx_word' id='word_1_734' title='bbox 1477 5355 1753 5424; x_wconf 73' lang='grc' dir='ltr'>ἄφθαρτον</span> 
     </span>
    </p>
   </div>
   <div class='ocr_carea' id='block_1_102' title="bbox 157 5445 1753 5518">
    <p class='ocr_par' dir='ltr' id='par_1_102' title="bbox 157 5445 1753 5518">
     <span class='ocr_line' id='line_1_102' title="bbox 157 5445 1753 5518; baseline 0.001 -21"><span class='ocrx_word' id='word_1_735' title='bbox 157 5446 334 5512; x_wconf 81' lang='grc' dir='ltr'>παρὰ</span> <span class='ocrx_word' id='word_1_736' title='bbox 363 5445 453 5498; x_wconf 82' lang='grc' dir='ltr'><strong>τοῦ</strong></span> <span class='ocrx_word' id='word_1_737' title='bbox 476 5447 808 5518; x_wconf 86' lang='grc' dir='ltr'>δημιουργοῦ</span> <span class='ocrx_word' id='word_1_738' title='bbox 840 5449 1039 5518; x_wconf 80' lang='grc' dir='ltr'>ταύτην</span> <span class='ocrx_word' id='word_1_739' title='bbox 1066 5448 1309 5518; x_wconf 77' lang='grc' dir='ltr'>εἴχομεν,</span> <span class='ocrx_word' id='word_1_740' title='bbox 1329 5448 1422 5500; x_wconf 73' lang='grc' dir='ltr'><strong>καὶ</strong></span> <span class='ocrx_word' id='word_1_741' title='bbox 1449 5446 1753 5516; x_wconf 78' lang='grc' dir='ltr'>δυναμένην</span> 
     </span>
    </p>
   </div>
   <div class='ocr_carea' id='block_1_103' title="bbox 158 5537 1752 5610">
    <p class='ocr_par' dir='ltr' id='par_1_103' title="bbox 158 5537 1752 5610">
     <span class='ocr_line' id='line_1_103' title="bbox 158 5537 1752 5610; baseline 0.001 -22"><span class='ocrx_word' id='word_1_742' title='bbox 158 5537 304 5589; x_wconf 81' lang='grc' dir='ltr'>καθ’</span> <span class='ocrx_word' id='word_1_743' title='bbox 337 5538 538 5609; x_wconf 74' lang='grc' dir='ltr'>ἑαυτὴν</span> <span class='ocrx_word' id='word_1_744' title='bbox 572 5541 931 5610; x_wconf 83' lang='grc' dir='ltr'>παραμένειν,</span> <span class='ocrx_word' id='word_1_745' title='bbox 964 5541 1076 5594; x_wconf 85' lang='grc' dir='ltr'>ἀλλ’</span> <span class='ocrx_word' id='word_1_746' title='bbox 1125 5541 1246 5593; x_wconf 86' lang='grc' dir='ltr'>οῖαν</span> <span class='ocrx_word' id='word_1_747' title='bbox 1303 5540 1462 5609; x_wconf 67' lang='grc' dir='ltr'>μόνον</span> <span class='ocrx_word' id='word_1_748' title='bbox 1513 5541 1752 5592; x_wconf 86' lang='grc' dir='ltr'>συνεῖναι</span> 
     </span>
    </p>
   </div>
   <div class='ocr_carea' id='block_1_104' title="bbox 157 5625 1754 5699">
    <p class='ocr_par' dir='ltr' id='par_1_104' title="bbox 157 5625 1754 5699">
     <span class='ocr_line' id='line_1_104' title="bbox 157 5625 1754 5699; baseline 0.001 -21"><span class='ocrx_word' id='word_1_749' title='bbox 157 5626 248 5694; x_wconf 81' lang='grc' dir='ltr'><strong>τῷ</strong></span> <span class='ocrx_word' id='word_1_750' title='bbox 285 5625 528 5697; x_wconf 80' lang='grc' dir='ltr'>σώματι,</span> <span class='ocrx_word' id='word_1_751' title='bbox 571 5631 668 5681; x_wconf 79' lang='grc' dir='ltr'>καὶ</span> <span class='ocrx_word' id='word_1_752' title='bbox 721 5631 1001 5699; x_wconf 75' lang='grc' dir='ltr'>οἰχομένου</span> <span class='ocrx_word' id='word_1_753' title='bbox 1050 5627 1464 5682; x_wconf 84' lang='grc' dir='ltr'>συνδιαλύεσθαι</span> <span class='ocrx_word' id='word_1_754' title='bbox 1492 5643 1506 5656; x_wconf 84' lang='lat'>&#39;</span> <span class='ocrx_word' id='word_1_755' title='bbox 1555 5628 1655 5681; x_wconf 79' lang='grc' dir='ltr'>οὐκ</span> <span class='ocrx_word' id='word_1_756' title='bbox 1688 5627 1754 5680; x_wconf 86' lang='grc' dir='ltr'>ἂν</span> 
     </span>
    </p>
   </div>
   <div class='ocr_carea' id='block_1_105' title="bbox 157 5712 1751 5791">
    <p class='ocr_par' dir='ltr' id='par_1_105' title="bbox 157 5712 1751 5791">
     <span class='ocr_line' id='line_1_105' title="bbox 157 5712 1751 5791; baseline 0 -19"><span class='ocrx_word' id='word_1_757' title='bbox 157 5720 534 5774; x_wconf 79' lang='grc' dir='ltr'>παντάπασιν</span> <span class='ocrx_word' id='word_1_758' title='bbox 563 5721 758 5787; x_wconf 79' lang='grc' dir='ltr'>ἄλογον</span> <span class='ocrx_word' id='word_1_759' title='bbox 791 5718 859 5790; x_wconf 78' lang='grc' dir='ltr'>ἦν</span> <span class='ocrx_word' id='word_1_760' title='bbox 903 5721 1155 5786; x_wconf 81' lang='grc' dir='ltr'>δεδιέναι,</span> <span class='ocrx_word' id='word_1_761' title='bbox 1204 5723 1260 5773; x_wconf 84' lang='grc' dir='ltr'>ὲν</span> <span class='ocrx_word' id='word_1_762' title='bbox 1303 5712 1588 5791; x_wconf 75' lang='grc' dir='ltr'>τῴπαντὶ</span> <span class='ocrx_word' id='word_1_763' title='bbox 1620 5721 1751 5789; x_wconf 79' lang='grc' dir='ltr'>μέλ-</span> 
     </span>
    </p>
   </div>
   <div class='ocr_carea' id='block_1_106' title="bbox 156 5812 1752 5888">
    <p class='ocr_par' dir='ltr' id='par_1_106' title="bbox 156 5812 1752 5888">
     <span class='ocr_line' id='line_1_106' title="bbox 156 5812 1752 5888; baseline -0.001 -22"><span class='ocrx_word' id='word_1_764' title='bbox 156 5812 374 5875; x_wconf 74' lang='grc' dir='ltr'>λοντας</span> <span class='ocrx_word' id='word_1_765' title='bbox 404 5813 757 5880; x_wconf 74' lang='grc' dir='ltr'>κινδυνεύειν,</span> <span class='ocrx_word' id='word_1_766' title='bbox 792 5818 886 5872; x_wconf 73' lang='grc' dir='ltr'><strong>καὶ</strong></span> <span class='ocrx_word' id='word_1_767' title='bbox 915 5813 1009 5869; x_wconf 91' lang='grc' dir='ltr'><strong>τοῦ</strong></span> <span class='ocrx_word' id='word_1_768' title='bbox 1035 5815 1206 5882; x_wconf 81' lang='grc' dir='ltr'>ὄντος,</span> <span class='ocrx_word' id='word_1_769' title='bbox 1234 5813 1307 5878; x_wconf 88' lang='grc' dir='ltr'><strong>ὡς</strong></span> <span class='ocrx_word' id='word_1_770' title='bbox 1340 5815 1554 5888; x_wconf 85' lang='grc' dir='ltr'>σχεδίας</span> <span class='ocrx_word' id='word_1_771' title='bbox 1583 5814 1752 5880; x_wconf 78' lang='grc' dir='ltr'>τινὸς,</span> 
     </span>
    </p>
   </div>
   <div class='ocr_carea' id='block_1_107' title="bbox 1853 4606 3430 4681">
    <p class='ocr_par' dir='ltr' id='par_1_107' title="bbox 1853 4606 3430 4681">
     <span class='ocr_line' id='line_1_107' title="bbox 1853 4606 3430 4681; baseline -0.002 -16"><span class='ocrx_word' id='word_1_772' title='bbox 1853 4623 2015 4681; x_wconf 85' lang='lat' dir='ltr'><strong>atque</strong></span> <span class='ocrx_word' id='word_1_773' title='bbox 2046 4613 2180 4666; x_wconf 90' lang='lat' dir='ltr'><strong>adeo</strong></span> <span class='ocrx_word' id='word_1_774' title='bbox 2240 4612 2396 4666; x_wconf 84' lang='lat' dir='ltr'><strong>nobis</strong></span> <span class='ocrx_word' id='word_1_775' title='bbox 2431 4611 2630 4674; x_wconf 79' lang='lat' dir='ltr'><strong>noxiis,</strong></span> <span class='ocrx_word' id='word_1_776' title='bbox 2688 4606 2935 4664; x_wconf 85' lang='lat' dir='ltr'><strong>habenda</strong></span> <span class='ocrx_word' id='word_1_777' title='bbox 2996 4625 3137 4664; x_wconf 89' lang='lat' dir='ltr'><strong>esse.</strong></span> <span class='ocrx_word' id='word_1_778' title='bbox 3198 4608 3262 4660; x_wconf 84' lang='lat' dir='ltr'><strong>Et</strong></span> <span class='ocrx_word' id='word_1_779' title='bbox 3313 4609 3430 4662; x_wconf 68' lang='lat' dir='ltr'><strong>haec</strong></span> 
     </span>
    </p>
   </div>
   <div class='ocr_carea' id='block_1_108' title="bbox 1854 4700 3429 4774">
    <p class='ocr_par' dir='ltr' id='par_1_108' title="bbox 1854 4700 3429 4774">
     <span class='ocr_line' id='line_1_108' title="bbox 1854 4700 3429 4774; baseline -0.003 -16"><span class='ocrx_word' id='word_1_780' title='bbox 1854 4705 2072 4774; x_wconf 88' lang='lat' dir='ltr'><strong>quidem</strong></span> <span class='ocrx_word' id='word_1_781' title='bbox 2107 4705 2374 4758; x_wconf 86' lang='lat' dir='ltr'><strong>sententia</strong></span> <span class='ocrx_word' id='word_1_782' title='bbox 2405 4704 2560 4758; x_wconf 88' lang='lat' dir='ltr'><strong>nobis</strong></span> <span class='ocrx_word' id='word_1_783' title='bbox 2589 4703 2878 4757; x_wconf 88' lang='lat' dir='ltr'><strong>admodum</strong></span> <span class='ocrx_word' id='word_1_784' title='bbox 2937 4712 3087 4771; x_wconf 80' lang='lat' dir='ltr'><strong>grata</strong></span> <span class='ocrx_word' id='word_1_785' title='bbox 3145 4715 3268 4752; x_wconf 90' lang='lat' dir='ltr'><strong>esse</strong></span> <span class='ocrx_word' id='word_1_786' title='bbox 3329 4700 3429 4754; x_wconf 85' lang='lat' dir='ltr'><strong>de-</strong></span> 
     </span>
    </p>
   </div>
   <div class='ocr_carea' id='block_1_109' title="bbox 1855 4789 3424 4863">
    <p class='ocr_par' dir='ltr' id='par_1_109' title="bbox 1855 4789 3424 4863">
     <span class='ocr_line' id='line_1_109' title="bbox 1855 4789 3424 4863; baseline -0.007 -13"><span class='ocrx_word' id='word_1_787' title='bbox 1855 4797 1966 4850; x_wconf 87' lang='lat' dir='ltr'><strong>bet.</strong></span> <span class='ocrx_word' id='word_1_788' title='bbox 2003 4795 2240 4850; x_wconf 85' lang='lat' dir='ltr'><strong>Omnino</strong></span> <span class='ocrx_word' id='word_1_789' title='bbox 2272 4797 2420 4850; x_wconf 89' lang='lat' dir='ltr'><strong>enim</strong></span> <span class='ocrx_word' id='word_1_790' title='bbox 2458 4796 2573 4848; x_wconf 62' lang='lat' dir='ltr'><strong>haec</strong></span> <span class='ocrx_word' id='word_1_791' title='bbox 2594 4795 2779 4863; x_wconf 91' lang='lat' dir='ltr'><strong>opinio</strong></span> <span class='ocrx_word' id='word_1_792' title='bbox 2808 4801 2893 4847; x_wconf 90' lang='lat' dir='ltr'><strong>est</strong></span> <span class='ocrx_word' id='word_1_793' title='bbox 2920 4793 3200 4845; x_wconf 67' lang='lat' dir='ltr'><strong>[nominum</strong></span> <span class='ocrx_word' id='word_1_794' title='bbox 3229 4789 3424 4842; x_wconf 81' lang='lat' dir='ltr'><strong>corda-</strong></span> 
     </span>
    </p>
   </div>
   <div class='ocr_carea' id='block_1_110' title="bbox 1855 4882 3423 4958">
    <p class='ocr_par' dir='ltr' id='par_1_110' title="bbox 1855 4882 3423 4958">
     <span class='ocr_line' id='line_1_110' title="bbox 1855 4882 3423 4958; baseline -0.008 -15"><span class='ocrx_word' id='word_1_795' title='bbox 1855 4899 2053 4953; x_wconf 90' lang='lat' dir='ltr'><strong>torum,</strong></span> <span class='ocrx_word' id='word_1_796' title='bbox 2086 4900 2138 4943; x_wconf 92' lang='lat' dir='ltr'><strong>et</strong></span> <span class='ocrx_word' id='word_1_797' title='bbox 2175 4889 2265 4958; x_wconf 89' lang='lat' dir='ltr'><strong>qui</strong></span> <span class='ocrx_word' id='word_1_798' title='bbox 2296 4889 2479 4942; x_wconf 83' lang='lat' dir='ltr'><strong>omnia</strong></span> <span class='ocrx_word' id='word_1_799' title='bbox 2509 4887 2748 4940; x_wconf 87' lang='lat' dir='ltr'><strong>referant</strong></span> <span class='ocrx_word' id='word_1_800' title='bbox 2791 4898 2898 4952; x_wconf 87' lang='lat' dir='ltr'><strong>quo</strong></span> <span class='ocrx_word' id='word_1_801' title='bbox 2955 4890 3188 4951; x_wconf 84' lang='lat' dir='ltr'><strong>Oportet.</strong></span> <span class='ocrx_word' id='word_1_802' title='bbox 3229 4882 3423 4932; x_wconf 74' lang='lat' dir='ltr'><strong>Verum</strong></span> 
     </span>
    </p>
   </div>
   <div class='ocr_carea' id='block_1_111' title="bbox 1855 4972 3423 5048">
    <p class='ocr_par' dir='ltr' id='par_1_111' title="bbox 1855 4972 3423 5048">
     <span class='ocr_line' id='line_1_111' title="bbox 1855 4972 3423 5048; baseline -0.008 -13"><span class='ocrx_word' id='word_1_803' title='bbox 1855 4982 1967 5035; x_wconf 80' lang='lat' dir='ltr'><strong>sive</strong></span> <span class='ocrx_word' id='word_1_804' title='bbox 1988 4981 2194 5048; x_wconf 78' lang='lat' dir='ltr'><strong>abSqne</strong></span> <span class='ocrx_word' id='word_1_805' title='bbox 2224 4981 2406 5032; x_wconf 86' lang='lat' dir='ltr'><strong>animo</strong></span> <span class='ocrx_word' id='word_1_806' title='bbox 2441 4979 2765 5038; x_wconf 79' lang='lat' dir='ltr'><strong>viVeremus.</strong></span> <span class='ocrx_word' id='word_1_807' title='bbox 2832 4982 2888 5028; x_wconf 87' lang='lat' dir='ltr'><strong>et</strong></span> <span class='ocrx_word' id='word_1_808' title='bbox 2916 4989 3114 5042; x_wconf 84' lang='lat' dir='ltr'><strong>corpus</strong></span> <span class='ocrx_word' id='word_1_809' title='bbox 3142 4973 3192 5026; x_wconf 89' lang='lat' dir='ltr'><strong>id</strong></span> <span class='ocrx_word' id='word_1_810' title='bbox 3249 4972 3423 5046; x_wconf 57' lang='lat' dir='ltr'><strong>solfm</strong></span> 
     </span>
    </p>
   </div>
   <div class='ocr_carea' id='block_1_112' title="bbox 1855 5062 3425 5142">
    <p class='ocr_par' dir='ltr' id='par_1_112' title="bbox 1855 5062 3425 5142">
     <span class='ocr_line' id='line_1_112' title="bbox 1855 5062 3425 5142; baseline -0.009 -15"><span class='ocrx_word' id='word_1_811' title='bbox 1855 5085 1998 5127; x_wconf 76' lang='lat' dir='ltr'><strong>esset</strong></span> <span class='ocrx_word' id='word_1_812' title='bbox 2031 5073 2175 5142; x_wconf 86' lang='lat' dir='ltr'><strong>quod</strong></span> <span class='ocrx_word' id='word_1_813' title='bbox 2232 5086 2421 5126; x_wconf 89' lang='lat' dir='ltr'><strong>sumus</strong></span> <span class='ocrx_word' id='word_1_814' title='bbox 2460 5086 2478 5123; x_wconf 84' lang='lat'>:</span> <span class='ocrx_word' id='word_1_815' title='bbox 2526 5085 2633 5138; x_wconf 83' lang='lat' dir='ltr'><strong>quo</strong></span> <span class='ocrx_word' id='word_1_816' title='bbox 2691 5069 3002 5122; x_wconf 86' lang='lat' dir='ltr'><strong>intereunte</strong></span> <span class='ocrx_word' id='word_1_817' title='bbox 3063 5065 3213 5117; x_wconf 89' lang='lat' dir='ltr'><strong>nullo</strong></span> <span class='ocrx_word' id='word_1_818' title='bbox 3263 5062 3425 5115; x_wconf 89' lang='lat' dir='ltr'><strong>modo</strong></span> 
     </span>
    </p>
   </div>
   <div class='ocr_carea' id='block_1_113' title="bbox 1856 5158 3424 5236">
    <p class='ocr_par' dir='ltr' id='par_1_113' title="bbox 1856 5158 3424 5236">
     <span class='ocr_line' id='line_1_113' title="bbox 1856 5158 3424 5236; baseline -0.01 -15"><span class='ocrx_word' id='word_1_819' title='bbox 1856 5181 2082 5236; x_wconf 87' lang='lat' dir='ltr'><strong>usquam</strong></span> <span class='ocrx_word' id='word_1_820' title='bbox 2129 5165 2372 5219; x_wconf 88' lang='lat' dir='ltr'><strong>futurum</strong></span> <span class='ocrx_word' id='word_1_821' title='bbox 2418 5172 2564 5216; x_wconf 85' lang='lat' dir='ltr'><strong>esset</strong></span> <span class='ocrx_word' id='word_1_822' title='bbox 2603 5163 2677 5226; x_wconf 83' lang='lat' dir='ltr'><strong>id,</strong></span> <span class='ocrx_word' id='word_1_823' title='bbox 2710 5160 2852 5230; x_wconf 90' lang='lat' dir='ltr'><strong>quod</strong></span> <span class='ocrx_word' id='word_1_824' title='bbox 2911 5158 3060 5228; x_wconf 88' lang='lat' dir='ltr'><strong>prius</strong></span> <span class='ocrx_word' id='word_1_825' title='bbox 3124 5159 3424 5216; x_wconf 80' lang='lat' dir='ltr'><strong>fueramus,</strong></span> 
     </span>
    </p>
   </div>
   <div class='ocr_carea' id='block_1_114' title="bbox 1858 5248 3426 5328">
    <p class='ocr_par' dir='ltr' id='par_1_114' title="bbox 1858 5248 3426 5328">
     <span class='ocr_line' id='line_1_114' title="bbox 1858 5248 3426 5328; baseline -0.011 -14"><span class='ocrx_word' id='word_1_826' title='bbox 1858 5275 2034 5328; x_wconf 85' lang='lat' dir='ltr'><strong>neque</strong></span> <span class='ocrx_word' id='word_1_827' title='bbox 2059 5258 2217 5312; x_wconf 90' lang='lat' dir='ltr'><strong>nobis</strong></span> <span class='ocrx_word' id='word_1_828' title='bbox 2243 5256 2348 5309; x_wconf 87' lang='lat' dir='ltr'><strong>ulla</strong></span> <span class='ocrx_word' id='word_1_829' title='bbox 2385 5255 2645 5322; x_wconf 87' lang='lat' dir='ltr'><strong>deinceps</strong></span> <span class='ocrx_word' id='word_1_830' title='bbox 2683 5253 2768 5306; x_wconf 84' lang='lat' dir='ltr'><strong>vel</strong></span> <span class='ocrx_word' id='word_1_831' title='bbox 2818 5267 2942 5321; x_wconf 88' lang='lat' dir='ltr'><strong>spes</strong></span> <span class='ocrx_word' id='word_1_832' title='bbox 2967 5251 3051 5303; x_wconf 89' lang='lat' dir='ltr'><strong>vel</strong></span> <span class='ocrx_word' id='word_1_833' title='bbox 3086 5251 3223 5302; x_wconf 86' lang='lat' dir='ltr'><strong>ratio</strong></span> <span class='ocrx_word' id='word_1_834' title='bbox 3256 5248 3426 5302; x_wconf 86' lang='lat' dir='ltr'><strong>relin-</strong></span> 
     </span>
    </p>
   </div>
   <div class='ocr_carea' id='block_1_115' title="bbox 1855 5342 3421 5420">
    <p class='ocr_par' dir='ltr' id='par_1_115' title="bbox 1855 5342 3421 5420">
     <span class='ocr_line' id='line_1_115' title="bbox 1855 5342 3421 5420; baseline -0.008 -16"><span class='ocrx_word' id='word_1_835' title='bbox 1855 5345 2112 5420; x_wconf 85' lang='lat' dir='ltr'><strong>queretur</strong></span> <span class='ocrx_word' id='word_1_836' title='bbox 2145 5365 2159 5403; x_wconf 92' lang='lat'><strong>:</strong></span> <span class='ocrx_word' id='word_1_837' title='bbox 2190 5348 2306 5402; x_wconf 86' lang='lat' dir='ltr'><strong>sive</strong></span> <span class='ocrx_word' id='word_1_838' title='bbox 2337 5347 2519 5400; x_wconf 88' lang='lat' dir='ltr'><strong>animo</strong></span> <span class='ocrx_word' id='word_1_839' title='bbox 2561 5345 2626 5399; x_wconf 90' lang='lat' dir='ltr'><strong>ad</strong></span> <span class='ocrx_word' id='word_1_840' title='bbox 2681 5342 2970 5397; x_wconf 86' lang='lat' dir='ltr'><strong>vivendum</strong></span> <span class='ocrx_word' id='word_1_841' title='bbox 3025 5351 3260 5403; x_wconf 86' lang='lat' dir='ltr'><strong>utentes,</strong></span> <span class='ocrx_word' id='word_1_842' title='bbox 3297 5353 3421 5392; x_wconf 91' lang='lat' dir='ltr'><strong>eum</strong></span> 
     </span>
    </p>
   </div>
   <div class='ocr_carea' id='block_1_116' title="bbox 1855 5429 3427 5511">
    <p class='ocr_par' dir='ltr' id='par_1_116' title="bbox 1855 5429 3427 5511">
     <span class='ocr_line' id='line_1_116' title="bbox 1855 5429 3427 5511; baseline -0.008 -14"><span class='ocrx_word' id='word_1_843' title='bbox 1855 5444 1924 5497; x_wconf 89' lang='lat' dir='ltr'><strong>ab</strong></span> <span class='ocrx_word' id='word_1_844' title='bbox 1951 5442 2144 5511; x_wconf 86' lang='lat' dir='ltr'><strong>opilice</strong></span> <span class='ocrx_word' id='word_1_845' title='bbox 2167 5455 2264 5494; x_wconf 88' lang='lat' dir='ltr'><strong>nec</strong></span> <span class='ocrx_word' id='word_1_846' title='bbox 2293 5439 2654 5492; x_wconf 82' lang='lat' dir='ltr'><strong>immortalem</strong></span> <span class='ocrx_word' id='word_1_847' title='bbox 2681 5436 3103 5505; x_wconf 83' lang='lat' dir='ltr'><strong>accepissemus.</strong></span> <span class='ocrx_word' id='word_1_848' title='bbox 3173 5446 3274 5485; x_wconf 86' lang='lat' dir='ltr'><strong>nec</strong></span> <span class='ocrx_word' id='word_1_849' title='bbox 3332 5429 3427 5498; x_wconf 86' lang='lat' dir='ltr'><strong>qui</strong></span> 
     </span>
    </p>
   </div>
   <div class='ocr_carea' id='block_1_117' title="bbox 1858 5525 3426 5604">
    <p class='ocr_par' dir='ltr' id='par_1_117' title="bbox 1858 5525 3426 5604">
     <span class='ocr_line' id='line_1_117' title="bbox 1858 5525 3426 5604; baseline -0.008 -14"><span class='ocrx_word' id='word_1_850' title='bbox 1858 5546 2052 5604; x_wconf 75' lang='lat' dir='ltr'><strong>suapte</strong></span> <span class='ocrx_word' id='word_1_851' title='bbox 2092 5534 2140 5587; x_wconf 83' lang='lat' dir='ltr'><strong>vi</strong></span> <span class='ocrx_word' id='word_1_852' title='bbox 2182 5531 2484 5587; x_wconf 86' lang='lat' dir='ltr'><strong>consistere</strong></span> <span class='ocrx_word' id='word_1_853' title='bbox 2535 5539 2752 5598; x_wconf 81' lang='lat' dir='ltr'><strong>posset;</strong></span> <span class='ocrx_word' id='word_1_854' title='bbox 2813 5528 2908 5582; x_wconf 88' lang='lat' dir='ltr'><strong>sed</strong></span> <span class='ocrx_word' id='word_1_855' title='bbox 2956 5527 3115 5581; x_wconf 86' lang='lat' dir='ltr'><strong>talem</strong></span> <span class='ocrx_word' id='word_1_856' title='bbox 3176 5525 3334 5594; x_wconf 78' lang='lat' dir='ltr'><strong>cujus</strong></span> <span class='ocrx_word' id='word_1_857' title='bbox 3363 5537 3426 5577; x_wconf 86' lang='lat' dir='ltr'><strong>ea</strong></span> 
     </span>
    </p>
   </div>
   <div class='ocr_carea' id='block_1_118' title="bbox 1855 5615 3425 5691">
    <p class='ocr_par' dir='ltr' id='par_1_118' title="bbox 1855 5615 3425 5691">
     <span class='ocr_line' id='line_1_118' title="bbox 1855 5615 3425 5691; baseline -0.01 -8"><span class='ocrx_word' id='word_1_858' title='bbox 1855 5625 2097 5683; x_wconf 85' lang='lat' dir='ltr'><strong>conditio</strong></span> <span class='ocrx_word' id='word_1_859' title='bbox 2136 5632 2301 5688; x_wconf 77' lang='lat' dir='ltr'><strong>eSset,</strong></span> <span class='ocrx_word' id='word_1_860' title='bbox 2346 5632 2407 5678; x_wconf 90' lang='lat' dir='ltr'><strong>ut</strong></span> <span class='ocrx_word' id='word_1_861' title='bbox 2465 5623 2714 5691; x_wconf 81' lang='lat' dir='ltr'><strong>corporis</strong></span> <span class='ocrx_word' id='word_1_862' title='bbox 2766 5629 2971 5674; x_wconf 84' lang='lat' dir='ltr'><strong>tantum</strong></span> <span class='ocrx_word' id='word_1_863' title='bbox 3032 5615 3425 5674; x_wconf 82' lang='lat' dir='ltr'><strong>consuetudine</strong></span> 
     </span>
    </p>
   </div>
   <div class='ocr_carea' id='block_1_119' title="bbox 1859 5712 3423 5786">
    <p class='ocr_par' dir='ltr' id='par_1_119' title="bbox 1859 5712 3423 5786">
     <span class='ocr_line' id='line_1_119' title="bbox 1859 5712 3423 5786; baseline -0.004 -14"><span class='ocrx_word' id='word_1_864' title='bbox 1859 5727 2124 5782; x_wconf 85' lang='lat' dir='ltr'><strong>uteretur,</strong></span> <span class='ocrx_word' id='word_1_865' title='bbox 2153 5731 2326 5786; x_wconf 86' lang='lat' dir='ltr'><strong>eoque</strong></span> <span class='ocrx_word' id='word_1_866' title='bbox 2379 5727 2662 5784; x_wconf 83' lang='lat' dir='ltr'><strong>pereunte,</strong></span> <span class='ocrx_word' id='word_1_867' title='bbox 2729 5712 2890 5768; x_wconf 87' lang='lat' dir='ltr'><strong>simul</strong></span> <span class='ocrx_word' id='word_1_868' title='bbox 2943 5712 3196 5767; x_wconf 84' lang='lat' dir='ltr'><strong>interiret</strong></span> <span class='ocrx_word' id='word_1_869' title='bbox 3245 5727 3259 5762; x_wconf 89' lang='lat'><strong>:</strong></span> <span class='ocrx_word' id='word_1_870' title='bbox 3313 5722 3423 5768; x_wconf 85' lang='lat' dir='ltr'><strong>nott</strong></span> 
     </span>
    </p>
   </div>
   <div class='ocr_carea' id='block_1_120' title="bbox 1857 5805 3424 5873">
    <p class='ocr_par' dir='ltr' id='par_1_120' title="bbox 1857 5805 3424 5873">
     <span class='ocr_line' id='line_1_120' title="bbox 1857 5805 3424 5873; baseline -0.01 -4"><span class='ocrx_word' id='word_1_871' title='bbox 1857 5810 2080 5869; x_wconf 87' lang='lat' dir='ltr'><strong>omnino</strong></span> <span class='ocrx_word' id='word_1_872' title='bbox 2118 5809 2380 5867; x_wconf 74' lang='lat' dir='ltr'><strong>vecordia:</strong></span> <span class='ocrx_word' id='word_1_873' title='bbox 2414 5815 2577 5869; x_wconf 87' lang='lat' dir='ltr'><strong>esset.</strong></span> <span class='ocrx_word' id='word_1_874' title='bbox 2610 5821 2708 5862; x_wconf 89' lang='lat' dir='ltr'><strong>nos</strong></span> <span class='ocrx_word' id='word_1_875' title='bbox 2763 5805 2970 5873; x_wconf 83' lang='lat' dir='ltr'><strong>timere,</strong></span> <span class='ocrx_word' id='word_1_876' title='bbox 3013 5820 3136 5863; x_wconf 84' lang='lat' dir='ltr'><strong>cum</strong></span> <span class='ocrx_word' id='word_1_877' title='bbox 3183 5813 3290 5864; x_wconf 76' lang='lat' dir='ltr'><strong>tota</strong></span> <span class='ocrx_word' id='word_1_878' title='bbox 3328 5813 3424 5862; x_wconf 70' lang='lat' dir='ltr'><strong>na-</strong></span> 
     </span>
    </p>
   </div>
  </div>
