3904 6216
166 253 306 318 1185

1265 257 1363 317 DE
1393 256 1972 320 'CONTEMNENDA
2012 261 2299 324 MORTE.

3269 257 3406 322 1186

159 371 372 440 μένοις.
401 365 586 421 Ταῦτα
615 345 886 438 γὰρ’πρδς
917 369 1016 439 τὴν
1064 371 1257 442 χρείαν
1290 372 1452 440 μόνον
1484 374 1607 443 ὁρᾷ.
1637 372 1734 424 καὶ

1840 375 1946 428 sint
1971 390 2200 446 capaces
2231 417 2246 442 ,
2293 391 2397 446 qua
2428 375 2548 430 lucc
2574 380 2630 428 et
2674 350 3030 427 inveniuntur
3060 378 3115 425 et
3137 374 3408 441 pe’ragum

155 463 285 514 ὅσον
314 460 449 527 πρός
484 476 543 510 τε
592 459 800 529 τροφὴν
854 461 1040 525 αὐτοῖς
1069 463 1164 516 καὶ
1199 465 1416 530 γένεσιν
1465 464 1732 526 συντελεῖ,

154 553 312 607 οὐδὲν
345 552 403 605 δὲ
446 552 759 620 περαιτέρω
795 555 1220 624 περιεργάξεται
1243 562 1259 583 ⁶
1281 558 1373 609 καὶ
1408 554 1609 626 tam;
1637 558 1736 625 τῆς

155 646 408 711 ἀνάγκης
429 642 692 710 γινόμεναι
720 644 912 714 μόνης,
932 647 1245 714 φιλοτιμίαν
1261 648 1527 716 οὐδεμίαν
1547 648 1734 715 εἰσφέ-

158 755 339 809 ρεται,
365 736 560 804 ῶσπερ
587 737 822 800 τακτούς
869 755 1022 802 τινας
1059 740 1159 807 τῆς
1191 739 1410 808 φύσεως
1443 741 1609 810 ὄρους
1635 743 1733 811 οὐχ

158 831 518 899 ὑπερϐαίνειν
564 829 870 898 τολμῶντα.
908 831 1062 883 Ἵλατ’
1104 832 1191 900 ἐφ’
1220 834 1436 903 ἑκάστῳ
1464 833 1573 886 τῶν
1601 837 1732 904 ὁμο-

156 922 340 993 γενῶν
384 923 452 974 τὰ
500 922 640 974 αὑτά
685 921 751 974 ἂν
788 923 928 990 ίδῃς,
962 923 1057 975 καὶ
1111 923 1301 976 οίκιῶν
1331 926 1610 994 σχήματα,
1642 927 1734 978 καὶ

159 1015 383 1084 τροφῶν
422 1015 653 1082 νόμιμα,
684 1013 777 1066 καὶ
823 1014 1005 1066 ὕπνων
1036 1015 1469 1084 ἐπιτηδεύματα.
1505 1018 1598 1069 καὶ
1640 1019 1732 1069 θε·

159 1105 398 1175 ραπείας
431 1105 695 1171 ἐκγόνων,
721 1105 815 1156 καὶ
849 1103 984 1173 πρὸς
1015 1106 1308 1174 άποφυγάς
1348 1107 1380 1177 ἢ
1423 1109 1516 1160 καὶ
1549 1110 1732 1178 μάχας

158 1195 510 1267 περιεργίας.

737 1472 990 1527 ΚΕΦΑΛ.
1021 1471 1097 1525 Θ’.

230 1569 446 1624 Τούτων
485 1568 596 1640 γὰρ
642 1569 865 1622 πάντων
909 1567 988 1632 εἷς
1021 1571 1156 1623 πᾶσι
1189 1568 1359 1641 παρὰ·
1383 1569 1482 1639 τῆς
1518 1569 1734 1638 φύσεως

161 1666 434 1718 ἐπίκειται
470 1663 656 1732 νόμος,
687 1662 750 1715 δν
773 1663 876 1715 οὐκ
906 1663 1058 1715 ἔστιν
1087 1662 1274 1724 αὐτοῖς
1307 1661 1624 1731 παρελθεῖν,
1652 1660 1730 1725 ὡς
1761 1702 1804 1758 Β

163 1758 234 1811 ἂν
279 1755 437 1820 φύσει
479 1755 616 1825 μόνῃ
650 1753 746 1806 καὶ
776 1755 844 1824 τῇ
894 1754 1017 1807 κατ’
1042 1753 1315 1823 ἀῐσθησιν
1361 1754 1474 1823 ζωῇ
1507 1768 1731 1821 περικε-

163 1834 528 1916 κλεισμένοις.
555 1843 878 1912 ΙἌνθρωπον
927 1843 980 1896 δὲ
1023 1845 1052 1897 δ
1095 1844 1252 1912 λόγος
1289 1847 1402 1906 τοῖς
1448 1843 1731 1913 ἀραχνίοις

159 1938 374 2002 τούτοις
413 1937 764 2006 ἐνδεδεμένον
792 1937 890 1989 οὐκ
923 1936 1185 2006 ἠνέσχετο
1234 1937 1357 2006 ζῇν.
1394 1936 1616 1990 Τούτων
1672 1935 1730 1988 δὲ

157 2029 350 2092 λύσας,
383 2029 668 2098 ἐλεύθερον
693 2026 843 2098 αὐτῷ
866 2027 1064 2081 δέδωκε
1090 2026 1226 2097 βίον,
1247 2027 1308 2080 οὐ
1343 2027 1507 2097 μόνον
1536 2025 1734 2080 δεσπό-

156 2139 256 2176 του
283 2122 490 2184 παντὺς
523 2119 863 2185 ἀπαλλάξας,
895 2119 1033 2172 ἀλλὰ
1053 2120 1158 2172 κάν
1186 2121 1300 2182 τοῖς
1333 2119 1518 2189 ἔργοις
1547 2121 1730 2172 πᾶσαν

159 2207 498 2278 ἀφελόμενος
523 2208 625 2278 τὴν
645 2207 917 2276 ἀνάγκην,
951 2207 1044 2259 καὶ
1074 2207 1142 2276 τῇ
1167 2206 1273 2274 τῆς
1304 2206 1520 2274 φύσεως
1552 2206 1614 2258 οὐ
1637 2222 1733 2258 πε-

167 2295 438 2366 ριγράψας
489 2297 848 2366 στενοχωρίᾳ,
891 2295 953 2349 οὐ
1007 2295 1146 2366 πρὸς
1203 2295 1266 2348 τὸ
1297 2292 1635 2365 εἶναιμόνον
1662 2296 1732 2348 τὰ

163 2387 332 2442 αὐτοῦ
365 2386 588 2440 τάττειν
617 2387 806 2454 ἐάσας,
836 2386 972 2440 ἀλλὰ
1003 2386 1187 2456 πολλῷ
1215 2388 1380 2440 πλέον
1415 2388 1510 2440 καὶ
1537 2387 1633 2441 τοῦ
1670 2387 1730 2440 εὖ

161 2473 303 2530 εἶναι
329 2476 552 2544 διδάξας
577 2477 736 2546 λόγον
765 2477 1067 2532 ποιεῖσθαι.
1105 2477 1268 2532 Ὅθεν
1307 2480 1407 2550 οὐχ
1438 2479 1612 2532 ὑετῶν
1640 2479 1734 2548 μό-

160 2587 252 2625 νον
277 2570 372 2623 καὶ
407 2569 636 2638 πνίγους
664 2570 1024 2642 ἀλεξητήριον
1053 2572 1154 2642 τὴν
1200 2571 1382 2625 οἰκίαν
1415 2569 1733 2640 ἀνίστησιν,

159 2661 272 2715 οὐδ’
303 2662 390 2730 ἐφ’
415 2663 538 2726 ἐνὸς
592 2663 874 2733 σχήματος
904 2662 1114 2734 ταύτην
1169 2662 1432 2732 ίδρύεται,
1477 2661 1590 2715 οὐδ’
1625 2663 1733 2716 ἀπ’)

161 2753 272 2807 τῶν
299 2753 481 2807 αὐτῶν
519 2757 727 2823 ταύτην
764 2757 1172 2826 συμπήγνυσιν,
1202 2757 1339 2825 ὅπερ
1371 2757 1403 2824 ἡ
1434 2754 1545 2806 τῶν
1579 2753 1733 2817 ζώων

165 2843 366 2912 πάσχει
392 2845 552 2897 πενία
572 2860 586 2874 ·
612 2843 750 2897 άλλά
772 2827 951 2906 πάσας
981 2845 1081 2913 μὲν
1106 2846 1294 2899 οἰκιῶν
1320 2843 1468 2908 ίδέας
1490 2845 1729 2897 ὲπινοεῐο

165 2937 365 2997 πάσαις
397 2936 456 2988 δὲ
485 2935 802 3003 ἁναλογίαις
835 2936 1167 2992 συνδεῖ.Καὶ
1201 2935 1301 3006 τὴν
1333 2934 1465 3004 ὓλην
1501 2935 1600 2988 οὐκ
1638 2935 1736 2987 αὐ-

1838 477 1948 530 tur,
2001 477 2055 521 et
2088 469 2154 522 ad
2210 467 2499 522 utilitatem
2563 465 2832 520 utentium
2903 461 3410 517 accommodantur.

1837 560 1931 611 Hae
1967 559 2109 611 enim
2167 559 2552 614 necessitatem
2582 565 2793 612 tantum
2856 553 3166 616 intuentur,
3224 560 3416 622 quate-

1835 664 1940 703 nus
1971 664 2057 703 res
2088 649 2152 703 iis
2180 650 2244 704 ad
2277 658 2490 719 pastum
2515 640 2829 704 conducunt
2859 655 2912 701 et
2943 645 3407 716 procreationem,

1836 741 2060 795 ulterius
2089 730 2195 795 non
2225 741 2490 796 Sollicitse.
2527 740 2589 794 Et
2625 756 2749 794 cum
2783 740 2837 792 in
2877 737 3044 792 solius
3093 737 3253 806 hujus
3309 751 3414 790 nc-

1835 831 2407 900 cessitatis‘potestate
2434 832 2564 896 sint,
2619 824 2831 882 nullum
2875 838 3102 882 ornatus
3171 826 3412 880 studium

1838 925 2058 988 habent,
2115 935 2174 978 ttt
2231 941 2347 994 qua:
2378 940 2488 977 non
2516 925 2751 976 audeant
2795 922 3090 991 praelinitos
3142 920 3401 988 quosdam

1837 1027 1865 1066 a
1902 1022 2092 1067 natura
2123 1012 2324 1067 limites
2351 1013 2723 1083 praetergredi.
2769 1010 2956 1080 Itaque
2989 1011 3040 1064 in
3073 1021 3408 1076 unequoque

1835 1115 2034 1171 genere
2071 1103 2290 1157 easdem
2332 1113 2388 1156 et
2418 1103 2772 1156 aedificiorum:
2811 1092 3018 1154 formas
3076 1099 3289 1163 videas,
3357 1107 3415 1152 et

1835 1204 2020 1262 pastus
2048 1193 2206 1256 ritus,
2239 1194 2618 1250 etdormiendi
2674 1193 3129 1269 consuetudinem
3168 1233 3183 1255 ,
3225 1201 3276 1244 et
3315 1206 3414 1245 cu-

1835 1299 1923 1337 ras
1957 1297 2143 1338 eorum
2176 1299 2297 1352 quae
2339 1280 2810 1354 procreata-sunt,
2879 1294 2932 1338 et
2984 1278 3411 1338 sollicitudinem

1835 1374 1901 1428 ad
1935 1373 2175 1444 pericula
2203 1375 2287 1429 vel
2308 1375 2647 1440 declinanda,
2683 1375 2767 1429 vel
2803 1373 3197 1442 propulsanda.

2361 1475 2363 1477 ’
2465 1477 2696 1535 CAPUT
2762 1476 2850 1531 IX.

1903 1570 2038 1624 Nam
2069 1570 2259 1625 harum
2292 1577 2471 1625 r'crum
2507 1572 2747 1625 omnium
2809 1587 2916 1624 una
2936 1570 3190 1623 omnibus
3223 1580 3418 1625 natura

1835 1664 1920 1718 lex
1954 1666 2238 1729 incumbit,
2281 1681 2442 1735 quam
2479 1666 2780 1735 transgredi
2833 1665 2939 1718 illis
2972 1680 3078 1717 non
3103 1665 3253 1724 licet.
3287 1651 3414 1716 tan-

1832 1771 1993 1825 quam
2024 1773 2144 1826 quae
2175 1757 2290 1811 sola
2328 1767 2545 1820 natura,
2577 1766 2630 1810 et
2665 1758 2771 1810 vita
2805 1772 2970 1809 sensu
3015 1754 3238 1824 praedita
3262 1743 3419 1808 coer-

1834 1859 2079 1906 ceantur.
2113 1847 2398 1903 Hominem
2429 1860 2611 1904 autem
2653 1850 2793 1902 ratio
2828 1863 2936 1902 non
2965 1863 3121 1917 passa
3159 1855 3264 1907 est,
3329 1845 3418 1898 Itis

1832 1940 1988 2010 quasi
2027 1929 2348 1995 aranearum
2387 1941 2505 1995 telis
2567 1940 2840 1994 irretitum
2891 1944 3099 2001 vivere,
3168 1937 3260 1993 sel
3318 1937 3408 1991 his

1833 2032 2034 2095 soluto,
2068 2032 2233 2086 vitam
2265 2029 2491 2085 liberam
2520 2030 2792 2084 concessit
2832 2045 2848 2080 :
2880 2045 2986 2082 non
3045 2037 3258 2081 remoto
3289 2036 3414 2080 tan-

1833 2133 1946 2180 tum
1970 2124 2163 2192 quovis
2194 2123 2498 2187 dominatu,
2519 2122 2611 2175 sed
2642 2121 2864 2187 depulsa
2895 2119 3042 2173 omni
3097 2119 3260 2172 etiam
3292 2122 3421 2171 ‘nec

1835 2212 2096 2268 cessitate
2150 2212 2206 2265 in
2261 2210 2439 2270 factis.
2496 2223 2676 2277 neque.
2728 2224 2849 2262 eum
2897 2216 3101 2260 natura:
3130 2206 3416 2283 'an‘gustiis

1832 2301 2118 2365 conclusit,
2145 2317 2246 2356 nec
2290 2301 2342 2354 id
2376 2300 2640 2355 duntaxat
2695 2299 2987 2361 concessit,
3021 2307 3079 2351 ut
3130 2296 3420 2350 incolumi-

1836 2397 1998 2462 tatis,
2036 2393 2129 2450 sed
2203 2393 2373 2448 multo
2433 2383 2642 2462 magis,
2685 2400 2743 2446 ut
2793 2390 3068 2446 felicitatis
3141 2392 3411 2443 rationein

1834 2486 2078 2540 haberet.
2134 2481 2290 2539 Unde
2343 2499 2454 2537 non
2521 2483 2587 2536 ad
2647 2482 3048 2552 propulsandos
3114 2480 3314 2534 imbres
3357 2487 3411 2535 et

1833 2587 1997 2632 testus
2027 2563 2222 2644 modo,
2244 2575 2391 2630 aedes
2426 2575 2608 2646 erigit,
2659 2590 2760 2629 nec
2792 2590 2899 2628 una
2933 2573 3189 2642 quapiam
3229 2569 3412 2641 'lig'ura

1833 2680 1927 2722 eas
1955 2666 2204 2730 exstruit,
2240 2663 2418 2734 neque
2457 2680 2522 2719 ex
2550 2662 2740 2718 eadem
2774 2661 3001 2715 materia
3061 2663 3419 2728 coagmentat

1837 2757 2005 2830 [quod
2027 2758 2326 2812 bestiarum
2365 2755 2565 2825 inopia:
2599 2753 2848 2824 accidit].
2909 2751 3004 2807 sed
3063 2751 3247 2804 omnia
3297 2758 3413 2802 tuin

1834 2849 2186 2905 aedificiorum
2223 2863 2423 2918 genera
2457 2847 2754 2917 excogitat,
2795 2854 2908 2898 tum
2943 2858 3005 2896 ea
3073 2840 3260 2895 tnultis
3307 2855 3422 2892 mo—

1837 2940 1923 2995 dis
1978 2938 2300 3008 compingit.
2337 2937 2402 2989 Et
2435 2937 2722 2990 materiam
2769 2951 2881 2989 non
2937 2949 2966 2988 e
3001 2933 3250 3002 proximo
3306 2939 3426 2983 tan-

165 3027 324 3080 τόθεν
352 3027 516 3095 μόνον
545 3025 856 3095 πορίζεται.
886 3025 1023 3079 ἀλλὰ
1055 3025 1154 3097 τὴν
1185 3026 1486 3097 ὑπερορίαν
1529 3026 1737 3078 λιθοτο-

1845 3039 1956 3085 tum
2013 3031 2310 3101 conquirit,
2367 3028 2462 3082 sed
2523 3027 2732 3097 lapides
2785 3039 3016 3096 peregre
3071 3023 3294 3084 excidit,
3365 3029 3426 3074 et

171 3119 280 3186 μετ,
313 3116 556 3186 Θετταλῇ
586 3117 618 3186 ἢ
667 3116 1018 3186 πορφυρίτιδι
1057 3115 1190 3185 λίθῳ
1218 3119 1346 3178 τοὺς
1377 3116 1588 3186 τοίχους
1628 3117 1736 3184 άμ-

169 3209 410 3279 φιεννὺς,
443 3211 534 3262 καὶ
569 3210 680 3270 τοῖς
727 3208 837 3262 τῶν
867 3207 1154 3278 λειμώνων
1186 3209 1374 3263 ἄνθεσι
1404 3207 1737 3276 ζωγραφῶν,

169 3301 266 3354 καὶ
286 3297 549 3369 τοῦδαφος
575 3299 891 3362 ποικίλλων,
911 3298 1110 3368 χρυσὸν
1158 3300 1477 3369 περιτήκων
1518 3299 1616 3366 (Ι),
1645 3298 1740 3360 καὶ

167 3389 306 3452 ὅλως
330 3390 428 3459 τῆς
460 3389 560 3458 μὲν
587 3388 776 3458 χρείας
804 3387 1188 3459 καταφρονῶν,
1214 3388 1352 3458 πρὸς
1385 3389 1740 3441 πολυτέλειαν

164 3481 228 3534 δὲ
265 3481 426 3552 μόνον
452 3481 596 3550 ὁρῶν
617 3497 632 3513 ο
659 3480 721 3535 τὸ
752 3481 798 3535 δ’
839 3481 972 3536 αὐτὸ
1002 3482 1318 3551 μηχανᾶται
1367 3482 1462 3535 καὶ
1487 3481 1619 3551 περὶ
1639 3481 1742 3551 τὴν

164 3569 515 3639 ἀμπεχόνην,
540 3568 601 3622 οὐ
627 3570 761 3639 πρὸς
797 3569 897 3632 τὰς
923 3569 1030 3622 τῶν
1057 3569 1217 3639 ὡρῶν
1243 3567 1404 3638 μόνον
1435 3569 1743 3638 μεταϐολὰς

165 3665 280 3724 τοῖς
310 3661 547 3731 ἱματίοις
577 3659 950 3731 φραττόμενος
970 3675 985 3691 ·
1018 3660 1210 3729 ὀλίγης
1235 3661 1344 3732 γὰρ
1371 3661 1438 3715 ἂν
1470 3662 1743 3732 ἔδειπρὺς

167 3755 331 3808 τοῦτο
378 3753 695 3824 φροντίδος·
749 3753 842 3806 νῦν
874 3753 920 3805 δ’
959 3755 1136 3807 ἐκεῖνο
1180 3753 1279 3822 μὲν
1325 3755 1392 3824 τῇ
1437 3752 1598 3821 φύσει
1649 3753 1746 3806 καὶ

168 3847 284 3908 τοῖς
321 3843 484 3909 ζώοις
518 3843 865 3916 ἀπέρριψεν
908 3845 938 3897 δ
961 3845 1021 3898 δὲ
1066 3844 1226 3912 λόγος
1263 3845 1460 3916 πολλὴν
1487 3847 1590 3899 κάν
1629 3847 1744 3908 τοῖς

173 3932 415 4003 ἱματίοις
442 3933 665 4003 ἐξεῦρεν
702 3932 850 4002 αὐτῷ
877 3931 978 4002 τὴν
1021 3932 1319 4002 ἁϐρότητα.
1361 3934 1469 3986 Καὶ
1511 3934 1619 4002 γάρ
1650 3933 1746 3986 καὶ

172 4024 310 4093 ὕλης
342 4023 608 4093 διαφορὰν
631 4024 887 4093 ἐζήτησε,
919 4023 1016 4077 καὶ
1041 4024 1199 4087 άνθος
1231 4021 1443 4098 ἐξεῦρε,
1488 4027 1580 4078 καὶ
1615 4043 1748 4095 χρυ-

173 4115 598 4192 σὸνισυνύφηνε,
624 4116 721 4168 καὶ
763 4114 1124 4168 παντοδαπῶν
1151 4114 1310 4180 ζώων
1336 4134 1396 4170 τε
1429 4118 1526 4169 καὶ
1561 4117 1748 4185 φυτῶν

175 4210 322 4271 ίδὲας
346 4209 403 4261 ἐν
426 4209 638 4271 τούτοις
669 4207 954 4277 διέγραψε,
987 4208 1081 4260 καὶ
1129 4208 1364 4277 ἱματίων
1395 4208 1542 4270 ἰδέας
1583 4209 1748 4269 ἄλλας

173 4299 358 4362 ἄλλοις
383 4300 706 4369 ἀπένειμεν,
739 4298 814 4362 ὡς
839 4299 906 4352 ἂν
936 4298 1166 4361 ἕκαστος
1207 4299 1426 4366 γένους,
1453 4299 1486 4368 ἢ
1515 4299 1744 4369 ageam

1840 3123 2158 3180 Thessalico
2185 3122 2474 3185 marmore,
2515 3131 2606 3174 aut
2648 3118 3024 3189 porpltyritide
3055 3117 3260 3186 pariete
3283 3153 3296 3177 ,
3329 3129 3426 3166 ve-

1840 3215 1953 3280 stit,
1999 3222 2054 3267 et
2078 3223 2360 3282 pratorum
2405 3211 2629 3264 tioribus
2656 3225 2750 3264 eos
2777 3210 2968 3277 pingit,
2999 3217 3057 3261 et
3087 3208 3265 3260 solum
3332 3221 3429 3259 va-

1844 3307 1969 3368 riat,
2003 3317 2162 3373 atque
2193 3305 2432 3367 inaurat,
2465 3303 2701 3370 denique
2735 3299 3060 3354 necessitate
3088 3307 3427 3366 contempta,

1842 3397 2018 3451 solum
2049 3396 2284 3466 pretium
2307 3395 2555 3463 respicit.
2584 3393 2785 3446 Eadem
2801 3391 3236 3446 comminiscitur
3251 3391 3418 3442 etiam

1843 3490 1900 3544 in
1953 3490 2176 3552 amictu,
2227 3503 2336 3540 non
2393 3485 2458 3539 ad
2495 3485 2624 3538 anni
2680 3482 3060 3552 intemperiem
3111 3490 3324 3534 tantum
3363 3492 3424 3531 se

1843 3582 2084 3637 vesubus
2124 3573 2558 3650 municns'[uam
2598 3578 2714 3631 haec
2747 3589 2834 3628 res
2884 3589 2991 3627 non
3023 3586 3272 3642 magnam
3330 3585 3426 3624 cu-

1819 3674 1960 3727 'rant
1992 3672 2316 3742 postularet,
2378 3685 2542 3740 quam
2579 3668 2797 3738 quidem
2853 3677 3061 3722 natura:
3121 3673 3177 3718 et
3236 3660 3428 3716 bestiis

1846 3763 2089 3835 abiecit],
2123 3763 2217 3818 sed
2253 3762 2394 3816 ratio
2424 3760 2622 3814 multas
2658 3759 2820 3814 etiam
2850 3757 3077 3811 delicias
3099 3756 3152 3807 in
3177 3753 3429 3806 vestibus

1847 3853 2194 3925 excogitavit.
2218 3851 2349 3906 Nam
2393 3861 2446 3906 et
2475 3850 2720 3905 materia:
2749 3848 3068 3902 varietatem
3129 3844 3425 3914 indagavit,

1849 3958 1905 4002 et
1928 3959 2226 4015 purpuram
2281 3943 2506 4010 reperit,
2567 3949 2732 4008 atque
2803 3950 2994 3992 aurum
3057 3935 3312 3995 intemit,
3368 3941 3420 3982 ct

1848 4035 2028 4090 omnis
2057 4034 2274 4102 generis
2291 4036 2404 4086 tum
2433 4031 2768 4096 animalium,
2802 4039 2914 4082 tum
2950 4027 3258 4096 plantarum
3288 4024 3428 4075 ima-

1849 4125 2003 4196 gines
2035 4124 2091 4176 in
2129 4122 2198 4177 iis
2219 4121 2487 4190 depinxit,
2521 4128 2576 4174 et
2615 4118 2737 4176 aliis
2767 4116 2902 4172 alias
2933 4115 3164 4168 vestium
3228 4113 3433 4164 fortnas

1850 4214 2123 4277 attribuit,
2153 4227 2252 4282 pro
2275 4213 2539 4280 cujusque
2572 4205 2987 4272 natalibttSLaut
3007 4204 3298 4274 dignitate,
3336 4210 3433 4256 aut

1850 4314 2032 4362 aetate.
2070 4301 2301 4358 Eosdem
2333 4311 2581 4370 sumptus
2624 4299 2810 4354 videas
2840 4306 2895 4351 et
2955 4296 3010 4349 in
3043 4295 3246 4356 stratis,
3289 4301 3344 4348 et
3377 4294 3432 4350 in

172 4390 388 4460 ἡλικίας
427 4389 566 4459 ἔχων
586 4392 854 4460 τυγχάνῃ.
901 4389 1016 4458 Τὴν
1046 4390 1090 4442 δ’
1122 4390 1302 4461 αὐτὴν
1333 4390 1398 4442 ἂν
1431 4391 1563 4453 ίδοις
1586 4391 1737 4443 πολυε

1851 4395 2256 4457 calceamentis,
2287 4403 2341 4448 et
2383 4391 2670 4450 vehiculis.
2722 4399 2776 4444 et
2803 4389 2970 4450 vasis,
3008 4394 3062 4440 et
3099 4386 3316 4441 caeteris
3343 4399 3434 4437 re-

173 4481 388 4535 τέλειαν
420 4482 518 4535 ὲπί
555 4499 613 4535 τε
644 4481 958 4551 στρώσεων,
995 4483 1090 4534 καὶ
1117 4482 1450 4547 ὑποδέσεων,
1487 4484 1582 4535 καὶ
1615 4484 1737 4555 ὀχη-

1855 4488 1980 4551 bus,
2023 4485 2222 4555 quibus
2249 4483 2358 4538 vita
2382 4481 2693 4537 instruitur.
2731 4479 2918 4547 Itaque
2965 4469 3129 4530 homo
3166 4475 3221 4529 in
3281 4473 3434 4532 nulla

177 4572 390 4641 μάτων,
417 4571 509 4625 καὶ
537 4572 769 4637 σκευῶν,
795 4573 891 4625 καὶ
917 4573 1017 4640 τῆς
1038 4572 1206 4641 ἄλλης
1235 4571 1340 4626 τῶν
1363 4574 1670 4644 ἀνθρώπων
1687 4576 1737 4627 ἂν

1853 4592 1913 4632 re
1950 4591 2073 4642 sua,
2117 4575 2306 4629 iisdem
2330 4573 2531 4642 quibus
2560 4571 2649 4624 alii
2683 4581 2930 4632 utuntur,
2959 4566 3283 4629 delectatur,
3335 4563 3434 4621 sed

171 4661 254 4734 τῷ
307 4663 406 4733 βίῳ
453 4665 824 4734 κατασκευῆς.
856 4664 1009 4717 “Ωστ’
1059 4667 1119 4717 ἐν
1177 4665 1354 4718 οὐδενὶ
1412 4665 1522 4718 τῶν
1579 4666 1737 4720 αὑτοῦ

1848 4667 1904 4723 ὶη
1933 4667 2192 4723 omnibus
2209 4675 2668 4734 supervacaneam
2696 4659 2990 4728 quamdam
3025 4655 3430 4714 diversitatem,

170 4756 524 4827 πραγμάτων
555 4755 844 4826 ἄνθρωπος
890 4757 1007 4820 τοῖς
1081 4757 1282 4820 αὐτοῖς,
1312 4752 1394 4819 οἷς
1436 4761 1532 4812 καὶ
1557 4759 1608 4815 οί
1634 4759 1737 4813 ἔτι·

1849 4768 1906 4813 et
1932 4758 2257 4826 elegantiam
2288 4753 2580 4822 excogitat,
2639 4757 2828 4804 contra
2863 4759 3023 4814 quam
3102 4742 3433 4810 reliquorum

171 4865 283 4921 ροι,
307 4845 490 4917 χαίρει
512 4888 530 4914 ,
558 4846 696 4899 ἀλλὰ
725 4848 858 4900 πᾶσι
882 4847 1148 4917 περιττήν
1175 4865 1298 4901 τινα
1326 4843 1630 4919 ἐξαλλαγὴν
1655 4852 1737 4905 uel

1851 4848 2206 4904 animantium
2238 4854 2432 4900 natura
2466 4843 2593 4905 l'ert,
2619 4855 2739 4909 qua
2789 4848 2902 4891 tutu
2937 4834 3134 4905 pusilla
3181 4831 3431 4903 quaedam

171 4939 500 5009 φιλοτιμίαν
531 4940 738 4991 ἐπινοεῖ
756 4938 1090 5000 άπεναντίας
1121 4940 1188 5009 τῇ
1222 4939 1331 4992 τῶν
1358 4941 1562 4994 λοιπῶν
1595 4943 1737 5004 (dum

1849 4948 2036 5009 agunt,
2062 4948 2176 4991 tum
2203 4934 2390 5004 paucis
2422 4939 2676 4986 contenta
2709 4935 2855 4981 sunt.
3206 4943 3211 4948 ’

170 5030 363 5100 φύσει,
403 5031 439 5083 ἃ
493 5029 667 5101 μικρά
716 5031 818 5100 μὲν
871 5029 1191 5100 ἐργάζεται,
1222 5034 1440 5102 μικροῖς
1499 5033 1555 5086 δὲ
1581 5037 1856 5105 ἀρκεῖται,
1909 5033 2003 5087 ἕνα
2060 5031 2118 5085 δὲ
2151 5027 2270 5097 βίον
2318 5026 2486 5095 πόρον
2527 5022 2680 5092 παρὰ
2736 5021 2834 5089 τῆς
2879 5017 3096 5088 φύσεως
3154 5014 3431 5088 ἐδιδάχθη.

805 5125 1062 5180 ΚΕΦΔΛ.
1089 5126 1149 5179 ι’.
1485 5173 1492 5178 .

2463 5115 2690 5172 CAPUT
2764 5113 2848 5186 x._

255 5217 420 5272 Ἀλλὰ
452 5219 626 5273 ταῦτα
661 5219 762 5288 μὲν
793 5217 942 5270 εἴποι
974 5233 1060 5276 τις
1085 5215 1154 5269 ἂν
1176 5218 1272 5269 καὶ
1305 5218 1558 5288 ἀνάγκης
1599 5221 1737 5289 ἑχειι

1933 5217 2133 5272 Verum
2170 5214 2276 5269 dici
2313 5221 2500 5283 queat.
2549 5211 2663 5264 haec
2693 5205 2900 5275 aliquid
2927 5205 3093 5258 etiam
3131 5201 3437 5256 necessita-

166 5328 225 5364 τι
257 5310 778 5379 παραμεμιγμίνον.
811 5309 906 5363 Δεῖ
953 5305 1063 5377 γὰρ
1093 5309 1207 5370 τοίς
1260 5307 1520 5376 μέλλουσι
1553 5311 1746 5379 βιώσε-

169 5401 309 5455 σθαι
339 5401 431 5454 καὶ
461 5401 688 5470 τροφῆς,
723 5400 819 5452 καὶ
845 5399 1046 5460 οἰκίας,
1079 5397 1174 5449 καὶ
1200 5398 1454 5467 ἱματίων,
1481 5393 1555 5454 ὧν
1584 5404 1616 5469 ἡ
1645 5401 1747 5468 φῦ-

170 5508 262 5555 σις
299 5491 560 5559 φροντίδα
595 5489 828 5544 καὶτῶν
861 5487 1015 5553 ζώων
1059 5487 1223 5550 ἐνίοις
1259 5487 1538 5557 ἐνέθηκεν,
1570 5493 1617 5544 εἰ
1648 5489 1744 5545 καὶ

165 5584 280 5654 τὴν
305 5583 512 5639 τούτων
552 5584 752 5653 κτῆσιν
786 5581 1098 5652 ἀνθρώποις
1146 5577 1612 5653 πολυτελεστέραν
1646 5583 1742 5637 καὶ

1857 5309 1929 5363 tis
1966 5308 2168 5362 habere
2201 5305 2520 5358 admistum.
2575 5299 2676 5366 Qui
2717 5298 2882 5353 etiam
2944 5296 3108 5350 \itam
3143 5308 3438 5349 conserva-

1853 5413 1962 5454 tam
1979 5398 2238 5468 cupiunt,
2271 5394 2418 5450 victu
2465 5401 2523 5447 et
2551 5389 2828 5445 domicilio
2859 5396 2916 5442 et
2967 5383 3312 5440 vestimentis
3341 5384 3434 5435 in-

1852 5493 2062 5560 digent,
2100 5503 2326 5559 quarum
2353 5499 2538 5542 rerum
2565 5497 2755 5539 curam
2788 5489 2984 5535 natura
3047 5477 3240 5532 bestiis
3266 5475 3437 5530 etiam

1853 5583 2183 5653 quibusdam
2224 5579 2442 5644 indidit,
2499 5575 2754 5648 quamvis
2787 5576 2982 5628 horum
3019 5570 3436 5643 possessionem

241 5697 322 5758 li)
349 5697 522 5750 letter
543 5698 823 5750 lectiocod.
848 5698 973 5760 Reg.
1005 5691 1137 5744 i2l5.
1157 5729 1168 5745 .
1185 5732 1197 5744 .
1215 5730 1225 5743 .
1241 5695 1429 5757 ,ἄνθεσι
1452 5699 1648 5759 τούτους
1671 5715 1737 5763 τρι

1840 5717 1862 5747 ν
1883 5717 1932 5750 κ.
1953 5714 1998 5750 τ.
2022 5716 2155 5753 notat.
2179 5700 2260 5753 καὶ
2287 5697 2356 5761 τῷ
2379 5697 2503 5758 τέγει
2525 5711 2602 5762 χρ.
2627 5690 2954 5760 πτριτ.ιΕι›ιιι-.-
