3904 6216
235 182 373 252 1189

1342 201 1441 262 DE
1477 202 2048 274 CONTEMNENDA
2096 217 2379 282 MORTE.

3345 243 3485 303 lifi‘)

228 295 288 346 ἐν
323 295 488 364 μόνον
518 296 658 370 αὐτῇ
686 316 747 354 τε
779 302 1035 374 ὥρισται,
1059 314 1153 364 καὶ
1178 310 1246 366 τὰ
1275 314 1450 386 ταύτῃ
1470 316 1773 372 δουλεύοντι

228 386 344 422 f1?"-
385 389 536 422 ἔειλερτ
564 391 652 422 νηὶ
690 391 846 422 πλη-
878 400 1102 422 -.ηιμ-,η
1134 421 1137 422 ,
1376 409 1398 422 .
1472 409 1485 422 .
1578 410 1593 422 ς
1646 411 1658 422 .

1905 327 2222 394 continetur
2263 349 2278 386 :
2313 341 2369 388 et
2402 334 2680 404 animalia,
2701 353 2822 409 quae
2852 341 2900 396 ei
2927 345 3196 412 serviunt,
3239 364 3407 422 egena
3435 366 3490 409 ct

228 386 348 449 ζῶα
383 389 538 441 ἐνδεᾶ
564 391 658 442 καὶ
689 391 850 448 δοῦλα
878 400 1174 474 καθίστησι
1207 409 1426 476 μικροῖς
1469 409 1803 476 ἐγκλείουσα

225 477 436 546 νόμοις.
472 479 793 551 Ἄνθρωπος
822 486 878 539 δὲ
911 488 1052 543 οὕτω
1084 495 1221 562 πρὸς
1269 495 1330 548 τὸ
1369 497 1560 568 ἄρχειν
1590 501 1802 555 ἄνωθεν

224 570 380 637 παρὰ
413 570 551 624 Θεοῦ
580 577 1056 647 παρεσκεύασται,
1085 583 1227 638 ὥστε
1259 587 1318 639 ού
1355 591 1517 656 μόνον
1558 592 1668 644 τῶν
1703 594 1800 648 άλ-

223 660 334 713 λων
372 663 624 732 ήγεῖσοαι
670 665 946 735 βούλεται,
979 672 1118 728 ἀλλὰ
1154 677 1293 746 πρὸς
1329 678 1525 735 ἐαυτὸν
1558 682 1656 754 τὴν
1697 686 1797 755 ἀρε

223 755 328 825 χὴν
358 757 732 813 ἐπιδείκνυται
767 761 997 833 ταύτην.
1032 767 1126 818 καὶ
1175 768 1324 822 τοῦθ’
1361 771 1492 825 ὅταν
1539 774 1638 844 τὴν
1666 777 1793 829 ἐαυ-

220 847 316 900 τοῦ
349 849 514 917 φύσιν
541 855 706 922 τηρῇ.
736 853 898 907 Ὥστε
924 857 1050 918 τούς
1079 877 1142 926 γε
1166 859 1453 932 σώφρονας
1486 867 1579 919 καὶ
1610 870 1797 936 φρονί-

224 955 361 1008 μους
394 941 683 1009 ἐγκρατεῖς
715 944 923 1000 ἑαυτῶν
949 950 1039 1000 καὶ
1069 950 1339 1021 ἄρχοντας
1370 957 1579 1010 ἑαυτῶν
1611 960 1796 1025 ἀξιοῦο

223 1047 324 1096 μεν
347 1031 557 1089 καλεῖν.
581 1033 688 1086 Καὶ
710 1035 854 1088 οὗτοι
890 1039 1146 1106 μάλιστα,
1179 1044 1337 1098 αὐτοί
1366 1065 1424 1100 τε
1452 1049 1791 1120 εὐδαίμονες,

219 1125 318 1176 καὶ
351 1125 465 1187 τοῖς
493 1124 824 1194 ἀρχομένοις
856 1129 1208 1201 εὐδαιμονίας
1253 1139 1394 1190 εἰσὶν
1427 1139 1613 1206 αἴτιοι,
1645 1141 1694 1194 οἳ
1728 1144 1792 1196 ἂν

220 1215 484 1282 μάλιστα,
517 1215 707 1286 ῶσπερ
765 1219 948 1291 ὄχλου,
985 1225 1084 1293 τῆς
1124 1227 1180 1279 ἐν
1231 1228 1539 1302 ἀνθρώποις
1567 1235 1792 1299 ἀλογίας

217 1308 410 1378 ἄρχειν
438 1307 788 1367 ἐπίστωνται.
836 1315 946 1368 Καὶ
997 1319 1104 1386 πρὸ
1145 1321 1350 1392 ταύτης
1395 1325 1492 1392 τῆς
1524 1326 1699 1397 ἀρχῆς
1729 1330 1790 1381 οὐ

213 1401 381 1468 φασὶν
410 1401 460 1452 oi
490 1401 615 1454 νοῦν
646 1402 865 1472 ἔχοντες
895 1407 1120 1477 Θεμιτδν
1156 1409 1304 1466 εἶναι
1331 1417 1444 1478 τοῖς
1476 1418 1790 1488 ἀνθρώποις

218 1493 312 1543 ἐπὶ
334 1491 395 1544 τὸ
425 1491 690 1561 δημόσιον
720 1501 1000 1566 παριέναι,
1033 1501 1108 1565 ὡς
1134 1503 1288 1557 οὐδὲν
1317 1508 1615 1577 πράξουσιν
1638 1503 1788 1577 ἄξιον

219 1582 568 1651 >.ὀγου,άλλὰ
615 1588 732 1650 τοῖς
757 1588 940 1654 ἄλλοις
993 1594 1088 1656 καὶ
1136 1596 1363 1660 ἐαυτοῦς
1416 1603 1788 1673 προσδιαφθε-

221 1677 396 1746 ροῦσι.
427 1676 614 1748 Τούτῳ
642 1678 700 1731 δὲ
722 1681 902 1752 πάντη
938 1683 999 1736 τὸ
1037 1686 1148 1739 τῶν
1180 1687 1335 1751 ζώων
1366 1692 1520 1758 γένος
1552 1698 1783 1765 κεχώρι-

217 1786 362 1832 σται,
407 1769 504 1823 καὶ
531 1771 689 1824 οὐδὲν
743 1772 810 1826 ἄν
862 1773 1016 1845 εὖροι
1080 1795 1165 1840 τις
1207 1781 1435 1836 ἐκείνων
1466 1788 1586 1848 ταῖς
1621 1789 1784 1852 ἰδίαις

211 1861 530 1929 ἐπιθυμίαις
563 1865 897 1934 μαχόμενον,
932 1871 1068 1925 ἀλλὰ
1100 1877 1220 1933 ταῖς
1253 1879 1402 1948 παρὰ
1431 1881 1530 1948 τῆς
1566 1883 1783 1948 φύσεως

209 1953 412 2023 ὁρμαῖς
451 1954 742 2020 ἀκωλύτως
790 1959 1078 2028 ἑπόμενον.
1131 1963 1341 2019 Οὔκουν
1380 1971 1413 2037 ἡ
1465 1970 1566 2038 μὲν
1620 1972 1782 2040 φύσις

209 2046 417 2114 τροφῆς
451 2047 886 2120 ὑπομιμνήσκει,
933 2057 1000 2107 τὰ
1031 2055 1088 2108 δὲ
1134 2058 1418 2127 προκρίνει
1462 2063 1639 2131 λιμὸν,
1674 2066 1780 2118 οὐδ’

210 2136 301 2188 ἐπὶ
352 2137 516 2191 ποτὸν
557 2140 702 2207 ἄγει,
734 2141 802 2194 τὰ
831 2143 876 2195 δ’
925 2147 1162 2215 αἱρεῖται
1198 2149 1379 2219 δίψαν.
1419 2153 1543 2216 Τοῖς
1592 2155 1647 2207 δὲ
1683 2158 1782 2225 τῆς

213 2228 660 2300 μίξεωςνκαιροῖς
699 2235 794 2286 καὶ
841 2241 1069 2304 νομεῦσι
1108 2242 1198 2293 καὶ
1248 2243 1500 2314 ἀλλήλοις
1529 2249 1780 2318 ἀφόρητα

211 2320 442 2387 γίνεται,
467 2324 562 2376 κα)⁸
589 2326 680 2380 τὸν
709 2326 848 2397 πρὸς
886 2328 984 2400 τὴν
1011 2331 1226 2398 γένεσιν
1255 2329 1474 2406 οἶστρον
1503 2339 1659 2392 οὐδὲν
1688 2341 1777 2393 οὖ-

208 2429 314 2476 τως
347 2415 586 2483 ἰσχυρόν,
619 2416 760 2470 ὥστε
793 2419 1066 2474 κολάσαι·
1099 2421 1279 2476 αῐτιον
1313 2425 1374 2478 δὲ
1407 2427 1467 2480 τὸ
1493 2430 1590 2497 τὴν
1614 2431 1778 2498 φύσιν

207 2505 266 2556 ἐν
287 2505 473 2569 αὐτοῖς
511 2507 892 2582 χωριζομένην
929 2513 1024 2566 τοῦ
1068 2515 1228 2582 λόγου
1268 2518 1344 2586 μὴ
1397 2519 1542 2588 ἔχειν
1582 2524 1673 2577 τὸν
1697 2519 1779 2586 οἷς

206 2597 350 2667 ὁρμᾷ
379 2598 643 2667 πράττειν
669 2602 1068 2672 ἐπιτιμήσοντα
1092 2621 1105 2635 ⁸
1135 2609 1226 2660 καὶ
1243 2609 1330 2662 διὰ
1361 2612 1518 2665 τοῦτο
1549 2615 1612 2668 ἐκ
1643 2633 1778 2668 παν-

205 2689 293 2752 τὸς
318 2688 387 2742 τὰ
416 2689 617 2760 ἑαυτῆς
675 2692 770 2763 ἔθη
810 2696 989 2749 Θέλειν
1026 2699 1474 2768 ἀποπιμπλάναι.
1513 2705 1656 2758 Ἀλλ’
1715 2709 1773 2760 ἐν

203 2779 508 2850 ἀνθρώποις
564 2783 732 2847 πολὺς
775 2787 912 2854 πρὸς
955 2789 1086 2852 τοὺς
1124 2791 1224 2860 τῆς
1259 2792 1478 2861 φύσεως
1512 2794 1710 2866 νόμους
1747 2801 1774 2853 ὁ

205 2871 477 2940 πόλεμος·
515 2875 610 2928 καὶ
664 2876 859 2930 τούτου
891 2881 998 2942 πᾶς
1021 2897 1106 2944 τις
1134 2882 1319 2954 ἐαυτῷ
1365 2887 1674 2956 προσέχων,
1714 2891 1773 2943 ἐν

205 2965 381 3032 ἐαυτῷ
408 2966 529 3019 καθ’
555 2967 768 3038 ἡμέραν
797 2972 1076 3038 πειρᾶται.
1112 2974 1276 3028 Πόσοι
1302 2976 1622 3049 πλησμονῆς
1652 2982 1770 3033 ἐπι-
1797 3007 1840 3068 C

206 3056 376 3128 θυμία
400 3057 557 3128 λιμὸν
585 3061 1016 3144 ἀντεξάγουσιν;
1051 3064 1255 3135 ἰατροῖς
1291 3069 1324 3138 ἢ
1361 3070 1698 3140 πειθόμενοι,
1735 3075 1768 3144 ἢ

206 3152 370 3222 σαρκὶ
403 3152 836 3222 νομοθετοῦντες,
869 3136 902 3225 ἦ
938 3156 1111 3210 ἄλλων
1153 3136 1354 3226 εἵνεκα,
1398 3162 1496 3233 τὴν
1521 3136 1632 3217 ⁷τοῦ
1667 3168 1772 3218 σώ-

208 3257 374 3309 ματος
406 3243 834 3313 παραιτούμενοι
863 3245 1163 3315 Θεραπείαν
1184 3266 1198 3280 ο
1222 3250 1321 3318 τὴν
1351 3250 1409 3303 δὲ
1442 3251 1542 3320 τῆς
1567 3253 1767 3322 μίξεως

205 3329 404 3399 ὄρεξιν,
437 3331 504 3402 ἢν
526 3331 590 3402 δὴ
621 3333 1092 3402 τυραννικώτατον
1116 3337 1280 3403 νόμον
1316 3341 1450 3391 πᾶσι
1481 3344 1590 3402 τοῖς
1610 3341 1770 3406 ζώοις

204 3420 236 3490 ἠ
263 3419 425 3488 φύσις
456 3423 782 3492 ἐπήνεγκεν,
811 3422 958 3479 οὕτω
980 3425 1126 3488 τινὲς
1157 3425 1538 3495 ἐδδελύξαντο,
1573 3431 1648 3492 ὡς
1673 3432 1769 3485 καὶ

202 3512 518 3578 γυναικείας
575 3513 753 3584 ὅψεως
818 3516 909 3572 διὰ
961 3517 1121 3572 τοῦτο
1185 3519 1470 3585 παντελῶς
1531 3523 1768 3594 ἀποσχέ-

202 3604 351 3660 σθαι.

489 3765 508 3790 Ι

805 3789 1056 3844 ΚΕΦΔΛ.
1086 3791 1184 3844 IB'.

267 3874 439 3929 Τοῦτο
465 3877 512 3931 δ’
543 3877 708 3932 αὑτοῦ
735 3896 819 3941 τις
849 3882 1171 3938 αἰσθάνεται
1206 3886 1492 3952 ποιοῦντος
1513 3890 1609 3942 καὶ
1629 3890 1764 3958 πρὸς

197 3965 390 4034 θυμόν.
421 3961 590 4030 Οὗτος
621 3970 732 4040 γὰρ
769 3970 858 4024 τὸν
887 3972 1215 4043 ἠδικημένον
1248 3980 1386 4030 κατὰ
1428 3979 1537 4032 τῶν
1568 3980 1761 4050 ἠδικη-

195 4059 370 4112 κότων
393 4059 625 4128 ὁπλίζει,
663 4064 756 4116 καὶ
791 4066 946 4133 χεῖρα
973 4068 1067 4119 καὶ
1096 4066 1244 4135 ξίφος
1273 4069 1594 4134 ἐπενεγκεῖν
1613 4070 1760 4138 αὐτῷ

193 4153 471 4219 παραινεῖ,
507 4151 655 4206 ἔνδον
677 4153 735 4208 δέ
768 4173 912 4218 τινος
945 4158 1311 4228 ἐπιτιμῶντος
1345 4165 1374 4214 ὁ
1399 4165 1759 4231 κεκινημένος

191 4241 532 4308 αίσθάνεται,
583 4247 676 4297 καὶ
705 4245 1070 4312 διδάσκοντος,
1105 4251 1180 4310 ὡς
1228 4253 1487 4318 ἐφεκτέον
1523 4253 1622 4322 μὲν
1660 4255 1758 4324 τὴν

1907 421 2124 475 servilia
2154 422 2304 490 facit,
2340 425 2567 482 minutis
2603 431 2812 486 inclusa
2853 436 3082 505 legibus.
3110 443 3176 492 At
3218 421 3380 495 homo
3404 447 3485 499 sic

1904 510 1973 564 ab
2017 513 2172 568 initio
2207 515 2474 573 divinitus
2497 521 2565 574 ad
2607 522 2983 592 imperandum
3042 543 3070 580 a
3109 530 3216 584 Deo
3266 545 3491 602 paratus

1904 612 2008 664 est,
2041 613 2099 658 ut
2138 621 2244 660 non
2279 611 2492 666 caeteris
2533 621 2738 669 tantum
2773 632 3005 684 praeesse
3037 620 3184 682 velit,
3217 625 3311 676 sed
3345 625 3485 680 idem

1903 695 2068 749 etiam
2094 698 2381 767 imperium
2407 717 2532 772 erga
2585 709 2938 776 semetipsum
2978 721 3221 780 usurpet,
3257 729 3483 780 praeser-

1901 787 1997 841 tim
2057 803 2180 843 cum
2220 807 2374 846 suam
2409 806 2660 851 naturam
2692 809 3000 855 conservat.
3045 805 3232 874 Itaque
3305 808 3483 860 homio

1899 893 2000 932 nes
2029 881 2304 936 modestos
2342 893 2397 938 et
2452 887 2744 953 prudentes
2805 893 3156 959 appellandos
3197 912 3484 952 censemus

1896 985 2012 1031 eos,
2053 973 2144 1040 qui
2177 989 2235 1027 se
2269 974 2370 1043 ipsi
2401 989 2597 1047 regunt
2627 989 2682 1033 et
2713 984 3086 1040 moderantur.
3153 985 3218 1040 Et
3251 989 3306 1048 ii.
3349 1005 3473 1044 cum

1897 1059 1997 1130 ipsi
2033 1061 2332 1119 felicissimi
2365 1077 2515 1132 sunt,
2575 1080 2688 1123 tum
2737 1087 2853 1136 eos,
2913 1074 3002 1141 qui
3052 1087 3246 1142 parent
3293 1077 3478 1133 felices

1894 1152 2152 1219 reddunt,
2193 1157 2287 1224 qui
2319 1158 2491 1214 bruta:
2530 1161 2613 1214 sui
2641 1164 2806 1231 parti,
2841 1174 3092 1234 tauquam
3123 1170 3308 1236 populi
3335 1171 3476 1225 mul-

1897 1245 2136 1312 titudiui,
2183 1249 2487 1308 rectissime
2527 1251 2798 1322 imperare
2851 1258 3054 1313 sciunt.
3127 1259 3318 1329 Itaque
3373 1279 3474 1317 ne-

1892 1347 2022 1407 gant
2064 1339 2314 1395 homines
2350 1344 2578 1406 cordati,
2609 1358 2734 1399 ante
2762 1361 2978 1415 partum
3014 1352 3114 1402 hoc
3156 1353 3472 1420 imperium.

1893 1430 2206 1486 hominibus
2240 1434 2304 1486 ad
2338 1437 2728 1504 rempublicam
2768 1424 3251 1496 administrandam
3310 1460 3469 1500 acce-

1890 1520 2019 1575 dere
2051 1522 2296 1586 fasesse,
2336 1527 2477 1593 quod
2503 1526 2637 1579 nihil
2687 1529 2934 1596 prmelari
3001 1532 3203 1600 gesturi
3259 1546 3467 1600 essent,

1889 1612 1985 1666 sed
2015 1614 2337 1683 semetipsos
2371 1631 2497 1670 cum
2543 1619 2668 1674 aliis
2720 1619 2773 1673 in
2807 1609 3103 1690 perniciem
3140 1625 3464 1694 conjecturi.

1891 1702 2000 1758 llnc
2021 1717 2079 1758 re
2114 1704 2277 1758 homo
2315 1707 2382 1760 ab
2427 1707 2574 1761 omni
2614 1710 3211 1783 animantiunngeuere
3266 1717 3466 1770 distin-

1884 1793 2068 1861 guitur
2107 1811 2376 1861 :quorum
2401 1800 2609 1853 nullum
2635 1805 2896 1871 reperias,
2933 1806 3079 1874 quod
3144 1808 3260 1862 suis
3317 1811 3468 1878 cupi-

1884 1884 2142 1939 ditatibus
2179 1898 2463 1959 repugnet,
2501 1892 2594 1946 sed
2651 1895 2860 1956 omnia,
2906 1897 3044 1950 citra
3105 1898 3469 1970 impedimen-

1884 1984 2251 2039 tum,naturte
2280 1983 2646 2051 suaeimpetus
2700 1997 3026 2050 sequuntur.
3083 1987 3270 2058 Neque
3337 2006 3467 2044 veru

1882 2082 2007 2120 cum
2050 2078 2243 2124 natura
2293 2081 2478 2138 pastus
2511 2087 2576 2126 ea
2637 2075 3074 2138 commonefacit,
3144 2078 3228 2144 illa
3264 2078 3461 2132 famem

1881 2159 2216 2222 anteferunt,
2243 2177 2422 2231 neque
2459 2179 2582 2218 cum
2622 2165 2690 2218 ad
2725 2175 2910 2240 potum
2951 2167 3119 2230 ducit,
3153 2170 3282 2237 'ipsa
3312 2171 3464 2224 sitire

1880 2253 2108 2306 malunt.
2144 2253 2410 2324 Tempore
2450 2265 2632 2308 autem
2697 2257 2874 2310 coitus
2937 2268 2992 2312 et
3051 2261 3363 2330 pastoribus
3409 2275 3463 2316 et

1878 2344 1980 2397 sibi
2007 2344 2138 2412 ipsis
2168 2346 2529 2400 intolerabilia
2558 2356 2722 2402 sunt:
2751 2350 3151 2419 stimulumque
3179 2351 3326 2406 illum
3351 2368 3460 2421 quo

1881 2435 1946 2488 ad
1976 2436 2410 2503 procreationem
2453 2437 2726 2504 feruntur,
2772 2441 2916 2494 nulla
2956 2439 3035 2494 vis
3083 2456 3337 2496 coercere
3363 2459 3460 2512 po-

1881 2531 2005 2578 test.
2045 2525 2101 2580 In
2144 2542 2308 2593 causa
2340 2528 2469 2580 illud
2495 2536 2601 2592 est,
2635 2531 2776 2598 quod
2803 2545 2991 2584 eorum
3017 2541 3236 2596 natura,
3293 2537 3458 2587 ratio-

1876 2613 1961 2666 nis
1990 2629 2205 2683 expers,
2244 2631 2350 2668 non
2418 2616 2582 2672 habet
2647 2617 2791 2686 quod
2848 2622 3121 2688 appetitus
3185 2622 3457 2676 incitatio-

1877 2719 2001 2757 nem
2079 2706 2509 2773 reprehendat:
2564 2707 2791 2778 ideoque
2875 2711 3154 2765 libidinem
3258 2713 3454 2783 quovis

1878 2798 2035 2849 modo
2067 2797 2287 2866 explere
2320 2799 2560 2854 student.
2620 2800 2946 2856 Hominibus
2969 2815 3150 2857 autem
3194 2819 3449 2872 magnum

1875 2897 1999 2936 cum
2027 2895 2236 2961 naturae
2276 2887 2485 2957 legibus
2513 2889 2711 2942 bellum
2743 2899 2866 2945 est:
2894 2893 3048 2962 cujus
3102 2894 3177 2946 rei
3223 2896 3453 2964 quilibet

1876 2974 2228 3042 semetipsum
2269 2978 2592 3041 observans,
2620 2979 2672 3032 in
2706 2996 2826 3036 sese
2859 2983 3099 3051 quotidie
3139 2986 3447 3054 periculum

1874 3065 2021 3120 facit.
2060 3066 2232 3133 Quam
2261 3070 2416 3123 multi
2451 3070 2767 3140 repletionis
2791 3073 3076 3142 cupiditati
3111 3075 3306 3132 famem
3353 3093 3452 3147 op-

1873 3157 2252 3219 ponunt?sive
2283 3157 2505 3211 medicis
2559 3161 3032 3226 obtemperantes,
3082 3162 3196 3216 sive
3229 3178 3448 3232 carnem

1873 3254 2213 3308 coercentcs,
2238 3246 2351 3298 sive
2387 3245 2511 3298 aliis
2543 3246 2613 3300 de
2647 3247 2824 3302 causis
2863 3249 3201 3302 curationem
3247 3266 3446 3321 corpo-

1872 3335 1946 3387 ris
1982 3335 2349 3402 repndiantes.
2408 3336 2814 3404 Appetitionem
2861 3329 3016 3392 vero'
3060 3341 3134 3392 rei
3170 3357 3442 3408 venerem,

1869 3439 2028 3488 quam
2069 3432 2261 3477 natura
2301 3424 2554 3478 omnibus
2582 3425 2954 3481 animantibus
3012 3429 3187 3482 instar
3243 3431 3446 3484 violcn-

1872 3514 2092 3567 tissime
2134 3514 2268 3583 legis
2299 3514 2518 3578 indidit,
2561 3515 2697 3570 adeo
2723 3517 2942 3586 quidam
3006 3519 3255 3573 detestati
3291 3530 3443 3585 sunt,

1869 3613 1928 3658 ut
1959 3604 2159 3658 idcirco
2186 3604 2407 3674 penitus
2430 3605 2595 3660 etiam
2630 3612 2924 3679 aspectum;
2955 3607 3278 3664 feminarum
3311 3613 3442 3667 abo—

1871 3692 2056 3746 minati
2081 3694 2210 3748 sint.

2469 3800 2698 3856 CAPUT
2748 3801 2864 3855 ΧΗ.

1933 3887 2074 3942 Idem
2111 3898 2160 3944 te
2201 3890 2378 3945 facere
2437 3894 2639 3947 sentias
2703 3903 2756 3948 et
2804 3904 2992 3949 contra
3047 3899 3435 3954 iracundiam:

1864 3993 1985 4047 qua:
2015 3979 2210 4048 injuria
2238 3981 2566 4050 lacessitum,
2603 3984 2864 4038 adversus
2898 4001 2991 4040 eos
3031 3989 3119 4054 qui
3154 3990 3436 4053 luserunt,

1863 4077 2052 4133 armat,
2089 4084 2322 4138 emnque
2387 4081 2591 4135 monet,
2640 4081 2698 4127 et
2751 4075 3003 4130 manibus
3033 4087 3086 4131 et
3140 4078 3330 4146 gladiis
3381 4081 3435 4133 in

1862 4173 1958 4212 eos
1991 4161 2298 4213 irruendum
2325 4178 2443 4215 ossa
2479 4181 2491 4216 :
2528 4163 2755 4219 interius
2777 4176 2957 4219 autem
2994 4169 3038 4221 is
3069 4171 3159 4237 qui
3199 4171 3267 4223 ita
3301 4186 3432 4223 cou-

1862 4249 2057 4304 citatus
2087 4260 2190 4314 est,
2219 4253 2507 4321 quemdam
2563 4257 2938 4326 objurgantem
3001 4262 3182 4323 sentit,
3234 4262 3436 4316 docen-

191 4333 382 4400 ὀργὴν,
421 4333 632 4406 ἀμύνης
655 4336 712 4389 δὲ
750 4340 1018 4406 ἀφεκτέον
1044 4355 1057 4368 ’
1092 4341 1186 4394 καὶ
1210 4344 1510 4409 φυλακτέον
1539 4347 1636 4414 μὲν
1658 4347 1757 4410 τὰς

1883 4355 2100 4409 emque,
2134 4351 2186 4395 et
2217 4343 2616 4412 repriinrmdam
2647 4361 2767 4401 esse
2814 4348 2971 4412 iram,
3017 4359 3068 4402 et
3108 4351 3178 4404 ab
3227 4351 3434 4407 ultione

190 4423 300 4474 τῶν
348 4423 596 4489 λεόντων,
653 4428 748 4479 καὶ
799 4431 1040 4499 ἄρκτων,
1099 4434 1193 4485 καὶ
1245 4435 1389 4487 συῶν
1433 4436 1753 4504 ὁμοιώσεις,

188 4516 572 4586 ἁναχωρητέον
607 4518 665 4570 δέ
698 4520 792 4572 ἐπὶ
822 4521 913 4572 τὸν
949 4522 1260 4593 ἄνθρωπον,
1301 4526 1394 4578 καὶ
1443 4527 1505 4580 τὸ
1544 4528 1637 4581 τοῦ
1667 4528 1757 4582 λό-

191 4620 290 4669 γου
344 4605 564 4674 μέτρον,
609 4609 706 4660 καὶ
739 4609 836 4677 τὴν
876 4611 1316 4683 εὐσχημοσύνην.
1356 4616 1464 4670 Καὶ
1499 4617 1756 4674 τοσοῦτον

189 4691 329 4760 αῦτη
364 4693 622 4758 πολλάκις
649 4700 680 4765 ἠ
710 4699 1029 4768 ἐπιτίμησις
1064 4703 1306 4770 ἴσχυσεν,
1343 4703 1481 4757 ὥστε
1514 4707 1606 4758 τὸν
1668 4708 1758 4760 Ου-

189 4783 292 4847 μῇν
333 4784 597 4851 σὸέσασα,
632 4788 818 4841 ἔπεισε
870 4791 960 4842 τὸν
1010 4792 1383 4846 ἐλαττωϐέντα
1411 4797 1478 4849 τὰ
1521 4796 1629 4850 τῶν
1670 4817 1759 4868 (ρι-

185 4871 425 4925 λούντων
452 4878 586 4944 πρὸς
617 4878 708 4929 τὸν
743 4879 1084 4933 πλεονεκτεῖν
1127 4883 1452 4952 βουλᾶμενον
1481 4887 1754 4952 ἐπιδείξα-

185 4964 336 5016 σθαι.
374 4967 483 5018 Καὶ
515 4967 662 5021 ἐστιν
697 4969 888 5041 ὥσπερ
909 4974 1128 5027 εἰκάσαι
1163 4975 1228 5028 τὰ
1251 4977 1390 5028 κατὰ
1425 4977 1515 5029 τὸν
1545 4979 1755 5048 ἀνορω-

183 5072 287 5108 πον
315 5058 470 5110 πόλει
504 5065 803 5130 παρόμοια,
850 5067 906 5116 ἐν
939 5057 984 5131 ᾦ
1012 5065 1168 5132 λόγος
1210 5070 1305 5120 καὶ
1346 5069 1527 5136 φύσις,
1564 5069 1756 5140 ῶσπερ

181 5151 302 5201 ἐκεῖ
336 5151 521 5218 ἄρχων
554 5156 646 5205 καὶ
675 5156 905 5210 ἰδιῶται.
943 5159 1053 5210 Καὶ
1086 5159 1359 5227 βασιλεύει
1391 5163 1497 5230 μὲν
1519 5165 1545 5214 ό
1574 5162 1752 5230 λόγος,

183 5239 381 5306 ἄγεται
413 5243 471 5294 δὲ
506 5244 538 5313 ἡ
565 5245 747 5310 φύσις.
785 5248 892 5300 Καὶ
921 5249 1084 5316 νόμος
1117 5244 1269 5312 οὗτος
1298 5252 1450 5321 παρὰ
1479 5251 1614 5305 Θεοῦ
1644 5257 1755 5316 τοῖς

184 5330 477 5392 μέλλουσιν
529 5337 774 5406 εὐδαιμὸ·
798 5357 874 5398 ως
915 5340 1234 5408 βιώσεσθαι,
1271 5343 1463 5412 μηδενὶ
1512 5345 1660 5414 παρὰ
1696 5345 1754 5396 τὸ

183 5419 434 5492 τῷλόγῳ
479 5426 669 5479 δοκοῦν
714 5431 774 5480 ἐν
817 5431 986 5484 πᾶσιν
1035 5433 1356 5502 ἐπιχειρεῖν.
1407 5434 1596 5497 Οὐδεὶς
1637 5431 1751 5499 οὖν,

181 5509 335 5574 ὅστις
359 5514 459 5568 οὐκ
479 5516 539 5569 ἐν
573 5520 753 5588 ἑαυτῷ
783 5523 881 5590 τῆς
919 5522 1186 5591 διαφορᾶς
1223 5523 1428 5593 ταύτης
1470 5527 1752 5595 πειρᾶται,

179 5600 256 5666 ὥς
286 5604 416 5660 ἄλλο
445 5609 544 5678 μὲν
571 5613 629 5664 ἐν
659 5615 790 5684 ἡμῖν
823 5615 851 5668 ὁ
873 5614 1050 5684 λόγος,
1075 5615 1202 5670 ἄλλο
1233 5617 1288 5670 δὲ
1323 5618 1356 5688 ἡ
1382 5617 1475 5670 τοῦ
1501 5618 1753 5688 σώματος

1861 4431 2237 4486 abstinendum
2270 4449 2283 4484 :
2320 4445 2370 4488 et
2403 4437 2725 4500 cavendum,
2778 4447 2890 4492 tum
2933 4455 3002 4494 ne
3035 4441 3308 4501 leonibus.
3341 4458 3434 4495 aut

1861 4520 2020 4583 ursis,
2059 4529 2152 4575 aut
2178 4525 2324 4592 apris
2375 4523 2580 4578 similes
2618 4527 2825 4594 fiamus,
2885 4538 2996 4583 tum
3027 4529 3092 4582 ad
3154 4530 3432 4585 hominem

1861 4613 2162 4667 etrationis
2188 4614 2450 4684 regulam,
2483 4617 2770 4687 ipsumque
2835 4619 3113 4683 decorum,
3177 4637 3297 4674 esse
3343 4639 3432 4673 re-

1859 4703 2158 4758 deundum.
2203 4707 2279 4761 Ac
2313 4709 2425 4762 lia'c
2458 4708 2758 4780 objurgatio
2810 4725 2952 4780 saepe
2999 4720 3202 4763 tantum
3265 4711 3426 4769 valet.

1861 4805 1919 4847 ut
1950 4797 2142 4851 ardore
2177 4799 2464 4861 exstincto,
2493 4814 2615 4852 cum
2644 4800 2733 4867 qui
2775 4805 3024 4852 damnum
3071 4801 3217 4862 fecit,
3253 4800 3358 4853 add
3384 4820 3428 4850 ι-

1861 4889 2016 4949 xcrit,
2045 4898 2101 4942 ut
2126 4904 2307 4943 amore
2338 4897 2648 4958 complexus
2683 4890 2752 4941 sit
2783 4907 2928 4953 eum,
2977 4892 3066 4959 qui
3107 4891 3211 4943 vim
3251 4902 3299 4944 et
3344 4893 3424 4944 in-

1855 4979 2054 5045 jurium
2089 4980 2267 5034 facere
2319 4981 2506 5034 voluit.
2567 4983 2640 5034 Ac
2671 4981 2949 5034 hominum
3012 4982 3250 5036 conditio
3305 4985 3423 5036 urbi

1859 5071 2254 5139 quodammodo
2288 5073 2584 5141 comparari
2611 5082 2809 5142 potest.
2840 5073 2972 5126 Nam
3005 5074 3048 5126 is
3075 5075 3336 5128 rationem
3374 5084 3427 5126 ct

1858 5172 2104 5215 naturam
2146 5163 2329 5227 habet,
2373 5165 2820 5232 quemadmodum
2871 5165 2958 5218 illa
2998 5165 3339 5234 magistratus
3373 5175 3426 5219 ct

1857 5254 2089 5322 plebem.
2115 5256 2192 5309 Ac
2217 5256 2353 5309 ratio
2379 5256 2596 5326 quidem
2657 5268 2865 5326 regnat.
2899 5269 3086 5312 natura
3123 5267 3291 5328 paret.
3361 5257 3425 5311 Et

1858 5348 1972 5401 lucc
2009 5349 2089 5402 lex
2135 5364 2162 5399 a
2197 5347 2305 5402 Deo
2337 5349 2402 5402 iis
2438 5351 2645 5404 sancita
2681 5360 2787 5414 est,
2828 5352 2917 5422 qui
2951 5351 3134 5405 felices
3185 5360 3313 5404 sunt
3339 5351 3423 5402 fu-

1860 5434 1985 5500 turi,
2041 5444 2098 5489 ut
2152 5436 2284 5489 nihil
2318 5437 2563 5491 omnium
2624 5455 2803 5492 rerum
2858 5440 3258 5509 aggrediantur,
3320 5439 3423 5494 nisi

1855 5530 1998 5596 quod
2025 5527 2216 5580 rationi
2249 5540 2675 5583 consentaneum
2714 5541 2817 5585 est.
2878 5533 3067 5600 Neque
3099 5547 3220 5585 vero
3270 5530 3428 5600 quis-

1855 5635 2014 5686 quam
2044 5628 2147 5687 est,
2175 5619 2301 5685 quin
2338 5621 2442 5676 hoc
2469 5619 2521 5677 in
2550 5637 2606 5677 se
2642 5621 2928 5678 discrimen
2958 5622 3177 5676 animad
3191 5630 3423 5684 vertens,
