  <div class='ocr_page' id='page_1' title='image "/cluster/home/n/w/nwhite01/storage/ocr_20150623/154/hvd.32044073505299/628.png"; bbox 0 0 3904 6216; ppageno 0'>
   <div class='ocr_carea' id='block_1_1' title="bbox 215 353 3517 468">
    <p class='ocr_par' dir='ltr' id='par_1_1' title="bbox 215 353 3517 468">
     <span class='ocr_line' id='line_1_1' title="bbox 215 353 3517 468; baseline -0.005 1"><span class='ocrx_word' id='word_1_1' title='bbox 215 356 224 363; x_wconf 47' lang='grc'><em>’</em></span> <span class='ocrx_word' id='word_1_2' title='bbox 271 353 408 468; x_wconf 68' lang='lat' dir='ltr'><strong>tias</strong></span> <span class='ocrx_word' id='word_1_3' title='bbox 1374 388 1472 459; x_wconf 80' lang='lat' dir='ltr'><strong>DE</strong></span> <span class='ocrx_word' id='word_1_4' title='bbox 1513 391 2078 459; x_wconf 70' lang='lat' dir='ltr'><strong>CONTEMNENDA</strong></span> <span class='ocrx_word' id='word_1_5' title='bbox 2119 391 2399 459; x_wconf 70' lang='lat' dir='ltr'><strong>Metire.</strong></span> <span class='ocrx_word' id='word_1_6' title='bbox 3321 401 3326 406; x_wconf 87' lang='grc'><strong>·</strong></span> <span class='ocrx_word' id='word_1_7' title='bbox 3385 379 3517 465; x_wconf 60' lang='lat' dir='ltr'><strong>11&#39;s.;</strong></span> 
     </span>
    </p>
   </div>
   <div class='ocr_carea' id='block_1_2' title="bbox 266 510 1850 583">
    <p class='ocr_par' dir='ltr' id='par_1_2' title="bbox 266 510 1835 583">
     <span class='ocr_line' id='line_1_2' title="bbox 266 510 1835 583; baseline -0.003 -15"><span class='ocrx_word' id='word_1_8' title='bbox 266 519 355 568; x_wconf 76' lang='grc' dir='ltr'>τὸν</span> <span class='ocrx_word' id='word_1_9' title='bbox 389 513 626 576; x_wconf 78' lang='grc' dir='ltr'>σποπὸν,</span> <span class='ocrx_word' id='word_1_10' title='bbox 663 514 813 583; x_wconf 78' lang='grc' dir='ltr'>παρὰ</span> <span class='ocrx_word' id='word_1_11' title='bbox 835 512 896 568; x_wconf 85' lang='grc' dir='ltr'><strong>,δέ</strong></span> <span class='ocrx_word' id='word_1_12' title='bbox 927 513 1021 566; x_wconf 87' lang='grc' dir='ltr'><strong>τοῦ</strong></span> <span class='ocrx_word' id='word_1_13' title='bbox 1064 513 1311 578; x_wconf 81' lang='grc' dir='ltr'><strong>τοξότου,</strong></span> <span class='ocrx_word' id='word_1_14' title='bbox 1337 511 1424 580; x_wconf 83' lang='grc' dir='ltr'>ἐφ’</span> <span class='ocrx_word' id='word_1_15' title='bbox 1450 512 1589 581; x_wconf 83' lang='grc' dir='ltr'>ὅπερ</span> <span class='ocrx_word' id='word_1_16' title='bbox 1612 510 1835 580; x_wconf 79' lang='grc' dir='ltr'>ἐνεχθῆ-</span> 
     </span>
    </p>
   </div>
   <div class='ocr_carea' id='block_1_3' title="bbox 1954 510 3515 583">
    <p class='ocr_par' dir='ltr' id='par_1_3' title="bbox 1954 511 3515 582">
     <span class='ocr_line' id='line_1_3' title="bbox 1954 511 3515 582; baseline 0.004 -18"><span class='ocrx_word' id='word_1_17' title='bbox 1954 511 2356 567; x_wconf 75' lang='lat' dir='ltr'><strong>:onvenientem</strong></span> <span class='ocrx_word' id='word_1_18' title='bbox 2399 512 2660 580; x_wconf 85' lang='lat' dir='ltr'><strong>incitare;</strong></span> <span class='ocrx_word' id='word_1_19' title='bbox 2698 513 2810 582; x_wconf 87' lang='lat' dir='ltr'><strong>ipsa</strong></span> <span class='ocrx_word' id='word_1_20' title='bbox 2851 529 2980 571; x_wconf 87' lang='lat' dir='ltr'><strong>vero</strong></span> <span class='ocrx_word' id='word_1_21' title='bbox 3009 513 3279 570; x_wconf 76' lang='lat' dir='ltr'><strong>nullarUm</strong></span> <span class='ocrx_word' id='word_1_22' title='bbox 3334 533 3515 571; x_wconf 73' lang='lat' dir='ltr'><strong>reru-a</strong></span> 
     </span>
    </p>
   </div>
   <div class='ocr_carea' id='block_1_4' title="bbox 265 601 1833 674">
    <p class='ocr_par' dir='ltr' id='par_1_4' title="bbox 265 601 1833 674">
     <span class='ocr_line' id='line_1_4' title="bbox 265 601 1833 674; baseline -0.003 -16"><span class='ocrx_word' id='word_1_23' title='bbox 265 623 354 660; x_wconf 85' lang='grc' dir='ltr'><strong>ναι</strong></span> <span class='ocrx_word' id='word_1_24' title='bbox 381 605 681 674; x_wconf 84' lang='grc' dir='ltr'>προσῆκον,</span> <span class='ocrx_word' id='word_1_25' title='bbox 717 605 988 658; x_wconf 76' lang='grc' dir='ltr'><strong>ἰθύνεται·</strong></span> <span class='ocrx_word' id='word_1_26' title='bbox 1029 604 1122 657; x_wconf 79' lang='grc' dir='ltr'>καὶ</span> <span class='ocrx_word' id='word_1_27' title='bbox 1155 603 1255 656; x_wconf 81' lang='grc' dir='ltr'>οὐκ</span> <span class='ocrx_word' id='word_1_28' title='bbox 1290 604 1355 656; x_wconf 86' lang='grc' dir='ltr'>ἂν</span> <span class='ocrx_word' id='word_1_29' title='bbox 1383 604 1526 656; x_wconf 83' lang='grc' dir='ltr'>είποι</span> <span class='ocrx_word' id='word_1_30' title='bbox 1545 620 1654 666; x_wconf 81' lang='grc' dir='ltr'>τις,</span> <span class='ocrx_word' id='word_1_31' title='bbox 1686 601 1833 664; x_wconf 76' lang='grc' dir='ltr'>τινος</span> 
     </span>
    </p>
   </div>
   <div class='ocr_carea' id='block_1_5' title="bbox 264 691 1832 766">
    <p class='ocr_par' dir='ltr' id='par_1_5' title="bbox 264 691 1832 766">
     <span class='ocr_line' id='line_1_5' title="bbox 264 691 1832 766; baseline -0.005 -15"><span class='ocrx_word' id='word_1_32' title='bbox 264 697 325 751; x_wconf 83' lang='grc' dir='ltr'><strong>τὺ</strong></span> <span class='ocrx_word' id='word_1_33' title='bbox 371 695 526 766; x_wconf 82' lang='grc' dir='ltr'>βέλος</span> <span class='ocrx_word' id='word_1_34' title='bbox 573 695 956 764; x_wconf 81' lang='grc' dir='ltr'>στοχάζεσθαι,</span> <span class='ocrx_word' id='word_1_35' title='bbox 1009 694 1130 747; x_wconf 79' lang='grc' dir='ltr'>οὐδὲ</span> <span class='ocrx_word' id='word_1_36' title='bbox 1187 693 1410 761; x_wconf 86' lang='grc' dir='ltr'>γνῶσιν,</span> <span class='ocrx_word' id='word_1_37' title='bbox 1457 691 1490 762; x_wconf 78' lang='grc' dir='ltr'>ἢ</span> <span class='ocrx_word' id='word_1_38' title='bbox 1535 691 1832 760; x_wconf 72' lang='grc' dir='ltr'>βούλησιν.</span> 
     </span>
    </p>
   </div>
   <div class='ocr_carea' id='block_1_6' title="bbox 265 781 1834 858">
    <p class='ocr_par' dir='ltr' id='par_1_6' title="bbox 265 781 1834 858">
     <span class='ocr_line' id='line_1_6' title="bbox 265 781 1834 858; baseline -0.004 -18"><span class='ocrx_word' id='word_1_39' title='bbox 265 789 410 858; x_wconf 81' lang='grc' dir='ltr'>ἐχειν</span> <span class='ocrx_word' id='word_1_40' title='bbox 435 785 531 839; x_wconf 86' lang='grc' dir='ltr'><strong>τοῦ</strong></span> <span class='ocrx_word' id='word_1_41' title='bbox 561 786 770 849; x_wconf 75' lang='grc' dir='ltr'>τέλους.</span> <span class='ocrx_word' id='word_1_42' title='bbox 806 786 967 839; x_wconf 81' lang='grc' dir='ltr'>υῦτω</span> <span class='ocrx_word' id='word_1_43' title='bbox 998 787 1140 839; x_wconf 77' lang='grc' dir='ltr'>κατὰ</span> <span class='ocrx_word' id='word_1_44' title='bbox 1166 785 1323 853; x_wconf 88' lang='grc' dir='ltr'>λόγον</span> <span class='ocrx_word' id='word_1_45' title='bbox 1355 785 1454 854; x_wconf 83' lang='grc' dir='ltr'>μὲν</span> <span class='ocrx_word' id='word_1_46' title='bbox 1484 784 1632 836; x_wconf 87' lang='grc' dir='ltr'>ποιεῖ</span> <span class='ocrx_word' id='word_1_47' title='bbox 1647 785 1742 836; x_wconf 74' lang='grc' dir='ltr'>καὶ</span> <span class='ocrx_word' id='word_1_48' title='bbox 1766 781 1834 834; x_wconf 80' lang='grc' dir='ltr'>τὰ</span> 
     </span>
    </p>
   </div>
   <div class='ocr_carea' id='block_1_7' title="bbox 227 872 1830 946">
    <p class='ocr_par' dir='ltr' id='par_1_7' title="bbox 227 872 1830 946">
     <span class='ocr_line' id='line_1_7' title="bbox 227 872 1830 946; baseline -0.003 -14"><span class='ocrx_word' id='word_1_49' title='bbox 227 905 231 910; x_wconf 88' lang='grc'><strong>-</strong></span> <span class='ocrx_word' id='word_1_50' title='bbox 267 879 403 944; x_wconf 82' lang='grc' dir='ltr'>ζῶα,</span> <span class='ocrx_word' id='word_1_51' title='bbox 435 872 512 932; x_wconf 81' lang='grc' dir='ltr'><strong>ῶν</strong></span> <span class='ocrx_word' id='word_1_52' title='bbox 533 879 719 946; x_wconf 81' lang='grc' dir='ltr'>μέντοι</span> <span class='ocrx_word' id='word_1_53' title='bbox 749 881 914 942; x_wconf 84' lang='grc' dir='ltr'>ποιεῖ,</span> <span class='ocrx_word' id='word_1_54' title='bbox 945 879 1086 930; x_wconf 81' lang='grc' dir='ltr'>αὐτὰ</span> <span class='ocrx_word' id='word_1_55' title='bbox 1112 878 1213 946; x_wconf 87' lang='grc' dir='ltr'>μὲν</span> <span class='ocrx_word' id='word_1_56' title='bbox 1237 878 1339 946; x_wconf 78' lang='grc' dir='ltr'>τὴν</span> <span class='ocrx_word' id='word_1_57' title='bbox 1370 876 1549 929; x_wconf 75' lang='grc' dir='ltr'>αἰτίαν</span> <span class='ocrx_word' id='word_1_58' title='bbox 1571 877 1670 928; x_wconf 76' lang='grc' dir='ltr'>οὐκ</span> <span class='ocrx_word' id='word_1_59' title='bbox 1687 873 1795 928; x_wconf 82' lang='grc' dir='ltr'>οἶδε</span> <span class='ocrx_word' id='word_1_60' title='bbox 1815 890 1830 906; x_wconf 78' lang='grc' dir='ltr'><strong>ο</strong></span> 
     </span>
    </p>
   </div>
   <div class='ocr_carea' id='block_1_8' title="bbox 265 966 1834 1038">
    <p class='ocr_par' dir='ltr' id='par_1_8' title="bbox 265 966 1834 1038">
     <span class='ocr_line' id='line_1_8' title="bbox 265 966 1834 1038; baseline -0.003 -14"><span class='ocrx_word' id='word_1_61' title='bbox 265 972 504 1024; x_wconf 78' lang='grc' dir='ltr'>κινεῖται</span> <span class='ocrx_word' id='word_1_62' title='bbox 536 969 616 1032; x_wconf 81' lang='grc' dir='ltr'>δὲ,</span> <span class='ocrx_word' id='word_1_63' title='bbox 661 967 758 1022; x_wconf 74' lang='grc' dir='ltr'>καὶ</span> <span class='ocrx_word' id='word_1_64' title='bbox 803 969 868 1038; x_wconf 79' lang='grc' dir='ltr'><strong>δὴ</strong></span> <span class='ocrx_word' id='word_1_65' title='bbox 910 969 1173 1037; x_wconf 76' lang='grc' dir='ltr'><strong>τυγχάνει</strong></span> <span class='ocrx_word' id='word_1_66' title='bbox 1225 967 1379 1038; x_wconf 81' lang='grc' dir='ltr'>παρὰ</span> <span class='ocrx_word' id='word_1_67' title='bbox 1428 967 1524 1020; x_wconf 84' lang='grc' dir='ltr'><strong>τοῦ</strong></span> <span class='ocrx_word' id='word_1_68' title='bbox 1551 966 1620 1020; x_wconf 77' lang='grc' dir='ltr'>τὰ</span> <span class='ocrx_word' id='word_1_69' title='bbox 1654 966 1834 1020; x_wconf 75' lang='grc' dir='ltr'>πάντα</span> 
     </span>
    </p>
   </div>
   <div class='ocr_carea' id='block_1_9' title="bbox 264 1060 1861 1130">
    <p class='ocr_par' dir='ltr' id='par_1_9' title="bbox 264 1060 1861 1130">
     <span class='ocr_line' id='line_1_9' title="bbox 264 1060 1861 1130; baseline -0.003 -14"><span class='ocrx_word' id='word_1_70' title='bbox 264 1065 470 1123; x_wconf 78' lang='grc' dir='ltr'>εἰδότος</span> <span class='ocrx_word' id='word_1_71' title='bbox 506 1061 776 1130; x_wconf 73' lang='grc' dir='ltr'>ἀγόμενα.</span> <span class='ocrx_word' id='word_1_72' title='bbox 825 1061 937 1113; x_wconf 75' lang='grc' dir='ltr'><strong>Καὶ</strong></span> <span class='ocrx_word' id='word_1_73' title='bbox 991 1060 1184 1113; x_wconf 85' lang='grc' dir='ltr'>τούτου</span> <span class='ocrx_word' id='word_1_74' title='bbox 1231 1062 1537 1130; x_wconf 84' lang='grc' dir='ltr'>τεκμήριον</span> <span class='ocrx_word' id='word_1_75' title='bbox 1561 1061 1621 1112; x_wconf 85' lang='grc' dir='ltr'>τὸ</span> <span class='ocrx_word' id='word_1_76' title='bbox 1651 1060 1861 1129; x_wconf 62' lang='grc' dir='ltr'>μόνοις.</span> 
     </span>
    </p>
   </div>
   <div class='ocr_carea' id='block_1_10' title="bbox 265 1143 1832 1222">
    <p class='ocr_par' dir='ltr' id='par_1_10' title="bbox 265 1143 1832 1222">
     <span class='ocr_line' id='line_1_10' title="bbox 265 1143 1832 1222; baseline -0.003 -16"><span class='ocrx_word' id='word_1_77' title='bbox 265 1153 503 1214; x_wconf 84' lang='grc' dir='ltr'>ἐκείνοις</span> <span class='ocrx_word' id='word_1_78' title='bbox 539 1153 865 1222; x_wconf 71' lang='grc' dir='ltr'><strong>ἐπιχειρεῖν,</strong></span> <span class='ocrx_word' id='word_1_79' title='bbox 911 1153 948 1206; x_wconf 74' lang='grc' dir='ltr'>ἃ</span> <span class='ocrx_word' id='word_1_80' title='bbox 981 1152 1115 1220; x_wconf 75' lang='grc' dir='ltr'>πρὸς</span> <span class='ocrx_word' id='word_1_81' title='bbox 1145 1157 1244 1221; x_wconf 80' lang='grc' dir='ltr'>τὴν</span> <span class='ocrx_word' id='word_1_82' title='bbox 1269 1152 1518 1220; x_wconf 78' lang='grc' dir='ltr'>ἀνάγκην</span> <span class='ocrx_word' id='word_1_83' title='bbox 1555 1150 1652 1203; x_wconf 91' lang='grc' dir='ltr'><strong>τοῦ</strong></span> <span class='ocrx_word' id='word_1_84' title='bbox 1689 1143 1832 1202; x_wconf 68' lang='grc' dir='ltr'>εἶναι</span> 
     </span>
    </p>
   </div>
   <div class='ocr_carea' id='block_1_11' title="bbox 267 1241 1834 1314">
    <p class='ocr_par' dir='ltr' id='par_1_11' title="bbox 267 1241 1834 1314">
     <span class='ocr_line' id='line_1_11' title="bbox 267 1241 1834 1314; baseline -0.001 -17"><span class='ocrx_word' id='word_1_85' title='bbox 267 1243 664 1313; x_wconf 71' lang='grc' dir='ltr'>συμϐάλλεται,</span> <span class='ocrx_word' id='word_1_86' title='bbox 694 1245 1009 1314; x_wconf 75' lang='grc' dir='ltr'><strong>περαιτέρω</strong></span> <span class='ocrx_word' id='word_1_87' title='bbox 1033 1243 1086 1296; x_wconf 76' lang='grc' dir='ltr'><strong>δέ</strong></span> <span class='ocrx_word' id='word_1_88' title='bbox 1111 1260 1257 1306; x_wconf 90' lang='grc' dir='ltr'>τινος</span> <span class='ocrx_word' id='word_1_89' title='bbox 1291 1243 1414 1312; x_wconf 79' lang='grc' dir='ltr'>μηδ’</span> <span class='ocrx_word' id='word_1_90' title='bbox 1439 1241 1707 1297; x_wconf 74' lang='grc' dir='ltr'>ἅπτεσθαι</span> <span class='ocrx_word' id='word_1_91' title='bbox 1733 1243 1834 1312; x_wconf 85' lang='grc' dir='ltr'>τὴν</span> 
     </span>
    </p>
   </div>
   <div class='ocr_carea' id='block_1_12' title="bbox 265 1323 1880 1403">
    <p class='ocr_par' dir='ltr' id='par_1_12' title="bbox 265 1323 1880 1403">
     <span class='ocr_line' id='line_1_12' title="bbox 265 1323 1880 1403; baseline -0.001 -17"><span class='ocrx_word' id='word_1_92' title='bbox 265 1336 462 1403; x_wconf 80' lang='grc' dir='ltr'>ἀρχήν.</span> <span class='ocrx_word' id='word_1_93' title='bbox 504 1334 566 1386; x_wconf 80' lang='lat' dir='ltr'><strong>Ei</strong></span> <span class='ocrx_word' id='word_1_94' title='bbox 595 1335 704 1402; x_wconf 81' lang='grc' dir='ltr'><strong>γάρ</strong></span> <span class='ocrx_word' id='word_1_95' title='bbox 724 1349 843 1386; x_wconf 85' lang='grc' dir='ltr'>τινα</span> <span class='ocrx_word' id='word_1_96' title='bbox 873 1333 1034 1401; x_wconf 83' lang='grc' dir='ltr'>λόγον</span> <span class='ocrx_word' id='word_1_97' title='bbox 1061 1335 1155 1385; x_wconf 73' lang='grc' dir='ltr'>καὶ</span> <span class='ocrx_word' id='word_1_98' title='bbox 1203 1331 1424 1401; x_wconf 80' lang='grc' dir='ltr'>θέλησιν</span> <span class='ocrx_word' id='word_1_99' title='bbox 1469 1332 1656 1393; x_wconf 81' lang='grc' dir='ltr'>αὐτοῖς</span> <span class='ocrx_word' id='word_1_100' title='bbox 1685 1323 1834 1400; x_wconf 78' lang='grc' dir='ltr'>εἶχεν</span> <span class='ocrx_word' id='word_1_101' title='bbox 1857 1347 1880 1368; x_wconf 78' lang='grc' dir='ltr'><strong><em>ο</em></strong></span> 
     </span>
    </p>
   </div>
   <div class='ocr_carea' id='block_1_13' title="bbox 266 1421 1830 1494">
    <p class='ocr_par' dir='ltr' id='par_1_13' title="bbox 266 1421 1830 1494">
     <span class='ocr_line' id='line_1_13' title="bbox 266 1421 1830 1494; baseline -0.003 -18"><span class='ocrx_word' id='word_1_102' title='bbox 266 1426 301 1494; x_wconf 79' lang='grc' dir='ltr'>ἡ</span> <span class='ocrx_word' id='word_1_103' title='bbox 336 1423 542 1494; x_wconf 78' lang='grc' dir='ltr'>ὄρεξις,</span> <span class='ocrx_word' id='word_1_104' title='bbox 569 1423 842 1492; x_wconf 76' lang='grc' dir='ltr'><strong>ἔπραττον</strong></span> <span class='ocrx_word' id='word_1_105' title='bbox 872 1424 937 1475; x_wconf 80' lang='grc' dir='ltr'>ἄν</span> <span class='ocrx_word' id='word_1_106' title='bbox 968 1440 1022 1474; x_wconf 93' lang='grc' dir='ltr'><strong>τι</strong></span> <span class='ocrx_word' id='word_1_107' title='bbox 1077 1423 1172 1475; x_wconf 77' lang='grc' dir='ltr'>καὶ</span> <span class='ocrx_word' id='word_1_108' title='bbox 1223 1424 1321 1492; x_wconf 78' lang='grc' dir='ltr'>τῆς</span> <span class='ocrx_word' id='word_1_109' title='bbox 1365 1422 1610 1490; x_wconf 75' lang='grc' dir='ltr'><strong>ἀνάγκης</strong></span> <span class='ocrx_word' id='word_1_110' title='bbox 1651 1421 1830 1485; x_wconf 80' lang='grc' dir='ltr'>ἐκτὸς,</span> 
     </span>
    </p>
   </div>
   <div class='ocr_carea' id='block_1_14' title="bbox 266 1509 1828 1582">
    <p class='ocr_par' dir='ltr' id='par_1_14' title="bbox 266 1509 1828 1582">
     <span class='ocr_line' id='line_1_14' title="bbox 266 1509 1828 1582; baseline -0.003 -17"><span class='ocrx_word' id='word_1_111' title='bbox 266 1516 335 1582; x_wconf 86' lang='grc' dir='ltr'><strong>τῇ</strong></span> <span class='ocrx_word' id='word_1_112' title='bbox 390 1514 516 1581; x_wconf 76' lang='grc' dir='ltr'>περὶ</span> <span class='ocrx_word' id='word_1_113' title='bbox 552 1512 730 1564; x_wconf 81' lang='grc' dir='ltr'>πάντα</span> <span class='ocrx_word' id='word_1_114' title='bbox 763 1509 994 1579; x_wconf 82' lang='grc' dir='ltr'>δυνάμει</span> <span class='ocrx_word' id='word_1_115' title='bbox 1033 1510 1126 1562; x_wconf 84' lang='grc' dir='ltr'><strong>τοῦ</strong></span> <span class='ocrx_word' id='word_1_116' title='bbox 1176 1510 1335 1577; x_wconf 83' lang='grc' dir='ltr'>λόγου</span> <span class='ocrx_word' id='word_1_117' title='bbox 1391 1511 1828 1580; x_wconf 73' lang='grc' dir='ltr'>προσχρώμεναο</span> 
     </span>
    </p>
   </div>
   <div class='ocr_carea' id='block_1_15' title="bbox 268 1601 1835 1671">
    <p class='ocr_par' dir='ltr' id='par_1_15' title="bbox 268 1601 1835 1671">
     <span class='ocr_line' id='line_1_15' title="bbox 268 1601 1835 1671; baseline -0.004 -15"><span class='ocrx_word' id='word_1_118' title='bbox 268 1605 398 1671; x_wconf 84' lang='grc' dir='ltr'>ὅσγε</span> <span class='ocrx_word' id='word_1_119' title='bbox 425 1601 537 1655; x_wconf 87' lang='grc' dir='ltr'><strong>τῶν</strong></span> <span class='ocrx_word' id='word_1_120' title='bbox 571 1603 830 1654; x_wconf 83' lang='grc' dir='ltr'>ἐναντίων</span> <span class='ocrx_word' id='word_1_121' title='bbox 863 1602 957 1654; x_wconf 67' lang='grc' dir='ltr'><strong>κα)⁴</strong></span> <span class='ocrx_word' id='word_1_122' title='bbox 982 1602 1282 1668; x_wconf 86' lang='grc' dir='ltr'>γνωστικός</span> <span class='ocrx_word' id='word_1_123' title='bbox 1318 1602 1454 1666; x_wconf 86' lang='grc' dir='ltr'>ἐστι,</span> <span class='ocrx_word' id='word_1_124' title='bbox 1487 1602 1581 1653; x_wconf 77' lang='grc' dir='ltr'>καὶ</span> <span class='ocrx_word' id='word_1_125' title='bbox 1613 1603 1835 1651; x_wconf 85' lang='grc' dir='ltr'>ἀνυστι-</span> 
     </span>
    </p>
   </div>
   <div class='ocr_carea' id='block_1_16' title="bbox 271 1692 1834 1762">
    <p class='ocr_par' dir='ltr' id='par_1_16' title="bbox 271 1692 1834 1762">
     <span class='ocr_line' id='line_1_16' title="bbox 271 1692 1834 1762; baseline -0.004 -14"><span class='ocrx_word' id='word_1_126' title='bbox 271 1697 387 1757; x_wconf 87' lang='grc' dir='ltr'>κός.</span> <span class='ocrx_word' id='word_1_127' title='bbox 440 1696 515 1747; x_wconf 85' lang='grc' dir='ltr'><strong>υῦ</strong></span> <span class='ocrx_word' id='word_1_128' title='bbox 550 1695 734 1746; x_wconf 79' lang='grc' dir='ltr'>τοίνυν</span> <span class='ocrx_word' id='word_1_129' title='bbox 763 1694 894 1747; x_wconf 79' lang='grc' dir='ltr'>ἄλλο</span> <span class='ocrx_word' id='word_1_130' title='bbox 942 1712 994 1746; x_wconf 91' lang='grc' dir='ltr'><strong>τι</strong></span> <span class='ocrx_word' id='word_1_131' title='bbox 1046 1693 1156 1745; x_wconf 84' lang='grc' dir='ltr'><strong>τῶν</strong></span> <span class='ocrx_word' id='word_1_132' title='bbox 1217 1695 1368 1762; x_wconf 73' lang='grc' dir='ltr'>παρὰ</span> <span class='ocrx_word' id='word_1_133' title='bbox 1403 1692 1494 1746; x_wconf 76' lang='grc' dir='ltr'><strong>τὸν</strong></span> <span class='ocrx_word' id='word_1_134' title='bbox 1546 1692 1834 1759; x_wconf 80' lang='grc' dir='ltr'>ἄνθρωπον</span> 
     </span>
    </p>
   </div>
   <div class='ocr_carea' id='block_1_17' title="bbox 275 1783 1833 1856">
    <p class='ocr_par' dir='ltr' id='par_1_17' title="bbox 275 1783 1833 1856">
     <span class='ocr_line' id='line_1_17' title="bbox 275 1783 1833 1856; baseline -0.003 -19"><span class='ocrx_word' id='word_1_135' title='bbox 275 1787 429 1850; x_wconf 82' lang='grc' dir='ltr'>ζώων</span> <span class='ocrx_word' id='word_1_136' title='bbox 471 1786 670 1856; x_wconf 74' lang='grc' dir='ltr'>ψυχὴν⁵</span> <span class='ocrx_word' id='word_1_137' title='bbox 696 1787 920 1856; x_wconf 82' lang='grc' dir='ltr'>λογικὴν</span> <span class='ocrx_word' id='word_1_138' title='bbox 973 1786 1116 1855; x_wconf 72' lang='grc' dir='ltr'>ἔχειν</span> <span class='ocrx_word' id='word_1_139' title='bbox 1145 1786 1520 1854; x_wconf 59' lang='grc' dir='ltr'>ὑποληπτέον</span> <span class='ocrx_word' id='word_1_140' title='bbox 1565 1784 1680 1836; x_wconf 81' lang='grc' dir='ltr'>ἀλλ’</span> <span class='ocrx_word' id='word_1_141' title='bbox 1716 1783 1833 1834; x_wconf 84' lang='grc' dir='ltr'>ἐστι</span> 
     </span>
    </p>
   </div>
   <div class='ocr_carea' id='block_1_18' title="bbox 270 1877 1572 1949">
    <p class='ocr_par' dir='ltr' id='par_1_18' title="bbox 270 1877 1572 1949">
     <span class='ocr_line' id='line_1_18' title="bbox 270 1877 1572 1949; baseline -0.003 -19"><span class='ocrx_word' id='word_1_142' title='bbox 270 1878 430 1932; x_wconf 84' lang='grc' dir='ltr'>τοῦτο</span> <span class='ocrx_word' id='word_1_143' title='bbox 459 1881 627 1947; x_wconf 85' lang='grc' dir='ltr'>μόνης</span> <span class='ocrx_word' id='word_1_144' title='bbox 659 1879 759 1946; x_wconf 85' lang='grc' dir='ltr'><strong>τῆς</strong></span> <span class='ocrx_word' id='word_1_145' title='bbox 790 1878 1140 1949; x_wconf 79' lang='grc' dir='ltr'>ἀνθρωπίνης</span> <span class='ocrx_word' id='word_1_146' title='bbox 1171 1877 1389 1946; x_wconf 73' lang='grc' dir='ltr'>φύσεως</span> <span class='ocrx_word' id='word_1_147' title='bbox 1421 1877 1572 1928; x_wconf 76' lang='grc' dir='ltr'>ἴδιον.</span> 
     </span>
    </p>
   </div>
   <div class='ocr_carea' id='block_1_19' title="bbox 1934 603 3518 676">
    <p class='ocr_par' dir='ltr' id='par_1_19' title="bbox 1934 603 3518 676">
     <span class='ocr_line' id='line_1_19' title="bbox 1934 603 3518 676; baseline 0.004 -20"><span class='ocrx_word' id='word_1_148' title='bbox 1934 617 2130 656; x_wconf 83' lang='lat' dir='ltr'><strong>causas</strong></span> <span class='ocrx_word' id='word_1_149' title='bbox 2161 603 2484 673; x_wconf 83' lang='lat' dir='ltr'><strong>intelligere.</strong></span> <span class='ocrx_word' id='word_1_150' title='bbox 2511 604 2644 657; x_wconf 88' lang='lat' dir='ltr'><strong>Nam</strong></span> <span class='ocrx_word' id='word_1_151' title='bbox 2675 614 2729 659; x_wconf 88' lang='lat' dir='ltr'><strong>et</strong></span> <span class='ocrx_word' id='word_1_152' title='bbox 2756 607 2949 676; x_wconf 78' lang='lat' dir='ltr'><strong>sagitta</strong></span> <span class='ocrx_word' id='word_1_153' title='bbox 2969 622 3089 661; x_wconf 90' lang='lat' dir='ltr'><strong>cum</strong></span> <span class='ocrx_word' id='word_1_154' title='bbox 3135 615 3332 661; x_wconf 89' lang='lat' dir='ltr'><strong>metam</strong></span> <span class='ocrx_word' id='word_1_155' title='bbox 3364 609 3518 675; x_wconf 78' lang='lat' dir='ltr'><strong>igno-</strong></span> 
     </span>
    </p>
   </div>
   <div class='ocr_carea' id='block_1_20' title="bbox 1936 692 3516 769">
    <p class='ocr_par' dir='ltr' id='par_1_20' title="bbox 1936 692 3516 769">
     <span class='ocr_line' id='line_1_20' title="bbox 1936 692 3516 769; baseline 0.003 -23"><span class='ocrx_word' id='word_1_156' title='bbox 1936 702 2036 758; x_wconf 90' lang='lat' dir='ltr'><strong>ret,</strong></span> <span class='ocrx_word' id='word_1_157' title='bbox 2069 707 2100 747; x_wconf 89' lang='lat' dir='ltr'><strong>a</strong></span> <span class='ocrx_word' id='word_1_158' title='bbox 2121 692 2405 764; x_wconf 74' lang='lat' dir='ltr'><strong>sagittario</strong></span> <span class='ocrx_word' id='word_1_159' title='bbox 2443 695 2715 765; x_wconf 79' lang='lat' dir='ltr'><strong>dirigitur,</strong></span> <span class='ocrx_word' id='word_1_160' title='bbox 2744 712 2852 766; x_wconf 88' lang='lat' dir='ltr'><strong>quo</strong></span> <span class='ocrx_word' id='word_1_161' title='bbox 2893 711 3015 752; x_wconf 88' lang='lat' dir='ltr'><strong>eam</strong></span> <span class='ocrx_word' id='word_1_162' title='bbox 3044 698 3172 753; x_wconf 79' lang='lat' dir='ltr'><strong>ferri</strong></span> <span class='ocrx_word' id='word_1_163' title='bbox 3231 697 3516 769; x_wconf 78' lang='lat' dir='ltr'><strong>convenit.</strong></span> 
     </span>
    </p>
   </div>
   <div class='ocr_carea' id='block_1_21' title="bbox 1934 782 3520 857">
    <p class='ocr_par' dir='ltr' id='par_1_21' title="bbox 1934 782 3520 857">
     <span class='ocr_line' id='line_1_21' title="bbox 1934 782 3520 857; baseline 0.003 -21"><span class='ocrx_word' id='word_1_164' title='bbox 1934 782 2119 852; x_wconf 77' lang='lat' dir='ltr'><strong>Neque</strong></span> <span class='ocrx_word' id='word_1_165' title='bbox 2139 800 2269 840; x_wconf 87' lang='lat' dir='ltr'><strong>vero</strong></span> <span class='ocrx_word' id='word_1_166' title='bbox 2289 785 2573 854; x_wconf 81' lang='lat' dir='ltr'><strong>quisquam</strong></span> <span class='ocrx_word' id='word_1_167' title='bbox 2603 786 2822 849; x_wconf 83' lang='lat' dir='ltr'><strong>dixerit,</strong></span> <span class='ocrx_word' id='word_1_168' title='bbox 2857 789 3098 857; x_wconf 73' lang='lat' dir='ltr'><strong>iaculum</strong></span> <span class='ocrx_word' id='word_1_169' title='bbox 3151 789 3358 857; x_wconf 89' lang='lat' dir='ltr'><strong>aliquid</strong></span> <span class='ocrx_word' id='word_1_170' title='bbox 3413 787 3520 841; x_wconf 79' lang='lat' dir='ltr'><strong>ha-</strong></span> 
     </span>
    </p>
   </div>
   <div class='ocr_carea' id='block_1_22' title="bbox 1935 875 3517 950">
    <p class='ocr_par' dir='ltr' id='par_1_22' title="bbox 1935 875 3517 950">
     <span class='ocr_line' id='line_1_22' title="bbox 1935 875 3517 950; baseline 0.003 -21"><span class='ocrx_word' id='word_1_171' title='bbox 1935 876 2062 930; x_wconf 87' lang='lat' dir='ltr'><strong>here</strong></span> <span class='ocrx_word' id='word_1_172' title='bbox 2101 875 2383 945; x_wconf 84' lang='lat' dir='ltr'><strong>propositi,</strong></span> <span class='ocrx_word' id='word_1_173' title='bbox 2415 887 2507 932; x_wconf 88' lang='lat' dir='ltr'><strong>aut</strong></span> <span class='ocrx_word' id='word_1_174' title='bbox 2559 877 2911 947; x_wconf 75' lang='lat' dir='ltr'><strong>cognitioais,</strong></span> <span class='ocrx_word' id='word_1_175' title='bbox 2958 889 3049 934; x_wconf 87' lang='lat' dir='ltr'><strong>aut</strong></span> <span class='ocrx_word' id='word_1_176' title='bbox 3107 879 3230 934; x_wconf 84' lang='lat' dir='ltr'><strong>ﬁnis</strong></span> <span class='ocrx_word' id='word_1_177' title='bbox 3281 881 3517 950; x_wconf 84' lang='lat' dir='ltr'><strong>alicujus</strong></span> 
     </span>
    </p>
   </div>
   <div class='ocr_carea' id='block_1_23' title="bbox 1933 966 3517 1039">
    <p class='ocr_par' dir='ltr' id='par_1_23' title="bbox 1933 966 3517 1039">
     <span class='ocr_line' id='line_1_23' title="bbox 1933 966 3517 1039; baseline 0.003 -19"><span class='ocrx_word' id='word_1_178' title='bbox 1933 966 2308 1035; x_wconf 86' lang='lat' dir='ltr'><strong>cupiditatem.</strong></span> <span class='ocrx_word' id='word_1_179' title='bbox 2335 967 2425 1022; x_wconf 88' lang='lat' dir='ltr'><strong>Sic</strong></span> <span class='ocrx_word' id='word_1_180' title='bbox 2444 968 2606 1022; x_wconf 87' lang='lat' dir='ltr'><strong>etiam</strong></span> <span class='ocrx_word' id='word_1_181' title='bbox 2646 971 2905 1025; x_wconf 90' lang='lat' dir='ltr'><strong>animalia</strong></span> <span class='ocrx_word' id='word_1_182' title='bbox 2960 969 3227 1025; x_wconf 88' lang='lat' dir='ltr'><strong>rationem</strong></span> <span class='ocrx_word' id='word_1_183' title='bbox 3268 972 3318 1024; x_wconf 92' lang='lat' dir='ltr'><strong>in</strong></span> <span class='ocrx_word' id='word_1_184' title='bbox 3353 987 3517 1039; x_wconf 80' lang='lat' dir='ltr'><strong>agen-</strong></span> 
     </span>
    </p>
   </div>
   <div class='ocr_carea' id='block_1_24' title="bbox 1933 1055 3514 1129">
    <p class='ocr_par' dir='ltr' id='par_1_24' title="bbox 1933 1055 3514 1129">
     <span class='ocr_line' id='line_1_24' title="bbox 1933 1055 3514 1129; baseline 0.003 -19"><span class='ocrx_word' id='word_1_185' title='bbox 1933 1055 2004 1110; x_wconf 87' lang='lat' dir='ltr'><strong>do</strong></span> <span class='ocrx_word' id='word_1_186' title='bbox 2059 1066 2387 1125; x_wconf 83' lang='lat' dir='ltr'><strong>sequuntur,</strong></span> <span class='ocrx_word' id='word_1_187' title='bbox 2453 1059 2547 1112; x_wconf 86' lang='lat' dir='ltr'><strong>sed</strong></span> <span class='ocrx_word' id='word_1_188' title='bbox 2601 1074 2791 1113; x_wconf 88' lang='lat' dir='ltr'><strong>eorum</strong></span> <span class='ocrx_word' id='word_1_189' title='bbox 2844 1074 2966 1129; x_wconf 73' lang='lat' dir='ltr'><strong>qua:</strong></span> <span class='ocrx_word' id='word_1_190' title='bbox 2998 1059 3234 1114; x_wconf 76' lang='lat' dir='ltr'><strong>‘l‘acinnt</strong></span> <span class='ocrx_word' id='word_1_191' title='bbox 3292 1075 3514 1115; x_wconf 84' lang='lat' dir='ltr'><strong>causam</strong></span> 
     </span>
    </p>
   </div>
   <div class='ocr_carea' id='block_1_25' title="bbox 1934 1145 3513 1220">
    <p class='ocr_par' dir='ltr' id='par_1_25' title="bbox 1934 1145 3513 1220">
     <span class='ocr_line' id='line_1_25' title="bbox 1934 1145 3513 1220; baseline 0.005 -22"><span class='ocrx_word' id='word_1_192' title='bbox 1934 1145 2206 1217; x_wconf 76' lang='lat' dir='ltr'><strong>ignorant.</strong></span> <span class='ocrx_word' id='word_1_193' title='bbox 2238 1146 2525 1202; x_wconf 81' lang='lat' dir='ltr'><strong>Moventur</strong></span> <span class='ocrx_word' id='word_1_194' title='bbox 2569 1157 2826 1204; x_wconf 86' lang='lat' dir='ltr'><strong>autemet</strong></span> <span class='ocrx_word' id='word_1_195' title='bbox 2851 1151 3128 1206; x_wconf 90' lang='lat' dir='ltr'><strong>ducuntur</strong></span> <span class='ocrx_word' id='word_1_196' title='bbox 3177 1152 3244 1205; x_wconf 89' lang='lat' dir='ltr'><strong>ab</strong></span> <span class='ocrx_word' id='word_1_197' title='bbox 3289 1167 3375 1216; x_wconf 89' lang='lat' dir='ltr'><strong>eo,</strong></span> <span class='ocrx_word' id='word_1_198' title='bbox 3421 1153 3513 1220; x_wconf 86' lang='lat' dir='ltr'><strong>qui</strong></span> 
     </span>
    </p>
   </div>
   <div class='ocr_carea' id='block_1_26' title="bbox 1935 1237 3512 1312">
    <p class='ocr_par' dir='ltr' id='par_1_26' title="bbox 1935 1237 3512 1312">
     <span class='ocr_line' id='line_1_26' title="bbox 1935 1237 3512 1312; baseline 0.006 -23"><span class='ocrx_word' id='word_1_199' title='bbox 1935 1237 2039 1290; x_wconf 88' lang='lat' dir='ltr'><strong>scit</strong></span> <span class='ocrx_word' id='word_1_200' title='bbox 2065 1239 2266 1292; x_wconf 90' lang='lat' dir='ltr'><strong>omnia.</strong></span> <span class='ocrx_word' id='word_1_201' title='bbox 2302 1241 2479 1308; x_wconf 85' lang='lat' dir='ltr'><strong>Atque</strong></span> <span class='ocrx_word' id='word_1_202' title='bbox 2514 1241 2672 1297; x_wconf 88' lang='lat' dir='ltr'><strong>istius</strong></span> <span class='ocrx_word' id='word_1_203' title='bbox 2698 1243 2773 1296; x_wconf 87' lang='lat' dir='ltr'><strong>rei</strong></span> <span class='ocrx_word' id='word_1_204' title='bbox 2806 1255 3189 1311; x_wconf 71' lang='lat' dir='ltr'><strong>argumentum</strong></span> <span class='ocrx_word' id='word_1_205' title='bbox 3232 1253 3337 1307; x_wconf 90' lang='lat' dir='ltr'><strong>est,</strong></span> <span class='ocrx_word' id='word_1_206' title='bbox 3368 1245 3512 1312; x_wconf 84' lang='lat' dir='ltr'><strong>quod</strong></span> 
     </span>
    </p>
   </div>
   <div class='ocr_carea' id='block_1_27' title="bbox 1935 1329 3513 1401">
    <p class='ocr_par' dir='ltr' id='par_1_27' title="bbox 1935 1329 3513 1401">
     <span class='ocr_line' id='line_1_27' title="bbox 1935 1329 3513 1401; baseline 0.005 -20"><span class='ocrx_word' id='word_1_207' title='bbox 1935 1341 2000 1381; x_wconf 86' lang='lat' dir='ltr'><strong>ea</strong></span> <span class='ocrx_word' id='word_1_208' title='bbox 2033 1329 2146 1382; x_wconf 90' lang='lat' dir='ltr'><strong>sola</strong></span> <span class='ocrx_word' id='word_1_209' title='bbox 2169 1331 2582 1399; x_wconf 73' lang='lat' dir='ltr'><strong>aggrediuntur,</strong></span> <span class='ocrx_word' id='word_1_210' title='bbox 2629 1349 2750 1401; x_wconf 65' lang='lat' dir='ltr'><strong>quin</strong></span> <span class='ocrx_word' id='word_1_211' title='bbox 2785 1335 2850 1387; x_wconf 86' lang='lat' dir='ltr'><strong>ad</strong></span> <span class='ocrx_word' id='word_1_212' title='bbox 2888 1345 3094 1388; x_wconf 74' lang='lat' dir='ltr'><strong>natura:</strong></span> <span class='ocrx_word' id='word_1_213' title='bbox 3133 1338 3513 1389; x_wconf 82' lang='lat' dir='ltr'><strong>conservatio-</strong></span> 
     </span>
    </p>
   </div>
   <div class='ocr_carea' id='block_1_28' title="bbox 1936 1418 3515 1490">
    <p class='ocr_par' dir='ltr' id='par_1_28' title="bbox 1936 1418 3515 1490">
     <span class='ocr_line' id='line_1_28' title="bbox 1936 1418 3515 1490; baseline 0.004 -20"><span class='ocrx_word' id='word_1_214' title='bbox 1936 1433 2057 1471; x_wconf 86' lang='lat' dir='ltr'><strong>nem</strong></span> <span class='ocrx_word' id='word_1_215' title='bbox 2089 1418 2416 1473; x_wconf 87' lang='lat' dir='ltr'><strong>conl‘erunt:</strong></span> <span class='ocrx_word' id='word_1_216' title='bbox 2458 1422 2757 1490; x_wconf 88' lang='lat' dir='ltr'><strong>quidquam</strong></span> <span class='ocrx_word' id='word_1_217' title='bbox 2814 1431 2994 1475; x_wconf 88' lang='lat' dir='ltr'><strong>autem</strong></span> <span class='ocrx_word' id='word_1_218' title='bbox 3032 1425 3195 1487; x_wconf 87' lang='lat' dir='ltr'><strong>ultra,</strong></span> <span class='ocrx_word' id='word_1_219' title='bbox 3251 1439 3318 1476; x_wconf 90' lang='lat' dir='ltr'><strong>ne</strong></span> <span class='ocrx_word' id='word_1_220' title='bbox 3345 1425 3515 1476; x_wconf 81' lang='lat' dir='ltr'><strong>attin-</strong></span> 
     </span>
    </p>
   </div>
   <div class='ocr_carea' id='block_1_29' title="bbox 1936 1509 3537 1583">
    <p class='ocr_par' dir='ltr' id='par_1_29' title="bbox 1936 1509 3537 1583">
     <span class='ocr_line' id='line_1_29' title="bbox 1936 1509 3537 1583; baseline 0.004 -23"><span class='ocrx_word' id='word_1_221' title='bbox 1936 1517 2070 1579; x_wconf 74' lang='lat' dir='ltr'><strong>gunt</strong></span> <span class='ocrx_word' id='word_1_222' title='bbox 2112 1509 2352 1578; x_wconf 71' lang='lat' dir='ltr'><strong>quidem.</strong></span> <span class='ocrx_word' id='word_1_223' title='bbox 2380 1509 2515 1564; x_wconf 83' lang='lat' dir='ltr'><strong>Nam</strong></span> <span class='ocrx_word' id='word_1_224' title='bbox 2548 1513 2590 1565; x_wconf 89' lang='lat' dir='ltr'><strong>si</strong></span> <span class='ocrx_word' id='word_1_225' title='bbox 2620 1528 2808 1566; x_wconf 90' lang='lat' dir='ltr'><strong>eorum</strong></span> <span class='ocrx_word' id='word_1_226' title='bbox 2837 1513 3095 1583; x_wconf 85' lang='lat' dir='ltr'><strong>appetitio</strong></span> <span class='ocrx_word' id='word_1_227' title='bbox 3118 1514 3319 1583; x_wconf 84' lang='lat' dir='ltr'><strong>aliquid</strong></span> <span class='ocrx_word' id='word_1_228' title='bbox 3356 1514 3537 1578; x_wconf 35' lang='lat' dir='ltr'><strong>ratio:</strong></span> 
     </span>
    </p>
   </div>
   <div class='ocr_carea' id='block_1_30' title="bbox 1937 1601 3520 1666">
    <p class='ocr_par' dir='ltr' id='par_1_30' title="bbox 1937 1601 3520 1666">
     <span class='ocr_line' id='line_1_30' title="bbox 1937 1601 3520 1666; baseline 0.002 -14"><span class='ocrx_word' id='word_1_229' title='bbox 1937 1601 2022 1653; x_wconf 90' lang='lat' dir='ltr'><strong>nis</strong></span> <span class='ocrx_word' id='word_1_230' title='bbox 2042 1608 2133 1652; x_wconf 86' lang='lat' dir='ltr'><strong>aut</strong></span> <span class='ocrx_word' id='word_1_231' title='bbox 2163 1601 2454 1656; x_wconf 70' lang='lat' dir='ltr'><strong>voluntatis</strong></span> <span class='ocrx_word' id='word_1_232' title='bbox 2482 1602 2728 1666; x_wconf 79' lang='lat' dir='ltr'><strong>haberet,</strong></span> <span class='ocrx_word' id='word_1_233' title='bbox 2765 1604 2931 1657; x_wconf 88' lang='lat' dir='ltr'><strong>etiam</strong></span> <span class='ocrx_word' id='word_1_234' title='bbox 2966 1613 3114 1657; x_wconf 71' lang='lat' dir='ltr'><strong>extra</strong></span> <span class='ocrx_word' id='word_1_235' title='bbox 3140 1605 3520 1657; x_wconf 74' lang='lat' dir='ltr'><strong>necessitatem</strong></span> 
     </span>
    </p>
   </div>
   <div class='ocr_carea' id='block_1_31' title="bbox 1936 1691 3520 1761">
    <p class='ocr_par' dir='ltr' id='par_1_31' title="bbox 1936 1691 3520 1761">
     <span class='ocr_line' id='line_1_31' title="bbox 1936 1691 3520 1761; baseline 0.002 -18"><span class='ocrx_word' id='word_1_236' title='bbox 1936 1691 2404 1761; x_wconf 78' lang='lat' dir='ltr'><strong>aliquid&#39;agcrent,</strong></span> <span class='ocrx_word' id='word_1_237' title='bbox 2429 1695 2493 1746; x_wconf 89' lang='lat' dir='ltr'><strong>ad</strong></span> <span class='ocrx_word' id='word_1_238' title='bbox 2520 1694 2698 1747; x_wconf 80' lang='lat' dir='ltr'><strong>omnia</strong></span> <span class='ocrx_word' id='word_1_239' title='bbox 2726 1697 2946 1749; x_wconf 80' lang='lat' dir='ltr'><strong>rationis</strong></span> <span class='ocrx_word' id='word_1_240' title='bbox 2968 1695 3218 1748; x_wconf 76' lang='lat' dir='ltr'><strong>facultate</strong></span> <span class='ocrx_word' id='word_1_241' title='bbox 3253 1696 3520 1757; x_wconf 85' lang='lat' dir='ltr'><strong>adhibita,</strong></span> 
     </span>
    </p>
   </div>
   <div class='ocr_carea' id='block_1_32' title="bbox 1937 1785 3524 1854">
    <p class='ocr_par' dir='ltr' id='par_1_32' title="bbox 1937 1785 3524 1854">
     <span class='ocr_line' id='line_1_32' title="bbox 1937 1785 3524 1854; baseline 0.003 -19"><span class='ocrx_word' id='word_1_242' title='bbox 1937 1799 2058 1850; x_wconf 73' lang='lat' dir='ltr'><strong>qua:</strong></span> <span class='ocrx_word' id='word_1_243' title='bbox 2093 1785 2364 1837; x_wconf 90' lang='lat' dir='ltr'><strong>contraria</strong></span> <span class='ocrx_word' id='word_1_244' title='bbox 2396 1797 2450 1838; x_wconf 89' lang='lat' dir='ltr'><strong>et</strong></span> <span class='ocrx_word' id='word_1_245' title='bbox 2476 1786 2809 1854; x_wconf 65' lang='lat' dir='ltr'><strong>intelligendi</strong></span> <span class='ocrx_word' id='word_1_246' title='bbox 2840 1794 2894 1838; x_wconf 87' lang='lat' dir='ltr'><strong>et</strong></span> <span class='ocrx_word' id='word_1_247' title='bbox 2919 1787 3238 1854; x_wconf 77' lang='lat' dir='ltr'><strong>perficiendi</strong></span> <span class='ocrx_word' id='word_1_248' title='bbox 3277 1788 3383 1838; x_wconf 79' lang='lat' dir='ltr'><strong>vim</strong></span> <span class='ocrx_word' id='word_1_249' title='bbox 3429 1786 3524 1839; x_wconf 90' lang='lat' dir='ltr'><strong>ba-</strong></span> 
     </span>
    </p>
   </div>
   <div class='ocr_carea' id='block_1_33' title="bbox 1873 1863 3521 1948">
    <p class='ocr_par' dir='ltr' id='par_1_33' title="bbox 1873 1863 3521 1948">
     <span class='ocr_line' id='line_1_33' title="bbox 1873 1863 3521 1948; baseline 0.001 -19"><span class='ocrx_word' id='word_1_250' title='bbox 1873 1863 2052 1929; x_wconf 79' lang='lat' dir='ltr'><strong>Bbet.</strong></span> <span class='ocrx_word' id='word_1_251' title='bbox 2109 1877 2248 1945; x_wconf 78' lang='lat' dir='ltr'><strong>Ergo</strong></span> <span class='ocrx_word' id='word_1_252' title='bbox 2287 1877 2494 1930; x_wconf 91' lang='lat' dir='ltr'><strong>nullum</strong></span> <span class='ocrx_word' id='word_1_253' title='bbox 2537 1877 2682 1930; x_wconf 84' lang='lat' dir='ltr'><strong>aliud</strong></span> <span class='ocrx_word' id='word_1_254' title='bbox 2749 1879 2948 1931; x_wconf 86' lang='lat' dir='ltr'><strong>animal</strong></span> <span class='ocrx_word' id='word_1_255' title='bbox 2999 1887 3196 1948; x_wconf 81' lang='lat' dir='ltr'><strong>pra-ter</strong></span> <span class='ocrx_word' id='word_1_256' title='bbox 3248 1877 3521 1932; x_wconf 85' lang='lat' dir='ltr'><strong>hominem</strong></span> 
     </span>
    </p>
   </div>
   <div class='ocr_carea' id='block_1_34' title="bbox 271 1950 3520 2044">
    <p class='ocr_par' dir='ltr' id='par_1_34' title="bbox 271 1950 3520 2044">
     <span class='ocr_line' id='line_1_34' title="bbox 271 1950 3520 2044; baseline 0 -16"><span class='ocrx_word' id='word_1_257' title='bbox 271 1950 514 2028; x_wconf 64' lang='lat' dir='ltr'><strong>animum</strong></span> <span class='ocrx_word' id='word_1_258' title='bbox 550 1973 942 2044; x_wconf 73' lang='lat' dir='ltr'><strong>intelligentem</strong></span> <span class='ocrx_word' id='word_1_259' title='bbox 978 1974 1179 2027; x_wconf 84' lang='lat' dir='ltr'><strong>habere</strong></span> <span class='ocrx_word' id='word_1_260' title='bbox 1233 1972 1650 2024; x_wconf 77' lang='lat' dir='ltr'><strong>existimandum</strong></span> <span class='ocrx_word' id='word_1_261' title='bbox 1689 1979 1808 2032; x_wconf 84' lang='lat' dir='ltr'><strong>est;</strong></span> <span class='ocrx_word' id='word_1_262' title='bbox 1849 1971 1942 2025; x_wconf 86' lang='lat' dir='ltr'><strong>scd</strong></span> <span class='ocrx_word' id='word_1_263' title='bbox 1984 1971 2027 2024; x_wconf 90' lang='lat' dir='ltr'><strong>is</strong></span> <span class='ocrx_word' id='word_1_264' title='bbox 2059 1971 2332 2040; x_wconf 84' lang='lat' dir='ltr'><strong>peculiare</strong></span> <span class='ocrx_word' id='word_1_265' title='bbox 2372 1973 2626 2042; x_wconf 79' lang='lat' dir='ltr'><strong>quiddam</strong></span> <span class='ocrx_word' id='word_1_266' title='bbox 2669 1975 2836 2028; x_wconf 85' lang='lat' dir='ltr'><strong>solius</strong></span> <span class='ocrx_word' id='word_1_267' title='bbox 2879 1975 3127 2028; x_wconf 74' lang='lat' dir='ltr'><strong>humana:</strong></span> <span class='ocrx_word' id='word_1_268' title='bbox 3159 1983 3366 2028; x_wconf 72' lang='lat' dir='ltr'><strong>natura:</strong></span> <span class='ocrx_word' id='word_1_269' title='bbox 3416 1987 3520 2030; x_wconf 88' lang='lat' dir='ltr'><strong>est.</strong></span> 
     </span>
    </p>
   </div>
   <div class='ocr_carea' id='block_1_35' title="bbox 863 2066 1245 2119">
    <p class='ocr_par' dir='ltr' id='par_1_35' title="bbox 863 2066 1245 2119">
     <span class='ocr_line' id='line_1_35' title="bbox 863 2066 1245 2119; baseline 0.008 -3"><span class='ocrx_word' id='word_1_270' title='bbox 863 2066 1114 2118; x_wconf 74' lang='grc' dir='ltr'><strong>ΚΕΦΑΛ.</strong></span> <span class='ocrx_word' id='word_1_271' title='bbox 1149 2067 1245 2119; x_wconf 68' lang='lat' dir='ltr'><strong>lA&#39;.</strong></span> 
     </span>
    </p>
   </div>
   <div class='ocr_carea' id='block_1_36' title="bbox 355 2154 1843 2227">
    <p class='ocr_par' dir='ltr' id='par_1_36' title="bbox 355 2154 1843 2227">
     <span class='ocr_line' id='line_1_36' title="bbox 355 2154 1843 2227; baseline -0.001 -19"><span class='ocrx_word' id='word_1_272' title='bbox 355 2159 675 2227; x_wconf 71' lang='grc' dir='ltr'>’Ἄνθρωπος</span> <span class='ocrx_word' id='word_1_273' title='bbox 699 2156 878 2210; x_wconf 84' lang='grc' dir='ltr'>τοίνυν</span> <span class='ocrx_word' id='word_1_274' title='bbox 920 2159 1018 2227; x_wconf 82' lang='grc' dir='ltr'>οὐχ</span> <span class='ocrx_word' id='word_1_275' title='bbox 1050 2157 1238 2218; x_wconf 83' lang='grc' dir='ltr'>ἁπλῶς</span> <span class='ocrx_word' id='word_1_276' title='bbox 1269 2157 1376 2208; x_wconf 87' lang='grc' dir='ltr'><strong>τῶν</strong></span> <span class='ocrx_word' id='word_1_277' title='bbox 1421 2155 1669 2224; x_wconf 74' lang='grc' dir='ltr'><strong>αἰσθήσει</strong></span> <span class='ocrx_word' id='word_1_278' title='bbox 1704 2154 1843 2225; x_wconf 84' lang='grc' dir='ltr'>μόνῃ</span> 
     </span>
    </p>
   </div>
   <div class='ocr_carea' id='block_1_37' title="bbox 274 2233 1841 2318">
    <p class='ocr_par' dir='ltr' id='par_1_37' title="bbox 274 2233 1841 2318">
     <span class='ocr_line' id='line_1_37' title="bbox 274 2233 1841 2318; baseline -0.003 -16"><span class='ocrx_word' id='word_1_279' title='bbox 274 2250 495 2314; x_wconf 80' lang='grc' dir='ltr'>ζώντων</span> <span class='ocrx_word' id='word_1_280' title='bbox 521 2233 661 2313; x_wconf 69' lang='grc' dir='ltr'>ἐστὶ,</span> <span class='ocrx_word' id='word_1_281' title='bbox 698 2250 833 2318; x_wconf 82' lang='grc' dir='ltr'>πρὸς</span> <span class='ocrx_word' id='word_1_282' title='bbox 866 2250 1017 2302; x_wconf 67' lang='grc' dir='ltr'>οὐδὲν</span> <span class='ocrx_word' id='word_1_283' title='bbox 1047 2249 1327 2317; x_wconf 67' lang='grc' dir='ltr'>τῶν.ὑτὲρ</span> <span class='ocrx_word' id='word_1_284' title='bbox 1374 2249 1548 2318; x_wconf 78' lang='grc' dir='ltr'>αὐτὴν</span> <span class='ocrx_word' id='word_1_285' title='bbox 1581 2247 1841 2316; x_wconf 79' lang='grc' dir='ltr'>πεφυκὼς</span> 
     </span>
    </p>
   </div>
   <div class='ocr_carea' id='block_1_38' title="bbox 273 2337 1842 2410">
    <p class='ocr_par' dir='ltr' id='par_1_38' title="bbox 273 2337 1842 2410">
     <span class='ocr_line' id='line_1_38' title="bbox 273 2337 1842 2410; baseline -0.004 -16"><span class='ocrx_word' id='word_1_286' title='bbox 273 2341 579 2394; x_wconf 78' lang='grc' dir='ltr'>διαϐαίνειν</span> <span class='ocrx_word' id='word_1_287' title='bbox 604 2357 618 2372; x_wconf 83' lang='grc'><em>’</em></span> <span class='ocrx_word' id='word_1_288' title='bbox 644 2341 760 2394; x_wconf 84' lang='grc' dir='ltr'>ἀλλ’</span> <span class='ocrx_word' id='word_1_289' title='bbox 791 2340 906 2410; x_wconf 79' lang='grc' dir='ltr'>ἔχει</span> <span class='ocrx_word' id='word_1_290' title='bbox 939 2341 1040 2409; x_wconf 76' lang='grc' dir='ltr'>μὲν</span> <span class='ocrx_word' id='word_1_291' title='bbox 1068 2340 1230 2410; x_wconf 76' lang='grc' dir='ltr'>αίσθη</span> <span class='ocrx_word' id='word_1_292' title='bbox 1243 2358 1345 2405; x_wconf 88' lang='grc' dir='ltr'>σιν,</span> <span class='ocrx_word' id='word_1_293' title='bbox 1381 2339 1474 2392; x_wconf 78' lang='grc' dir='ltr'><strong>καὶ</strong></span> <span class='ocrx_word' id='word_1_294' title='bbox 1503 2339 1676 2410; x_wconf 80' lang='grc' dir='ltr'>ταύτῃ</span> <span class='ocrx_word' id='word_1_295' title='bbox 1695 2337 1842 2390; x_wconf 79' lang='grc' dir='ltr'>πόλλ’</span> 
     </span>
    </p>
   </div>
   <div class='ocr_carea' id='block_1_39' title="bbox 275 2429 1843 2503">
    <p class='ocr_par' dir='ltr' id='par_1_39' title="bbox 275 2429 1843 2503">
     <span class='ocr_line' id='line_1_39' title="bbox 275 2429 1843 2503; baseline -0.004 -17"><span class='ocrx_word' id='word_1_296' title='bbox 275 2435 394 2502; x_wconf 73' lang='grc' dir='ltr'>εχει</span> <span class='ocrx_word' id='word_1_297' title='bbox 451 2434 584 2503; x_wconf 79' lang='grc' dir='ltr'>πρὸς</span> <span class='ocrx_word' id='word_1_298' title='bbox 617 2432 784 2486; x_wconf 85' lang='grc' dir='ltr'>τᾶλλα</span> <span class='ocrx_word' id='word_1_299' title='bbox 837 2433 954 2498; x_wconf 80' lang='grc' dir='ltr'>ζῶα</span> <span class='ocrx_word' id='word_1_300' title='bbox 991 2432 1146 2486; x_wconf 82' lang='grc' dir='ltr'>κοινά</span> <span class='ocrx_word' id='word_1_301' title='bbox 1171 2446 1188 2462; x_wconf 88' lang='grc'>⁶</span> <span class='ocrx_word' id='word_1_302' title='bbox 1221 2433 1251 2484; x_wconf 83' lang='grc' dir='ltr'><strong>ὃ</strong></span> <span class='ocrx_word' id='word_1_303' title='bbox 1301 2432 1346 2484; x_wconf 84' lang='grc' dir='ltr'><strong>δ’</strong></span> <span class='ocrx_word' id='word_1_304' title='bbox 1375 2431 1539 2486; x_wconf 75' lang='grc' dir='ltr'>αὑτὸν</span> <span class='ocrx_word' id='word_1_305' title='bbox 1581 2429 1843 2499; x_wconf 75' lang='grc' dir='ltr'>καθαρῶς</span> 
     </span>
    </p>
   </div>
   <div class='ocr_carea' id='block_1_40' title="bbox 275 2523 1844 2595">
    <p class='ocr_par' dir='ltr' id='par_1_40' title="bbox 275 2523 1844 2595">
     <span class='ocr_line' id='line_1_40' title="bbox 275 2523 1844 2595; baseline -0.004 -17"><span class='ocrx_word' id='word_1_306' title='bbox 275 2526 566 2594; x_wconf 75' lang='grc' dir='ltr'>ἄνθρωπον</span> <span class='ocrx_word' id='word_1_307' title='bbox 593 2527 738 2578; x_wconf 86' lang='grc' dir='ltr'>ποιεῖ</span> <span class='ocrx_word' id='word_1_308' title='bbox 757 2525 853 2595; x_wconf 81' lang='grc'>(1),</span> <span class='ocrx_word' id='word_1_309' title='bbox 884 2529 977 2577; x_wconf 78' lang='grc' dir='ltr'>καὶ</span> <span class='ocrx_word' id='word_1_310' title='bbox 1015 2523 1124 2577; x_wconf 87' lang='grc' dir='ltr'><strong>τῶν</strong></span> <span class='ocrx_word' id='word_1_311' title='bbox 1156 2524 1358 2577; x_wconf 79' lang='grc' dir='ltr'>λοιπῶν</span> <span class='ocrx_word' id='word_1_312' title='bbox 1387 2525 1608 2592; x_wconf 77' lang='grc' dir='ltr'>διαιρεῖ,</span> <span class='ocrx_word' id='word_1_313' title='bbox 1632 2525 1658 2574; x_wconf 89' lang='grc' dir='ltr'><strong>ό</strong></span> <span class='ocrx_word' id='word_1_314' title='bbox 1686 2523 1844 2588; x_wconf 81' lang='grc' dir='ltr'>λόγος</span> 
     </span>
    </p>
   </div>
   <div class='ocr_carea' id='block_1_41' title="bbox 276 2613 1844 2688">
    <p class='ocr_par' dir='ltr' id='par_1_41' title="bbox 276 2613 1844 2688">
     <span class='ocr_line' id='line_1_41' title="bbox 276 2613 1844 2688; baseline -0.003 -17"><span class='ocrx_word' id='word_1_315' title='bbox 276 2621 398 2671; x_wconf 73' lang='grc' dir='ltr'>ἐστὶ</span> <span class='ocrx_word' id='word_1_316' title='bbox 453 2618 548 2670; x_wconf 74' lang='grc' dir='ltr'>καὶ</span> <span class='ocrx_word' id='word_1_317' title='bbox 593 2618 622 2669; x_wconf 87' lang='grc' dir='ltr'>ὁ</span> <span class='ocrx_word' id='word_1_318' title='bbox 656 2616 802 2680; x_wconf 89' lang='grc' dir='ltr'>νοῦς,</span> <span class='ocrx_word' id='word_1_319' title='bbox 845 2617 1036 2688; x_wconf 85' lang='grc' dir='ltr'>ῶσπερ</span> <span class='ocrx_word' id='word_1_320' title='bbox 1077 2635 1162 2679; x_wconf 85' lang='grc' dir='ltr'><strong>τις</strong></span> <span class='ocrx_word' id='word_1_321' title='bbox 1201 2617 1424 2686; x_wconf 78' lang='grc' dir='ltr'>ἡγεμὼν</span> <span class='ocrx_word' id='word_1_322' title='bbox 1471 2619 1531 2668; x_wconf 81' lang='grc' dir='ltr'><strong>ἐν</strong></span> <span class='ocrx_word' id='word_1_323' title='bbox 1582 2613 1844 2685; x_wconf 82' lang='grc' dir='ltr'>μετεώρῳ</span> 
     </span>
    </p>
   </div>
   <div class='ocr_carea' id='block_1_42' title="bbox 282 2703 1846 2776">
    <p class='ocr_par' dir='ltr' id='par_1_42' title="bbox 282 2703 1846 2776">
     <span class='ocr_line' id='line_1_42' title="bbox 282 2703 1846 2776; baseline -0.006 -14"><span class='ocrx_word' id='word_1_324' title='bbox 282 2709 615 2776; x_wconf 81' lang='grc' dir='ltr'>καθήμενος,</span> <span class='ocrx_word' id='word_1_325' title='bbox 670 2707 937 2773; x_wconf 70' lang='grc' dir='ltr'>καὶπρὸς</span> <span class='ocrx_word' id='word_1_326' title='bbox 988 2707 1179 2759; x_wconf 73' lang='grc' dir='ltr'>ἑαυτὸν</span> <span class='ocrx_word' id='word_1_327' title='bbox 1233 2708 1327 2758; x_wconf 69' lang='grc' dir='ltr'>καὶ</span> <span class='ocrx_word' id='word_1_328' title='bbox 1374 2707 1440 2758; x_wconf 79' lang='grc' dir='ltr'>τὰ</span> <span class='ocrx_word' id='word_1_329' title='bbox 1471 2703 1665 2756; x_wconf 79' lang='grc' dir='ltr'>ἑαυτοῦ</span> <span class='ocrx_word' id='word_1_330' title='bbox 1707 2705 1846 2754; x_wconf 76' lang='grc' dir='ltr'>πᾶσι</span> 
     </span>
    </p>
   </div>
   <div class='ocr_carea' id='block_1_43' title="bbox 276 2794 1847 2869">
    <p class='ocr_par' dir='ltr' id='par_1_43' title="bbox 276 2794 1847 2869">
     <span class='ocr_line' id='line_1_43' title="bbox 276 2794 1847 2869; baseline -0.005 -18"><span class='ocrx_word' id='word_1_331' title='bbox 276 2801 393 2861; x_wconf 85' lang='grc' dir='ltr'>τοῖς</span> <span class='ocrx_word' id='word_1_332' title='bbox 424 2801 554 2868; x_wconf 80' lang='grc' dir='ltr'>περὶ</span> <span class='ocrx_word' id='word_1_333' title='bbox 582 2800 672 2851; x_wconf 70' lang='grc' dir='ltr'>τὸν</span> <span class='ocrx_word' id='word_1_334' title='bbox 721 2799 1007 2868; x_wconf 78' lang='grc' dir='ltr'>ἄνθρωπον</span> <span class='ocrx_word' id='word_1_335' title='bbox 1052 2799 1355 2869; x_wconf 84' lang='grc' dir='ltr'>χρώμενος,</span> <span class='ocrx_word' id='word_1_336' title='bbox 1401 2797 1475 2858; x_wconf 90' lang='grc' dir='ltr'><strong>ώς</strong></span> <span class='ocrx_word' id='word_1_337' title='bbox 1515 2799 1578 2846; x_wconf 73' lang='grc' dir='ltr'><strong>αν</strong></span> <span class='ocrx_word' id='word_1_338' title='bbox 1606 2796 1664 2846; x_wconf 77' lang='grc' dir='ltr'><strong>ἐν</strong></span> <span class='ocrx_word' id='word_1_339' title='bbox 1693 2794 1847 2861; x_wconf 60' lang='grc' dir='ltr'>οἰκίᾳ</span> 
     </span>
    </p>
   </div>
   <div class='ocr_carea' id='block_1_44' title="bbox 275 2880 1846 2954">
    <p class='ocr_par' dir='ltr' id='par_1_44' title="bbox 275 2880 1846 2954">
     <span class='ocr_line' id='line_1_44' title="bbox 275 2880 1846 2954; baseline -0.004 -16"><span class='ocrx_word' id='word_1_340' title='bbox 275 2885 570 2953; x_wconf 79' lang='grc' dir='ltr'>δεσπότης,</span> <span class='ocrx_word' id='word_1_341' title='bbox 637 2884 778 2954; x_wconf 78' lang='grc' dir='ltr'>πρὸς</span> <span class='ocrx_word' id='word_1_342' title='bbox 809 2885 868 2937; x_wconf 87' lang='grc' dir='ltr'>ὃν</span> <span class='ocrx_word' id='word_1_343' title='bbox 929 2883 1106 2936; x_wconf 83' lang='grc' dir='ltr'>πάντα</span> <span class='ocrx_word' id='word_1_344' title='bbox 1141 2886 1422 2948; x_wconf 79' lang='grc' dir='ltr'>τέτακται,</span> <span class='ocrx_word' id='word_1_345' title='bbox 1478 2881 1573 2935; x_wconf 81' lang='grc' dir='ltr'>καὶ</span> <span class='ocrx_word' id='word_1_346' title='bbox 1621 2882 1690 2933; x_wconf 76' lang='grc' dir='ltr'><strong>τὰ</strong></span> <span class='ocrx_word' id='word_1_347' title='bbox 1736 2880 1846 2932; x_wconf 88' lang='grc' dir='ltr'><strong>τῶν</strong></span> 
     </span>
    </p>
   </div>
   <div class='ocr_carea' id='block_1_45' title="bbox 278 2971 1843 3044">
    <p class='ocr_par' dir='ltr' id='par_1_45' title="bbox 278 2971 1843 3044">
     <span class='ocr_line' id='line_1_45' title="bbox 278 2971 1843 3044; baseline -0.004 -16"><span class='ocrx_word' id='word_1_348' title='bbox 278 2977 468 3038; x_wconf 80' lang='grc' dir='ltr'>υἱέων,</span> <span class='ocrx_word' id='word_1_349' title='bbox 505 2976 597 3028; x_wconf 75' lang='grc' dir='ltr'>καὶ</span> <span class='ocrx_word' id='word_1_350' title='bbox 620 2978 688 3029; x_wconf 81' lang='grc' dir='ltr'>τὰ</span> <span class='ocrx_word' id='word_1_351' title='bbox 717 2976 824 3029; x_wconf 86' lang='grc' dir='ltr'><strong>τῶν</strong></span> <span class='ocrx_word' id='word_1_352' title='bbox 854 2975 1078 3030; x_wconf 81' lang='grc' dir='ltr'>δούλων.</span> <span class='ocrx_word' id='word_1_353' title='bbox 1107 2975 1348 3044; x_wconf 78' lang='grc' dir='ltr'>Λογικὴν</span> <span class='ocrx_word' id='word_1_354' title='bbox 1392 2976 1574 3027; x_wconf 86' lang='grc' dir='ltr'>τοίνυν</span> <span class='ocrx_word' id='word_1_355' title='bbox 1603 2971 1696 3024; x_wconf 74' lang='grc' dir='ltr'>καὶ</span> <span class='ocrx_word' id='word_1_356' title='bbox 1727 2988 1843 3023; x_wconf 86' lang='grc' dir='ltr'>νοε-</span> 
     </span>
    </p>
   </div>
   <div class='ocr_carea' id='block_1_46' title="bbox 281 3063 1852 3140">
    <p class='ocr_par' dir='ltr' id='par_1_46' title="bbox 281 3063 1852 3140">
     <span class='ocr_line' id='line_1_46' title="bbox 281 3063 1852 3140; baseline -0.004 -20"><span class='ocrx_word' id='word_1_357' title='bbox 281 3069 385 3140; x_wconf 81' lang='grc' dir='ltr'>ρὰν</span> <span class='ocrx_word' id='word_1_358' title='bbox 416 3069 578 3135; x_wconf 76' lang='grc' dir='ltr'>φύσιν</span> <span class='ocrx_word' id='word_1_359' title='bbox 609 3070 763 3137; x_wconf 76' lang='grc' dir='ltr'>παρὰ</span> <span class='ocrx_word' id='word_1_360' title='bbox 790 3066 882 3120; x_wconf 91' lang='grc' dir='ltr'><strong>τοῦ</strong></span> <span class='ocrx_word' id='word_1_361' title='bbox 909 3065 1246 3137; x_wconf 79' lang='grc' dir='ltr'>δημιουργοῦ</span> <span class='ocrx_word' id='word_1_362' title='bbox 1275 3065 1519 3119; x_wconf 74' lang='grc' dir='ltr'>λαϐοῦσα</span> <span class='ocrx_word' id='word_1_363' title='bbox 1570 3065 1602 3135; x_wconf 82' lang='grc' dir='ltr'>ἠ</span> <span class='ocrx_word' id='word_1_364' title='bbox 1641 3063 1852 3133; x_wconf 81' lang='grc' dir='ltr'>ἀνθρω-</span> 
     </span>
    </p>
   </div>
   <div class='ocr_carea' id='block_1_47' title="bbox 278 3156 1848 3230">
    <p class='ocr_par' dir='ltr' id='par_1_47' title="bbox 278 3156 1848 3230">
     <span class='ocr_line' id='line_1_47' title="bbox 278 3156 1848 3230; baseline -0.003 -18"><span class='ocrx_word' id='word_1_365' title='bbox 278 3164 416 3229; x_wconf 81' lang='grc' dir='ltr'>πίνη</span> <span class='ocrx_word' id='word_1_366' title='bbox 446 3160 615 3230; x_wconf 75' lang='grc' dir='ltr'>ψυχὴ,</span> <span class='ocrx_word' id='word_1_367' title='bbox 652 3160 811 3228; x_wconf 84' lang='grc' dir='ltr'>σῶμα</span> <span class='ocrx_word' id='word_1_368' title='bbox 861 3160 961 3230; x_wconf 81' lang='grc' dir='ltr'>μὲν</span> <span class='ocrx_word' id='word_1_369' title='bbox 991 3160 1089 3211; x_wconf 82' lang='grc' dir='ltr'>οὐκ</span> <span class='ocrx_word' id='word_1_370' title='bbox 1148 3159 1213 3212; x_wconf 84' lang='grc' dir='ltr'>ἂν</span> <span class='ocrx_word' id='word_1_371' title='bbox 1259 3160 1368 3227; x_wconf 75' lang='grc' dir='ltr'>εἴη.</span> <span class='ocrx_word' id='word_1_372' title='bbox 1427 3156 1569 3213; x_wconf 79' lang='grc' dir='ltr'>Οὔτε</span> <span class='ocrx_word' id='word_1_373' title='bbox 1619 3157 1730 3226; x_wconf 74' lang='grc' dir='ltr'><strong>γὰρ</strong></span> <span class='ocrx_word' id='word_1_374' title='bbox 1783 3156 1848 3208; x_wconf 79' lang='grc' dir='ltr'>ἂν</span> 
     </span>
    </p>
   </div>
   <div class='ocr_carea' id='block_1_48' title="bbox 278 3249 1846 3320">
    <p class='ocr_par' dir='ltr' id='par_1_48' title="bbox 278 3249 1846 3320">
     <span class='ocr_line' id='line_1_48' title="bbox 278 3249 1846 3320; baseline -0.004 -14"><span class='ocrx_word' id='word_1_375' title='bbox 278 3252 422 3320; x_wconf 81' lang='grc' dir='ltr'>αὑτὴ</span> <span class='ocrx_word' id='word_1_376' title='bbox 451 3254 512 3302; x_wconf 75' lang='grc' dir='ltr'>τὸ</span> <span class='ocrx_word' id='word_1_377' title='bbox 547 3252 704 3320; x_wconf 81' lang='grc' dir='ltr'>σῶμα</span> <span class='ocrx_word' id='word_1_378' title='bbox 739 3250 970 3320; x_wconf 83' lang='grc' dir='ltr'>πρώτως</span> <span class='ocrx_word' id='word_1_379' title='bbox 1021 3250 1216 3312; x_wconf 85' lang='grc' dir='ltr'>ἐκίνει,</span> <span class='ocrx_word' id='word_1_380' title='bbox 1268 3250 1382 3304; x_wconf 72' lang='grc' dir='ltr'>οὔτ’</span> <span class='ocrx_word' id='word_1_381' title='bbox 1427 3251 1494 3302; x_wconf 84' lang='grc' dir='ltr'>ἂν</span> <span class='ocrx_word' id='word_1_382' title='bbox 1549 3251 1747 3318; x_wconf 78' lang='grc' dir='ltr'>ἐχώρει</span> <span class='ocrx_word' id='word_1_383' title='bbox 1779 3249 1846 3300; x_wconf 80' lang='grc' dir='ltr'><strong>δι’</strong></span> 
     </span>
    </p>
   </div>
   <div class='ocr_carea' id='block_1_49' title="bbox 2543 2065 2973 2121">
    <p class='ocr_par' dir='ltr' id='par_1_49' title="bbox 2543 2065 2973 2121">
     <span class='ocr_line' id='line_1_49' title="bbox 2543 2065 2973 2121; baseline 0.002 -1"><span class='ocrx_word' id='word_1_384' title='bbox 2543 2065 2770 2120; x_wconf 79' lang='lat' dir='ltr'>CAPUT</span> <span class='ocrx_word' id='word_1_385' title='bbox 2833 2065 2973 2121; x_wconf 79' lang='lat' dir='ltr'><strong>XIV.</strong></span> 
     </span>
    </p>
   </div>
   <div class='ocr_carea' id='block_1_50' title="bbox 2018 2155 3523 2226">
    <p class='ocr_par' dir='ltr' id='par_1_50' title="bbox 2018 2155 3523 2226">
     <span class='ocr_line' id='line_1_50' title="bbox 2018 2155 3523 2226; baseline 0 -17"><span class='ocrx_word' id='word_1_386' title='bbox 2018 2156 2203 2225; x_wconf 84' lang='lat' dir='ltr'><strong>Itaque</strong></span> <span class='ocrx_word' id='word_1_387' title='bbox 2224 2155 2402 2226; x_wconf 59' lang='lat' dir='ltr'><strong>;homo</strong></span> <span class='ocrx_word' id='word_1_388' title='bbox 2433 2173 2542 2210; x_wconf 91' lang='lat' dir='ltr'><strong>non</strong></span> <span class='ocrx_word' id='word_1_389' title='bbox 2576 2174 2639 2210; x_wconf 77' lang='lat' dir='ltr'><strong>ex</strong></span> <span class='ocrx_word' id='word_1_390' title='bbox 2694 2174 2880 2210; x_wconf 84' lang='lat' dir='ltr'><strong>eorum</strong></span> <span class='ocrx_word' id='word_1_391' title='bbox 2914 2173 3142 2212; x_wconf 85' lang='lat' dir='ltr'><strong>numero</strong></span> <span class='ocrx_word' id='word_1_392' title='bbox 3193 2159 3523 2226; x_wconf 78' lang='lat' dir='ltr'><strong>simpliciter</strong></span> 
     </span>
    </p>
   </div>
   <div class='ocr_carea' id='block_1_51' title="bbox 1944 2249 3522 2317">
    <p class='ocr_par' dir='ltr' id='par_1_51' title="bbox 1944 2249 3522 2317">
     <span class='ocr_line' id='line_1_51' title="bbox 1944 2249 3522 2317; baseline 0.001 -15"><span class='ocrx_word' id='word_1_393' title='bbox 1944 2259 2048 2312; x_wconf 91' lang='lat' dir='ltr'><strong>est,</strong></span> <span class='ocrx_word' id='word_1_394' title='bbox 2080 2264 2201 2317; x_wconf 85' lang='lat' dir='ltr'><strong>quae</strong></span> <span class='ocrx_word' id='word_1_395' title='bbox 2251 2249 2367 2303; x_wconf 85' lang='lat' dir='ltr'><strong>solo</strong></span> <span class='ocrx_word' id='word_1_396' title='bbox 2401 2264 2568 2304; x_wconf 88' lang='lat' dir='ltr'><strong>sensu</strong></span> <span class='ocrx_word' id='word_1_397' title='bbox 2631 2249 2821 2302; x_wconf 78' lang='lat' dir='ltr'><strong>vivunt</strong></span> <span class='ocrx_word' id='word_1_398' title='bbox 2861 2264 2876 2300; x_wconf 89' lang='lat'><strong>:</strong></span> <span class='ocrx_word' id='word_1_399' title='bbox 2925 2265 3101 2317; x_wconf 74' lang='lat' dir='ltr'><strong>neque</strong></span> <span class='ocrx_word' id='word_1_400' title='bbox 3155 2251 3272 2316; x_wconf 76' lang='lat' dir='ltr'><strong>ejus</strong></span> <span class='ocrx_word' id='word_1_401' title='bbox 3330 2261 3413 2304; x_wconf 81' lang='lat' dir='ltr'><strong>est</strong></span> <span class='ocrx_word' id='word_1_402' title='bbox 3458 2264 3522 2303; x_wconf 77' lang='lat' dir='ltr'><strong>ea</strong></span> 
     </span>
    </p>
   </div>
   <div class='ocr_carea' id='block_1_52' title="bbox 1945 2341 3522 2412">
    <p class='ocr_par' dir='ltr' id='par_1_52' title="bbox 1945 2341 3522 2412">
     <span class='ocr_line' id='line_1_52' title="bbox 1945 2341 3522 2412; baseline -0.001 -15"><span class='ocrx_word' id='word_1_403' title='bbox 1945 2343 2204 2406; x_wconf 91' lang='lat' dir='ltr'><strong>conditio,</strong></span> <span class='ocrx_word' id='word_1_404' title='bbox 2245 2350 2304 2395; x_wconf 94' lang='lat' dir='ltr'><strong>ut</strong></span> <span class='ocrx_word' id='word_1_405' title='bbox 2343 2343 2410 2396; x_wconf 90' lang='lat' dir='ltr'><strong>ad</strong></span> <span class='ocrx_word' id='word_1_406' title='bbox 2443 2341 2580 2395; x_wconf 82' lang='lat' dir='ltr'><strong>nihil</strong></span> <span class='ocrx_word' id='word_1_407' title='bbox 2612 2341 2840 2396; x_wconf 90' lang='lat' dir='ltr'><strong>ulterius</strong></span> <span class='ocrx_word' id='word_1_408' title='bbox 2899 2345 3131 2396; x_wconf 79' lang='lat' dir='ltr'><strong>transire</strong></span> <span class='ocrx_word' id='word_1_409' title='bbox 3166 2360 3259 2412; x_wconf 67' lang='lat' dir='ltr'><strong>pus</strong></span> <span class='ocrx_word' id='word_1_410' title='bbox 3295 2344 3354 2408; x_wconf 90' lang='lat' dir='ltr'><strong>it,</strong></span> <span class='ocrx_word' id='word_1_411' title='bbox 3424 2343 3522 2397; x_wconf 72' lang='lat' dir='ltr'><strong>Sed</strong></span> 
     </span>
    </p>
   </div>
   <div class='ocr_carea' id='block_1_53' title="bbox 1945 2434 3521 2503">
    <p class='ocr_par' dir='ltr' id='par_1_53' title="bbox 1945 2434 3521 2503">
     <span class='ocr_line' id='line_1_53' title="bbox 1945 2434 3521 2503; baseline 0 -15"><span class='ocrx_word' id='word_1_412' title='bbox 1945 2443 1996 2488; x_wconf 91' lang='lat' dir='ltr'><strong>et</strong></span> <span class='ocrx_word' id='word_1_413' title='bbox 2049 2451 2270 2490; x_wconf 88' lang='lat' dir='ltr'><strong>sensum</strong></span> <span class='ocrx_word' id='word_1_414' title='bbox 2305 2434 2500 2496; x_wconf 85' lang='lat' dir='ltr'><strong>habet,</strong></span> <span class='ocrx_word' id='word_1_415' title='bbox 2525 2441 2596 2499; x_wconf 89' lang='lat' dir='ltr'><strong>ct,</strong></span> <span class='ocrx_word' id='word_1_416' title='bbox 2624 2434 2765 2503; x_wconf 90' lang='lat' dir='ltr'><strong>quod</strong></span> <span class='ocrx_word' id='word_1_417' title='bbox 2817 2435 2881 2488; x_wconf 89' lang='lat' dir='ltr'><strong>ad</strong></span> <span class='ocrx_word' id='word_1_418' title='bbox 2920 2435 3065 2487; x_wconf 90' lang='lat' dir='ltr'><strong>hunc</strong></span> <span class='ocrx_word' id='word_1_419' title='bbox 3094 2436 3310 2498; x_wconf 77' lang='lat' dir='ltr'><strong>attinet,</strong></span> <span class='ocrx_word' id='word_1_420' title='bbox 3353 2436 3521 2490; x_wconf 80' lang='lat' dir='ltr'><strong>multa</strong></span> 
     </span>
    </p>
   </div>
   <div class='ocr_carea' id='block_1_54' title="bbox 1947 2526 3517 2591">
    <p class='ocr_par' dir='ltr' id='par_1_54' title="bbox 1947 2526 3517 2591">
     <span class='ocr_line' id='line_1_54' title="bbox 1947 2526 3517 2591; baseline -0.001 -10"><span class='ocrx_word' id='word_1_421' title='bbox 1947 2543 2072 2582; x_wconf 92' lang='lat' dir='ltr'><strong>cum</strong></span> <span class='ocrx_word' id='word_1_422' title='bbox 2095 2527 2306 2581; x_wconf 84' lang='lat' dir='ltr'><strong>caeteris</strong></span> <span class='ocrx_word' id='word_1_423' title='bbox 2343 2526 2715 2580; x_wconf 86' lang='lat' dir='ltr'><strong>animantibus</strong></span> <span class='ocrx_word' id='word_1_424' title='bbox 2749 2527 3084 2579; x_wconf 89' lang='lat' dir='ltr'><strong>communia.</strong></span> <span class='ocrx_word' id='word_1_425' title='bbox 3143 2527 3296 2591; x_wconf 77' lang='lat' dir='ltr'><strong>Quod</strong></span> <span class='ocrx_word' id='word_1_426' title='bbox 3335 2537 3517 2580; x_wconf 71' lang='lat' dir='ltr'><strong>autem</strong></span> 
     </span>
    </p>
   </div>
   <div class='ocr_carea' id='block_1_55' title="bbox 1946 2615 3513 2686">
    <p class='ocr_par' dir='ltr' id='par_1_55' title="bbox 1946 2615 3513 2686">
     <span class='ocr_line' id='line_1_55' title="bbox 1946 2615 3513 2686; baseline -0.001 -16"><span class='ocrx_word' id='word_1_427' title='bbox 1946 2632 2068 2671; x_wconf 88' lang='lat' dir='ltr'><strong>eutn</strong></span> <span class='ocrx_word' id='word_1_428' title='bbox 2093 2615 2249 2686; x_wconf 87' lang='lat' dir='ltr'><strong>plane</strong></span> <span class='ocrx_word' id='word_1_429' title='bbox 2273 2615 2435 2670; x_wconf 76' lang='lat' dir='ltr'><strong>faciat</strong></span> <span class='ocrx_word' id='word_1_430' title='bbox 2465 2615 2763 2678; x_wconf 87' lang='lat' dir='ltr'><strong>hominem,</strong></span> <span class='ocrx_word' id='word_1_431' title='bbox 2789 2630 2851 2668; x_wconf 89' lang='lat' dir='ltr'><strong>ac</strong></span> <span class='ocrx_word' id='word_1_432' title='bbox 2882 2632 2907 2666; x_wconf 88' lang='lat' dir='ltr'><strong>a</strong></span> <span class='ocrx_word' id='word_1_433' title='bbox 2946 2615 3168 2684; x_wconf 88' lang='lat' dir='ltr'><strong>reliquis</strong></span> <span class='ocrx_word' id='word_1_434' title='bbox 3199 2617 3513 2684; x_wconf 84' lang='lat' dir='ltr'><strong>distinguat.</strong></span> 
     </span>
    </p>
   </div>
   <div class='ocr_carea' id='block_1_56' title="bbox 1947 2707 3523 2784">
    <p class='ocr_par' dir='ltr' id='par_1_56' title="bbox 1947 2707 3523 2784">
     <span class='ocr_line' id='line_1_56' title="bbox 1947 2707 3523 2784; baseline -0.001 -22"><span class='ocrx_word' id='word_1_435' title='bbox 1947 2709 2502 2772; x_wconf 87' lang='lat' dir='ltr'><strong>ratiocst,etmcns,</strong></span> <span class='ocrx_word' id='word_1_436' title='bbox 2572 2707 2744 2784; x_wconf 71' lang='lat' dir='ltr'><strong>instar</strong></span> <span class='ocrx_word' id='word_1_437' title='bbox 2812 2707 3069 2775; x_wconf 77' lang='lat' dir='ltr'><strong>principis</strong></span> <span class='ocrx_word' id='word_1_438' title='bbox 3128 2707 3178 2759; x_wconf 91' lang='lat' dir='ltr'><strong>in</strong></span> <span class='ocrx_word' id='word_1_439' title='bbox 3247 2708 3523 2775; x_wconf 82' lang='lat' dir='ltr'><strong>superiori</strong></span> 
     </span>
    </p>
   </div>
   <div class='ocr_carea' id='block_1_57' title="bbox 1947 2799 3522 2866">
    <p class='ocr_par' dir='ltr' id='par_1_57' title="bbox 1947 2799 3522 2866">
     <span class='ocr_line' id='line_1_57' title="bbox 1947 2799 3522 2866; baseline -0.002 -12"><span class='ocrx_word' id='word_1_440' title='bbox 1947 2800 2068 2855; x_wconf 91' lang='lat' dir='ltr'><strong>loco</strong></span> <span class='ocrx_word' id='word_1_441' title='bbox 2089 2802 2306 2866; x_wconf 88' lang='lat' dir='ltr'><strong>sedens,</strong></span> <span class='ocrx_word' id='word_1_442' title='bbox 2337 2809 2447 2853; x_wconf 89' lang='lat' dir='ltr'><strong>tum</strong></span> <span class='ocrx_word' id='word_1_443' title='bbox 2473 2799 2538 2853; x_wconf 91' lang='lat' dir='ltr'><strong>ad</strong></span> <span class='ocrx_word' id='word_1_444' title='bbox 2569 2815 2648 2863; x_wconf 91' lang='lat' dir='ltr'><strong>se,</strong></span> <span class='ocrx_word' id='word_1_445' title='bbox 2698 2809 2808 2852; x_wconf 88' lang='lat' dir='ltr'><strong>tum</strong></span> <span class='ocrx_word' id='word_1_446' title='bbox 2841 2799 2906 2852; x_wconf 91' lang='lat' dir='ltr'><strong>ad</strong></span> <span class='ocrx_word' id='word_1_447' title='bbox 2942 2814 3101 2850; x_wconf 88' lang='lat' dir='ltr'><strong>suum</strong></span> <span class='ocrx_word' id='word_1_448' title='bbox 3144 2812 3298 2851; x_wconf 88' lang='lat' dir='ltr'><strong>usum</strong></span> <span class='ocrx_word' id='word_1_449' title='bbox 3327 2809 3522 2851; x_wconf 85' lang='lat' dir='ltr'><strong>cuncta</strong></span> 
     </span>
    </p>
   </div>
   <div class='ocr_carea' id='block_1_58' title="bbox 1949 2890 3524 2958">
    <p class='ocr_par' dir='ltr' id='par_1_58' title="bbox 1949 2890 3524 2958">
     <span class='ocr_line' id='line_1_58' title="bbox 1949 2890 3524 2958; baseline -0.003 -12"><span class='ocrx_word' id='word_1_450' title='bbox 1949 2892 2184 2947; x_wconf 90' lang='lat' dir='ltr'><strong>humana</strong></span> <span class='ocrx_word' id='word_1_451' title='bbox 2240 2891 2660 2946; x_wconf 72' lang='lat' dir='ltr'><strong>accommodans</strong></span> <span class='ocrx_word' id='word_1_452' title='bbox 2693 2901 2986 2958; x_wconf 82' lang='lat' dir='ltr'><strong>:lanquam</strong></span> <span class='ocrx_word' id='word_1_453' title='bbox 3019 2890 3272 2943; x_wconf 73' lang='lat' dir='ltr'><strong>dominus</strong></span> <span class='ocrx_word' id='word_1_454' title='bbox 3302 2890 3524 2955; x_wconf 65' lang='lat' dir='ltr'><strong>radium,</strong></span> 
     </span>
    </p>
   </div>
   <div class='ocr_carea' id='block_1_59' title="bbox 1949 2981 3525 3053">
    <p class='ocr_par' dir='ltr' id='par_1_59' title="bbox 1949 2981 3525 3053">
     <span class='ocr_line' id='line_1_59' title="bbox 1949 2981 3525 3053; baseline -0.003 -14"><span class='ocrx_word' id='word_1_455' title='bbox 1949 2987 2015 3039; x_wconf 89' lang='lat' dir='ltr'><strong>ad</strong></span> <span class='ocrx_word' id='word_1_456' title='bbox 2045 2999 2204 3053; x_wconf 90' lang='lat' dir='ltr'><strong>quem</strong></span> <span class='ocrx_word' id='word_1_457' title='bbox 2229 2992 2285 3038; x_wconf 77' lang='lat' dir='ltr'><strong>et</strong></span> <span class='ocrx_word' id='word_1_458' title='bbox 2314 2983 2406 3037; x_wconf 79' lang='lat' dir='ltr'><strong>lilii</strong></span> <span class='ocrx_word' id='word_1_459' title='bbox 2437 2992 2488 3036; x_wconf 89' lang='lat' dir='ltr'><strong>et</strong></span> <span class='ocrx_word' id='word_1_460' title='bbox 2515 2997 2680 3046; x_wconf 84' lang='lat' dir='ltr'><strong>servi,</strong></span> <span class='ocrx_word' id='word_1_461' title='bbox 2706 2996 2895 3035; x_wconf 83' lang='lat' dir='ltr'><strong>oniues</strong></span> <span class='ocrx_word' id='word_1_462' title='bbox 2940 2981 3184 3036; x_wconf 83' lang='lat' dir='ltr'><strong>actiones</strong></span> <span class='ocrx_word' id='word_1_463' title='bbox 3209 2997 3334 3034; x_wconf 86' lang='lat' dir='ltr'><strong>suas</strong></span> <span class='ocrx_word' id='word_1_464' title='bbox 3387 2982 3525 3035; x_wconf 80' lang='lat' dir='ltr'><strong>refe-</strong></span> 
     </span>
    </p>
   </div>
   <div class='ocr_carea' id='block_1_60' title="bbox 1951 3073 3529 3143">
    <p class='ocr_par' dir='ltr' id='par_1_60' title="bbox 1951 3073 3529 3143">
     <span class='ocr_line' id='line_1_60' title="bbox 1951 3073 3529 3143; baseline -0.003 -13"><span class='ocrx_word' id='word_1_465' title='bbox 1951 3085 2096 3130; x_wconf 87' lang='lat' dir='ltr'><strong>runt.</strong></span> <span class='ocrx_word' id='word_1_466' title='bbox 2131 3076 2416 3130; x_wconf 88' lang='lat' dir='ltr'><strong>Humanus</strong></span> <span class='ocrx_word' id='word_1_467' title='bbox 2439 3075 2605 3143; x_wconf 82' lang='lat' dir='ltr'><strong>igitur</strong></span> <span class='ocrx_word' id='word_1_468' title='bbox 2651 3074 2888 3137; x_wconf 86' lang='lat' dir='ltr'><strong>animus,</strong></span> <span class='ocrx_word' id='word_1_469' title='bbox 2939 3084 3131 3127; x_wconf 86' lang='lat' dir='ltr'><strong>natura</strong></span> <span class='ocrx_word' id='word_1_470' title='bbox 3191 3073 3442 3126; x_wconf 73' lang='lat' dir='ltr'><strong>rationali</strong></span> <span class='ocrx_word' id='word_1_471' title='bbox 3475 3081 3529 3126; x_wconf 89' lang='lat' dir='ltr'><strong>et</strong></span> 
     </span>
    </p>
   </div>
   <div class='ocr_carea' id='block_1_61' title="bbox 1950 3163 3527 3235">
    <p class='ocr_par' dir='ltr' id='par_1_61' title="bbox 1950 3163 3527 3235">
     <span class='ocr_line' id='line_1_61' title="bbox 1950 3163 3527 3235; baseline -0.003 -14"><span class='ocrx_word' id='word_1_472' title='bbox 1950 3165 2276 3235; x_wconf 78' lang='lat' dir='ltr'><strong>intelligenti</strong></span> <span class='ocrx_word' id='word_1_473' title='bbox 2320 3164 2388 3219; x_wconf 90' lang='lat' dir='ltr'><strong>ab</strong></span> <span class='ocrx_word' id='word_1_474' title='bbox 2439 3163 2634 3232; x_wconf 81' lang='lat' dir='ltr'><strong>cpiﬂce</strong></span> <span class='ocrx_word' id='word_1_475' title='bbox 2679 3164 2788 3217; x_wconf 85' lang='lat' dir='ltr'><strong>Deo</strong></span> <span class='ocrx_word' id='word_1_476' title='bbox 2838 3173 3080 3230; x_wconf 83' lang='lat' dir='ltr'><strong>accepta,</strong></span> <span class='ocrx_word' id='word_1_477' title='bbox 3157 3178 3356 3232; x_wconf 83' lang='lat' dir='ltr'><strong>corpus</strong></span> <span class='ocrx_word' id='word_1_478' title='bbox 3417 3177 3527 3216; x_wconf 86' lang='lat' dir='ltr'><strong>non</strong></span> 
     </span>
    </p>
   </div>
   <div class='ocr_carea' id='block_1_62' title="bbox 1960 3254 3532 3324">
    <p class='ocr_par' dir='ltr' id='par_1_62' title="bbox 1960 3254 3532 3324">
     <span class='ocr_line' id='line_1_62' title="bbox 1960 3254 3532 3324; baseline -0.003 -12"><span class='ocrx_word' id='word_1_479' title='bbox 1960 3258 2087 3312; x_wconf 85' lang='lat' dir='ltr'><strong>erit.</strong></span> <span class='ocrx_word' id='word_1_480' title='bbox 2123 3255 2379 3324; x_wconf 88' lang='lat' dir='ltr'><strong>Alioquin</strong></span> <span class='ocrx_word' id='word_1_481' title='bbox 2401 3255 2684 3315; x_wconf 84' lang='lat' dir='ltr'><strong>enimnec</strong></span> <span class='ocrx_word' id='word_1_482' title='bbox 2712 3254 2828 3321; x_wconf 88' lang='lat' dir='ltr'><strong>ipse</strong></span> <span class='ocrx_word' id='word_1_483' title='bbox 2865 3267 3065 3322; x_wconf 87' lang='lat' dir='ltr'><strong>corpus</strong></span> <span class='ocrx_word' id='word_1_484' title='bbox 3109 3256 3374 3322; x_wconf 72' lang='lat' dir='ltr'><strong>praecipue</strong></span> <span class='ocrx_word' id='word_1_485' title='bbox 3413 3268 3532 3307; x_wconf 86' lang='lat' dir='ltr'><strong>mo-</strong></span> 
     </span>
    </p>
   </div>
   <div class='ocr_carea' id='block_1_63' title="bbox 277 3329 1850 3413">
    <p class='ocr_par' dir='ltr' id='par_1_63' title="bbox 277 3339 1845 3413">
     <span class='ocr_line' id='line_1_63' title="bbox 277 3339 1845 3413; baseline -0.006 -15"><span class='ocrx_word' id='word_1_486' title='bbox 277 3347 404 3400; x_wconf 80' lang='grc' dir='ltr'>ὅλου</span> <span class='ocrx_word' id='word_1_487' title='bbox 450 3344 678 3397; x_wconf 83' lang='grc' dir='ltr'>τούτου·</span> <span class='ocrx_word' id='word_1_488' title='bbox 728 3343 841 3396; x_wconf 80' lang='grc' dir='ltr'>ἀλλ’</span> <span class='ocrx_word' id='word_1_489' title='bbox 875 3341 942 3413; x_wconf 73' lang='grc' dir='ltr'>ἦν</span> <span class='ocrx_word' id='word_1_490' title='bbox 982 3343 1048 3396; x_wconf 84' lang='grc' dir='ltr'>ἂν</span> <span class='ocrx_word' id='word_1_491' title='bbox 1097 3342 1240 3395; x_wconf 82' lang='grc' dir='ltr'>κατὰ</span> <span class='ocrx_word' id='word_1_492' title='bbox 1281 3342 1409 3403; x_wconf 78' lang='grc' dir='ltr'>τοὺς</span> <span class='ocrx_word' id='word_1_493' title='bbox 1448 3343 1527 3404; x_wconf 80' lang='grc' dir='ltr'><strong>εἰς</strong></span> <span class='ocrx_word' id='word_1_494' title='bbox 1579 3339 1845 3409; x_wconf 80' lang='grc' dir='ltr'>ἀλλήλους</span> 
     </span>
    </p>
   </div>
   <div class='ocr_carea' id='block_1_64' title="bbox 1954 3329 3531 3413">
    <p class='ocr_par' dir='ltr' id='par_1_64' title="bbox 1954 3343 3531 3410">
     <span class='ocr_line' id='line_1_64' title="bbox 1954 3343 3531 3410; baseline -0.004 -9"><span class='ocrx_word' id='word_1_495' title='bbox 1954 3357 2125 3410; x_wconf 81' lang='lat' dir='ltr'><strong>veret,</strong></span> <span class='ocrx_word' id='word_1_496' title='bbox 2162 3362 2264 3400; x_wconf 89' lang='lat' dir='ltr'><strong>nec</strong></span> <span class='ocrx_word' id='word_1_497' title='bbox 2301 3345 2352 3397; x_wconf 89' lang='lat' dir='ltr'><strong>id</strong></span> <span class='ocrx_word' id='word_1_498' title='bbox 2388 3353 2560 3398; x_wconf 90' lang='lat' dir='ltr'><strong>totum</strong></span> <span class='ocrx_word' id='word_1_499' title='bbox 2623 3349 2970 3410; x_wconf 75' lang='lat' dir='ltr'><strong>penetraret;</strong></span> <span class='ocrx_word' id='word_1_500' title='bbox 2998 3343 3089 3394; x_wconf 87' lang='lat' dir='ltr'><strong>sed</strong></span> <span class='ocrx_word' id='word_1_501' title='bbox 3150 3346 3351 3395; x_wconf 74' lang='lat' dir='ltr'><strong>inCSset</strong></span> <span class='ocrx_word' id='word_1_502' title='bbox 3406 3356 3531 3395; x_wconf 85' lang='lat' dir='ltr'><strong>cor-</strong></span> 
     </span>
    </p>
   </div>
   <div class='ocr_carea' id='block_1_65' title="bbox 281 3429 1850 3508">
    <p class='ocr_par' dir='ltr' id='par_1_65' title="bbox 281 3429 1850 3508">
     <span class='ocr_line' id='line_1_65' title="bbox 281 3429 1850 3508; baseline -0.008 -17"><span class='ocrx_word' id='word_1_503' title='bbox 281 3438 722 3508; x_wconf 76' lang='grc' dir='ltr'>ἐμϐαλλομένους</span> <span class='ocrx_word' id='word_1_504' title='bbox 761 3436 976 3500; x_wconf 72' lang='grc' dir='ltr'>κάδους,</span> <span class='ocrx_word' id='word_1_505' title='bbox 1012 3437 1211 3489; x_wconf 81' lang='grc' dir='ltr'>ἐνοῦσα</span> <span class='ocrx_word' id='word_1_506' title='bbox 1256 3435 1333 3503; x_wconf 79' lang='grc' dir='ltr'>τῷ</span> <span class='ocrx_word' id='word_1_507' title='bbox 1372 3433 1607 3502; x_wconf 85' lang='grc' dir='ltr'>σώματι,</span> <span class='ocrx_word' id='word_1_508' title='bbox 1648 3431 1744 3483; x_wconf 74' lang='grc' dir='ltr'>καὶ</span> <span class='ocrx_word' id='word_1_509' title='bbox 1771 3429 1850 3508; x_wconf 69' lang='grc' dir='ltr'>τῷ</span> 
     </span>
    </p>
   </div>
   <div class='ocr_carea' id='block_1_66' title="bbox 285 3506 1849 3598">
    <p class='ocr_par' dir='ltr' id='par_1_66' title="bbox 285 3506 1849 3598">
     <span class='ocr_line' id='line_1_66' title="bbox 285 3506 1849 3598; baseline -0.006 -20"><span class='ocrx_word' id='word_1_510' title='bbox 285 3529 364 3598; x_wconf 81' lang='grc' dir='ltr'>μὴ</span> <span class='ocrx_word' id='word_1_511' title='bbox 391 3528 477 3580; x_wconf 79' lang='grc' dir='ltr'>διὰ</span> <span class='ocrx_word' id='word_1_512' title='bbox 517 3527 717 3588; x_wconf 77' lang='grc' dir='ltr'>παντὸς</span> <span class='ocrx_word' id='word_1_513' title='bbox 747 3525 1070 3578; x_wconf 81' lang='grc' dir='ltr'>διικνεῖσθαι</span> <span class='ocrx_word' id='word_1_514' title='bbox 1104 3523 1274 3576; x_wconf 80' lang='grc' dir='ltr'>πολλὰ</span> <span class='ocrx_word' id='word_1_515' title='bbox 1304 3521 1413 3574; x_wconf 84' lang='grc' dir='ltr'><strong>τῶν</strong></span> <span class='ocrx_word' id='word_1_516' title='bbox 1445 3519 1538 3572; x_wconf 90' lang='grc' dir='ltr'><strong>τοῦ</strong></span> <span class='ocrx_word' id='word_1_517' title='bbox 1574 3506 1849 3586; x_wconf 58' lang='grc' dir='ltr'>σώματος,</span> 
     </span>
    </p>
   </div>
   <div class='ocr_carea' id='block_1_67' title="bbox 284 3612 1855 3689">
    <p class='ocr_par' dir='ltr' id='par_1_67' title="bbox 284 3612 1855 3689">
     <span class='ocr_line' id='line_1_67' title="bbox 284 3612 1855 3689; baseline -0.008 -17"><span class='ocrx_word' id='word_1_518' title='bbox 284 3624 385 3673; x_wconf 74' lang='grc' dir='ltr'>καὶ</span> <span class='ocrx_word' id='word_1_519' title='bbox 419 3621 658 3689; x_wconf 83' lang='grc' dir='ltr'>μάλιστα</span> <span class='ocrx_word' id='word_1_520' title='bbox 683 3619 743 3670; x_wconf 80' lang='grc' dir='ltr'>τὸ</span> <span class='ocrx_word' id='word_1_521' title='bbox 789 3618 893 3682; x_wconf 74' lang='grc' dir='ltr'><strong>ἔξω</strong></span> <span class='ocrx_word' id='word_1_522' title='bbox 918 3618 1047 3680; x_wconf 85' lang='grc' dir='ltr'>πᾶν,</span> <span class='ocrx_word' id='word_1_523' title='bbox 1083 3615 1144 3680; x_wconf 80' lang='grc' dir='ltr'>ἐξ</span> <span class='ocrx_word' id='word_1_524' title='bbox 1169 3616 1414 3683; x_wconf 79' lang='grc' dir='ltr'>ἀνάγκης</span> <span class='ocrx_word' id='word_1_525' title='bbox 1448 3612 1653 3681; x_wconf 82' lang='grc' dir='ltr'>ἄψυχον</span> <span class='ocrx_word' id='word_1_526' title='bbox 1686 3625 1855 3664; x_wconf 83' lang='grc' dir='ltr'>κατα-</span> 
     </span>
    </p>
   </div>
   <div class='ocr_carea' id='block_1_68' title="bbox 281 3701 1856 3777">
    <p class='ocr_par' dir='ltr' id='par_1_68' title="bbox 281 3701 1856 3777">
     <span class='ocr_line' id='line_1_68' title="bbox 281 3701 1856 3777; baseline -0.008 -14"><span class='ocrx_word' id='word_1_527' title='bbox 281 3714 572 3766; x_wconf 81' lang='grc' dir='ltr'>λείπουσα.</span> <span class='ocrx_word' id='word_1_528' title='bbox 598 3709 708 3764; x_wconf 88' lang='grc' dir='ltr'>Ἧν</span> <span class='ocrx_word' id='word_1_529' title='bbox 754 3711 798 3763; x_wconf 85' lang='grc' dir='ltr'><strong>δ’</strong></span> <span class='ocrx_word' id='word_1_530' title='bbox 850 3709 917 3762; x_wconf 83' lang='grc' dir='ltr'>ἂν</span> <span class='ocrx_word' id='word_1_531' title='bbox 952 3709 1050 3762; x_wconf 69' lang='grc' dir='ltr'>καὶ</span> <span class='ocrx_word' id='word_1_532' title='bbox 1084 3708 1317 3777; x_wconf 79' lang='grc' dir='ltr'>μέγεθος</span> <span class='ocrx_word' id='word_1_533' title='bbox 1339 3707 1406 3774; x_wconf 81' lang='grc' dir='ltr'><strong>τῇ</strong></span> <span class='ocrx_word' id='word_1_534' title='bbox 1436 3703 1582 3773; x_wconf 73' lang='grc' dir='ltr'>ψυχῇ</span> <span class='ocrx_word' id='word_1_535' title='bbox 1617 3701 1758 3755; x_wconf 80' lang='grc' dir='ltr'>κατὰ</span> <span class='ocrx_word' id='word_1_536' title='bbox 1787 3701 1856 3752; x_wconf 74' lang='grc' dir='ltr'>τὰ</span> 
     </span>
    </p>
   </div>
   <div class='ocr_carea' id='block_1_69' title="bbox 286 3793 1856 3875">
    <p class='ocr_par' dir='ltr' id='par_1_69' title="bbox 286 3793 1856 3875">
     <span class='ocr_line' id='line_1_69' title="bbox 286 3793 1856 3875; baseline -0.01 -17"><span class='ocrx_word' id='word_1_537' title='bbox 286 3805 562 3875; x_wconf 72' lang='grc' dir='ltr'>σωμάτων</span> <span class='ocrx_word' id='word_1_538' title='bbox 599 3802 828 3872; x_wconf 80' lang='grc' dir='ltr'>μεγέθη,</span> <span class='ocrx_word' id='word_1_539' title='bbox 859 3802 998 3854; x_wconf 78' lang='grc' dir='ltr'>ὥστε</span> <span class='ocrx_word' id='word_1_540' title='bbox 1033 3797 1168 3852; x_wconf 78' lang='grc' dir='ltr'>εἶναι</span> <span class='ocrx_word' id='word_1_541' title='bbox 1217 3799 1397 3866; x_wconf 85' lang='grc' dir='ltr'>λέγειν</span> <span class='ocrx_word' id='word_1_542' title='bbox 1433 3798 1526 3849; x_wconf 76' lang='grc' dir='ltr'>καὶ</span> <span class='ocrx_word' id='word_1_543' title='bbox 1553 3797 1661 3847; x_wconf 81' lang='grc' dir='ltr'>τοῖν</span> <span class='ocrx_word' id='word_1_544' title='bbox 1688 3793 1856 3846; x_wconf 72' lang='grc' dir='ltr'>Αίὰνο</span> 
     </span>
    </p>
   </div>
   <div class='ocr_carea' id='block_1_70' title="bbox 281 3884 1857 3964">
    <p class='ocr_par' dir='ltr' id='par_1_70' title="bbox 281 3884 1857 3964">
     <span class='ocr_line' id='line_1_70' title="bbox 281 3884 1857 3964; baseline -0.009 -15"><span class='ocrx_word' id='word_1_545' title='bbox 281 3914 407 3949; x_wconf 89' lang='grc' dir='ltr'>τοιν</span> <span class='ocrx_word' id='word_1_546' title='bbox 462 3895 555 3947; x_wconf 77' lang='grc' dir='ltr'>τὸν</span> <span class='ocrx_word' id='word_1_547' title='bbox 592 3893 692 3964; x_wconf 84' lang='grc' dir='ltr'>μὲν</span> <span class='ocrx_word' id='word_1_548' title='bbox 725 3890 1080 3962; x_wconf 84' lang='grc' dir='ltr'>Τελαμώνιον</span> <span class='ocrx_word' id='word_1_549' title='bbox 1123 3889 1366 3958; x_wconf 81' lang='grc' dir='ltr'>μείζονα,</span> <span class='ocrx_word' id='word_1_550' title='bbox 1419 3887 1511 3938; x_wconf 83' lang='grc' dir='ltr'>τὸν</span> <span class='ocrx_word' id='word_1_551' title='bbox 1538 3885 1593 3938; x_wconf 80' lang='grc' dir='ltr'><strong>δὲ</strong></span> <span class='ocrx_word' id='word_1_552' title='bbox 1647 3884 1857 3952; x_wconf 81' lang='grc' dir='ltr'>Λοκρὸν</span> 
     </span>
    </p>
   </div>
   <div class='ocr_carea' id='block_1_71' title="bbox 285 3976 1858 4055">
    <p class='ocr_par' dir='ltr' id='par_1_71' title="bbox 285 3976 1858 4055">
     <span class='ocr_line' id='line_1_71' title="bbox 285 3976 1858 4055; baseline -0.01 -16"><span class='ocrx_word' id='word_1_553' title='bbox 285 3988 555 4040; x_wconf 76' lang='grc' dir='ltr'>ἐλάττονα</span> <span class='ocrx_word' id='word_1_554' title='bbox 597 3985 773 4055; x_wconf 74' lang='grc' dir='ltr'>ψυχὴν</span> <span class='ocrx_word' id='word_1_555' title='bbox 805 3987 1152 4054; x_wconf 77' lang='grc' dir='ltr'>περιφέρειν,</span> <span class='ocrx_word' id='word_1_556' title='bbox 1189 3982 1283 4034; x_wconf 79' lang='grc' dir='ltr'>καὶ</span> <span class='ocrx_word' id='word_1_557' title='bbox 1325 3979 1432 4048; x_wconf 77' lang='grc' dir='ltr'>μὴν</span> <span class='ocrx_word' id='word_1_558' title='bbox 1467 3977 1558 4029; x_wconf 78' lang='grc' dir='ltr'>καὶ</span> <span class='ocrx_word' id='word_1_559' title='bbox 1590 3976 1858 4046; x_wconf 84' lang='grc' dir='ltr'>τεμνομέ-</span> 
     </span>
    </p>
   </div>
   <div class='ocr_carea' id='block_1_72' title="bbox 287 4068 1854 4145">
    <p class='ocr_par' dir='ltr' id='par_1_72' title="bbox 287 4068 1854 4145">
     <span class='ocr_line' id='line_1_72' title="bbox 287 4068 1854 4145; baseline -0.006 -15"><span class='ocrx_word' id='word_1_560' title='bbox 287 4095 388 4131; x_wconf 78' lang='grc' dir='ltr'><strong>νου</strong></span> <span class='ocrx_word' id='word_1_561' title='bbox 420 4079 515 4129; x_wconf 84' lang='grc' dir='ltr'><strong>τοῦ</strong></span> <span class='ocrx_word' id='word_1_562' title='bbox 551 4077 805 4145; x_wconf 82' lang='grc' dir='ltr'>σώματος</span> <span class='ocrx_word' id='word_1_563' title='bbox 839 4078 1087 4145; x_wconf 79' lang='grc' dir='ltr'>μετεῖχεν</span> <span class='ocrx_word' id='word_1_564' title='bbox 1117 4073 1182 4126; x_wconf 87' lang='grc' dir='ltr'>ἂν</span> <span class='ocrx_word' id='word_1_565' title='bbox 1226 4072 1452 4136; x_wconf 67' lang='grc' dir='ltr'>κάκείνη</span> <span class='ocrx_word' id='word_1_566' title='bbox 1483 4071 1576 4122; x_wconf 85' lang='grc' dir='ltr'><strong>τοῦ</strong></span> <span class='ocrx_word' id='word_1_567' title='bbox 1626 4068 1854 4129; x_wconf 67' lang='grc' dir='ltr'>πάθους.</span> 
     </span>
    </p>
   </div>
   <div class='ocr_carea' id='block_1_73' title="bbox 284 4159 1859 4237">
    <p class='ocr_par' dir='ltr' id='par_1_73' title="bbox 284 4159 1859 4237">
     <span class='ocr_line' id='line_1_73' title="bbox 284 4159 1859 4237; baseline -0.008 -12"><span class='ocrx_word' id='word_1_568' title='bbox 284 4172 430 4225; x_wconf 74' lang='grc' dir='ltr'>ἀλλὰ</span> <span class='ocrx_word' id='word_1_569' title='bbox 457 4171 551 4221; x_wconf 72' lang='grc' dir='ltr'>καὶ</span> <span class='ocrx_word' id='word_1_570' title='bbox 587 4170 695 4221; x_wconf 81' lang='grc' dir='ltr'><strong>τῶν</strong></span> <span class='ocrx_word' id='word_1_571' title='bbox 725 4173 782 4222; x_wconf 87' lang='grc' dir='ltr'><strong>ἐν</strong></span> <span class='ocrx_word' id='word_1_572' title='bbox 816 4169 953 4237; x_wconf 78' lang='grc' dir='ltr'>αὐτῇ</span> <span class='ocrx_word' id='word_1_573' title='bbox 981 4167 1284 4235; x_wconf 84' lang='grc' dir='ltr'>γινομένων</span> <span class='ocrx_word' id='word_1_574' title='bbox 1319 4163 1477 4215; x_wconf 83' lang='grc' dir='ltr'>εἰδῶν</span> <span class='ocrx_word' id='word_1_575' title='bbox 1524 4159 1592 4232; x_wconf 81' lang='grc' dir='ltr'>ἦν</span> <span class='ocrx_word' id='word_1_576' title='bbox 1631 4162 1697 4213; x_wconf 85' lang='grc' dir='ltr'>ἂν</span> <span class='ocrx_word' id='word_1_577' title='bbox 1726 4161 1859 4213; x_wconf 81' lang='grc' dir='ltr'>ἐκα-</span> 
     </span>
    </p>
   </div>
   <div class='ocr_carea' id='block_1_74' title="bbox 289 4253 1862 4330">
    <p class='ocr_par' dir='ltr' id='par_1_74' title="bbox 289 4253 1862 4330">
     <span class='ocr_line' id='line_1_74' title="bbox 289 4253 1862 4330; baseline -0.008 -14"><span class='ocrx_word' id='word_1_578' title='bbox 289 4279 423 4316; x_wconf 80' lang='grc' dir='ltr'>στον</span> <span class='ocrx_word' id='word_1_579' title='bbox 454 4264 546 4313; x_wconf 78' lang='grc' dir='ltr'>ἐπὶ</span> <span class='ocrx_word' id='word_1_580' title='bbox 579 4263 800 4330; x_wconf 78' lang='grc' dir='ltr'>μέρους·</span> <span class='ocrx_word' id='word_1_581' title='bbox 837 4261 1064 4313; x_wconf 83' lang='grc' dir='ltr'>τοιαῦτα</span> <span class='ocrx_word' id='word_1_582' title='bbox 1089 4259 1197 4327; x_wconf 86' lang='grc' dir='ltr'>γὰρ</span> <span class='ocrx_word' id='word_1_583' title='bbox 1229 4259 1296 4310; x_wconf 82' lang='grc' dir='ltr'>τὰ</span> <span class='ocrx_word' id='word_1_584' title='bbox 1326 4259 1382 4310; x_wconf 84' lang='grc' dir='ltr'>ὲν</span> <span class='ocrx_word' id='word_1_585' title='bbox 1414 4257 1515 4326; x_wconf 63' lang='lat' dir='ltr'><strong>inn</strong></span> <span class='ocrx_word' id='word_1_586' title='bbox 1548 4255 1642 4307; x_wconf 70' lang='grc' dir='ltr'>καὶ</span> <span class='ocrx_word' id='word_1_587' title='bbox 1674 4253 1862 4320; x_wconf 85' lang='grc' dir='ltr'>σώμα-</span> 
     </span>
    </p>
   </div>
   <div class='ocr_carea' id='block_1_75' title="bbox 291 4341 1862 4422">
    <p class='ocr_par' dir='ltr' id='par_1_75' title="bbox 291 4341 1862 4422">
     <span class='ocr_line' id='line_1_75' title="bbox 291 4341 1862 4422; baseline -0.01 -14"><span class='ocrx_word' id='word_1_588' title='bbox 291 4373 406 4409; x_wconf 81' lang='grc' dir='ltr'>σιν.</span> <span class='ocrx_word' id='word_1_589' title='bbox 437 4355 589 4407; x_wconf 77' lang='grc' dir='ltr'>Ὠστ’</span> <span class='ocrx_word' id='word_1_590' title='bbox 626 4354 780 4406; x_wconf 75' lang='grc' dir='ltr'>οὐδὲν</span> <span class='ocrx_word' id='word_1_591' title='bbox 813 4351 879 4405; x_wconf 80' lang='grc' dir='ltr'>ἂν</span> <span class='ocrx_word' id='word_1_592' title='bbox 923 4351 1024 4422; x_wconf 76' lang='grc' dir='ltr'><strong>ᾔδη</strong></span> <span class='ocrx_word' id='word_1_593' title='bbox 1058 4349 1312 4412; x_wconf 79' lang='grc' dir='ltr'>καθόλου,</span> <span class='ocrx_word' id='word_1_594' title='bbox 1348 4346 1462 4399; x_wconf 81' lang='grc' dir='ltr'>ἀλλ’</span> <span class='ocrx_word' id='word_1_595' title='bbox 1491 4341 1638 4414; x_wconf 75' lang='grc' dir='ltr'>εἶχεν</span> <span class='ocrx_word' id='word_1_596' title='bbox 1668 4343 1734 4395; x_wconf 86' lang='grc' dir='ltr'>ἂν</span> <span class='ocrx_word' id='word_1_597' title='bbox 1762 4341 1862 4410; x_wconf 81' lang='grc' dir='ltr'>μό-</span> 
     </span>
    </p>
   </div>
   <div class='ocr_carea' id='block_1_76' title="bbox 291 4431 1862 4512">
    <p class='ocr_par' dir='ltr' id='par_1_76' title="bbox 291 4431 1862 4512">
     <span class='ocr_line' id='line_1_76' title="bbox 291 4431 1862 4512; baseline -0.011 -12"><span class='ocrx_word' id='word_1_598' title='bbox 291 4464 388 4500; x_wconf 79' lang='grc' dir='ltr'><strong>νον</strong></span> <span class='ocrx_word' id='word_1_599' title='bbox 419 4446 696 4512; x_wconf 79' lang='grc' dir='ltr'>αἴσθησιν,</span> <span class='ocrx_word' id='word_1_600' title='bbox 717 4440 792 4498; x_wconf 83' lang='grc' dir='ltr'><strong>ῶν</strong></span> <span class='ocrx_word' id='word_1_601' title='bbox 823 4443 916 4497; x_wconf 85' lang='grc' dir='ltr'><strong>νῦν</strong></span> <span class='ocrx_word' id='word_1_602' title='bbox 941 4443 1274 4510; x_wconf 75' lang='grc' dir='ltr'>ἐπιστήμην.</span> <span class='ocrx_word' id='word_1_603' title='bbox 1303 4436 1488 4498; x_wconf 80' lang='grc' dir='ltr'>Οὕτως</span> <span class='ocrx_word' id='word_1_604' title='bbox 1511 4437 1539 4488; x_wconf 88' lang='grc' dir='ltr'><strong>ό</strong></span> <span class='ocrx_word' id='word_1_605' title='bbox 1565 4434 1666 4505; x_wconf 80' lang='grc' dir='ltr'>τὴν</span> <span class='ocrx_word' id='word_1_606' title='bbox 1683 4431 1862 4502; x_wconf 76' lang='grc' dir='ltr'>ψυχὴν</span> 
     </span>
    </p>
   </div>
   <div class='ocr_carea' id='block_1_77' title="bbox 293 4523 1862 4604">
    <p class='ocr_par' dir='ltr' id='par_1_77' title="bbox 293 4523 1862 4604">
     <span class='ocr_line' id='line_1_77' title="bbox 293 4523 1862 4604; baseline -0.011 -14"><span class='ocrx_word' id='word_1_607' title='bbox 293 4539 463 4604; x_wconf 81' lang='grc' dir='ltr'>σῶμα</span> <span class='ocrx_word' id='word_1_608' title='bbox 489 4537 661 4598; x_wconf 74' lang='grc' dir='ltr'>τιθεὶς</span> <span class='ocrx_word' id='word_1_609' title='bbox 689 4535 846 4602; x_wconf 85' lang='grc' dir='ltr'>λόγος</span> <span class='ocrx_word' id='word_1_610' title='bbox 879 4533 1092 4596; x_wconf 87' lang='grc' dir='ltr'>πολλοῖς</span> <span class='ocrx_word' id='word_1_611' title='bbox 1118 4530 1343 4592; x_wconf 79' lang='grc' dir='ltr'>ἀτόποις</span> <span class='ocrx_word' id='word_1_612' title='bbox 1389 4529 1660 4596; x_wconf 80' lang='grc' dir='ltr'>ἐνέχεται.</span> <span class='ocrx_word' id='word_1_613' title='bbox 1703 4523 1862 4576; x_wconf 85' lang='grc' dir='ltr'><strong>Ἀλλὰ</strong></span> 
     </span>
    </p>
   </div>
   <div class='ocr_carea' id='block_1_78' title="bbox 296 4616 1858 4696">
    <p class='ocr_par' dir='ltr' id='par_1_78' title="bbox 296 4616 1858 4696">
     <span class='ocr_line' id='line_1_78' title="bbox 296 4616 1858 4696; baseline -0.008 -18"><span class='ocrx_word' id='word_1_614' title='bbox 296 4628 410 4696; x_wconf 79' lang='grc' dir='ltr'>μὴν</span> <span class='ocrx_word' id='word_1_615' title='bbox 438 4626 727 4694; x_wconf 74' lang='grc' dir='ltr'>ἀσώματον</span> <span class='ocrx_word' id='word_1_616' title='bbox 761 4621 949 4689; x_wconf 84' lang='grc' dir='ltr'>οὖσαν,</span> <span class='ocrx_word' id='word_1_617' title='bbox 983 4625 1078 4678; x_wconf 77' lang='grc' dir='ltr'>καὶ</span> <span class='ocrx_word' id='word_1_618' title='bbox 1111 4621 1424 4692; x_wconf 84' lang='grc' dir='ltr'>κρατοῦσαν</span> <span class='ocrx_word' id='word_1_619' title='bbox 1455 4618 1551 4671; x_wconf 92' lang='grc' dir='ltr'><strong>τοῦ</strong></span> <span class='ocrx_word' id='word_1_620' title='bbox 1582 4616 1858 4687; x_wconf 83' lang='grc' dir='ltr'>σώματος,</span> 
     </span>
    </p>
   </div>
   <div class='ocr_carea' id='block_1_79' title="bbox 292 4707 1862 4787">
    <p class='ocr_par' dir='ltr' id='par_1_79' title="bbox 292 4707 1862 4787">
     <span class='ocr_line' id='line_1_79' title="bbox 292 4707 1862 4787; baseline -0.01 -13"><span class='ocrx_word' id='word_1_621' title='bbox 292 4721 398 4774; x_wconf 70' lang='grc' dir='ltr'><strong>καὶ</strong></span> <span class='ocrx_word' id='word_1_622' title='bbox 423 4720 580 4772; x_wconf 89' lang='grc' dir='ltr'>τοῦτο</span> <span class='ocrx_word' id='word_1_623' title='bbox 608 4717 753 4772; x_wconf 81' lang='grc' dir='ltr'>κατὰ</span> <span class='ocrx_word' id='word_1_624' title='bbox 783 4717 845 4769; x_wconf 78' lang='grc' dir='ltr'>τὸ</span> <span class='ocrx_word' id='word_1_625' title='bbox 885 4714 1079 4770; x_wconf 81' lang='grc' dir='ltr'>δοκοῦν</span> <span class='ocrx_word' id='word_1_626' title='bbox 1114 4713 1243 4767; x_wconf 77' lang='grc' dir='ltr'>κυσε</span> <span class='ocrx_word' id='word_1_627' title='bbox 1256 4712 1610 4787; x_wconf 18' lang='grc' dir='ltr'>ρνῶσαν,ητίς</span> <span class='ocrx_word' id='word_1_628' title='bbox 1641 4707 1862 4778; x_wconf 79' lang='grc' dir='ltr'>μηχανὴ</span> 
     </span>
    </p>
   </div>
   <div class='ocr_carea' id='block_1_80' title="bbox 293 4796 1860 4880">
    <p class='ocr_par' dir='ltr' id='par_1_80' title="bbox 293 4796 1860 4880">
     <span class='ocr_line' id='line_1_80' title="bbox 293 4796 1860 4880; baseline -0.009 -19"><span class='ocrx_word' id='word_1_629' title='bbox 293 4809 384 4880; x_wconf 77' lang='grc' dir='ltr'>μὴ</span> <span class='ocrx_word' id='word_1_630' title='bbox 413 4809 507 4860; x_wconf 78' lang='grc' dir='ltr'>καὶ</span> <span class='ocrx_word' id='word_1_631' title='bbox 537 4807 770 4860; x_wconf 84' lang='grc' dir='ltr'>θανάτου</span> <span class='ocrx_word' id='word_1_632' title='bbox 812 4807 1049 4876; x_wconf 87' lang='grc' dir='ltr'>κρείττω</span> <span class='ocrx_word' id='word_1_633' title='bbox 1091 4803 1190 4857; x_wconf 72' lang='grc' dir='ltr'>καὶ</span> <span class='ocrx_word' id='word_1_634' title='bbox 1219 4805 1427 4873; x_wconf 73' lang='grc' dir='ltr'>φθορᾶς</span> <span class='ocrx_word' id='word_1_635' title='bbox 1469 4801 1641 4870; x_wconf 76' lang='grc' dir='ltr'>αὐτὴν</span> <span class='ocrx_word' id='word_1_636' title='bbox 1671 4796 1860 4850; x_wconf 80' lang='grc' dir='ltr'>ὑποτί-</span> 
     </span>
    </p>
   </div>
   <div class='ocr_carea' id='block_1_81' title="bbox 289 4889 1862 4969">
    <p class='ocr_par' dir='ltr' id='par_1_81' title="bbox 289 4889 1862 4969">
     <span class='ocr_line' id='line_1_81' title="bbox 289 4889 1862 4969; baseline -0.01 -15"><span class='ocrx_word' id='word_1_637' title='bbox 289 4900 525 4967; x_wconf 71' lang='grc' dir='ltr'>θεσθαις</span> <span class='ocrx_word' id='word_1_638' title='bbox 562 4901 638 4952; x_wconf 81' lang='grc' dir='ltr'>Ἤ</span> <span class='ocrx_word' id='word_1_639' title='bbox 664 4916 725 4952; x_wconf 82' lang='grc' dir='ltr'><strong>τι</strong></span> <span class='ocrx_word' id='word_1_640' title='bbox 754 4901 863 4969; x_wconf 78' lang='grc' dir='ltr'><strong>γὰρ</strong></span> <span class='ocrx_word' id='word_1_641' title='bbox 887 4898 1033 4952; x_wconf 80' lang='grc' dir='ltr'>κατὰ</span> <span class='ocrx_word' id='word_1_642' title='bbox 1059 4895 1153 4949; x_wconf 85' lang='grc' dir='ltr'><strong>τοῦ</strong></span> <span class='ocrx_word' id='word_1_643' title='bbox 1181 4895 1434 4964; x_wconf 85' lang='grc' dir='ltr'>σώματος</span> <span class='ocrx_word' id='word_1_644' title='bbox 1466 4893 1632 4962; x_wconf 83' lang='grc' dir='ltr'>ἀρχὴ,</span> <span class='ocrx_word' id='word_1_645' title='bbox 1679 4889 1772 4942; x_wconf 91' lang='grc' dir='ltr'><strong>καί</strong></span> <span class='ocrx_word' id='word_1_646' title='bbox 1801 4903 1862 4939; x_wconf 84' lang='grc' dir='ltr'><strong>τε</strong></span> 
     </span>
    </p>
   </div>
   <div class='ocr_carea' id='block_1_82' title="bbox 290 4977 1868 5060">
    <p class='ocr_par' dir='ltr' id='par_1_82' title="bbox 290 4977 1868 5060">
     <span class='ocr_line' id='line_1_82' title="bbox 290 4977 1868 5060; baseline -0.011 -13"><span class='ocrx_word' id='word_1_647' title='bbox 290 4991 470 5047; x_wconf 72' lang='grc' dir='ltr'>εὗσαν</span> <span class='ocrx_word' id='word_1_648' title='bbox 499 4995 582 5054; x_wconf 80' lang='grc' dir='ltr'>τίς.</span> <span class='ocrx_word' id='word_1_649' title='bbox 601 4992 734 5046; x_wconf 77' lang='grc' dir='ltr'>αὐτὸ</span> <span class='ocrx_word' id='word_1_650' title='bbox 769 4991 845 5060; x_wconf 84' lang='grc' dir='ltr'>μὴ</span> <span class='ocrx_word' id='word_1_651' title='bbox 874 4987 1154 5050; x_wconf 83' lang='grc' dir='ltr'>παντελῶς</span> <span class='ocrx_word' id='word_1_652' title='bbox 1185 4984 1568 5055; x_wconf 77' lang='grc' dir='ltr'>βεϐαπτίσθαι,</span> <span class='ocrx_word' id='word_1_653' title='bbox 1600 4980 1715 5034; x_wconf 84' lang='grc' dir='ltr'>ἀλλ’</span> <span class='ocrx_word' id='word_1_654' title='bbox 1739 4977 1868 5032; x_wconf 73' lang='grc' dir='ltr'><strong>ἀνι-</strong></span> 
     </span>
    </p>
   </div>
   <div class='ocr_carea' id='block_1_83' title="bbox 291 5065 1866 5151">
    <p class='ocr_par' dir='ltr' id='par_1_83' title="bbox 291 5065 1866 5151">
     <span class='ocr_line' id='line_1_83' title="bbox 291 5065 1866 5151; baseline -0.01 -19"><span class='ocrx_word' id='word_1_655' title='bbox 291 5096 444 5151; x_wconf 76' lang='grc' dir='ltr'>χειν,</span> <span class='ocrx_word' id='word_1_656' title='bbox 498 5083 592 5132; x_wconf 70' lang='grc' dir='ltr'>καὶ</span> <span class='ocrx_word' id='word_1_657' title='bbox 619 5079 680 5131; x_wconf 81' lang='grc' dir='ltr'>τὸ</span> <span class='ocrx_word' id='word_1_658' title='bbox 743 5079 844 5146; x_wconf 83' lang='grc' dir='ltr'>μὲν</span> <span class='ocrx_word' id='word_1_659' title='bbox 897 5078 1078 5147; x_wconf 81' lang='grc' dir='ltr'>σῶμα,</span> <span class='ocrx_word' id='word_1_660' title='bbox 1112 5072 1382 5146; x_wconf 75' lang='grc' dir='ltr'>χωρισθὲν</span> <span class='ocrx_word' id='word_1_661' title='bbox 1424 5073 1664 5140; x_wconf 82' lang='grc' dir='ltr'>ἐκείνης,</span> <span class='ocrx_word' id='word_1_662' title='bbox 1700 5065 1866 5138; x_wconf 73' lang='grc' dir='ltr'>μηδὲν</span> 
     </span>
    </p>
   </div>
   <div class='ocr_carea' id='block_1_84' title="bbox 283 5155 1866 5235">
    <p class='ocr_par' dir='ltr' id='par_1_84' title="bbox 283 5155 1866 5235">
     <span class='ocr_line' id='line_1_84' title="bbox 283 5155 1866 5235; baseline -0.009 -13"><span class='ocrx_word' id='word_1_663' title='bbox 283 5166 564 5222; x_wconf 79' lang='grc' dir='ltr'>δύνασθαι</span> <span class='ocrx_word' id='word_1_664' title='bbox 615 5167 877 5235; x_wconf 82' lang='grc' dir='ltr'>πράττειν</span> <span class='ocrx_word' id='word_1_665' title='bbox 906 5203 922 5230; x_wconf 87' lang='grc'><strong>,</strong></span> <span class='ocrx_word' id='word_1_666' title='bbox 967 5165 1139 5232; x_wconf 80' lang='grc' dir='ltr'>αὐτὴν</span> <span class='ocrx_word' id='word_1_667' title='bbox 1173 5164 1230 5215; x_wconf 74' lang='grc' dir='ltr'><strong>δὲ</strong></span> <span class='ocrx_word' id='word_1_668' title='bbox 1277 5161 1421 5213; x_wconf 83' lang='grc' dir='ltr'>κατὰ</span> <span class='ocrx_word' id='word_1_669' title='bbox 1468 5155 1565 5222; x_wconf 70' lang='grc' dir='ltr'><strong>τὰς</strong></span> <span class='ocrx_word' id='word_1_670' title='bbox 1601 5158 1866 5228; x_wconf 86' lang='grc' dir='ltr'>μεγίστας</span> 
     </span>
    </p>
   </div>
   <div class='ocr_carea' id='block_1_85' title="bbox 287 5249 1866 5328">
    <p class='ocr_par' dir='ltr' id='par_1_85' title="bbox 287 5249 1866 5328">
     <span class='ocr_line' id='line_1_85' title="bbox 287 5249 1866 5328; baseline -0.008 -16"><span class='ocrx_word' id='word_1_671' title='bbox 287 5258 399 5312; x_wconf 49' lang='grc' dir='ltr'>καὶ</span> <span class='ocrx_word' id='word_1_672' title='bbox 453 5260 789 5328; x_wconf 73' lang='grc' dir='ltr'>σεμνοτάτας</span> <span class='ocrx_word' id='word_1_673' title='bbox 836 5256 1122 5327; x_wconf 78' lang='grc' dir='ltr'>ἐνεργείας</span> <span class='ocrx_word' id='word_1_674' title='bbox 1177 5254 1274 5308; x_wconf 74' lang='grc' dir='ltr'>καὶ</span> <span class='ocrx_word' id='word_1_675' title='bbox 1317 5254 1486 5321; x_wconf 77' lang='grc' dir='ltr'>ἑαυτῇ</span> <span class='ocrx_word' id='word_1_676' title='bbox 1547 5249 1866 5320; x_wconf 81' lang='grc' dir='ltr'>συμφύτους</span> 
     </span>
    </p>
   </div>
   <div class='ocr_carea' id='block_1_86' title="bbox 285 5335 1859 5414">
    <p class='ocr_par' dir='ltr' id='par_1_86' title="bbox 285 5335 1859 5414">
     <span class='ocr_line' id='line_1_86' title="bbox 285 5335 1859 5414; baseline -0.008 -14"><span class='ocrx_word' id='word_1_677' title='bbox 285 5346 402 5402; x_wconf 72' lang='grc' dir='ltr'><strong>τοῦ</strong></span> <span class='ocrx_word' id='word_1_678' title='bbox 445 5347 694 5414; x_wconf 88' lang='grc' dir='ltr'>σώματος</span> <span class='ocrx_word' id='word_1_679' title='bbox 736 5349 831 5402; x_wconf 78' lang='grc' dir='ltr'><strong>καὶ</strong></span> <span class='ocrx_word' id='word_1_680' title='bbox 860 5347 956 5414; x_wconf 75' lang='grc' dir='ltr'>τῆς</span> <span class='ocrx_word' id='word_1_681' title='bbox 1007 5345 1218 5398; x_wconf 84' lang='grc' dir='ltr'>ἐκεῖθεν</span> <span class='ocrx_word' id='word_1_682' title='bbox 1246 5341 1516 5412; x_wconf 78' lang='grc' dir='ltr'>φλυαρίας</span> <span class='ocrx_word' id='word_1_683' title='bbox 1544 5335 1859 5399; x_wconf 83' lang='grc' dir='ltr'>παντελῶς,</span> 
     </span>
    </p>
   </div>
   <div class='ocr_carea' id='block_1_87' title="bbox 285 5427 1870 5509">
    <p class='ocr_par' dir='ltr' id='par_1_87' title="bbox 285 5427 1870 5509">
     <span class='ocr_line' id='line_1_87' title="bbox 285 5427 1870 5509; baseline -0.01 -13"><span class='ocrx_word' id='word_1_684' title='bbox 285 5439 678 5509; x_wconf 74' lang='grc' dir='ltr'>ἀπηλλάχθαι.</span> <span class='ocrx_word' id='word_1_685' title='bbox 737 5440 1038 5507; x_wconf 79' lang='grc' dir='ltr'>τεκμήριον</span> <span class='ocrx_word' id='word_1_686' title='bbox 1095 5436 1321 5505; x_wconf 78' lang='grc' dir='ltr'>ἐναργὲς</span> <span class='ocrx_word' id='word_1_687' title='bbox 1372 5429 1516 5485; x_wconf 80' lang='grc' dir='ltr'>εἰναι</span> <span class='ocrx_word' id='word_1_688' title='bbox 1573 5431 1697 5484; x_wconf 71' lang='grc' dir='ltr'>τινα</span> <span class='ocrx_word' id='word_1_689' title='bbox 1743 5427 1870 5482; x_wconf 85' lang='grc' dir='ltr'>καθ’</span> 
     </span>
    </p>
   </div>
   <div class='ocr_carea' id='block_1_88' title="bbox 285 5521 1870 5598">
    <p class='ocr_par' dir='ltr' id='par_1_88' title="bbox 285 5521 1870 5598">
     <span class='ocr_line' id='line_1_88' title="bbox 285 5521 1870 5598; baseline -0.008 -15"><span class='ocrx_word' id='word_1_690' title='bbox 285 5532 528 5598; x_wconf 72' lang='grc' dir='ltr'>ἑαυτὴν·</span> <span class='ocrx_word' id='word_1_691' title='bbox 563 5529 666 5596; x_wconf 79' lang='grc' dir='ltr'>τῆς</span> <span class='ocrx_word' id='word_1_692' title='bbox 704 5528 882 5598; x_wconf 80' lang='grc' dir='ltr'>ψυχῆς</span> <span class='ocrx_word' id='word_1_693' title='bbox 917 5528 1127 5589; x_wconf 79' lang='grc' dir='ltr'>οὐσίαν,</span> <span class='ocrx_word' id='word_1_694' title='bbox 1176 5525 1400 5577; x_wconf 83' lang='grc' dir='ltr'>ἀνενδεᾶ</span> <span class='ocrx_word' id='word_1_695' title='bbox 1437 5523 1538 5592; x_wconf 79' lang='grc' dir='ltr'>μὲν</span> <span class='ocrx_word' id='word_1_696' title='bbox 1588 5521 1870 5588; x_wconf 86' lang='grc' dir='ltr'>σώματος,</span> 
     </span>
    </p>
   </div>
   <div class='ocr_carea' id='block_1_89' title="bbox 280 5609 1873 5688">
    <p class='ocr_par' dir='ltr' id='par_1_89' title="bbox 280 5609 1873 5688">
     <span class='ocr_line' id='line_1_89' title="bbox 280 5609 1873 5688; baseline -0.009 -12"><span class='ocrx_word' id='word_1_697' title='bbox 280 5623 612 5688; x_wconf 75' lang='grc' dir='ltr'>δυναμένην</span> <span class='ocrx_word' id='word_1_698' title='bbox 643 5620 701 5671; x_wconf 81' lang='grc' dir='ltr'><strong>δέ</strong></span> <span class='ocrx_word' id='word_1_699' title='bbox 729 5619 813 5686; x_wconf 72' lang='grc' dir='ltr'>ἐφ’</span> <span class='ocrx_word' id='word_1_700' title='bbox 844 5619 1044 5685; x_wconf 81' lang='grc' dir='ltr'>ἑαυτῆς</span> <span class='ocrx_word' id='word_1_701' title='bbox 1081 5621 1170 5668; x_wconf 70' lang='grc' dir='ltr'>καὶ</span> <span class='ocrx_word' id='word_1_702' title='bbox 1193 5611 1356 5678; x_wconf 81' lang='grc' dir='ltr'>εἰναι,</span> <span class='ocrx_word' id='word_1_703' title='bbox 1393 5613 1487 5666; x_wconf 75' lang='grc' dir='ltr'>καὶ</span> <span class='ocrx_word' id='word_1_704' title='bbox 1516 5616 1700 5682; x_wconf 78' lang='grc' dir='ltr'>μένειν</span> <span class='ocrx_word' id='word_1_705' title='bbox 1720 5625 1734 5640; x_wconf 91' lang='grc'>·</span> <span class='ocrx_word' id='word_1_706' title='bbox 1773 5609 1873 5663; x_wconf 66' lang='grc' dir='ltr'><strong>καὶ⁸</strong></span> 
     </span>
    </p>
   </div>
   <div class='ocr_carea' id='block_1_90' title="bbox 287 5701 1859 5782">
    <p class='ocr_par' dir='ltr' id='par_1_90' title="bbox 287 5701 1859 5782">
     <span class='ocr_line' id='line_1_90' title="bbox 287 5701 1859 5782; baseline -0.007 -17"><span class='ocrx_word' id='word_1_707' title='bbox 287 5713 538 5782; x_wconf 70' lang='grc' dir='ltr'>προσέτι</span> <span class='ocrx_word' id='word_1_708' title='bbox 571 5712 838 5782; x_wconf 81' lang='grc' dir='ltr'>πράττειν</span> <span class='ocrx_word' id='word_1_709' title='bbox 863 5712 930 5761; x_wconf 78' lang='grc' dir='ltr'>τὰ</span> <span class='ocrx_word' id='word_1_710' title='bbox 955 5708 1151 5775; x_wconf 81' lang='grc' dir='ltr'>ἑαυτῆς</span> <span class='ocrx_word' id='word_1_711' title='bbox 1175 5705 1426 5759; x_wconf 88' lang='grc' dir='ltr'>τοσοῦτον</span> <span class='ocrx_word' id='word_1_712' title='bbox 1454 5701 1778 5773; x_wconf 73' lang='grc' dir='ltr'>τελεώτερον</span> <span class='ocrx_word' id='word_1_713' title='bbox 1797 5717 1859 5754; x_wconf 85' lang='grc' dir='ltr'><strong>τε</strong></span> 
     </span>
    </p>
   </div>
   <div class='ocr_carea' id='block_1_91' title="bbox 370 5815 1320 5887">
    <p class='ocr_par' dir='ltr' id='par_1_91' title="bbox 370 5815 1320 5887">
     <span class='ocr_line' id='line_1_91' title="bbox 370 5815 1320 5887; baseline -0.011 -13"><span class='ocrx_word' id='word_1_714' title='bbox 370 5823 444 5887; x_wconf 81' lang='grc' dir='ltr'><strong>(ί)</strong></span> <span class='ocrx_word' id='word_1_715' title='bbox 479 5823 596 5877; x_wconf 83' lang='lat' dir='ltr'><strong>Cod.</strong></span> <span class='ocrx_word' id='word_1_716' title='bbox 619 5824 744 5883; x_wconf 81' lang='lat' dir='ltr'><strong>Reg.</strong></span> <span class='ocrx_word' id='word_1_717' title='bbox 768 5820 904 5880; x_wconf 67' lang='grc'><strong>1215,</strong></span> <span class='ocrx_word' id='word_1_718' title='bbox 935 5819 1156 5867; x_wconf 85' lang='grc' dir='ltr'>δείκνυσι.</span> <span class='ocrx_word' id='word_1_719' title='bbox 1184 5815 1320 5864; x_wconf 76' lang='lat' dir='ltr'><strong>Eutr.</strong></span> 
     </span>
    </p>
   </div>
   <div class='ocr_carea' id='block_1_92' title="bbox 593 5892 1253 5965">
    <p class='ocr_par' dir='ltr' id='par_1_92' title="bbox 593 5892 1253 5965">
     <span class='ocr_line' id='line_1_92' title="bbox 593 5892 1253 5965; baseline -0.02 0"><span class='ocrx_word' id='word_1_720' title='bbox 593 5908 864 5965; x_wconf 67' lang='grc' dir='ltr'>ΡΔτ-ιιοι..</span> <span class='ocrx_word' id='word_1_721' title='bbox 914 5905 1032 5964; x_wconf 65' lang='lat' dir='ltr'><strong>tiu.</strong></span> <span class='ocrx_word' id='word_1_722' title='bbox 1061 5892 1253 5958; x_wconf 79' lang='lat' dir='ltr'><strong>CLIV.</strong></span> 
     </span>
    </p>
   </div>
   <div class='ocr_carea' id='block_1_93' title="bbox 1955 3434 3530 3510">
    <p class='ocr_par' dir='ltr' id='par_1_93' title="bbox 1955 3434 3530 3510">
     <span class='ocr_line' id='line_1_93' title="bbox 1955 3434 3530 3510; baseline -0.005 -17"><span class='ocrx_word' id='word_1_723' title='bbox 1955 3440 2094 3510; x_wconf 84' lang='lat' dir='ltr'><strong>pori,</strong></span> <span class='ocrx_word' id='word_1_724' title='bbox 2136 3435 2592 3506; x_wconf 87' lang='lat' dir='ltr'><strong>quemadmodum</strong></span> <span class='ocrx_word' id='word_1_725' title='bbox 2643 3449 2769 3486; x_wconf 86' lang='lat' dir='ltr'><strong>vasa</strong></span> <span class='ocrx_word' id='word_1_726' title='bbox 2824 3449 3057 3502; x_wconf 83' lang='lat' dir='ltr'><strong>quorum</strong></span> <span class='ocrx_word' id='word_1_727' title='bbox 3121 3434 3224 3487; x_wconf 89' lang='lat' dir='ltr'><strong>alia</strong></span> <span class='ocrx_word' id='word_1_728' title='bbox 3257 3435 3408 3491; x_wconf 77' lang='lat' dir='ltr'><strong>aliis.</strong></span> <span class='ocrx_word' id='word_1_729' title='bbox 3445 3434 3530 3485; x_wconf 67' lang='lat' dir='ltr'><strong>in~</strong></span> 
     </span>
    </p>
   </div>
   <div class='ocr_carea' id='block_1_94' title="bbox 1954 3523 3530 3595">
    <p class='ocr_par' dir='ltr' id='par_1_94' title="bbox 1954 3523 3530 3595">
     <span class='ocr_line' id='line_1_94' title="bbox 1954 3523 3530 3595; baseline -0.005 -11"><span class='ocrx_word' id='word_1_730' title='bbox 1954 3531 2264 3585; x_wconf 86' lang='lat' dir='ltr'><strong>cluduntur.</strong></span> <span class='ocrx_word' id='word_1_731' title='bbox 2308 3527 2370 3579; x_wconf 82' lang='lat' dir='ltr'><strong>Et</strong></span> <span class='ocrx_word' id='word_1_732' title='bbox 2398 3527 2522 3595; x_wconf 86' lang='lat' dir='ltr'><strong>quia</strong></span> <span class='ocrx_word' id='word_1_733' title='bbox 2561 3540 2657 3594; x_wconf 90' lang='lat' dir='ltr'><strong>per</strong></span> <span class='ocrx_word' id='word_1_734' title='bbox 2683 3533 2852 3577; x_wconf 89' lang='lat' dir='ltr'><strong>totum</strong></span> <span class='ocrx_word' id='word_1_735' title='bbox 2884 3523 3184 3591; x_wconf 84' lang='lat' dir='ltr'><strong>pervadere</strong></span> <span class='ocrx_word' id='word_1_736' title='bbox 3240 3539 3348 3574; x_wconf 88' lang='lat' dir='ltr'><strong>non</strong></span> <span class='ocrx_word' id='word_1_737' title='bbox 3401 3539 3530 3590; x_wconf 54' lang='lat' dir='ltr'><strong>pose</strong></span> 
     </span>
    </p>
   </div>
   <div class='ocr_carea' id='block_1_95' title="bbox 1958 3614 3532 3685">
    <p class='ocr_par' dir='ltr' id='par_1_95' title="bbox 1958 3614 3532 3685">
     <span class='ocr_line' id='line_1_95' title="bbox 1958 3614 3532 3685; baseline -0.006 -9"><span class='ocrx_word' id='word_1_738' title='bbox 1958 3631 2062 3685; x_wconf 86' lang='lat' dir='ltr'><strong>set,</strong></span> <span class='ocrx_word' id='word_1_739' title='bbox 2093 3622 2291 3674; x_wconf 87' lang='lat' dir='ltr'><strong>multas</strong></span> <span class='ocrx_word' id='word_1_740' title='bbox 2318 3616 2563 3685; x_wconf 84' lang='lat' dir='ltr'><strong>corporis</strong></span> <span class='ocrx_word' id='word_1_741' title='bbox 2603 3625 2808 3684; x_wconf 87' lang='lat' dir='ltr'><strong>partes,</strong></span> <span class='ocrx_word' id='word_1_742' title='bbox 2870 3615 3170 3684; x_wconf 68' lang='lat' dir='ltr'><strong>priescrtim</strong></span> <span class='ocrx_word' id='word_1_743' title='bbox 3227 3614 3532 3667; x_wconf 78' lang='lat' dir='ltr'><strong>exteriores</strong></span> 
     </span>
    </p>
   </div>
   <div class='ocr_carea' id='block_1_96' title="bbox 1959 3705 3532 3774">
    <p class='ocr_par' dir='ltr' id='par_1_96' title="bbox 1959 3705 3532 3774">
     <span class='ocr_line' id='line_1_96' title="bbox 1959 3705 3532 3774; baseline -0.006 -7"><span class='ocrx_word' id='word_1_744' title='bbox 1959 3728 2169 3774; x_wconf 85' lang='lat' dir='ltr'><strong>omnes,</strong></span> <span class='ocrx_word' id='word_1_745' title='bbox 2197 3709 2507 3764; x_wconf 85' lang='lat' dir='ltr'><strong>necessario</strong></span> <span class='ocrx_word' id='word_1_746' title='bbox 2554 3709 2823 3761; x_wconf 89' lang='lat' dir='ltr'><strong>inanimas</strong></span> <span class='ocrx_word' id='word_1_747' title='bbox 2887 3707 3246 3773; x_wconf 77' lang='lat' dir='ltr'><strong>relinqueret.</strong></span> <span class='ocrx_word' id='word_1_748' title='bbox 3303 3705 3532 3759; x_wconf 81' lang='lat' dir='ltr'><strong>llaberet</strong></span> 
     </span>
    </p>
   </div>
   <div class='ocr_carea' id='block_1_97' title="bbox 1959 3793 3530 3869">
    <p class='ocr_par' dir='ltr' id='par_1_97' title="bbox 1959 3793 3530 3869">
     <span class='ocr_line' id='line_1_97' title="bbox 1959 3793 3530 3869; baseline -0.008 -12"><span class='ocrx_word' id='word_1_749' title='bbox 1959 3803 2120 3857; x_wconf 84' lang='lat' dir='ltr'><strong>etiam</strong></span> <span class='ocrx_word' id='word_1_750' title='bbox 2154 3798 2580 3869; x_wconf 79' lang='lat' dir='ltr'><strong>magnitudinem</strong></span> <span class='ocrx_word' id='word_1_751' title='bbox 2633 3812 2732 3866; x_wconf 90' lang='lat' dir='ltr'><strong>pro</strong></span> <span class='ocrx_word' id='word_1_752' title='bbox 2799 3810 3092 3863; x_wconf 88' lang='lat' dir='ltr'><strong>corporum</strong></span> <span class='ocrx_word' id='word_1_753' title='bbox 3139 3793 3530 3863; x_wconf 76' lang='lat' dir='ltr'><strong>magnitudine.</strong></span> 
     </span>
    </p>
   </div>
   <div class='ocr_carea' id='block_1_98' title="bbox 1965 3884 3532 3960">
    <p class='ocr_par' dir='ltr' id='par_1_98' title="bbox 1965 3884 3532 3960">
     <span class='ocr_line' id='line_1_98' title="bbox 1965 3884 3532 3960; baseline -0.008 -9"><span class='ocrx_word' id='word_1_754' title='bbox 1965 3896 2118 3952; x_wconf 76' lang='lat' dir='ltr'><strong>Unde</strong></span> <span class='ocrx_word' id='word_1_755' title='bbox 2158 3894 2265 3948; x_wconf 81' lang='lat' dir='ltr'><strong>dici</strong></span> <span class='ocrx_word' id='word_1_756' title='bbox 2297 3901 2481 3960; x_wconf 86' lang='lat' dir='ltr'><strong>posset</strong></span> <span class='ocrx_word' id='word_1_757' title='bbox 2514 3892 2658 3943; x_wconf 89' lang='lat' dir='ltr'><strong>inter</strong></span> <span class='ocrx_word' id='word_1_758' title='bbox 2701 3889 2840 3942; x_wconf 89' lang='lat' dir='ltr'><strong>duos</strong></span> <span class='ocrx_word' id='word_1_759' title='bbox 2877 3888 3092 3956; x_wconf 68' lang='lat' dir='ltr'><strong>Aiaces,</strong></span> <span class='ocrx_word' id='word_1_760' title='bbox 3145 3884 3532 3939; x_wconf 81' lang='lat' dir='ltr'><strong>Telamonium</strong></span> 
     </span>
    </p>
   </div>
   <div class='ocr_carea' id='block_1_99' title="bbox 1963 3976 3532 4057">
    <p class='ocr_par' dir='ltr' id='par_1_99' title="bbox 1963 3976 3532 4057">
     <span class='ocr_line' id='line_1_99' title="bbox 1963 3976 3532 4057; baseline -0.009 -15"><span class='ocrx_word' id='word_1_761' title='bbox 1963 3989 2246 4057; x_wconf 74' lang='lat' dir='ltr'><strong>majorem,</strong></span> <span class='ocrx_word' id='word_1_762' title='bbox 2292 3985 2617 4037; x_wconf 84' lang='lat' dir='ltr'><strong>Locrensem</strong></span> <span class='ocrx_word' id='word_1_763' title='bbox 2662 3997 2792 4034; x_wconf 80' lang='lat' dir='ltr'><strong>vero</strong></span> <span class='ocrx_word' id='word_1_764' title='bbox 2855 3982 3120 4032; x_wconf 87' lang='lat' dir='ltr'><strong>minorem</strong></span> <span class='ocrx_word' id='word_1_765' title='bbox 3152 3979 3390 4057; x_wconf 73' lang='lat' dir='ltr'><strong>animum</strong></span> <span class='ocrx_word' id='word_1_766' title='bbox 3424 3976 3532 4030; x_wconf 61' lang='lat' dir='ltr'><strong>ciro</strong></span> 
     </span>
    </p>
   </div>
   <div class='ocr_carea' id='block_1_100' title="bbox 1963 4065 3536 4142">
    <p class='ocr_par' dir='ltr' id='par_1_100' title="bbox 1963 4065 3536 4142">
     <span class='ocr_line' id='line_1_100' title="bbox 1963 4065 3536 4142; baseline -0.008 -11"><span class='ocrx_word' id='word_1_767' title='bbox 1963 4077 2252 4131; x_wconf 83' lang='lat' dir='ltr'><strong>cumferre.</strong></span> <span class='ocrx_word' id='word_1_768' title='bbox 2301 4076 2477 4141; x_wconf 85' lang='lat' dir='ltr'><strong>Atque</strong></span> <span class='ocrx_word' id='word_1_769' title='bbox 2508 4072 2668 4124; x_wconf 89' lang='lat' dir='ltr'><strong>etiam</strong></span> <span class='ocrx_word' id='word_1_770' title='bbox 2694 4086 2816 4124; x_wconf 89' lang='lat' dir='ltr'><strong>cum</strong></span> <span class='ocrx_word' id='word_1_771' title='bbox 2850 4083 3050 4136; x_wconf 90' lang='lat' dir='ltr'><strong>corpus</strong></span> <span class='ocrx_word' id='word_1_772' title='bbox 3104 4077 3404 4128; x_wconf 85' lang='lat' dir='ltr'><strong>secaretur,</strong></span> <span class='ocrx_word' id='word_1_773' title='bbox 3447 4065 3536 4142; x_wconf 85' lang='lat' dir='ltr'><strong>ille</strong></span> 
     </span>
    </p>
   </div>
   <div class='ocr_carea' id='block_1_101' title="bbox 1963 4155 3538 4231">
    <p class='ocr_par' dir='ltr' id='par_1_101' title="bbox 1963 4155 3538 4231">
     <span class='ocr_line' id='line_1_101' title="bbox 1963 4155 3538 4231; baseline -0.01 -10"><span class='ocrx_word' id='word_1_774' title='bbox 1963 4165 2126 4221; x_wconf 77' lang='lat' dir='ltr'><strong>etiam</strong></span> <span class='ocrx_word' id='word_1_775' title='bbox 2147 4163 2265 4231; x_wconf 76' lang='lat' dir='ltr'><strong>ejus</strong></span> <span class='ocrx_word' id='word_1_776' title='bbox 2285 4160 2612 4215; x_wconf 87' lang='lat' dir='ltr'><strong>calamitatis</strong></span> <span class='ocrx_word' id='word_1_777' title='bbox 2642 4167 2785 4212; x_wconf 87' lang='lat' dir='ltr'><strong>esset</strong></span> <span class='ocrx_word' id='word_1_778' title='bbox 2815 4157 3108 4226; x_wconf 87' lang='lat' dir='ltr'><strong>particeps.</strong></span> <span class='ocrx_word' id='word_1_779' title='bbox 3130 4155 3396 4210; x_wconf 59' lang='lat' dir='ltr'><strong>Praeterea</strong></span> <span class='ocrx_word' id='word_1_780' title='bbox 3423 4157 3538 4209; x_wconf 78' lang='lat' dir='ltr'><strong>sin-</strong></span> 
     </span>
    </p>
   </div>
   <div class='ocr_carea' id='block_1_102' title="bbox 1963 4247 3537 4328">
    <p class='ocr_par' dir='ltr' id='par_1_102' title="bbox 1963 4247 3537 4328">
     <span class='ocr_line' id='line_1_102' title="bbox 1963 4247 3537 4328; baseline -0.008 -17"><span class='ocrx_word' id='word_1_781' title='bbox 1963 4259 2102 4328; x_wconf 63' lang='lat' dir='ltr'><strong>gulm</strong></span> <span class='ocrx_word' id='word_1_782' title='bbox 2123 4255 2309 4325; x_wconf 80' lang='lat' dir='ltr'><strong>quaein</strong></span> <span class='ocrx_word' id='word_1_783' title='bbox 2331 4269 2397 4308; x_wconf 90' lang='lat' dir='ltr'><strong>eo</strong></span> <span class='ocrx_word' id='word_1_784' title='bbox 2421 4252 2772 4308; x_wconf 88' lang='lat' dir='ltr'><strong>continentur</strong></span> <span class='ocrx_word' id='word_1_785' title='bbox 2787 4251 3020 4320; x_wconf 88' lang='lat' dir='ltr'><strong>species,</strong></span> <span class='ocrx_word' id='word_1_786' title='bbox 3043 4248 3320 4302; x_wconf 84' lang='lat' dir='ltr'><strong>individua</strong></span> <span class='ocrx_word' id='word_1_787' title='bbox 3342 4247 3537 4299; x_wconf 69' lang='lat' dir='ltr'><strong>futurae</strong></span> 
     </span>
    </p>
   </div>
   <div class='ocr_carea' id='block_1_103' title="bbox 1964 4339 3535 4414">
    <p class='ocr_par' dir='ltr' id='par_1_103' title="bbox 1964 4339 3535 4414">
     <span class='ocr_line' id='line_1_103' title="bbox 1964 4339 3535 4414; baseline -0.008 -11"><span class='ocrx_word' id='word_1_788' title='bbox 1964 4356 2168 4409; x_wconf 84' lang='lat' dir='ltr'><strong>essent,</strong></span> <span class='ocrx_word' id='word_1_789' title='bbox 2205 4345 2332 4398; x_wconf 85' lang='lat' dir='ltr'><strong>talia</strong></span> <span class='ocrx_word' id='word_1_790' title='bbox 2367 4345 2512 4398; x_wconf 87' lang='lat' dir='ltr'><strong>enim</strong></span> <span class='ocrx_word' id='word_1_791' title='bbox 2565 4343 2618 4395; x_wconf 88' lang='lat' dir='ltr'><strong>in</strong></span> <span class='ocrx_word' id='word_1_792' title='bbox 2653 4342 2877 4394; x_wconf 88' lang='lat' dir='ltr'><strong>materia</strong></span> <span class='ocrx_word' id='word_1_793' title='bbox 2938 4339 3349 4414; x_wconf 35' lang='lat' dir='ltr'><strong>et‘corporihus</strong></span> <span class='ocrx_word' id='word_1_794' title='bbox 3386 4348 3535 4392; x_wconf 90' lang='lat' dir='ltr'><strong>sunt.</strong></span> 
     </span>
    </p>
   </div>
   <div class='ocr_carea' id='block_1_104' title="bbox 1967 4417 3537 4511">
    <p class='ocr_par' dir='ltr' id='par_1_104' title="bbox 1967 4417 3537 4511">
     <span class='ocr_line' id='line_1_104' title="bbox 1967 4417 3537 4511; baseline -0.01 -15"><span class='ocrx_word' id='word_1_795' title='bbox 1967 4444 2153 4511; x_wconf 83' lang='lat' dir='ltr'><strong>itaque</strong></span> <span class='ocrx_word' id='word_1_796' title='bbox 2223 4436 2361 4492; x_wconf 89' lang='lat' dir='ltr'><strong>nihil</strong></span> <span class='ocrx_word' id='word_1_797' title='bbox 2399 4433 2711 4490; x_wconf 84' lang='lat' dir='ltr'><strong>universale</strong></span> <span class='ocrx_word' id='word_1_798' title='bbox 2753 4433 2960 4486; x_wconf 88' lang='lat' dir='ltr'><strong>sciret:</strong></span> <span class='ocrx_word' id='word_1_799' title='bbox 3000 4431 3094 4484; x_wconf 88' lang='lat' dir='ltr'><strong>sed</strong></span> <span class='ocrx_word' id='word_1_800' title='bbox 3137 4445 3358 4483; x_wconf 85' lang='lat' dir='ltr'><strong>sensum</strong></span> <span class='ocrx_word' id='word_1_801' title='bbox 3397 4417 3537 4482; x_wconf 60' lang='lat' dir='ltr'><strong>dun.</strong></span> 
     </span>
    </p>
   </div>
   <div class='ocr_carea' id='block_1_105' title="bbox 1969 4522 3540 4592">
    <p class='ocr_par' dir='ltr' id='par_1_105' title="bbox 1969 4522 3540 4592">
     <span class='ocr_line' id='line_1_105' title="bbox 1969 4522 3540 4592; baseline -0.01 -4"><span class='ocrx_word' id='word_1_802' title='bbox 1969 4543 2116 4588; x_wconf 83' lang='lat' dir='ltr'><strong>taxat</strong></span> <span class='ocrx_word' id='word_1_803' title='bbox 2141 4532 2389 4592; x_wconf 87' lang='lat' dir='ltr'><strong>haberet,</strong></span> <span class='ocrx_word' id='word_1_804' title='bbox 2426 4527 2517 4582; x_wconf 86' lang='lat' dir='ltr'><strong>ubi</strong></span> <span class='ocrx_word' id='word_1_805' title='bbox 2566 4541 2712 4578; x_wconf 90' lang='lat' dir='ltr'><strong>nunc</strong></span> <span class='ocrx_word' id='word_1_806' title='bbox 2745 4525 3056 4577; x_wconf 87' lang='lat' dir='ltr'><strong>scientiam.</strong></span> <span class='ocrx_word' id='word_1_807' title='bbox 3117 4522 3206 4576; x_wconf 86' lang='lat' dir='ltr'><strong>Sic</strong></span> <span class='ocrx_word' id='word_1_808' title='bbox 3256 4539 3370 4591; x_wconf 62' lang='lat' dir='ltr'><strong>qum</strong></span> <span class='ocrx_word' id='word_1_809' title='bbox 3400 4523 3540 4575; x_wconf 81' lang='lat' dir='ltr'><strong>ratio</strong></span> 
     </span>
    </p>
   </div>
   <div class='ocr_carea' id='block_1_106' title="bbox 1968 4615 3540 4690">
    <p class='ocr_par' dir='ltr' id='par_1_106' title="bbox 1968 4615 3540 4690">
     <span class='ocr_line' id='line_1_106' title="bbox 1968 4615 3540 4690; baseline -0.011 -8"><span class='ocrx_word' id='word_1_810' title='bbox 1968 4628 2210 4683; x_wconf 91' lang='lat' dir='ltr'><strong>animum</strong></span> <span class='ocrx_word' id='word_1_811' title='bbox 2254 4636 2450 4690; x_wconf 87' lang='lat' dir='ltr'><strong>corpus</strong></span> <span class='ocrx_word' id='word_1_812' title='bbox 2475 4634 2594 4674; x_wconf 84' lang='lat' dir='ltr'><strong>esse</strong></span> <span class='ocrx_word' id='word_1_813' title='bbox 2617 4619 2828 4678; x_wconf 88' lang='lat' dir='ltr'><strong>statuit,</strong></span> <span class='ocrx_word' id='word_1_814' title='bbox 2889 4615 2942 4668; x_wconf 90' lang='lat' dir='ltr'><strong>in</strong></span> <span class='ocrx_word' id='word_1_815' title='bbox 3000 4615 3196 4668; x_wconf 87' lang='lat' dir='ltr'><strong>multas</strong></span> <span class='ocrx_word' id='word_1_816' title='bbox 3221 4615 3410 4668; x_wconf 90' lang='lat' dir='ltr'><strong>incidit</strong></span> <span class='ocrx_word' id='word_1_817' title='bbox 3443 4615 3540 4667; x_wconf 82' lang='lat' dir='ltr'><strong>ah-</strong></span> 
     </span>
    </p>
   </div>
   <div class='ocr_carea' id='block_1_107' title="bbox 1969 4697 3543 4766">
    <p class='ocr_par' dir='ltr' id='par_1_107' title="bbox 1969 4697 3543 4766">
     <span class='ocr_line' id='line_1_107' title="bbox 1969 4697 3543 4766; baseline -0.012 -4"><span class='ocrx_word' id='word_1_818' title='bbox 1969 4705 2282 4764; x_wconf 84' lang='lat' dir='ltr'><strong>surditatcs.</strong></span> <span class='ocrx_word' id='word_1_819' title='bbox 2307 4702 2598 4754; x_wconf 84' lang='lat' dir='ltr'><strong>Enimvero</strong></span> <span class='ocrx_word' id='word_1_820' title='bbox 2621 4698 2709 4766; x_wconf 89' lang='lat' dir='ltr'><strong>qui</strong></span> <span class='ocrx_word' id='word_1_821' title='bbox 2740 4697 2850 4750; x_wconf 83' lang='lat' dir='ltr'><strong>ﬁeri</strong></span> <span class='ocrx_word' id='word_1_822' title='bbox 2885 4706 3082 4766; x_wconf 83' lang='lat' dir='ltr'><strong>potest,</strong></span> <span class='ocrx_word' id='word_1_823' title='bbox 3108 4712 3228 4747; x_wconf 86' lang='lat' dir='ltr'><strong>cum</strong></span> <span class='ocrx_word' id='word_1_824' title='bbox 3259 4697 3331 4748; x_wconf 89' lang='lat' dir='ltr'><strong>sit</strong></span> <span class='ocrx_word' id='word_1_825' title='bbox 3366 4700 3543 4747; x_wconf 82' lang='lat' dir='ltr'><strong>incor-</strong></span> 
     </span>
    </p>
   </div>
   <div class='ocr_carea' id='block_1_108' title="bbox 1970 4783 3540 4870">
    <p class='ocr_par' dir='ltr' id='par_1_108' title="bbox 1970 4783 3540 4870">
     <span class='ocr_line' id='line_1_108' title="bbox 1970 4783 3540 4870; baseline -0.011 -18"><span class='ocrx_word' id='word_1_826' title='bbox 1970 4810 2190 4870; x_wconf 85' lang='lat' dir='ltr'><strong>poreus,</strong></span> <span class='ocrx_word' id='word_1_827' title='bbox 2231 4803 2284 4846; x_wconf 82' lang='lat' dir='ltr'><strong>et</strong></span> <span class='ocrx_word' id='word_1_828' title='bbox 2336 4789 2554 4859; x_wconf 79' lang='lat' dir='ltr'><strong>corpori</strong></span> <span class='ocrx_word' id='word_1_829' title='bbox 2598 4789 2846 4855; x_wconf 82' lang='lat' dir='ltr'><strong>imperet,</strong></span> <span class='ocrx_word' id='word_1_830' title='bbox 2892 4787 3053 4852; x_wconf 87' lang='lat' dir='ltr'><strong>idque</strong></span> <span class='ocrx_word' id='word_1_831' title='bbox 3123 4783 3387 4835; x_wconf 83' lang='lat' dir='ltr'><strong>arhitratu</strong></span> <span class='ocrx_word' id='word_1_832' title='bbox 3440 4783 3540 4834; x_wconf 71' lang='lat' dir='ltr'><strong>su’n</strong></span> 
     </span>
    </p>
   </div>
   <div class='ocr_carea' id='block_1_109' title="bbox 1969 4871 3536 4957">
    <p class='ocr_par' dir='ltr' id='par_1_109' title="bbox 1969 4871 3536 4957">
     <span class='ocr_line' id='line_1_109' title="bbox 1969 4871 3536 4957; baseline -0.011 -17"><span class='ocrx_word' id='word_1_833' title='bbox 1969 4885 2257 4957; x_wconf 78' lang='lat' dir='ltr'><strong>gubernet,</strong></span> <span class='ocrx_word' id='word_1_834' title='bbox 2289 4889 2346 4934; x_wconf 88' lang='lat' dir='ltr'><strong>ut</strong></span> <span class='ocrx_word' id='word_1_835' title='bbox 2379 4893 2502 4934; x_wconf 90' lang='lat' dir='ltr'><strong>eum</strong></span> <span class='ocrx_word' id='word_1_836' title='bbox 2539 4876 2735 4943; x_wconf 76' lang='lat' dir='ltr'><strong>aliquis</strong></span> <span class='ocrx_word' id='word_1_837' title='bbox 2781 4883 2835 4926; x_wconf 84' lang='lat' dir='ltr'><strong>et</strong></span> <span class='ocrx_word' id='word_1_838' title='bbox 2891 4882 3064 4925; x_wconf 84' lang='lat' dir='ltr'><strong>morte</strong></span> <span class='ocrx_word' id='word_1_839' title='bbox 3108 4871 3536 4939; x_wconf 63' lang='lat' dir='ltr'><strong>pra&#39;stantiorcm</strong></span> 
     </span>
    </p>
   </div>
   <div class='ocr_carea' id='block_1_110' title="bbox 1967 4959 3540 5035">
    <p class='ocr_par' dir='ltr' id='par_1_110' title="bbox 1967 4959 3540 5035">
     <span class='ocr_line' id='line_1_110' title="bbox 1967 4959 3540 5035; baseline -0.011 -7"><span class='ocrx_word' id='word_1_840' title='bbox 1967 4987 2112 5035; x_wconf 83' lang='lat' dir='ltr'><strong>esse,</strong></span> <span class='ocrx_word' id='word_1_841' title='bbox 2160 4980 2337 5023; x_wconf 89' lang='lat' dir='ltr'><strong>etnon</strong></span> <span class='ocrx_word' id='word_1_842' title='bbox 2369 4967 2596 5020; x_wconf 85' lang='lat' dir='ltr'><strong>interire</strong></span> <span class='ocrx_word' id='word_1_843' title='bbox 2630 4961 2830 5032; x_wconf 80' lang='lat' dir='ltr'><strong>neget?</strong></span> <span class='ocrx_word' id='word_1_844' title='bbox 2881 4959 3014 5012; x_wconf 83' lang='lat' dir='ltr'><strong>Nam</strong></span> <span class='ocrx_word' id='word_1_845' title='bbox 3041 4960 3205 5011; x_wconf 89' lang='lat' dir='ltr'><strong>animi</strong></span> <span class='ocrx_word' id='word_1_846' title='bbox 3238 4959 3292 5011; x_wconf 93' lang='lat' dir='ltr'><strong>in</strong></span> <span class='ocrx_word' id='word_1_847' title='bbox 3343 4972 3540 5026; x_wconf 78' lang='lat' dir='ltr'><strong>corpus</strong></span> 
     </span>
    </p>
   </div>
   <div class='ocr_carea' id='block_1_111' title="bbox 1968 5048 3540 5130">
    <p class='ocr_par' dir='ltr' id='par_1_111' title="bbox 1968 5048 3540 5130">
     <span class='ocr_line' id='line_1_111' title="bbox 1968 5048 3540 5130; baseline -0.011 -15"><span class='ocrx_word' id='word_1_848' title='bbox 1968 5061 2276 5130; x_wconf 87' lang='lat' dir='ltr'><strong>imperium,</strong></span> <span class='ocrx_word' id='word_1_849' title='bbox 2308 5065 2472 5123; x_wconf 79' lang='lat' dir='ltr'><strong>atque</strong></span> <span class='ocrx_word' id='word_1_850' title='bbox 2499 5051 2626 5105; x_wconf 88' lang='lat' dir='ltr'><strong>illud</strong></span> <span class='ocrx_word' id='word_1_851' title='bbox 2659 5051 2843 5113; x_wconf 86' lang='lat' dir='ltr'><strong>etiam,</strong></span> <span class='ocrx_word' id='word_1_852' title='bbox 2895 5049 3040 5116; x_wconf 88' lang='lat' dir='ltr'><strong>quod</strong></span> <span class='ocrx_word' id='word_1_853' title='bbox 3094 5062 3293 5114; x_wconf 85' lang='lat' dir='ltr'><strong>corpus</strong></span> <span class='ocrx_word' id='word_1_854' title='bbox 3325 5048 3540 5116; x_wconf 76' lang='lat' dir='ltr'><strong>ingres-</strong></span> 
     </span>
    </p>
   </div>
   <div class='ocr_carea' id='block_1_112' title="bbox 1966 5138 3538 5212">
    <p class='ocr_par' dir='ltr' id='par_1_112' title="bbox 1966 5138 3538 5212">
     <span class='ocr_line' id='line_1_112' title="bbox 1966 5138 3538 5212; baseline -0.01 -8"><span class='ocrx_word' id='word_1_855' title='bbox 1966 5166 2079 5212; x_wconf 86' lang='lat' dir='ltr'><strong>sus,</strong></span> <span class='ocrx_word' id='word_1_856' title='bbox 2113 5163 2218 5200; x_wconf 91' lang='lat' dir='ltr'><strong>non</strong></span> <span class='ocrx_word' id='word_1_857' title='bbox 2251 5145 2475 5199; x_wconf 88' lang='lat' dir='ltr'><strong>omnino</strong></span> <span class='ocrx_word' id='word_1_858' title='bbox 2513 5141 2874 5210; x_wconf 79' lang='lat' dir='ltr'><strong>immergitur.</strong></span> <span class='ocrx_word' id='word_1_859' title='bbox 2903 5139 2999 5192; x_wconf 89' lang='lat' dir='ltr'><strong>sed</strong></span> <span class='ocrx_word' id='word_1_860' title='bbox 3033 5138 3262 5199; x_wconf 81' lang='lat' dir='ltr'><strong>eminet,</strong></span> <span class='ocrx_word' id='word_1_861' title='bbox 3311 5148 3366 5190; x_wconf 90' lang='lat' dir='ltr'><strong>ct</strong></span> <span class='ocrx_word' id='word_1_862' title='bbox 3397 5141 3538 5205; x_wconf 82' lang='lat' dir='ltr'><strong>quod</strong></span> 
     </span>
    </p>
   </div>
   <div class='ocr_carea' id='block_1_113' title="bbox 1965 5227 3540 5307">
    <p class='ocr_par' dir='ltr' id='par_1_113' title="bbox 1965 5227 3540 5307">
     <span class='ocr_line' id='line_1_113' title="bbox 1965 5227 3540 5307; baseline -0.011 -11"><span class='ocrx_word' id='word_1_863' title='bbox 1965 5254 2164 5307; x_wconf 82' lang='lat' dir='ltr'><strong>corpus</strong></span> <span class='ocrx_word' id='word_1_864' title='bbox 2197 5239 2263 5290; x_wconf 84' lang='lat' dir='ltr'><strong>ab</strong></span> <span class='ocrx_word' id='word_1_865' title='bbox 2301 5250 2367 5288; x_wconf 86' lang='lat' dir='ltr'><strong>eo</strong></span> <span class='ocrx_word' id='word_1_866' title='bbox 2392 5241 2702 5302; x_wconf 84' lang='lat' dir='ltr'><strong>separatum</strong></span> <span class='ocrx_word' id='word_1_867' title='bbox 2753 5230 2889 5284; x_wconf 87' lang='lat' dir='ltr'><strong>nihil</strong></span> <span class='ocrx_word' id='word_1_868' title='bbox 2948 5230 3128 5283; x_wconf 75' lang='lat' dir='ltr'><strong>facere</strong></span> <span class='ocrx_word' id='word_1_869' title='bbox 3177 5236 3375 5298; x_wconf 69' lang='lat' dir='ltr'><strong>potest,</strong></span> <span class='ocrx_word' id='word_1_870' title='bbox 3422 5227 3540 5294; x_wconf 85' lang='lat' dir='ltr'><strong>ipse</strong></span> 
     </span>
    </p>
   </div>
   <div class='ocr_carea' id='block_1_114' title="bbox 1967 5319 3542 5392">
    <p class='ocr_par' dir='ltr' id='par_1_114' title="bbox 1967 5319 3542 5392">
     <span class='ocr_line' id='line_1_114' title="bbox 1967 5319 3542 5392; baseline -0.011 -8"><span class='ocrx_word' id='word_1_871' title='bbox 1967 5347 2096 5384; x_wconf 85' lang='lat' dir='ltr'><strong>vero</strong></span> <span class='ocrx_word' id='word_1_872' title='bbox 2129 5328 2352 5382; x_wconf 89' lang='lat' dir='ltr'><strong>omnino</strong></span> <span class='ocrx_word' id='word_1_873' title='bbox 2382 5339 2410 5376; x_wconf 89' lang='lat' dir='ltr'><strong>a</strong></span> <span class='ocrx_word' id='word_1_874' title='bbox 2439 5337 2694 5392; x_wconf 87' lang='lat' dir='ltr'><strong>corpore,</strong></span> <span class='ocrx_word' id='word_1_875' title='bbox 2751 5331 2807 5375; x_wconf 89' lang='lat' dir='ltr'><strong>et</strong></span> <span class='ocrx_word' id='word_1_876' title='bbox 2843 5321 3004 5390; x_wconf 77' lang='lat' dir='ltr'><strong>nugis</strong></span> <span class='ocrx_word' id='word_1_877' title='bbox 3041 5334 3160 5388; x_wconf 70' lang='lat' dir='ltr'><strong>qua:</strong></span> <span class='ocrx_word' id='word_1_878' title='bbox 3205 5319 3333 5372; x_wconf 87' lang='lat' dir='ltr'><strong>inde</strong></span> <span class='ocrx_word' id='word_1_879' title='bbox 3356 5319 3542 5370; x_wconf 83' lang='lat' dir='ltr'><strong>oriun-</strong></span> 
     </span>
    </p>
   </div>
   <div class='ocr_carea' id='block_1_115' title="bbox 1970 5412 3538 5489">
    <p class='ocr_par' dir='ltr' id='par_1_115' title="bbox 1970 5412 3538 5489">
     <span class='ocr_line' id='line_1_115' title="bbox 1970 5412 3538 5489; baseline -0.01 -14"><span class='ocrx_word' id='word_1_880' title='bbox 1970 5435 2078 5483; x_wconf 87' lang='lat' dir='ltr'><strong>tur,</strong></span> <span class='ocrx_word' id='word_1_881' title='bbox 2104 5427 2403 5489; x_wconf 72' lang='lat' dir='ltr'><strong>separatus,</strong></span> <span class='ocrx_word' id='word_1_882' title='bbox 2441 5415 2494 5468; x_wconf 92' lang='lat' dir='ltr'><strong>in</strong></span> <span class='ocrx_word' id='word_1_883' title='bbox 2521 5413 2784 5468; x_wconf 78' lang='lat' dir='ltr'><strong>maximas</strong></span> <span class='ocrx_word' id='word_1_884' title='bbox 2829 5424 2886 5466; x_wconf 87' lang='lat' dir='ltr'><strong>et.</strong></span> <span class='ocrx_word' id='word_1_885' title='bbox 2917 5412 3266 5481; x_wconf 83' lang='lat' dir='ltr'><strong>gravissimas</strong></span> <span class='ocrx_word' id='word_1_886' title='bbox 3296 5418 3538 5462; x_wconf 80' lang='lat' dir='ltr'><strong>contem-</strong></span> 
     </span>
    </p>
   </div>
   <div class='ocr_carea' id='block_1_116' title="bbox 1966 5502 3539 5585">
    <p class='ocr_par' dir='ltr' id='par_1_116' title="bbox 1966 5502 3539 5585">
     <span class='ocr_line' id='line_1_116' title="bbox 1966 5502 3539 5585; baseline -0.012 -17"><span class='ocrx_word' id='word_1_887' title='bbox 1966 5512 2254 5585; x_wconf 88' lang='lat' dir='ltr'><strong>plationes,</strong></span> <span class='ocrx_word' id='word_1_888' title='bbox 2291 5518 2346 5562; x_wconf 91' lang='lat' dir='ltr'><strong>et</strong></span> <span class='ocrx_word' id='word_1_889' title='bbox 2369 5506 2472 5561; x_wconf 86' lang='lat' dir='ltr'><strong>sibi</strong></span> <span class='ocrx_word' id='word_1_890' title='bbox 2513 5513 2773 5573; x_wconf 79' lang='lat' dir='ltr'><strong>cognatas</strong></span> <span class='ocrx_word' id='word_1_891' title='bbox 2808 5504 3020 5560; x_wconf 87' lang='lat' dir='ltr'><strong>recedit</strong></span> <span class='ocrx_word' id='word_1_892' title='bbox 3065 5521 3078 5556; x_wconf 88' lang='lat'><strong>:</strong></span> <span class='ocrx_word' id='word_1_893' title='bbox 3112 5502 3340 5555; x_wconf 84' lang='lat' dir='ltr'><strong>evidens</strong></span> <span class='ocrx_word' id='word_1_894' title='bbox 3374 5515 3539 5568; x_wconf 77' lang='lat' dir='ltr'><strong>argu-</strong></span> 
     </span>
    </p>
   </div>
   <div class='ocr_carea' id='block_1_117' title="bbox 1970 5592 3543 5661">
    <p class='ocr_par' dir='ltr' id='par_1_117' title="bbox 1970 5592 3543 5661">
     <span class='ocr_line' id='line_1_117' title="bbox 1970 5592 3543 5661; baseline -0.011 -3"><span class='ocrx_word' id='word_1_895' title='bbox 1970 5613 2209 5658; x_wconf 86' lang='lat' dir='ltr'><strong>mentum</strong></span> <span class='ocrx_word' id='word_1_896' title='bbox 2255 5609 2359 5658; x_wconf 84' lang='lat' dir='ltr'><strong>cst,</strong></span> <span class='ocrx_word' id='word_1_897' title='bbox 2429 5594 2590 5648; x_wconf 91' lang='lat' dir='ltr'><strong>animi</strong></span> <span class='ocrx_word' id='word_1_898' title='bbox 2673 5592 2964 5661; x_wconf 85' lang='lat' dir='ltr'><strong>quamdam</strong></span> <span class='ocrx_word' id='word_1_899' title='bbox 3022 5601 3271 5644; x_wconf 82' lang='lat' dir='ltr'><strong>naturam</strong></span> <span class='ocrx_word' id='word_1_900' title='bbox 3327 5602 3423 5658; x_wconf 90' lang='lat' dir='ltr'><strong>per</strong></span> <span class='ocrx_word' id='word_1_901' title='bbox 3479 5600 3543 5642; x_wconf 77' lang='lat' dir='ltr'><strong>se</strong></span> 
     </span>
    </p>
   </div>
   <div class='ocr_carea' id='block_1_118' title="bbox 1968 5680 3539 5752">
    <p class='ocr_par' dir='ltr' id='par_1_118' title="bbox 1968 5680 3539 5752">
     <span class='ocr_line' id='line_1_118' title="bbox 1968 5680 3539 5752; baseline -0.008 -5"><span class='ocrx_word' id='word_1_902' title='bbox 1968 5692 2356 5748; x_wconf 83' lang='lat' dir='ltr'><strong>consistentem</strong></span> <span class='ocrx_word' id='word_1_903' title='bbox 2388 5698 2531 5749; x_wconf 77' lang='lat' dir='ltr'><strong>esse,</strong></span> <span class='ocrx_word' id='word_1_904' title='bbox 2565 5697 2686 5752; x_wconf 74' lang='lat' dir='ltr'><strong>qua:</strong></span> <span class='ocrx_word' id='word_1_905' title='bbox 2713 5680 2961 5750; x_wconf 88' lang='lat' dir='ltr'><strong>corporis</strong></span> <span class='ocrx_word' id='word_1_906' title='bbox 2992 5680 3298 5735; x_wconf 84' lang='lat' dir='ltr'><strong>ministerio</strong></span> <span class='ocrx_word' id='word_1_907' title='bbox 3343 5694 3539 5751; x_wconf 73' lang='lat' dir='ltr'><strong>carere</strong></span> 
     </span>
    </p>
   </div>
   <div class='ocr_carea' id='block_1_119' title="bbox 3143 5875 3220 5937">
    <p class='ocr_par' dir='ltr' id='par_1_119' title="bbox 3143 5875 3220 5937">
     <span class='ocr_line' id='line_1_119' title="bbox 3143 5875 3220 5937; baseline 0.052 -4"><span class='ocrx_word' id='word_1_908' title='bbox 3143 5875 3220 5937; x_wconf 80' lang='lat'><strong>38</strong></span> 
     </span>
    </p>
   </div>
  </div>
