3904 6216
313 371 449 440 119⁸1
1400 369 1497 436 DE
1537 364 1995 436 CONTEMNEN
2007 374 2105 435 DA
2146 364 2434 433 MORTE.
3429 367 3565 434 1193

310 491 600 560 λουθῆσαι.
637 488 797 542 Ἀλλὰ
831 488 937 559 μὴν
963 487 1024 541 τὸ
1056 488 1234 553 καλῶς
1268 491 1471 544 συστὰν
1505 490 1656 542 λύειν
1678 491 1852 543 ἐθέλει

2025 488 2249 544 redibilc
2305 489 2398 552 sit,
2479 488 2795 542 ostendunt.
2830 487 2984 553 Quod
3018 487 3063 541 si
3120 485 3402 556 probabile
3457 499 3562 548 est,

308 585 373 639 ού
406 581 597 645 καλοῦ,
629 581 795 649 σοφός
824 597 905 643 τις
936 580 1063 650 ἔφη,
1110 582 1240 650 περὶ
1269 580 1362 634 τοῦ
1398 581 1607 652 κόσμου
1635 581 1850 649 διαλεγό

2013 581 2206 633 uitium
2242 578 2573 650 respondere
2607 579 2720 641 lini,
2764 593 3110 647 consequens
3135 577 3299 631 etiam
3340 586 3442 644 est,
3505 580 3555 631 id

315 691 500 746 μενος.
529 673 711 742 Χωρῖς
745 672 802 725 δὲ
830 671 1036 725 τούτων
1064 673 1157 726 καὶ
1185 673 1285 742 τὴν
1316 672 1477 741 φύσει
1506 675 1602 726 καὶ
1641 675 1857 727 κοινοτά

2018 672 2134 739 ;uod
2166 673 2334 725 solius
2378 671 2470 723 Dei
2531 670 2808 747 voluntate
2846 670 3052 738 absque
3088 669 3317 726 materia
3380 680 3560 724 ortum

310 778 413 835 την
443 762 740 832 ἐπιθυμίαν
765 762 869 814 οὐκ
911 762 1090 815 ἔνεστι
1122 762 1300 832 μάτην
1325 758 1490 819 εἶναι.
1523 765 1630 816 Καὶ
1675 765 1850 833 τεκμὴ

2022 772 2091 824 st,
2123 761 2293 815 solius
2321 762 2485 814 etiam
2528 759 2621 813 Dei
2658 760 2934 813 voluntato
2974 759 3348 813 interiturum.
3398 760 3562 829 Atqui

314 871 454 925 ριον,
481 855 564 907 ὅτι
598 852 710 905 τῶν
738 851 1014 905 ἀδυνάτων
1036 851 1214 915 οὐδεὶς
1247 853 1460 905 πώποτ’
1505 853 1743 923 ἠράσθη.
1789 854 1853 905 Τί

2020 852 2205 906 ivelle
2237 851 2468 914 solvere,
2493 851 2636 919 quod
2675 852 2812 904 bene
2866 852 3228 919 compositum
3283 860 3389 914 est,
3452 868 3562 904 non

311 948 425 1017 γὰρ
456 944 676 998 πώποτε
725 943 940 1013 φρονῶν
982 943 1198 1013 πτερῶν
1230 932 1607 1014 ἐπεθύμησεν,
1656 943 1688 1014 ἢ
1746 943 1848 996 ὑπὲ

2028 958 2107 996 sse
2156 942 2309 1007 boni,
2350 941 2569 1009 quidam
2611 942 2845 1009 sapiens,
2880 956 3001 996 cum
3054 943 3120 996 de
3154 943 3359 995 mundo
3391 943 3570 997 diSsc-

311 1042 410 1099 τὰς
466 1034 696 1102 νεφέλας
751 1034 1007 1104 ἀρθῆναι,
1042 1034 1075 1103 ἢ
1125 1034 1213 1086 διὰ
1248 1034 1534 1101 κυμάτων,
1563 1034 1639 1096 ὡς
1669 1034 1736 1086 δι’
1764 1033 1853 1087 ὲδά

2025 1042 2152 1094 eret,
2196 1033 2350 1087 dixit.
2389 1034 2655 1087 Praeterea
2687 1033 2800 1085 ﬁeri
2845 1049 2951 1086 non
2986 1043 3185 1102 potest,
3215 1045 3272 1088 ut
3308 1035 3567 1089 naturalis

312 1145 472 1197 φους,
506 1128 866 1197 περιπατεῖν;
917 1124 953 1179 ἃ
1002 1125 1105 1177 κᾶν
1136 1142 1219 1188 τις
1255 1124 1388 1196 ὄναρ
1450 1124 1573 1177 ίδὼν
1603 1124 1854 1193 διηγῆται

2025 1124 2514 1178 tcommunissima
2541 1124 2804 1194 appetitio
2830 1124 3029 1179 frustra
3068 1127 3138 1179 sit
3170 1125 3367 1180 indita.
3407 1125 3567 1197 Ejus-

314 1217 590 1286 γελῶμεν.
630 1216 791 1268 Ἀλλὰ
821 1216 929 1267 τῶν
960 1216 1205 1268 δυνατῶν
1243 1217 1405 1283 μόνον
1442 1215 1683 1284 δρεξινή
1722 1214 1852 1285 φύσι

2028 1229 2093 1267 ue
2128 1214 2202 1268 rei
2235 1224 2616 1279 argumentum
2637 1225 2740 1281 est,
2768 1216 2894 1285 quia
2956 1230 3119 1269 nemo
3186 1233 3424 1286 unquam
3481 1234 3566 1281 ea,

312 1309 601 1376 ἐνέθηκεν.
658 1304 967 1375 Τοιγαροῦν
1024 1296 1085 1357 οὗ
1137 1304 1297 1373 φύσει
1361 1305 1563 1367 πάντες
1616 1303 1854 1372 ἐφίενται

2029 1318 2107 1358 ua:
2140 1304 2253 1359 ﬁeri
2295 1320 2401 1358 non
2450 1314 2701 1375 possunt,
2742 1306 3033 1376 appetit-it.
3083 1306 3215 1370 Quis
3260 1309 3405 1361 enim
3469 1325 3571 1361 un—

311 1397 474 1451 τοῦτο
506 1401 599 1451 καὶ
622 1397 775 1467 παρὰ
800 1397 898 1465 τῆς
943 1398 1161 1465 φύσεως
1192 1397 1287 1450 καὶ
1349 1398 1526 1465 μάτην
1564 1391 1710 1448 εἶναι
1755 1392 1853 1449 ἁδύ

2030 1411 2147 1460 nam
2210 1395 2408 1449 mentis
2461 1391 2709 1465 compo's,
2753 1396 2980 1464 cupidus
3028 1396 3129 1449 luit
3182 1397 3429 1451 alarum?
3479 1409 3572 1452 aut

314 1506 500 1543 νατον.
542 1487 702 1541 ’Λλλὰ
738 1487 847 1558 μὴν
869 1489 927 1539 ὲν
958 1490 1023 1555 τῇ
1059 1487 1151 1539 τοῦ
1185 1489 1274 1541 ἀεὶ
1296 1484 1435 1540 εἶναι
1461 1489 1726 1560 ἐπιθυμίᾳ
1750 1489 1856 1542 πάν

2031 1502 2149 1554 .tpra
2180 1489 2353 1541 nubes
2384 1503 2443 1541 se
2473 1486 2632 1541 tolli?
2660 1498 2754 1542 aut
2800 1504 2897 1557 per
2930 1487 3124 1542 ﬂuctus
3171 1498 3425 1558 tanquam
3475 1506 3573 1559 per

312 1590 404 1639 τες
428 1564 841 1643 συμὸαίνουσιν.
861 1571 1071 1626 Οὐκοῦν
1091 1575 1305 1644 ἀνάγκη
1332 1574 1492 1627 τοῦτο
1521 1576 1617 1628 καὶ
1639 1576 1854 1629 ἔσεσθαι

2025 1578 2157 1632 slum
2189 1578 2507 1632 ambulare?
2530 1596 2650 1649 quae
2686 1579 2729 1633 si
2761 1580 2884 1649 quis
2918 1580 3001 1634 vel
3037 1581 3093 1635 in
3120 1598 3315 1636 somno
3358 1594 3567 1637 tantum

316 1668 408 1718 καὶ
434 1666 533 1735 τὴν
561 1666 641 1735 τῷ
680 1666 766 1718 ἀεὶ
826 1667 1198 1734 συνεχομένην
1254 1665 1430 1735 ψυχὴν
1474 1666 1740 1719 ἀδύνατον
1784 1667 1851 1737 τῆ

2028 1670 2102 1721 isa
2130 1671 2387 1733 narrarit,
2419 1671 2687 1725 ridemus.
2743 1671 2877 1725 Nam
2941 1688 3133 1727 eorum
3184 1683 3397 1728 tantum
3450 1691 3568 1743 qua:

314 1752 482 1823 εὐχῆς
531 1754 823 1823 ἁμαρτεῖν.

2031 1760 2302 1831 antingere
2335 1771 2583 1831 possunt,
2624 1774 2818 1817 natura
2880 1767 3181 1834 appetitum
3218 1767 3435 1821 indidit.
3464 1767 3573 1821 lla-

313 1862 420 1916 que
450 1847 594 1916 quod
623 1847 761 1901 duce
786 1861 975 1901 omnes
1006 1858 1201 1902 natura
1243 1858 1528 1919 appetunt,
1579 1849 1632 1903 id
1702 1857 1763 1903 ut
1830 1861 2017 1906 contra
2078 1863 2328 1906 naturam
2367 1862 2422 1907 et
2462 1855 2660 1909 frustra
2694 1856 2786 1917 sit,
2817 1855 2933 1909 fieri
2978 1873 3083 1909 non
3131 1868 3335 1927 potest.
3372 1857 3571 1912 Verum

312 1940 369 1995 in
415 1939 792 2009 perpetuitatis
848 1940 1173 2017 cupiditates
1262 1957 1457 1996 omnes
1512 1942 1889 1997 consentiunt.
1966 1944 2203 2000 Necesse
2255 1948 2420 2017 igitur
2461 1957 2568 2013 cst,
2616 1959 2728 2002 tum
2798 1950 2896 2003 hoc
2957 1949 3202 2004 futurum
3256 1966 3399 2014 esse,
3455 1962 3569 2005 tum

314 2035 432 2091 ﬁeri
463 2051 568 2091 non
610 2050 790 2107 posse,
820 2046 880 2091 ut
910 2036 1127 2091 animus
1156 2053 1277 2092 cum
1328 2039 1634 2107 aeternitate
1658 2039 2007 2110 coniunctus,
2041 2051 2169 2095 voto
2198 2040 2514 2097 frustretur.

899 2133 1149 2187 ΚΕΦΑΔ.
1191 2133 1308 2201 1G”.
1923 2139 1972 2199 B

1923 2139 1972 2199 B
2599 2137 2829 2193 CAPUT
2891 2138 3030 2194 XVI.

385 2224 501 2277 Οὐκ
534 2223 643 2296 ἄρα
691 2222 820 2278 νοῦν
854 2226 1087 2296 ἐχόντων
1122 2227 1184 2280 τὸ
1234 2229 1367 2298 περὶ
1413 2232 1482 2301 τῇ
1540 2229 1687 2301 ψυχῇ
1720 2228 1882 2283 τινῶν

2060 2226 2404 2299 QuaprOpter
2431 2244 2541 2284 non
2584 2231 2937 2284 cordatorum
2974 2229 3255 2284 hominum
3282 2242 3387 2295 cst,
3437 2246 3570 2301 quo-

313 2315 457 2379 δέος,
495 2318 568 2386 μὴ
607 2320 745 2385 μετά
769 2316 863 2369 τοῦ
890 2318 1145 2385 σώματος
1179 2319 1541 2391 ἁπολλύηται,
1583 2324 1674 2375 καὶ
1697 2322 1855 2374 οὐκέτ

2027 2322 2238 2373 umdam
2269 2321 2337 2375 de
2363 2322 2547 2375 animo
2598 2337 2791 2392 angor,
2844 2338 2914 2376 ne
2968 2322 3106 2375 forte
3172 2336 3296 2377 cum
3338 2338 3569 2393 corpore

314 2410 554 2481 οὐδαμοῦ
709 2410 787 2465 Ού
840 2413 949 2481 γὰρ
1002 2412 1162 2480 μόνον
1211 2413 1445 2477 σώζεται
1494 2415 1855 2485 φθειρομένου

2030 2411 2401 2480 xstinguatur,
2428 2421 2484 2467 ct
2522 2428 2746 2481 usquam
2780 2428 2900 2467 esse
2950 2413 3185 2468 desinat.
3249 2414 3366 2469 Non
3426 2414 3572 2470 enim

315 2502 451 2556 ἀλλὰ
486 2502 554 2555 τὰ
579 2503 780 2571 ἑαυτῆς
812 2503 1075 2573 πράττειν
1118 2504 1384 2575 καθαρῶς
1427 2506 1526 2576 οὐχ
1570 2508 1657 2561 οἶα
1696 2525 1783 2574 τε,
1818 2509 1857 2560 διε

2030 2502 2280 2557 tcolumis
2313 2513 2545 2567 tantum,
2585 2503 2678 2558 illo
2730 2513 3019 2573 pereunte,
3084 2512 3288 2569 manet,
3330 2505 3424 2576 sed
3471 2521 3572 2559 suo

321 2594 397 2663 μὴ
431 2594 540 2648 τῶν
567 2596 720 2665 παρὰ
758 2595 853 2649 τοῦ
894 2595 1151 2665 σώματος
1194 2597 1539 2668 κωλυμάτων
1567 2601 1858 2672 ἀπαλλαγῇ

2030 2608 2218 2648 tunere
2244 2602 2392 2649 recte
2416 2592 2563 2663 fungi
2592 2610 2701 2648 non
2746 2604 2946 2664 potest,
2983 2594 3088 2649 nisi
3134 2595 3418 2663 corporeis
3465 2596 3572 2649 im-

319 2682 393 2735 Τὸ
422 2684 530 2750 γὰρ
555 2684 796 2751 φρονεῖν,
821 2683 916 2737 καὶ
945 2686 1110 2747 νοεῖν,
1133 2684 1228 2738 καὶ
1266 2688 1379 2748 τοῖς
1408 2686 1575 2751 θείοις
1610 2688 1705 2741 καὶ
1736 2690 1861 2742 dato

2033 2683 2320 2739 edimentis
2345 2685 2624 2739 liberetur.
2662 2683 2794 2739 Nam
2824 2701 3035 2755 sapere,
3060 2695 3113 2740 et
3140 2686 3464 2756 intelligere,
3521 2698 3575 2739 et

321 2772 514 2841 μάτοις
553 2772 945 2839 συνάπτεσθαι,
976 2774 1005 2827 δ
1051 2775 1115 2844 δὴ
1148 2775 1292 2829 κατὰ
1326 2780 1493 2846 φύσιν
1536 2778 1684 2850 πάσῃ
1710 2779 1859 2850 ψυχῇ

2027 2789 2114 2827 um
2144 2775 2343 2829 divinis
2372 2774 2820 2845 incorporeisque
2849 2776 3109 2845 conjungi
3133 2776 3213 2843 (id
3242 2779 3385 2845 quod
3443 2792 3569 2830 cum

320 2866 416 2916 mi.
445 2863 583 2933 πρὸς
616 2864 644 2917 ὃ
677 2864 860 2929 πάνθ’,
887 2864 924 2918 ἃ
968 2865 1204 2936 λέγομεν
1238 2869 1332 2921 καὶ
1358 2868 1747 2939 διανοούμεθα,
1772 2874 1862 2925 τεί-

2032 2865 2231 2932 ujusvis
2255 2865 2424 2919 animi
2453 2875 2643 2919 natura
2686 2866 2969 2931 convenit,
3003 2876 3057 2920 et
3089 2881 3199 2936 quo
3223 2875 3417 2922 cuncta
3453 2884 3574 2936 qua

319 2972 422 3020 νει,
456 2956 530 3017 ὡς
560 2954 625 3009 ἂν
652 2955 762 3008 τῶν
797 2958 853 3009 ὲν
887 2957 1021 3027 ⁴ίιμΐν
1059 2957 1286 3027 ἄριστον
1327 2959 1388 3012 ὃν
1438 2962 1532 3014 καὶ
1567 2961 1849 3016 θειότατον

2032 2958 2245 3022 icimus,
2293 2967 2349 3012 et
2383 2958 2707 3028 cogitamus,
2753 2960 3006 3025 tendunt,
3043 2969 3101 3014 ut
3155 2962 3303 3028 quod
3360 2977 3573 3025 corum,

319 3045 480 3099 τοῦτο
514 3047 791 3110 παντελῶς
817 3049 1009 3116 φεύγει
1048 3048 1138 3117 τὴν
1163 3049 1257 3101 τοῦ
1284 3048 1538 3118 σώματος
1571 3054 1861 3107 κοινωνίαν

2033 3063 2113 3102 ua:
2144 3048 2197 3102 in
2232 3048 2388 3102 nobis
2410 3060 2557 3115 sunt,
2608 3049 2872 3119 optimum
2916 3051 2987 3106 sit
3027 3066 3091 3105 ac
3114 3050 3575 3121 divinissimum),

322 3136 419 3189 καὶ
453 3138 621 3205 μόνης
651 3137 831 3207 ψυχῆς
881 3137 1043 3207 ἔργον
1071 3141 1208 3207 ἐστὶ,
1270 3140 1531 3212 καθαρῶς
1577 3143 1751 3212 αὐτὴν
1778 3145 1864 3197 ἀπὶ

2035 3140 2300 3193 Iomnino
2326 3142 2571 3209 Corporis
2624 3142 2950 3196 societatem
3012 3144 3243 3212 respuit,
3300 3155 3353 3198 ct
3406 3145 3577 3202 solius

324 3226 421 3280 τοῦ
449 3229 699 3297 σώματος
728 3230 864 3296 πρὸς
882 3230 1081 3300 ἑαυτὴν
1106 3232 1200 3284 καὶ
1220 3232 1291 3284 τὰ
1318 3234 1485 3301 νοητὰ
1518 3236 1862 3301 συναγούσης

2037 3229 2188 3289 ulmi,
2224 3244 2281 3281 se
2324 3216 2531 3297 planea
2564 3245 2819 3302 corpore,
2848 3232 2914 3285 ad
2948 3247 3094 3297 sese,
3126 3243 3182 3287 ct
3214 3250 3301 3289 res
3333 3251 3453 3303 qua:
3501 3237 3579 3291 in-

324 3316 386 3369 Εἰ
412 3318 519 3385 γάρ
552 3334 682 3370 ποτε
734 3321 827 3372 καὶ
862 3321 983 3382 ταῖς
1033 3320 1322 3391 αἰσθήσεσι
1362 3320 1588 3391 χρῆται,
1632 3321 1866 3375 κάκεῖθει

2036 3319 2291 3389 :lligentia
2361 3321 2909 3387 comprehenduntur
2990 3324 3316 3395 colligentis,
3376 3343 3578 3382 munus

328 3409 464 3478 αὐτῇ
499 3408 634 3477 πρὸς
671 3409 731 3462 τὸ
774 3412 917 3463 νοεῖν
963 3410 1206 3478 γίνονται
1248 3411 1395 3474 τινὲς
1447 3413 1717 3480 ἀφορμαὶ,
1773 3413 1870 3465 άλλ

2033 3414 2098 3459 st.
2159 3405 2270 3460 Etsi
2307 3408 2452 3462 enim
2501 3408 2794 3476 aliquando
2852 3411 3018 3465 etiam
3072 3413 3328 3467 sensibus
3379 3416 3575 3478 utitur,

324 3498 601 3570 ἀρχομένη
635 3499 730 3553 τοῦ
780 3503 1123 3570 πράγματος,
1164 3505 1257 3555 καὶ
1314 3497 1425 3555 οἷον
1480 3503 1863 3572 ἀμαθαίνουσα

2029 3506 2154 3566 tque
2194 3496 2320 3561 inde
2354 3497 2668 3552 occasiones
2690 3500 2954 3569 quasdam
2986 3502 3323 3572 intelligendi
3352 3506 3521 3559 sumit
3558 3522 3571 3556 :

324 3593 440 3657 καὶ,
461 3593 523 3645 τὸ
548 3592 841 3663 λεγόμενον
871 3594 937 3664 δὴ
958 3593 1137 3657 τοῦτο,
1163 3595 1262 3663 τὴν
1293 3594 1516 3666 πρώτην
1545 3596 1624 3648 ἔτι
1651 3596 1866 3666 φέρουσι

2032 3604 2173 3642 tmen
2209 3588 2259 3642 id
2299 3588 2352 3641 in
2386 3588 2462 3642 rei
2510 3590 2759 3659 auspicio
2812 3589 3084 3646 duntaxat
3140 3590 3288 3656 facit,
3343 3603 3398 3647 et
3446 3594 3574 3647 dum

325 3683 511 3753 τρίχα,
545 3683 722 3754 τούτῳ
749 3683 825 3755 τῷ
850 3685 1039 3756 τρόπῳ
1065 3686 1164 3754 τῆς
1190 3685 1483 3754 μαθήσεως
1512 3687 1734 3756 χρῆται.
1763 3688 1866 3741 Ὠσ

2032 3682 2145 3736 eiut
2176 3681 2433 3736 indoctus
2460 3690 2565 3744 est,
2600 3690 2656 3734 et
2678 3680 2729 3733 in
2760 3681 2951 3746 dubio,
2986 3696 3049 3736 ac
3088 3682 3251 3751 paulo
3292 3694 3574 3738 momento

326 3787 436 3841 περ
450 3773 498 3825 οἱ
533 3773 609 3843 τῷ
638 3772 894 3845 ψηλαφᾷν
925 3775 1033 3827 τῶν
1065 3776 1413 3846 πραγμάτων
1449 3778 1739 3846 τυγχάνειν
1775 3794 1867 3829 πει

2029 3788 2105 3828 ιυο
2142 3773 2270 3827 illuc
2298 3772 2618 3841 impellitur,
2675 3771 2778 3826 hac
2816 3772 2991 3826 utitur
3028 3773 3274 3833 discendi
3318 3775 3529 3829 ratione
3559 3788 3571 3827 ε

304 3852 311 3853 ί
328 3861 591 3931 ρώμενοι,
622 3865 750 3917 ὃταν
781 3864 905 3933 δζνις
932 3866 1117 3929 αὐτοῖς
1144 3866 1203 3918 ού
1241 3869 1417 3938 παρῇ·
1448 3867 1587 3920 οὕτω
1620 3868 1716 3922 καὶ
1744 3868 1846 3937 ψυχ

2035 3863 2450 3919 uemadmodum
2489 3863 2524 3917 ii
2546 3863 2637 3933 qui
2676 3862 2950 3933 palpa'ndo
2971 3879 3060 3919 res
3090 3879 3210 3919 asse
3234 3866 3305 3934 ,αἱ
3330 3867 3574 3929 student,

326 3953 457 4024 ἄρτι
486 3953 580 4007 διὰ
610 3956 880 4022 γενέσεως
910 3957 991 4019 είς
1019 3957 1117 4027 τὴν
1150 3956 1298 4025 ζωὴν
1331 3958 1628 4029 παριοῦσα,
1671 3962 1763 4014 καὶ
1800 3961 1868 4012 τὸε

2036 3958 2114 4011 isn
2144 3955 2415 4011 destituti.
2446 3955 2537 4009 Sic
2568 3954 2785 4009 animus
2817 3971 3058 4026 quoque,
3090 3957 3257 4011 vitam
3287 3957 3449 4013 modo
3479 3974 3578 4027 per

324 4045 609 4115 ὀφθαλμὸν
632 4047 802 4117 αὐτῆς
834 4046 1004 4119 πολλῇ
1030 4049 1097 4117 τῇ
1139 4048 1294 4118 παρὰ
1334 4049 1431 4102 τοῦ
1463 4049 1716 4121 σώματος
1734 4048 1866 4120 ἀχλΰ

2032 4047 2336 4102 ativitatem
2396 4047 2697 4116 ingressus,
2776 4048 3112 4117 oculumquc
3161 4064 3322 4104 suum
3379 4064 3574 4121 magna

329 4133 747 4203 καλυπτόμενον
776 4132 999 4203 ἔχουσα,
1032 4136 1128 4188 καὶ
1152 4130 1263 4189 οἷον
1296 4134 1455 4205 βαθεῖ
1483 4136 1639 4208 κάρῳ
1690 4154 1871 4208 κεκραι

2039 4138 2246 4208 Drporis
2276 4136 2506 4209 caligine
2534 4145 2740 4191 tectum
2798 4136 3032 4201 habens,
3081 4153 3147 4193 ac
3197 4137 3467 4207 profundo
3492 4154 3581 4195 so-

328 4225 591 4295 τημένον,
626 4226 795 4281 δεῖται
838 4228 948 4282 τῶν
973 4229 1302 4298 αἰσθήσεων,
1342 4229 1398 4283 αἶ
1447 4231 1677 4304 ταύτην,
1706 4231 1870 4303 ῶσπεε

2026 4243 2490 4299 ›οτεορρι·οεειιηι,
2516 4227 2770 4282 sensibus
2814 4227 3042 4296 indiget,
3115 4228 3211 4297 qui
3264 4242 3390 4283 eum
3448 4240 3568 4284 tan-

328 4315 740 4385 καθεύδουσαν,
784 4319 1217 4389 άφυπνίζουσιν·
1264 4321 1353 4389 ὑφ’
1385 4315 1461 4377 ὧν
1522 4323 1623 4392 τὴν
1670 4326 1870 4395 πρὼτηλ

2040 4333 2162 4371 uatn
2197 4332 2228 4372 e
2261 4332 2458 4372 somno
2482 4317 2747 4371 excitent.
2806 4316 2850 4369 A
2894 4317 3094 4385 quibus
3124 4318 3397 4388 principio
3422 4335 3576 4375 com-

334 4410 652 4479 κινηθεῖσα,
709 4410 806 4465 καὶ
840 4411 1047 4481 ἑαυτὴν
1102 4412 1454 4481 ἀνεγείρασα,
1490 4415 1591 4470 οὐκ
1641 4415 1722 4469 ἔτι
1774 4420 1876 4474 ταί‹

2035 4419 2181 4463 totus
2209 4416 2264 4462 et.
2292 4407 2722 4477 expergefactus,
2751 4407 3009 4462 sensibus
3040 4408 3094 4461 in
3140 4409 3391 4464 veritatis
3420 4411 3577 4466 inda-

327 4502 653 4572 αἰσθήσεσιν
702 4504 761 4556 ιν
791 4505 913 4567 ταῖς
950 4504 1049 4573 τῆς
1091 4504 1351 4575 ἀληθείας
1382 4507 1646 4578 ζητήσεσι
1674 4509 1869 4578 χρῆται

2036 4504 2215 4557 atione
2255 4503 2330 4556 uti
2362 4501 2586 4557 desinit.
2636 4502 2778 4567 Quin
2822 4502 3003 4572 potius
3042 4518 3137 4557 eos
3165 4503 3235 4559 ob
3306 4505 3578 4575 inscitiam

334 4596 556 4650 Μᾶλλον
593 4596 692 4667 μὲν
747 4591 841 4650 οὖν
896 4600 989 4650 καὶ
1033 4597 1263 4663 ταύταις
1303 4599 1475 4655 ἐνίοτε
1506 4600 1608 4669 τῆς
1658 4602 1876 4671 ἀμαθίας

2040 4595 2295 4665 liquando
2315 4594 2579 4663 increpat,
2616 4610 2739 4649 cum
2779 4604 2999 4665 cogunt,
3055 4597 3185 4650 utin
3226 4597 3279 4651 id
3340 4614 3582 4653 consen-

331 4672 585 4757 ἰπιτιμᾷ.
612 4688 740 4741 ὅταν
774 4687 834 4741 τὺ
860 4688 1089 4751 ταύταις
1127 4689 1454 4759 φαινόμενον
1481 4690 1576 4743 καὶ
1602 4678 1751 4761 αὐτῇ
1785 4707 1873 4743 συν

2037 4694 2121 4754 iat,
2161 4686 2304 4755 quod
2325 4686 2425 4756 ipsi
2460 4686 2648 4741 volunt
2680 4703 2695 4739 :
2731 4687 3186 4757 quemadmodum
3217 4689 3305 4751 iis,
3364 4692 3456 4757 qui
3493 4690 3579 4744 di-

329 4778 511 4832 ὃοκεῖν
544 4778 949 4846 ἀναγκάζωσιν,
980 4779 1174 4851 ὥσπερ
1203 4782 1253 4834 οἱ
1293 4781 1402 4834 τῶν
1436 4782 1871 4854 διαγραμμάτων

2036 4795 2159 4835 cere
2193 4778 2484 4851 incipiunt,
2520 4788 2669 4833 certa
2715 4779 2949 4848 quadam
2981 4778 3250 4832 linearum
3272 4780 3578 4834 conforma-

329 4867 467 4921 ὅταν
496 4869 774 4939 άρχωνται
836 4869 1157 4940 μανθάνειν,
1184 4870 1451 4940 διόμενοι,
1501 4871 1641 4942 μετὰ
1689 4872 1748 4926 δὲ
1797 4873 1871 4944 τηε

2035 4872 2153 4927 ione
2182 4886 2320 4940 opus
2350 4878 2434 4924 est
2462 4886 2476 4922 :
2504 4879 2627 4939 post
2686 4879 2897 4937 partam
2931 4872 3129 4935 ,autem
3186 4869 3474 4924 scientiam
3508 4873 3577 4925 ad

334 4962 650 5029 ἱπιστὴμην
666 4962 745 5024 εις
772 4962 913 5016 αὐτὰ
936 4961 1100 5015 πάλιν
1122 4961 1485 5031 ὑποστρέφειν
1517 4961 1875 5027 ἀπαξιοῦντες

2037 4978 2104 5017 as
2161 4962 2363 5015 reverti
2390 4966 2671 5014 recusant.
2701 4956 2794 5012 Sic
2818 4956 3064 5012 animum
3103 4959 3293 5024 etiam,
3328 4960 3458 5015 dum
3486 4961 3579 5016 ad-

268 5077 285 5087 ο
331 5051 494 5105 οὕτω
534 5050 599 5121 δὴ
631 5051 727 5106 καὶ
771 5051 919 5123 ψυχῇ
950 5054 1011 5105 ιν
1045 5054 1255 5124 σώματι
1298 5053 1398 5124 μὲν
1435 5054 1513 5106 ἐτ’
1556 5054 1693 5128 οθσῃ
1744 5056 1810 5109 ού

2044 5068 2111 5106 uc
2140 5052 2195 5106 in
2225 5064 2457 5120 corpore
2494 5056 2599 5111 est,
2654 5046 2793 5101 nihil
2824 5047 3048 5103 absurdi
3099 5058 3190 5104 est
3244 5064 3440 5104 sensus
3510 5052 3578 5106 de

333 5142 563 5206 ἀπεικὸς
594 5144 692 5199 καὶ
746 5143 847 5208 τὰς
898 5144 1184 5216 αἰσθήσεις
1233 5144 1365 5215 περὶ
1400 5145 1509 5198 τῶν
1550 5146 1875 5218 μαθημάτωι

2034 5142 2251 5199 cientiis
2275 5141 2608 5210 percontari.
2662 5139 2800 5193 Cum
2831 5149 3014 5193 autem
3064 5140 3111 5195 is
3142 5157 3170 5193 a
3212 5155 3446 5210 corpore
3484 5156 3576 5196 so-

334 5235 650 5308 ιπερωτᾷν·
699 5234 928 5309 λυθείσῃ
957 5234 1036 5302 δὲ,
1071 5236 1212 5291 αὐτὰ
1258 5238 1329 5291 τὰ
1384 5238 1551 5308 νοητά
1580 5237 1648 5293 δι’
1689 5239 1876 5293 ἑαυτῶε

2037 5244 2151 5289 etus
2181 5233 2364 5298 fuerit,
2411 5241 2523 5286 tum
2594 5244 2683 5286 res
2720 5245 2842 5301 quae
2879 5230 2981 5286 sub
3024 5230 3442 5302 intelligentiam
3486 5247 3579 5288 ca-

334 5328 583 5400 παρόντα
609 5328 710 5401 τὴν
736 5328 847 5383 τῶν
876 5329 1184 5401 αίσθήσεων
1222 5331 1413 5401 χρείαν
1461 5330 1564 5384 οὐκ
1594 5331 1876 5399 ἀναγκαία¹

2034 5328 2158 5389 lunt,
2188 5340 2314 5379 cum
2357 5338 2456 5395 per
2488 5336 2609 5377 sese
2683 5321 2886 5387 adsint,
2928 5336 3088 5377 usum
3143 5337 3407 5377 sensuum
3460 5338 3576 5378 non

333 5423 517 5476 ποιεῖ’
557 5422 656 5477 ita
687 5408 1045 5492 φανερώτατα
1092 5424 1160 5494 τῇ
1191 5422 1404 5476 ἑαυτῶν
1428 5423 1561 5479 δντα
1594 5424 1776 5494 φύσει,
1806 5442 1875 5478 κα

2034 5419 2338 5482 Lesiderant,
2375 5416 2584 5487 quippe
2620 5430 2741 5484 qua:
2769 5429 2866 5469 sua
2929 5423 3125 5468 natura
3164 5414 3576 5470 dilucidissimte

330 5512 429 5566 τὸν
455 5511 557 5584 τῆς
578 5512 757 5583 ψυχῆς
795 5511 1075 5582 ὀφθαλμὸν
1108 5512 1176 5565 δι’
1215 5513 1427 5570 ἑαυτῶν
1453 5514 1872 5586 περιλάμποντα

2033 5517 2154 5573 unt,
2189 5515 2245 5562 et
2275 5506 2442 5561 animi
2472 5506 2690 5560 oculqu
2724 5519 2823 5574 per
2853 5519 2976 5559 sese
3012 5505 3311 5569 illustrant,
3340 5520 3574 5575 quarum

327 5600 415 5669 οἷς
429 5605 665 5659 συνοῦσα
696 5604 961 5675 τρέφεταί
986 5621 1045 5657 τε
1066 5605 1160 5657 καὶ
1181 5605 1414 5658 εὐπαθεῖ
1436 5606 1536 5675 τὴν
1563 5608 1699 5677 αὐτῇ
1732 5623 1869 5678 προσ

2031 5599 2296 5656 ντεεεηιὶα
2326 5607 2397 5652 et.
2410 5597 2572 5652 alitur
2602 5595 2999 5662 etdelectatur,
3028 5595 3153 5651 cibo
3191 5597 3573 5667 suavitateque

329 5698 577 5768 ήκουσαν
609 5696 822 5766 τροφὴν
876 5694 972 5747 καὶ
1003 5694 1307 5748 εὐπάθειαν
1330 5710 1344 5723 ·
1444 5696 1543 5758 τὰς
1578 5698 1865 5765 σωματικὰ

2034 5694 2109 5748 ibi
2149 5691 2513 5748 conveniente
2547 5706 2560 5741 :
2594 5690 2681 5743 cui
2711 5688 2754 5743 si
2792 5688 2916 5758 quis
2940 5702 3236 5758 corporeae
3263 5689 3574 5759 voluptats

327 5786 549 5858 ἡδονὰς,
585 5786 639 5841 εῐ
667 5800 751 5848 τις
776 5783 1180 5856 ,παραϐάλλειν
1218 5783 1415 5854 ἐθέλοι,
1450 5784 1645 5837 εἴδωλα
1687 5785 1866 5854 μᾶλλο

2085 5797 2325 5854 :nparare
2391 5782 2541 5847 velit,
2604 5779 2895 5836 simulacra
2956 5780 3146 5851 potius
3230 5788 3571 5852 voluptatum
3621 5816 3627 5823 .

1954 5858 1985 5881 Ι
