3904 6216
279 301 416 369 1201

1373 296 1480 378 pr:
1521 291 2092 357 CONTEMNENDA
2132 255 2394 354 monis

3395 295 3550 367 1202.,

276 422 528 492 τώμεθα,
553 396 816 490 οὐδεμίαν
839 421 906 475 ἂν
928 422 1061 492 ἡμῖν
1084 420 1112 473 ὁ
1130 418 1358 481 θάνατος
1376 415 1585 486 ζημίαν
1608 415 1850 481 ἐνέγκαι.

1966 411 2105 466 nihil
2129 410 2312 465 damni
2346 426 2494 467 mors
2533 410 2688 467 nobis
2747 413 2976 468 allatura
3025 422 3128 471 est.
3186 411 3333 472 Nihil
3390 417 3540 470 culm

275 514 448 568 οὐδὲν
483 513 594 583 γάρ
643 513 775 582 ἡμῖν
805 511 1058 582 φοϐερὸν,
1090 510 1119 564 ὃ
1174 509 1249 580 μὴ
1295 507 1564 578 πρότερον
1595 509 1661 576 τῇ
1701 505 1851 574 ψυχῇ

273 603 536 676 χαλεπὸν,
587 603 775 656 καὶτὸ
846 603 1189 671 εὐδαιμονεῖν
1238 602 1373 670 ἡμῖν
1423 597 1578 652 οὐδὲν
1606 595 1855 667 ἓτερονῆ

273 698 376 767 τὴν
409 695 592 765 ψυχὴν
637 687 698 748 εὖ
736 694 904 764 ἔχειν,
938 694 1110 751 ἐστίν.
1147 693 1342 762 Ἡμεῖς
1376 691 1487 762 γάρ
1534 689 1718 758 εκείνη
1757 687 1854 741 καὶ

271 787 345 841 τά
379 787 602 857 ἐκείνης
650 787 842 855 ἐσμὲν,
892 787 999 839 κᾶν
1026 785 1212 853 ἐκείνη
1259 784 1337 854 μὴ
1381 784 1610 853 δέχηται
1655 783 1855 850 πεῖραν

269 879 534 942 θανάτου,
568 878 725 932 οὐδὲν
751 879 812 930 τὸ
847 877 1059 932 κωλύον
1093 879 1184 930 καὶ
1215 877 1369 946 ἡμᾶς
1415 876 1724 938 ἀθανάτους
1758 875 1856 928 καὶ
1873 919 1908 961 ς.

233 993 240 999 ·
275 966 442 1037 εἶναι,
481 972 578 1024 καὶ
622 969 903 1040 λέγεσθαι.
938 970 1013 1022 Τὸ
1049 970 1148 1038 μὲν
1179 971 1290 1038 γὰρ
1337 969 1395 1021 ὲν
1427 970 1560 1036 ἡμῖν
1619 966 1856 1034 θνῆσκον

279 1062 484 1133 μικρόν
511 1064 570 1116 τέ
597 1064 735 1126 ἐστι,
770 1062 866 1114 καὶ
901 1062 998 1131 οὐχ
1021 1063 1159 1128 ὅπερ
1185 1062 1371 1130 ἡμεῖς,
1405 1060 1522 1112 ἀλλ’
1554 1058 1854 1129 ἡμέτερον,

276 1153 376 1207 καὶ
407 1153 509 1207 οὐκ
545 1153 612 1207 ἂν
646 1153 861 1206 δύναιτο
908 1156 974 1225 τῇ
1031 1152 1199 1207 αὐτοῦ
1258 1153 1532 1224 μεταϐολῇ
1581 1152 1675 1205 καὶ
1722 1153 1857 1222 ἡμῖν

276 1245 516 1298 θανάτου
555 1244 738 1314 ψῆφον
790 1246 1144 1313 ἐπενεγκεῖν⁸
1179 1244 1374 1313 ῶσπερ
1411 1244 1519 1297 οὐδ’
1564 1245 1629 1299 ἄν
1664 1261 1748 1305 τις
1778 1242 1857 1311 τῷ

275 1337 497 1405 σώματι
529 1334 628 1397 τάς
674 1335 784 1386 τῶν
821 1335 1056 1404 ἱματίων
1099 1335 1368 1404 πονηρίας
1399 1333 1676 1402 λογίσαιτο
1698 1349 1712 1363 ·
1747 1333 1856 1386 οὐδ’

278 1429 348 1481 ἂν
371 1427 603 1480 ἐκείνων
631 1429 1018 1498 ῥηγνυμένων,
1048 1428 1080 1498 ἢ
1113 1427 1620 1498 κατατριϐομένων,
1640 1428 1736 1480 καὶ
1761 1427 1858 1479 τοῦ

277 1520 533 1589 σώματος
593 1515 735 1573 εἶναι
786 1519 960 1574 ταῦτα
1022 1520 1169 1590 πάθη
1223 1521 1522 1589 νομίσειεν.
1553 1519 1746 1588 Ὅμως
1808 1519 1858 1572 εί

279 1612 474 1665 τούτου
509 1611 604 1664 τοῦ
658 1612 858 1681 μικροῦ
895 1611 1258 1681 φθειρομένου
1288 1611 1485 1680 θνητὸν
1512 1611 1655 1677 ἀξιοῖ
1677 1629 1757 1674 τις
1790 1609 1856 1664 δι’

278 1701 452 1753 ἐκεῖνο
491 1698 779 1752 καλεῖσθαι
830 1698 922 1751 τὸν
981 1699 1288 1769 ἄνθρωπον,
1319 1700 1470 1769 πόσῳ
1517 1697 1856 1764 δικαιότερον

278 1790 371 1843 τοῦ
410 1791 675 1860 μείζονος,
741 1790 835 1842 καὶ
891 1789 1147 1843 τοσοῦτον
1197 1790 1580 1859 ὑπερέχοντος,
1619 1789 1708 1840 καὶ
1758 1789 1856 1858 τὴν

277 1877 486 1946 φθορὰν
520 1875 804 1941 νικῶντος,
861 1878 955 1930 καὶ
1001 1878 1278 1946 μένοντος,
1339 1877 1624 1948 ἄφθαρτον
1688 1877 1854 1930 αὐτὸν

276 1969 372 2020 xa‘l.
403 1967 591 2037 ἀπαθῆ
639 1969 729 2020 διὰ
759 1967 918 2020 τοῦτο
957 1969 1268 2031 καλεῖσθαι,
1302 1968 1363 2020 οὐ
1405 1968 1566 2037 μόνον
1611 1967 1855 2037 καθαρὸς

275 2057 585 2127 ἄνθρωπος,
638 2057 745 2116 καὶ,
781 2058 840 2110 ὲν
893 2050 937 2124 ᾧ
972 2057 1124 2127 μόνῳ
1155 2057 1216 2109 τὸ
1250 2058 1469 2126 φρονεῖν
1516 2060 1610 2110 καὶ
1642 2056 1856 2125 λογίζε-

276 2151 425 2216 σθαι,
455 2145 535 2213 οἷς
576 2152 689 2203 τῶν
718 2149 925 2203 λοιπῶν
957 2148 1112 2215 ζώων
1147 2149 1434 2218 ἄνθρωπος
1471 2150 1810 2221 διακρίνεται
1836 2167 1852 2216 ;

276 2241 309 2311 ἢ
347 2241 530 2297 τοίνυν
575 2242 778 2312 θνητὴν
808 2241 908 2310 τὴν
939 2240 1119 2310 ψυχὴν
1150 2240 1556 2305 ἀποδείξαντες,
1585 2240 1681 2294 καὶ
1715 2240 1853 2310 μετά

277 2332 372 2387 τοῦ
401 2333 655 2402 σώματος
683 2331 981 2398 ἀπιοῦσαν,
1017 2334 1065 2386 οί
1097 2332 1196 2404 τὴν
1230 2329 1488 2402 τελευτὴν
1524 2332 1662 2386 ὅλων
1694 2333 1851 2402 ἡμῶν

278 2425 559 2479 ἀπώλειαν
603 2424 852 2492 λέγοντες
883 2424 1030 2492 ἔχειν
1071 2424 1195 2477 τινά
1231 2423 1394 2492 λόγον
1439 2425 1625 2488 αὐτοῖς
1662 2427 1758 2478 καὶ
1790 2425 1852 2478 τὸ

279 2515 370 2569 τοῦ
419 2515 654 2573 θανάτου
691 2514 809 2577 δέος
858 2513 1198 2566 οίέσθωσανο
1245 2514 1279 2584 ἢ
1328 2514 1431 2578 ἓως
1463 2513 1529 2568 ἂν
1568 2514 1717 2577 Θεὸς,
1756 2514 1854 2568 καὶ

278 2607 326 2660 οἱ
355 2607 508 2676 ὀρθοὶ
548 2607 824 2676 λογισμοὶ,
859 2606 954 2658 καὶ
988 2605 1306 2674 φιλοσοφία,
1338 2606 1436 2660 καὶ
1465 2605 1532 2659 τὰ
1564 2605 1686 2659 καθ’
1711 2605 1851 2675 ἡμέ-

283 2715 384 2768 ραν
432 2699 561 2768 περὶ
598 2698 770 2768 αὐτὴν
807 2697 1134 2768 φαινόμενα,
1174 2697 1411 2766 κρείττω
1463 2695 1670 2767 φθορᾶς
1709 2691 1850 2750 εἶναι

212 2784 218 2789 ’
277 2789 493 2860 ἐκείνης
515 2789 704 2842 οὐσίαν
735 2787 1166 2842 ἀποδεικνύωσιν
1184 2804 1199 2818 ·
1255 2787 1734 2860 ἀναθαρῤούντων,
1757 2788 1850 2840 καὶ

281 2881 357 2949 μὴ
383 2882 521 2951 πρὸς
548 2882 610 2935 τὸ
632 2881 832 2952 χρεὼν,
865 2879 1056 2950 ὥσπερ
1077 2881 1157 2944 εἷς
1186 2898 1239 2933 τι
1269 2880 1566 2952 βάραθρον,
1594 2879 1720 2935 ὅθεν
1750 2880 1849 2934 οὐκ

277 2972 427 3029 ἐστιν
452 2974 734 3040 ἀνάδυσις,
775 2973 1182 3044 ἐμπεσούμενοι
1213 2971 1565 3028 διακείσθων.

873 3113 1127 3169 ΚΕΦΔΛ.
1155 3109 1256 3167 ΙΘ’.

349 3253 544 3308 Καίτοι
574 3255 622 3308 εί
656 3253 751 3307 καὶ¹
785 3252 1062 3317 παντελῶς
1108 3251 1470 3322 ἀφανίζεσθαι
1498 3251 1590 3304 τὸν
1631 3251 1847 3321 ἀνθρω-

282 3362 380 3402 πον
440 3345 756 3399 συνέϐαινεν
791 3343 1230 3416 ἀποθνήσκοντα,
1269 3344 1394 3397 οὐδὲ
1449 3341 1626 3406 οὕτως
1677 3341 1847 3412 ἐχρῆν

279 3438 345 3506 τῇ
375 3435 471 3489 τοῦ
505 3437 738 3490 θανάτου
797 3437 988 3506 μνήμῃ
1019 3435 1328 3506 τρίϐεσθαι,
1378 3433 1844 3503 ἐνθυμουμένους,

277 3527 418 3580 ὅσων
449 3528 560 3580 τῶν
599 3528 754 3598 παρά
793 3525 886 3579 τοῦ
918 3525 1174 3592 σώματος
1224 3523 1406 3594 ἀηδῶν
1436 3524 1464 3574 ὁ
1509 3522 1624 3591 βίος
1676 3522 1848 3590 ἐμπέ-

279 3620 540 3687 πλησται,
563 3619 659 3672 καὶ
686 3619 762 3682 ὡς
789 3617 1144 3687 κουφότερον,
1169 3613 1516 3684 ἀναισθήτως
1541 3611 1686 3682 ἔχειν
1708 3611 1847 3681 πρὸς

278 3711 457 3764 πάντα
490 3709 802 3780 ἢτοσούτου
835 3708 960 3762 καθ’
991 3707 1209 3779 ἡμέραν
1239 3707 1374 3779 ἡμῖν
1407 3705 1556 3774 παρά
1605 3703 1697 3757 τοῦ
1745 3703 1849 3754 σώ-

282 3817 450 3870 ματος
489 3801 838 3872 ἐγειρομένου
889 3799 1158 3868 χειμῶνος
1214 3796 1537 3866 ἀνέχεσθαι·
1599 3795 1657 3846 ὃν
1710 3795 1845 3862 μήτε

279 3894 548 3964 πραΰνειν
575 3894 800 3945 δυνατὸν
834 3895 898 3961 τῇ
924 3893 1094 3960 ψυχῇ,
1131 3891 1266 3959 μήτε
1312 3889 1521 3958 φέρειν,
1573 3887 1670 3955 τῆς
1711 3903 1847 3955 συμ-

279 3984 496 4053 πήξεως
549 3983 707 4052 ἡμῶν
767 3982 853 4034 ἐπ’
919 3982 1134 4048 ἐκείνην
1203 3983 1271 4032 τὰ
1304 3981 1498 4034 τούτου
1545 3978 1847 4046 παθήματα

277 4075 727 4143 διαϐιϐαζούσης.
771 4073 945 4127 Τοῦτο
979 4075 1088 4142 γὰρ
1137 4074 1203 4142 τῇ
1253 4072 1424 4142 ψυχῇ·
1466 4070 1658 4140 μέχρις
1687 4069 1752 4122 ἂν
1780 4070 1844 4139 τῇ

278 4169 492 4235 γενέσει
538 4163 786 4236 δουλεύῃ.
825 4165 1060 4232 πάσχειν
1103 4163 1344 4230 ἀνάγκη,
1397 4162 1493 4214 καὶ
1538 4160 1707 4212 πολλὰ
1741 4161 1847 4212 τῶν

275 4258 374 4312 τοῦ
413 4259 663 4328 σώματος
689 4257 931 4310 ἄκουσαν
967 4257 1047 4317 είς
1090 4254 1289 4322 ἑαυτὴν
1317 4253 1742 4322 παραδέχεσθαι,
1772 4251 1846 4313 ὡς

278 4353 346 4405 ἂν
383 4352 458 4421 μὴ
477 4349 759 4411 παντελῶς
785 4346 1096 4417 κρατοῦσαν
1128 4344 1318 4398 αὑτοῦ.
1347 4344 1496 4395 Ἵλατ’
1522 4343 1843 4408 ἀναγκαῖον,

1960 501 2482 558 formidabilcuobis
2511 511 2616 568 est,
2647 504 2748 559 nisi
2773 504 2958 560 animo
3007 504 3064 558 in
3114 504 3311 575 primis
3352 520 3542 575 grave,

1959 593 2052 656 sit,
2079 592 2389 648 et'l'elicitas
2415 603 2604 649 nostra
2628 594 2764 650 nihil
2789 595 2935 650 aliud
2991 605 3094 659 est,
3145 611 3308 664 quam
3367 595 3540 664 proba

1962 685 2134 740 animi
2179 686 2523 741 constitutio.
2557 686 2671 741 Nos
2699 687 2844 741 enim
2889 685 3128 748 animus.
3181 693 3239 742 οι
3274 685 3542 756 (quuid
3595 677 3640 766 ἐξ
3734 716 3738 722 ’

1959 776 2026 828 ad
2059 791 2182 829 eum
2212 777 2474 844 pertinet,
2509 791 2720 832 sumus.
2768 777 2924 842 Quod
2954 778 2998 832 si
3029 777 3074 832 is
3108 778 3302 834 mortis
3322 779 3508 844 pericu
3531 808 3544 817 -
3691 774 3713 782 ”

1957 862 2066 917 lum
2091 879 2204 918 non
2236 865 2369 920 facit
2410 905 2426 930 ,
2469 866 2605 920 nihil
2640 867 2916 936 prohibet,
2949 869 3244 938 quominus
3301 883 3403 922 nos
3437 868 3545 921 im-

1959 956 2221 1012 mortales
2249 968 2307 1011 et
2333 959 2528 1022 simus,
2564 967 2618 1012 et
2664 975 3070 1029 nuncupemur.
3127 959 3283 1026 Quod
3312 960 3458 1014 enim
3485 961 3542 1012 in

1959 1043 2117 1097 nobis
2151 1045 2406 1108 moritur,
2439 1042 2494 1100 et
2534 1061 2783 1113 parvom,
2819 1056 2874 1101 et
2899 1062 3009 1101 non
3047 1047 3190 1102 idem
3218 1048 3364 1117 quod
3411 1062 3536 1123 nos,

1959 1133 2054 1188 sed
2085 1145 2332 1190 nostrum
2361 1137 2620 1206 quiddam
2657 1149 2760 1204 est,
2796 1155 2898 1195 nec
2934 1154 3030 1194 sua
3054 1141 3357 1194 mutatione
3391 1155 3494 1194 con
3519 1169 3532 1180 -

1961 1233 2044 1279 tra
2081 1242 2182 1280 nos
2221 1227 2412 1282 mortis
2470 1244 2688 1298 quoque
2741 1229 3056 1302 suffragium
3098 1230 3242 1285 ferre
3303 1240 3482 1300 potest
3519 1247 3534 1283 :

1959 1313 2419 1382 quemadmodum
2445 1331 2609 1370 nemo
2633 1319 2847 1387 corpori
2883 1320 3054 1373 malas
3098 1329 3276 1373 vestes
3301 1320 3539 1390 imputa-

1960 1404 2062 1470 bit,
2085 1419 2267 1474 neque
2328 1407 2372 1460 si
2403 1406 2510 1461 illa:
2545 1419 2895 1477 rumpantur,
2958 1420 3054 1464 aut
3083 1411 3432 1476 deterantur,
3488 1411 3540 1465 id

1960 1496 2176 1564 corpori
2207 1497 2458 1552 accidere
2501 1499 2768 1554 censebit.
2835 1499 2890 1554 Si
2942 1510 3123 1556 tamen
3176 1501 3374 1572 exiguo
3439 1503 3542 1556 hoc

1960 1585 2295 1654 intereunte,
2323 1589 2599 1644 hominem
2622 1591 2832 1646 idcirco
2892 1595 3179 1647 mortalem
3236 1594 3540 1648 vocandum

1963 1691 2089 1730 esse
2122 1675 2246 1747 quis
2300 1689 2489 1748 putet,
2550 1693 2756 1752 quanto
2796 1684 3003 1753 aquius
3042 1693 3146 1746 est,
3192 1685 3260 1739 ob
3312 1685 3365 1738 id
3397 1685 3541 1754 quod

1962 1772 2136 1840 majus
2159 1782 2260 1836 est,
2305 1775 2551 1836 adeoque
2581 1777 2821 1842 excellit,
2867 1788 2922 1832 et
2956 1779 3236 1833 interitum
3296 1755 3571 1848 superat,‘

1955 1875 2010 1919 et
2059 1878 2262 1933 manet,
2290 1884 2414 1922 cum
2447 1871 2906 1936 etimmortalem,
2960 1882 3014 1928 et
3071 1873 3205 1926 nulli
3231 1873 3388 1940 jcladi
3445 1874 3542 1927 ob-

1955 1961 2174 2014 noxium
2201 1965 2423 2018 vocari?
2479 1964 2630 2020 Mens
2659 1968 2804 2022 enim
2837 1968 2976 2033 sola,
3005 1984 3178 2038 purus
3206 1969 3369 2023 homo
3405 1978 3488 2023 est
3519 1985 3534 2023 :

1965 2052 2020 2106 in
2044 2068 2215 2122 caque
2263 2056 2398 2123 sola,
2455 2059 2748 2128 prudentia
2776 2069 2832 2114 et
2872 2061 3218 2115 ratiocinatio
3268 2063 3371 2116 sita
3429 2071 3537 2124 est,

1955 2144 2153 2212 quibus
2191 2146 2354 2201 homo
2383 2163 2410 2202 a
2442 2151 2670 2219 reliquis
2719 2151 3091 2206 animantibus
3155 2152 3533 2224 distinguitur.

1954 2235 2061 2289 Aut
2083 2235 2246 2307 igitur
2289 2239 2380 2307 qui
2415 2240 2622 2294 obitum
2663 2251 2807 2297 totos
2873 2258 2974 2296 nos
3024 2243 3257 2312 perdere
3315 2244 3532 2307 dicttnt,

1955 2327 2188 2397 aliquam
2221 2331 2473 2386 timenda:
2499 2333 2692 2388 mortis
2739 2349 2960 2389 causam
2993 2325 3054 2390 se
3082 2335 3286 2392 habere
3319 2345 3533 2407 putent,

1955 2418 2048 2471 ubi
2079 2420 2579 2478 demonstraveriut
2620 2424 2866 2479 animum
2923 2426 3213 2481 mortalem
3275 2443 3414 2493 esse,
3479 2440 3537 2488 et

1916 2523 2076 2576 .cum
2109 2525 2335 2580 corpore
2365 2514 2542 2581 abire,
2609 2526 2704 2571 aut
2728 2519 2906 2588 quoad
2941 2518 3084 2574 Deus
3120 2528 3174 2576 et
3215 2530 3360 2575 recta
3397 2521 3552 2582 ratio

1952 2613 2006 2654 et
2036 2602 2405 2674 philosophia,
2436 2617 2491 2662 et
2521 2622 2583 2662 ea
2617 2623 2737 2679 qua:
2777 2609 2832 2663 in
2893 2610 3013 2680 ipso
3056 2612 3250 2673 animo.
3292 2614 3551 2682 quotidie.

1924 2702 2240 2760 apparent,
2297 2696 2692 2764 demonstrant,
2750 2699 2872 2769 ejus
2941 2702 3238 2764 essentiam
3306 2703 3537 2758 interire

1950 2797 2060 2836 non
2088 2798 2265 2852 posse,
2299 2788 2568 2858 recipiant
2593 2790 2862 2856 animum,
2898 2806 3077 2860 neque
3101 2793 3174 2847 ita
3199 2808 3326 2865 erga
3362 2794 3540 2856 fatum

1950 2872 2130 2928 allecti
2170 2875 2303 2941 sint,
2337 2879 2494 2947 quasi
2553 2879 2610 2935 in
2648 2880 2964 2936 barathrum
2999 2884 3294 2952 quoddam,
3327 2900 3390 2940 ex
3421 2901 3533 2956 quo

1950 2965 2134 3020 nullus
2160 2982 2440 3039 regressus
2469 2980 2672 3041 pateat,
2708 2975 2886 3028 casuri
2919 2975 3051 3030 sint.

2552 3107 2781 3164 CAPUT
2839 3109 2982 3166 ΧΙΧ.

2020 3237 2225 3303 Quodsi
2259 3256 2388 3296 vero
2418 3242 2697 3298 hominem
2729 3256 2906 3302 morte
2940 3250 3165 3317 penitus
3197 3254 3367 3308 deleri
3402 3272 3536 3312 con-

1950 3329 2204 3398 lingeret,
2235 3345 2305 3384 ne
2339 3333 2418 3385 sic
2458 3333 2678 3401 quidem
2702 3338 2892 3390 mortis
2925 3342 3531 3415 memoriaquemquam

1948 3419 2108 3490 afﬂigi
2135 3431 2432 3489 oporteret,
2452 3425 2547 3478 sed
2572 3425 2918 3496 cogitandum
2948 3430 3133 3500 potius
3164 3444 3330 3502 esset,
3352 3452 3530 3505 quan-

1951 3511 2022 3566 tis
2061 3515 2307 3580 corporis
2342 3515 2608 3572 molestiis
2631 3517 2738 3572 vita
2761 3518 2982 3588 referta,
3016 3521 3111 3589 sit,
3142 3532 3199 3579 et
3222 3539 3430 3596 quanto
3461 3529 3532 3583 sit

1949 3603 2145 3670 levius,
2185 3606 2364 3661 omnis
2390 3621 2584 3663 sensus
2613 3621 2891 3679 expertem
2921 3627 3065 3680 esse,
3128 3631 3290 3686 quam
3323 3627 3529 3674 tantam

1951 3703 2350 3765 tempestatem,
2379 3715 2502 3770 qum
2533 3717 2561 3755 a
2595 3717 2829 3772 corpore
2859 3706 3020 3760 nobis
3075 3707 3129 3762 in
3171 3709 3292 3765 dies
3321 3713 3530 3766 excitu-

1950 3796 2058 3852 tur,
2089 3789 2340 3854 tolerare,
2375 3806 2536 3860 quam
2571 3796 2791 3849 animus
2821 3812 2998 3866 neque
3040 3799 3315 3868 frangere,
3348 3819 3530 3872 neque

1962 3882 2104 3936 terre
2133 3892 2331 3950 potest,
2357 3900 2478 3939 cum
2515 3902 2803 3958 compages
2834 3899 3045 3954 nostra,
3120 3898 3364 3960 Corporis
3395 3895 3530 3949 alle-
3594 3897 3601 3903 “

1950 3974 2160 4028 ctioues
2187 3975 2252 4029 ad
2284 3991 2404 4029 cmn
2444 3978 2791 4033 transmittat.
2839 3980 2970 4033 Nam
3031 3981 3132 4035 hoc
3181 3984 3366 4037 animo
3427 4001 3529 4040 nc-

1950 4068 2191 4120 cessario
2233 4067 2644 4134 ferendum-est,
2684 4072 2810 4125 dum
2835 4075 3174 4143 generationl
3229 4069 3422 4144 servit,
3475 4088 3531 4132 ct

1949 4157 2117 4210 multa
2149 4173 2268 4226 qua:
2298 4160 2361 4211 asl
2391 4174 2592 4230 corpus
2622 4163 2880 4229 attinent,
2940 4165 3111 4220 invito
3159 4169 3213 4220 in
3269 4184 3330 4222 se
3383 4173 3526 4224 reci-

1948 4247 2145 4315 pienda
2171 4259 2316 4311 sunt,
2349 4258 2408 4303 ut
2441 4251 2532 4320 qui
2565 4252 2638 4305 illi
2676 4269 2782 4306 non
2820 4257 3044 4323 penitus
3103 4258 3355 4322 imperet.
3388 4261 3531 4328 Qua-

1947 4353 2006 4390 re
2036 4337 2232 4393 inﬁniti
2261 4340 2475 4396 labores
2505 4345 2817 4398 necessario
2863 4347 3026 4402 nobis
3087 4349 3209 4418 ejus
3241 4339 3404 4404 causa
3433 4367 3524 4404 ca.

277 4440 563 4507 ἀπέραντα
620 4439 804 4490 πονεῖν
863 4435 1033 4504 ἡμᾶς,
1089 4432 1396 4502 ἀμύνοντας
1445 4429 1523 4499 τῷ
1580 4427 1844 4498 μηδέποτ’

1954 4429 2138 4499 piendi
2163 4442 2312 4498 sunt,
2345 4434 2486 4503 quod
2515 4451 2793 4504 nunquam
2841 4453 2948 4492 non
3000 4438 3052 4495 id
3088 4439 3230 4497 bello
3293 4443 3526 4510 petitur,

277 4528 439 4590 ἐκτδς
466 4525 657 4578 ἑστῶτι
693 4523 959 4592 πολέμου,
990 4521 1088 4574 νῦν
1120 4519 1219 4590 μὲν
1254 4520 1344 4571 τὸν
1367 4516 1525 4587 λιμὸν
1562 4516 1711 4584 αὐτῷ
1745 4532 1849 4567 πα-

280 4619 757 4692 ραμυθουμένους,
784 4615 974 4668 ἄλλοτε
1023 4613 1114 4666 καὶ
1148 4613 1248 4680 τὴν
1281 4610 1441 4682 δίψαν
1479 4608 1805 4671 σϐεννύντας
1830 4623 1846 4640 ·

274 4714 374 4765 καὶ
400 4711 529 4764 ποτὲ
567 4709 666 4779 μὲν
701 4707 851 4778 αὐτῷ
889 4705 1252 4776 προϐλήματα
1291 4703 1429 4773 πρὸς
1477 4700 1649 4770 ψῦχος
1679 4716 1850 4754 κατα-

277 4783 669 4866 σκευάζοντας,
719 4799 847 4852 ποτὲ
889 4800 944 4851 δὲ
1001 4797 1138 4867 πρὸς
1179 4794 1368 4864 καῦμα
1418 4793 1850 4865 μηχανωμένους

275 4893 433 4963 αῦτῷ
465 4891 810 4952 καταδύσεις.
843 4888 949 4940 Kal.
984 4885 1176 4939 σιωπῶ
1215 4883 1313 4946 τὰς
1341 4885 1486 4954 ὑπὲρ
1511 4880 1608 4935 τοῦ
1651 4897 1848 4952 πορισ-

279 4985 389 5058 μοῦ
414 4987 643 5048 τούτων,
675 4983 818 5038 κατά
851 4998 913 5033 τε
960 4981 1064 5050 γῆν
1095 4977 1189 5032 καὶ
1234 4976 1500 5030 θάλατταν
1535 4974 1850 5044 ἀποδημίας

274 5081 371 5134 καὶ
395 5079 495 5141 τάς
523 5077 661 5149 ὑπὲρ
688 5073 875 5129 ὀϐολοῦ
899 5071 1160 5133 πολλάκις
1187 5067 1518 5138 καταράτοις
1538 5065 1849 5136 ἀνθρώποις

274 5165 703 5236 προσαγομένας
761 5161 1003 5222 θωπείας
1049 5175 1108 5211 τε
1168 5159 1264 5210 καὶ
1303 5153 1762 5226 δουλοπρεπείας·
1821 5153 1849 5206 δ

275 5260 422 5319 τίνος
451 5256 512 5309 ὃν
540 5255 840 5325 βαρύτερον
877 5252 1073 5322 βρόχου
1111 5246 1403 5318 ἀνθρώπῳ,
1446 5246 1542 5299 καὶ
1585 5245 1730 5300 κατά
1758 5261 1849 5313 μι-

277 5350 414 5418 κρὸν
477 5345 673 5400 ἑαυτοῦ
727 5345 1041 5416 ᾐσθημένῳ,
1102 5340 1196 5393 καὶ
1252 5336 1569 5408 θεωροῦντι,
1613 5336 1848 5404 ἀφόῖου

275 5441 539 5510 ἀληθείας
577 5438 674 5490 καὶ
718 5437 920 5506 ἀρετῆς
956 5432 1126 5501 ὕψους
1178 5434 1258 5493 είς
1313 5429 1433 5482 οἵαν
1481 5429 1850 5483 καταπίπτειν

281 5530 626 5602 βωμολοχίαν
673 5528 768 5580 καὶ
809 5526 1091 5579 εὐτέλειαν
1139 5520 1542 5589 ἀναγκάζεταις
1581 5521 1647 5574 Τί
1695 5519 1741 5573 δ’
1784 5519 1851 5575 ἂν

278 5625 425 5675 εῐποι
451 5639 534 5685 τις
561 5622 658 5682 τὰς
686 5621 744 5672 ἑν
769 5619 888 5680 ταῖς
920 5615 1290 5676 παντοδαπαῖς
1319 5613 1495 5676 νόσοις
1519 5611 1732 5677 ὀδύνας,
1757 5613 1854 5666 καὶ

277 5710 638 5775 τείτολὶάκις
696 5711 794 5782 μὲν
841 5709 985 5763 οῦτω
1018 5707 1080 5760 τὸ
1139 5705 1296 5776 σῶμα
1331 5703 1847 5773 διαϐιϐρώσκεςθαι,

1951 4517 2081 4573 dum
2103 4520 2238 4575 alias
2268 4521 2466 4578 famem
2493 4524 2610 4593 ejus
2639 4527 2916 4593 sedamus,
2951 4528 3086 4585 alias
3111 4529 3261 4584 sitim
3316 4533 3557 4588 exstin«_

1950 4609 2187 4680 guimus,
2216 4613 2352 4668 alias
2375 4615 2544 4687 frigus
2578 4616 2646 4671 ab
2681 4632 2746 4672 eo
2777 4620 3174 4690 propulsamus,
3213 4622 3348 4683 alias
3390 4624 3558 4692 lot'u,‘

1949 4716 2070 4769 qua:
2100 4713 2262 4759 wstus
2325 4706 2596 4764 devitandi
2653 4725 2814 4765 causa
2867 4712 3085 4775 subeat,
3134 4716 3536 4783 excogitauius.

1951 4792 2131 4848 Taceo
2178 4799 2666 4868 peregrinationes,
2717 4811 2863 4856 terra
2925 4803 3173 4870 marique
3222 4813 3526 4872 susceptas,

1949 4887 2143 4947 harum
2173 4905 2352 4944 rerum
2387 4892 2746 4961 parandarum
2807 4909 3012 4950 causa:
3054 4904 3108 4948 et
3144 4894 3431 4958 blanditias
3461 4912 3538 4956 ac.

1949 4981 2178 5034 serviles
2211 4993 2419 5052 gestus,
2463 4983 2552 5052 qui
2585 4998 2726 5052 sepe
2756 4993 2976 5054 propter
2998 4983 3212 5044 oltolum
3234 5001 3526 5053 exsecran-

1948 5072 2032 5125 dis
2060 5072 2377 5132 hominibus
2427 5083 2777 5142 praestantur.
2830 5074 2962 5140 Quae
3019 5091 3128 5143 res,
3187 5079 3528 5148 quolaqueo

1950 5161 2162 5230 gravior
2189 5170 2271 5217 est
2299 5161 2522 5228 homini,
2550 5164 2641 5232 qui
2672 5165 2755 5218 vel
2780 5165 3003 5222 minima
3034 5181 3102 5221 ex
3142 5179 3296 5236 parte
3319 5180 3526 5224 semet-

1950 5253 2126 5321 ipsum
2161 5254 2311 5313 novit
2368 5263 2419 5309 et
2475 5255 2806 5322 considerat,
2839 5271 2868 5311 a
2919 5266 3127 5327 quanto
3177 5260 3424 5315 veritatis
3473 5275 3528 5318 et

1949 5343 2165 5399 virtutis
2200 5344 2434 5415 fastigio,
2470 5347 2536 5400 ad
2565 5362 2700 5416 quas
2734 5363 2927 5417 nugas,
2981 5359 3038 5404 et
3073 5351 3399 5421 quisquilias
3425 5355 3523 5409 de-

1951 5433 2132 5489 cidere
2155 5437 2421 5506 cogatur?
2464 5437 2582 5492 .lam
2614 5439 2741 5507 qu'd
2772 5439 2840 5494 de
2869 5440 3140 5504 variorum
3209 5444 3526 5500 morborum

1950 5524 2227 5580 doloribus
2252 5525 2540 5581 dicendum
2565 5529 2689 5582 est?
2735 5544 2858 5584 cum
2891 5543 3045 5599 saepe,
3065 5545 3266 5600 corpus
3297 5533 3371 5586 ita
3399 5549 3528 5589 ero-

1952 5613 2129 5682 datur,
2158 5626 2216 5670 ut
2248 5615 2334 5670 vix
2357 5617 2684 5675 calamitosa:
2745 5623 2946 5677 veteris
2999 5623 3260 5690 hominis,
3288 5628 3530 5694 reliquisn

1955 5707 2274 5776 supersint?
2335 5709 2516 5767 Miseri
2555 5712 2715 5783 igitur
2776 5731 2884 5770 non
2921 5717 3080 5772 modo
3130 5733 3235 5772 non
3298 5734 3523 5790 possunt
