3904 6216
514 246 664 310 12ὐ3

1784 247 2161 311 DEMETRU
2205 247 2515 307 CYDONII

3556 262 3645 330 liti

514 356 736 427 reliqui:
764 371 872 411 non
901 356 1011 420 uti,
1046 356 1141 411 sed
1173 372 1292 423 nec,
1354 356 1496 427 quod
1552 355 1617 411 iis
1639 357 1882 426 corporis
1921 357 2083 426 parti-

2196 358 2271 423 ὡς
2308 359 2461 423 μόλις
2483 357 2578 413 τοῦ
2606 360 2772 414 πάλαι
2804 362 2927 416 ποτ’
2958 362 3242 434 ἀνθρώπου
3274 364 3433 420 ἄθλιον
3454 366 3647 429 iclum:

511 446 614 501 bus
642 448 993 510 substituant,
1034 461 1154 515 qua:
1188 446 1252 500 iis
1279 448 1582 516 perierunt,
1642 446 1846 502 habent
1879 463 1893 501 :
1932 459 2092 518 atque

513 539 653 593 adeo
693 554 763 592 ne
791 553 883 592 eos
907 537 1149 608 quidem,
1190 554 1221 592 a
1254 538 1452 607 quibus
1518 539 1945 594 consolationem
1997 555 2093 593 au-

512 629 667 685 diant
705 646 717 683 :
750 628 895 698 quod
927 644 1119 683 omnes
1152 631 1359 684 saniem
1394 639 1448 685 et
1482 631 1827 702 putredinem
1886 639 1942 685 et
1974 645 2094 684 mo-

510 718 725 773 lestiam
758 735 878 788 qua:
901 718 1027 773 inde
1060 718 1237 773 oritur
1275 718 1504 790 fugiant,
1554 721 1695 791 quod
1755 734 1851 776 eos
1918 722 2092 791 magis

509 826 669 879 quam
704 809 807 879 ipsi
863 809 1084 874 dolores
1140 811 1421 865 excruciat
1482 828 1497 867 :
1559 811 1716 878 adeo,
1788 822 1849 867 ut
1889 812 2094 868 doloris

508 901 777 956 acerbitas
818 917 913 955 eos
946 916 1089 970 saepe
1139 902 1385 970 laqueos,
1448 913 1543 956 aut
1615 903 1938 972 praacipitia',
2000 911 2097 957 aut

507 1011 669 1051 enses
701 996 1012 1051 desiderare
1042 1003 1219 1065 cogat.
1242 995 1312 1051 Ut
1338 1007 1518 1051 autem
1542 998 1934 1069 concedamus,
1976 996 2099 1050 nul-

507 1090 612 1141 lam
644 1104 673 1142 a
700 1103 930 1157 corpore
971 1087 1442 1156 perturbationem
1468 1088 1650 1141 animo
1687 1087 1815 1141 oriri
1854 1087 2019 1157 (quod
2051 1086 2095 1142 si

508 1180 685 1244 ﬁeret,
728 1178 953 1232 monstri
1000 1179 1172 1232 instar
1211 1179 1567 1245 haberetur),
1598 1180 1720 1248 quis
1772 1179 1905 1234 satis
1937 1194 2100 1234 enar-

509 1272 646 1324 rarit
668 1280 1073 1340 tempestatem,
1106 1285 1223 1340 qua:
1255 1270 1310 1324 in
1344 1271 1739 1334 adolescentia,
1773 1280 1826 1325 et
1870 1286 2098 1342 corpore

513 1362 799 1424 incolumi,
838 1361 1038 1415 animis
1059 1377 1089 1414 a
1117 1362 1442 1432 corporibus
1472 1362 1828 1418 concitatur?
1856 1364 2098 1420 Omnino

508 1453 656 1528 enim
690 1454 941 1506 homines
1008 1463 1127 1506 tum
1154 1468 1224 1508 ne
1258 1454 1507 1509 homines
1565 1454 1784 1524 quidem
1815 1470 1935 1510 esse
1975 1471 2098 1526 pos-

512 1551 663 1608 sunt,
698 1557 821 1596 eum
872 1542 1037 1596 veluti
1065 1542 1340 1610 ﬂuctibus,
1374 1545 1444 1599 ab
1483 1546 1776 1615 agitatione
1804 1547 1893 1601 illa
1947 1563 2099 1601 men-

506 1636 599 1699 tis,
658 1635 711 1687 in
766 1634 1046 1688 brutorunt
1110 1646 1358 1689 naturam
1422 1635 1808 1693 detruduntur.
1866 1637 2096 1694 Servilia

506 1722 654 1774 enim
688 1722 853 1775 animi
887 1737 1033 1791 pars,
1062 1732 1116 1777 et
1174 1723 1403 1777 rationis
1434 1723 1667 1778 obnoxia
1715 1725 1964 1794 imperio,
1997 1742 2088 1781 ar-

494 1824 658 1882 ,ropla
684 1814 988 1879 occasione,
1038 1816 1290 1868 satietate
1353 1814 1711 1879 insolescens,
1764 1816 2086 1871 seditionem

506 1914 697 1959 contra
749 1915 987 1959 mentem
1019 1914 1224 1969 movet,
1252 1920 1429 1975 neque
1446 1905 1678 1975 amplius
1708 1906 2089 1976 obtemperan-

503 1997 629 2051 dum
661 1996 706 2051 ei
737 2005 948 2051 censet.
987 1996 1093 2051 Sed
1126 1996 1308 2051 animo
1362 2012 1648 2067 oppresso,
1673 1998 1882 2054 sobrias
1902 2008 1957 2053 et
1990 2000 2090 2054 bo-

504 2098 687 2143 nestas
709 2087 1072 2157 cogitationes
1107 2087 1297 2141 exsilio
1349 2097 1403 2142 et
1434 2088 1733 2158 ignominia
1763 2089 1979 2155 multat,
2015 2090 2090 2144 si-

501 2178 667 2246 bique
713 2180 886 2233 ascito,
929 2178 1187 2247 imperio,
1226 2192 1336 2246 quo
1390 2180 1506 2231 fors
1558 2178 1700 2240 tulit,
1763 2177 2084 2250 impellitur.

502 2267 719 2321 Etcum
771 2267 1034 2321 virtutem
1082 2282 1323 2331 omnem,
1396 2277 1650 2337 tanquam
1710 2268 2085 2339 impotentiam

501 2357 745 2426 aliquam
774 2358 1115 2412 contemnit:
1150 2367 1261 2412 tum
1287 2358 1340 2411 in
1398 2359 1511 2412 sola
1548 2359 1893 2429 improbitate
1928 2363 2084 2416 forti-

502 2450 746 2511 tudinem
783 2465 907 2504 esse
971 2449 1130 2505 sitam
1187 2450 1512 2505 existimat:
1556 2452 1794 2521 denique
1853 2454 2085 2507 assidua:

499 2538 770 2600 ebrietati,
801 2548 854 2593 et
886 2538 1223 2608 petulantiae,
1271 2548 1327 2593 et
1376 2541 1530 2594 omni
1594 2541 1860 2610 iniquitati
1914 2542 2087 2595 humi-

499 2644 629 2680 num
663 2628 843 2693 tradit,
884 2624 1066 2698 neque
1092 2628 1291 2697 prioris
1327 2629 1510 2700 ﬁgura:
1541 2632 1835 2700 quidquam
1887 2641 2085 2701 praeter

499 2733 726 2783 nomen,
763 2718 837 2771 illi
874 2718 1151 2787 relinquit.
1179 2718 1271 2773 Sic
1303 2734 1503 2789 corpus
1545 2720 1732 2775 dolore
1772 2721 1937 2776 allicit
1967 2723 2085 2776 ani-

500 2825 674 2872 mum,
730 2821 839 2865 non
870 2807 1048 2860 minus
1081 2823 1174 2873 per
1205 2809 1537 2878 voluptates,
1569 2828 1735 2879 quam
1770 2828 1865 2881 per
1908 2814 2081 2869 mole-

448 2938 451 2943 -
499 2898 631 2954 stias
664 2916 677 2951 :
711 2912 777 2950 ae
807 2896 988 2964 potius
1012 2896 1133 2964 plus
1162 2906 1320 2952 nocet
1351 2901 1463 2955 otio
1491 2910 1547 2955 et
1581 2903 1924 2959 remissione.
1949 2902 2081 2959 Nam

2195 451 2480 520 λείψανον;
2519 453 2681 506 Ὠστε
2740 453 2863 523 μηδ’
2916 454 3062 525 ἔχειν
3115 457 3239 520 τοὺς
3279 456 3586 530 ταλαιπώρους
3613 467 3649 520 οὗ

2201 543 2365 614 μόνον
2390 545 2417 597 δ
2449 562 2502 598 τι
2549 545 2627 615 τῷ
2652 545 2827 616 λοιπῷ
2884 548 3200 617 χρήσονται,
3231 549 3337 602 ἀλλ’
3369 551 3458 605 οὐδ’
3481 550 3542 617 οἷς
3580 556 3651 610 ἀντὶ

2198 636 2311 689 τῶν
2341 636 2703 691 ἀπολωλότων
2735 637 2921 701 αὐτοῖς
2975 639 3158 710 μερῶν
3193 641 3286 695 τοῦ
3323 642 3536 713 σώματος
3570 648 3653 720 χρή-

2202 742 2424 780 σονται*
2470 725 2597 797 μηδ’
2624 727 2720 795 ἀφ’
2756 725 2832 783 ὧν
2874 728 3007 797 γοῦν
3040 731 3380 802 παραμυθίας
3404 736 3653 803 ἀκούσονται,
3742 768 3745 773 ι

2200 817 2424 872 πάντων
2453 818 2581 881 τοὺς
2615 818 2843 888 ἰχῶρας,
2878 823 2972 876 καὶ
3018 822 3117 892 τὴν
3153 823 3331 893 σῆψιν,
3364 828 3446 880 καὶ
3472 828 3656 898 τὴνὶκεῐ-

2200 907 2291 961 Θεν
2327 908 2539 978 ἀηδίαν.
2587 913 2921 977 φευγόντων,
2971 911 3000 965 ὃ
3035 914 3129 966 καὶ
3175 915 3281 968 τῶν
3312 917 3485 971 ὀδυνῶν
3514 920 3657 983 τούτοις

2196 999 2621 1071 ὀδυνηρότερον,
2642 1000 2773 1054 ὥστ’
2807 1003 2882 1063 ὡς
2918 1003 2982 1056 ἂν
3028 1004 3286 1069 πολλάκις
3315 1009 3484 1071 αὐτοὺς
3516 1012 3566 1079 τῇ
3590 1010 3653 1080 τῆς

2197 1089 2391 1162 ὀδύνης
2418 1092 2716 1162 δριμύτητι
2743 1096 2822 1156 είς
2858 1092 3091 1163 βρόχων,
3120 1096 3153 1165 ἢ
3186 1099 3442 1167 κρημνῶν,
3470 1101 3497 1172 ἢ
3539 1102 3658 1169 Eleos;

2197 1182 2501 1253 ἐπιθυμίαν
2532 1184 2707 1237 ἐλθεῖν
2752 1186 3089 1254 ἀναγκάσαι.
3142 1188 3206 1241 El
3234 1188 3286 1242 δὲ
3314 1188 3372 1260 δὴ
3400 1192 3481 1245 καὶ
3501 1191 3659 1263 ,δοίημεν

2200 1271 2481 1342 μηδεμίαν
2517 1273 2628 1327 ἀπὸ
2653 1272 2747 1327 τοῦ
2784 1274 3036 1344 σώματος
3069 1277 3313 1347 ταραχὴν
3343 1281 3599 1348 συμϐαίνειν
3620 1285 3659 1351 τῇ

2198 1364 2372 1434 ψυχῇ,
2422 1364 2450 1417 ὃ
2485 1365 2782 1436 γενόμενον
2827 1366 2938 1421 τῶν
2974 1367 3291 1439 παραδόξων
3332 1370 3392 1425 ἀν
3422 1372 3658 1444 νομισθείηο

2198 1456 2283 1519 τίς
2314 1455 2379 1509 ἀν
2428 1455 2684 1529 ἀρκέσειε
2731 1458 3096 1529 διηγούμενος
3120 1461 3212 1514 τὸν
3238 1463 3292 1513 ὲν
3319 1463 3509 1533 νεότητι
3544 1466 3661 1518 κσὶῦ-

2200 1547 2350 1618 γιείᾳ
2384 1549 2537 1617 παρὰ
2585 1548 2695 1602 τῶν
2728 1550 3000 1618 σωμάτων
3026 1555 3153 1613 ταῖς
3195 1550 3382 1622 ψυχαῖς
3408 1554 3662 1624 ἐγειρόμενον

2204 1640 2368 1693 σάλον
2386 1658 2400 1704 ;
2419 1640 2687 1711 Ἀτεχνῶς
2709 1641 2818 1712 γὰρ
2842 1641 2953 1695 οὐδ’
2974 1642 3256 1713 ἄνθρωποι
3278 1645 3389 1697 τότε
3418 1644 3663 1714 συγχωροῦν-

2197 1749 2287 1784 ται
2324 1726 2464 1785 εἶναι
2497 1731 2546 1783 oi
2579 1730 2881 1802 ἄνθρωποι,
2924 1733 3118 1804 ὥσπερ
3172 1735 3275 1789 ὑπό
3304 1752 3449 1789 τινων
3483 1735 3661 1805 κυμάτων

2195 1817 2290 1872 τοῦ
2321 1819 2421 1886 τῆς
2449 1819 2687 1881 διανοίας
2715 1820 2987 1883 κλύδωνος
3018 1823 3101 1884 είς
3129 1821 3228 1892 τὴν
3259 1821 3362 1875 τῶν
3385 1822 3557 1889 ἀλόγων
3578 1823 3662 1887 ἐξω·

2195 1906 2447 1977 θούμενοι
2480 1910 2665 1974 φύσιν.
2701 1911 2773 1962 Τὸ
2830 1910 2940 1981 γὰρ
2987 1910 3389 1979 ἀνδραποδῶδες
3429 1910 3513 1978 τῆς
3542 1910 3659 1980 ψυχῆς

2194 1995 2287 2048 καὶ
2323 1993 2598 2049 δουλεύειν
2643 1995 2861 2064 όφεῐλον
2894 1997 2972 2066 τῷ
3006 1996 3174 2066 λόγῳ,
3222 1997 3401 2067 καιροῦ
3421 1997 3653 2066 λαϐόμινον,

2194 2089 2290 2141 καὶ
2320 2086 2409 2141 διὰ
2437 2088 2598 2159 κόρον
2620 2086 2863 2159 ὑϐρίζον,
2888 2089 3175 2154 στασιάζει
3206 2091 3302 2160 μὲν
3326 2091 3445 2159 πρὸς
3471 2090 3544 2141 τδν
3567 2088 3658 2153 νοῦν,

2194 2179 2289 2233 καὶ
2318 2179 2614 2233 ὑπακούειν
2639 2181 2737 2234 οὐκ
2765 2180 2839 2234 ἐτ’
2874 2181 3159 2251 ἀνέχεταιο
3189 2181 3424 2253 ἁρπάσαν
3445 2180 3490 2234 δὲ
3516 2179 3661 2249 τὴνψυ-

2192 2272 2315 2342 κῆν,
2348 2274 2477 2333 τοὺς
2508 2272 2607 2340 μὲν
2664 2271 2954 2342 σώφρονας
3006 2272 3119 2326 τῶν
3182 2272 3444 2341 λογισμῶν
3487 2272 3661 2323 καίτοι·

2196 2362 2353 2431 μίους
2382 2364 2581 2430 φυγαῖς
2619 2364 2714 2416 καὶ
2740 2363 2993 2433 ἀτιμίαις
3038 2363 3297 2428 κολάζει·
3342 2362 3404 2416 δι’
3447 2358 3595 2415 ἑαυτοῦ
3629 2357 3661 2409 δι

2191 2454 2559 2520 ποιησάμενον
2624 2456 2726 2524 τὴν
2794 2455 3136 2525 ἡγεμονίαν,
3207 2454 3288 2523 ἐφ’
3336 2453 3362 2507 ὃ
3412 2470 3457 2505 τι
3508 2452 3559 2504 ἀν
3601 2449 3660 2501 τύ-

2192 2562 2299 2615 χοι.
2351 2546 2618 2615 φέρεται⁶
2657 2547 2863 2617 ἀρετῆς
2924 2547 3025 2615 μὲν
3072 2546 3259 2615 πάσης
3308 2545 3377 2609 ὡς
3423 2539 3660 2607 ἀδυναμίας.

2191 2635 2594 2704 καταφρονοῦν,
2659 2637 2830 2707 μόνην
2858 2638 2916 2690 δι
2956 2638 3188 2706 ἀνδρίαν
3216 2637 3313 2706 τὴν
3340 2635 3511 2689 κακίαν
3540 2628 3660 2699 οἰόμε-

2188 2743 2315 2781 νον·
2352 2730 2446 2781 καὶ
2473 2729 2661 2781 λοιπὸν
2712 2733 2931 2798 συνεχεῖ
2984 2730 3154 2802 μέθῃ.
3197 2730 3290 2783 καὶ
3337 2725 3572 2793 ἀκολασίᾳ,
3602 2720 3659 2773 ul

2190 2820 2340 2889 πάσῃ
2374 2819 2719 2888 παρανομίᾳ,
2757 2819 2848 2872 τὸν
2893 2818 3189 2889 ἄνθρωπον
3227 2818 3545 2889 παραδίδωσιο
3568 2809 3658 2877 πλὴν

2189 2908 2457 2977 ὀνόματος
2486 2906 2654 2977 μηδὲν
2686 2904 2816 2961 ἀλλο
2842 2907 3170 2977 συγχωροῦν
3200 2906 3339 2975 αὐτῷ
3363 2903 3445 2958 τοῦ
3468 2898 3658 2972 προτέρω

500 2990 686 3060 auriga
715 3002 929 3058 quoque
960 2987 1080 3055 plus
1108 2987 1339 3054 laeditur,
1376 3006 1499 3044 cum
1532 2992 1661 3061 equi
1685 2993 1852 3048 ubere
1879 2996 2077 3064 pabulo

2193 2994 2462 3065 φέρεσθαι
2505 2998 2804 3065 σχήματος.
2836 2994 3029 3061 Οὕτως
3060 2998 3166 3068 οὐχ
3195 2989 3348 3069 ἦττον
3390 2996 3440 3046 ὲν
3462 2988 3656 3092 ταϊςξιδου

502 3092 555 3135 et
588 3081 837 3135 satietate
871 3078 1181 3140 lasciviunt,
1216 3088 1375 3149 atque
1406 3090 1612 3137 temere
1641 3084 1863 3150 saltant,
1927 3102 2088 3156 quam

501 3187 626 3227 cum
663 3171 734 3226 ob
756 3170 951 3234 {amem
980 3179 1036 3223 et
1061 3169 1489 3247 imbecillitatem
1531 3173 1677 3229 lente
1725 3177 2086 3249 progrediun-

504 3275 615 3317 iur.

2198 3088 2315 3149 ναῖς
2348 3087 2380 3155 ἢ
2417 3088 2537 3151 ταῖς
2579 3087 2799 3157 ἀηδίαις
2840 3087 2938 3158 τὴν
2984 3088 3172 3160 ψυχὴν
3218 3086 3421 3155 ἀλγύνει
3460 3083 3509 3136 τὸ
3536 3079 3655 3145 σῶμα,

2198 3177 2402 3247 μᾶλλον
2427 3176 2472 3230 δ’
2506 3178 2646 3249 αὐτῇ
2674 3180 2825 3247 παρά
2841 3179 2945 3248 τῆς
2975 3180 3220 3243 ἀνέσεως
3256 3179 3439 3250 μείζων
3462 3177 3489 3244 ἡ
3513 3172 3653 3243 ﬁmi

2190 3270 2312 3325 ἐπεὶ
2345 3270 2440 3322 καὶ
2468 3268 2683 3339 ἡνίοχος
2716 3271 2901 3340 χεῖρον
2937 3270 3003 3324 ἂν
3032 3271 3222 3336 πάθοι,
3250 3270 3331 3326 διὰ
3356 3266 3502 3333 κακὴν
3517 3261 3655 3329 τροφὴν

502 3354 595 3408 καὶ
628 3352 791 3421 κόρον
852 3349 1214 3421 σφριγῶντων
1273 3353 1422 3424 αὐτῷ
1462 3358 1558 3410 καὶ
1606 3356 1904 3428 πηδώντων
1948 3359 2201 3424 ἀτάκτως
2241 3361 2354 3413 τῶν
2423 3361 2629 3425 ἵππων,
2697 3360 2733 3433 ἢ
2781 3360 2849 3415 δι’
2895 3360 3172 3432 ἀτροφίαν
3236 3360 3327 3416 καὶ
3381 3348 3657 3417 ἀσθενειανὴ·

503 3450 641 3519 συχῆ
674 3445 998 3519 προῖόντωνι

1102 3539 1331 3596 CAPUT
1384 3538 1503 3594 XX.

570 3636 748 3702 Atque
778 3618 891 3691 Ilaec
921 3636 1065 3690 dicta
1099 3634 1257 3689 nobis
1305 3633 1416 3687 sint
1463 3633 1529 3688 ad
1565 3647 1660 3688 eos
1720 3635 1810 3702 qui
1846 3637 2077 3705 Opinan-

502 3736 588 3778 tur
619 3726 929 3781 hominibus
967 3737 1087 3797 post
1116 3736 1346 3781 "10!le
1382 3725 1518 3779 nihil
1546 3741 1666 3780 esse
1703 3727 1921 3797 reliqui,
1983 3731 2079 3785 Sed

499 3817 680 3870 omnia
715 3819 928 3887 perire;
956 3818 1161 3887 quique
1190 3826 1403 3887 putant,
1435 3833 1550 3871 eam
1583 3818 1683 3872 hac
1710 3816 1776 3872 de
1803 3835 1963 3873 causa
1992 3837 2080 3875 re-

2595 3608 2602 3615 .
2709 3594 2722 3606 ,
2785 3539 3038 3599 ΚΕΦΔΛ.
3082 3540 3174 3598 κ’.

2262 3633 2406 3703 Πρὸς
2432 3634 2531 3702 μὲν
2562 3633 2655 3686 οὖν
2706 3634 2834 3697 τοὺς
2867 3634 3159 3705 οἰομένους
3202 3632 3362 3705 μηδὲν
3390 3631 3484 3693 τοῖς
3505 3620 3652 3692 ἀνθρῦ

2189 3740 2314 3785 ποις
2363 3725 2505 3793 μετά
2532 3723 2624 3778 τδν
2657 3723 2895 3787 Θάνατον
2931 3724 3249 3789 λείπεσθαι,
3279 3722 3401 3777 ἀλλά
3442 3717 3651 3771 nandu-

2187 3833 2273 3868 σιν
2303 3816 2666 3882 ἀπόλλυσθαι,
2700 3818 2793 3873 καὶ
2827 3817 2917 3871 διὰ
2960 3817 3108 3872 τοῦτ’
3144 3822 3307 3874 αὐτὸν
3335 3818 3561 3889 χείριστον
3580 3807 3650 3863 τῶν

504 3921 622 3958 rum
675 3907 1041 3960 humanarum
1072 3923 1194 3962 esse
1254 3907 1566 3976 pessimam.
1624 3910 1701 3962 Ac
1760 3911 1948 3964 eadem
2006 3911 2075 3966 ad

2183 3907 2457 3980 ἀνθρώπῳ
2494 3908 2911 3979 συμὸαινόντων
2959 3910 3300 3979 νομίζοντας,
3343 3906 3537 3969 τοσαῦτα
3561 3899 3649 3969 ἡμῖν

504 4001 947 4067 persuadendum
980 4000 1047 4053 iis
1074 4002 1261 4063 etiam,
1296 4000 1552 4053 videntur
1608 4001 1738 4054 satis
1793 4016 1934 4067 esse,
1970 4004 2065 4073 qui

2183 3998 2447 4068 εἰρήσθω.
2494 4000 2681 4052 Ἱκανά
2710 4001 2765 4054 δὲ
2817 4000 2968 4055 δοκεῖ
3023 4018 3118 4072 μοι
3169 4004 3289 4064 τοὺς
3320 4002 3387 4070 μὴ
3418 3994 3647 4052 παντάπασι

501 4104 606 4141 non
634 4090 948 4144 tardissimo
979 4098 1107 4144 sunt
1134 4088 1371 4160 ingenio,
1428 4076 1591 4144 licere
1628 4090 1787 4145 nobis
1839 4092 1969 4147 alibi
1998 4094 2077 4148 vi-

2183 4089 2391 4161 βραδεῐς
2443 4095 2801 4155 καταπεῐσαι,
2837 4093 2910 4156 ὡς
2944 4093 3061 4147 ἐστι
3110 4096 3204 4148 καὶ
3248 4093 3387 4162 παρά
3422 4089 3568 4142 τοῦτον
3589 4081 3646 4131 τὸν

501 4191 649 4239 vere,
686 4178 848 4230 etiam
882 4186 1036 4235 extra
1065 4178 1205 4231 banc
1232 4177 1417 4242 vitam,
1442 4192 1508 4233 eo
1537 4180 1681 4247 quod
1729 4179 1782 4233 in
1810 4180 1969 4236 nobis
2020 4191 2078 4236 et

2183 4181 2292 4251 βίον
2321 4181 2505 4235 ἄλλοθι
2535 4184 2634 4254 ζῇν
2676 4183 2754 4253 τῷ
2796 4185 3049 4254 μεγίστῳ
3090 4186 3199 4238 τῶν
3229 4188 3285 4238 ὲν
3316 4185 3436 4253 ἡμῖν
3462 4179 3534 4232 καὶ
3555 4173 3647 4225 Otto-

499 4270 797 4323 maximum
844 4278 930 4328 est
973 4277 1027 4325 et
1076 4269 1476 4325 divinissimum
1512 4288 1526 4326 :
1557 4279 1614 4326 ut
1672 4280 1725 4326 et
1772 4272 2072 4328 incolumes

2183 4273 2344 4341 τάτῳ,
2382 4274 2481 4327 καὶ
2513 4273 2858 4343 σωζομένους
2885 4276 2980 4329 καὶ
3009 4276 3194 4340 ὄντας.
3236 4276 3338 4330 Καί
3363 4269 3526 4329 τοιτάἶ

499 4360 691 4423 simus,
723 4370 780 4413 et
812 4376 1251 4430 permaneamus.
1289 4362 1526 4418 Tametsi
1561 4363 1825 4418 maximas
1886 4374 1940 4419 et
1975 4380 2067 4419 va-

2183 4377 2312 4425 στας
2343 4364 2452 4416 τῶν
2480 4361 2813 4427 ἀποδείξεων
2842 4365 2935 4416 καὶ
2984 4364 3335 4436 ἰσχυροτάτας
3373 4358 3568 4427 παρῆκα.
3594 4348 3634 4437 ,δί

503 4452 795 4507 lidissimas
822 4455 1317 4517 demonstrationes
1345 4458 1686 4525 praetermisi,
1737 4458 1935 4527 quibus
1990 4474 2079 4514 sa-

2183 4444 2255 4506 ὧν
2284 4447 2352 4524 ἦν
2382 4452 2478 4506 καὶ
2531 4452 2659 4516 τοὺς
2708 4453 2888 4519 θείους
2935 4458 3226 4525 χρησμοὺς
3268 4456 3371 4516 τοῖς
3413 4446 3642 4517 λεγομένοις

503 4558 593 4597 era
617 4558 833 4612 quoque
863 4545 1081 4597 oracula
1132 4561 1255 4600 cum
1287 4546 1390 4610 bis,
1420 4564 1538 4616 qua:
1570 4550 1915 4617 protulimus,
1945 4566 2077 4605 con-

2183 4542 2354 4608 δεῖξαι
2387 4545 2936 4614 συμφθεγγομένους,
2969 4547 3019 4600 οἳ
3067 4549 3137 4601 τά
3190 4547 3321 4617 μετά
3360 4543 3440 4597 τὸν
3476 4531 3643 4602 παρόντα

498 4632 723 4697 sentire,
765 4632 1127 4695 demonstrari
1156 4634 1443 4703 potuisset.
1488 4637 1621 4702 Quae
1653 4649 1773 4708 post
1805 4641 1945 4695 banc
1993 4642 2074 4695 vi-

2183 4634 2318 4704 βίον,
2346 4634 2470 4687 ὅσον
2494 4636 2605 4688 οὐδ’
2640 4636 2788 4689 ἔστιν
2821 4638 3025 4701 εἰπεῖν,
3055 4639 3191 4710 ηδίω
3213 4637 3303 4690 καὶ
3329 4628 3646 4710 προσηνέστεμξ

497 4735 607 4777 tam
637 4723 765 4777 viris
800 4723 961 4778 bonis
993 4730 1202 4776 tantam
1232 4703 1897 4793 jucunditatem;tentant
1945 4744 2073 4782 sua-

2183 4703 2289 4785 τοῖς
2322 4724 2548 4792 ἀγαθοῖς
2594 4727 2706 4780 τῶν
2749 4729 2960 4799 ἀνδρῶν
2999 4703 3354 4799 προλέγουσιν
3394 4703 3642 4775 ἔσεσθανεί

494 4817 716 4870 nitatem
742 4814 1084 4884 promittunt,
1118 4823 1178 4869 ut
1205 4815 1355 4869 nullo
1384 4815 1547 4871 modo.
1573 4817 1757 4873 verbis
1808 4820 2065 4889 explicari

491 4916 713 4975 queant:
752 4907 856 4961 nisi
884 4906 951 4961 ad
985 4907 1124 4962 banc
1154 4907 1578 4977 disputationem
1608 4909 1825 4965 rudiora
1864 4924 1918 4966 et
1952 4928 2069 4967 ma-

492 5000 572 5069 gis
602 5000 758 5056 obvia
803 5000 1051 5054 sensibus
1082 4999 1381 5073 adducere_
1410 5000 1723 5059 voluissem.
1751 5000 1937 5057 Restat
1966 5004 2067 5075 igi-

494 5105 597 5155 tur,
637 5099 694 5145 ut
728 5100 781 5146 et
813 5090 989 5145 tertiis
1019 5093 1222 5159 aliquid
1260 5094 1714 5162 respondeamus,
1776 5105 1831 5149 et
1876 5095 2065 5150 decla-

493 5197 698 5246 remus,
723 5197 790 5237 ne
836 5183 1075 5252 ipsorum
1107 5182 1327 5251 quidem
1383 5184 1739 5255 cogitationes
1778 5202 1965 5241 carere
1999 5188 2065 5245 ti-

492 5272 733 5327 miditate
764 5288 872 5327 non
910 5270 1295 5332 conveniente.
1349 5272 1425 5326 Ac
1460 5273 1719 5327 ultionem
1756 5290 1875 5329 esse
1915 5276 2059 5344 apud

491 5363 718 5427 inferos,
737 5377 926 5417 eorum
951 5376 1072 5431 quin
1093 5361 1676 5431 bicdelinquuntur,et
1699 5364 1883 5418 multis
1909 5380 2060 5419 acer-

490 5454 757 5509 bitatibus
799 5452 915 5507 illic
947 5453 1165 5506 multari
1196 5452 1568 5507 redundantes
1598 5454 1760 5524 hujus
1796 5455 2063 5523 temporis,

486 5544 832 5613 voluptates:
867 5546 1009 5599 hanc
1029 5545 1344 5614 opinionem
1378 5546 1585 5599 ﬁrmam
1618 5560 1763 5609 esse,
1824 5563 1932 5601 non
1957 5549 2057 5603 do-.

483 5646 696 5697 ctenim
723 5645 933 5699 tantum
961 5637 1199 5699 virorum
1225 5652 1523 5705 consensus
1550 5639 1835 5717 approbat,
1876 5640 1968 5697 sed
1995 5651 2051 5697 et

2176 4813 2253 4884 μὴ
2279 4816 2395 4878 τοῖς
2449 4815 2845 4884 ἁπλουστέροις
2897 4820 3101 4889 μᾶλλον
3147 4820 3240 4872 καὶ
3290 4818 3399 4876 ταῖς
3434 4804 3641 4868 αίσθῆσεσι

2173 4909 2619 4977 προχειροτέροις
2649 4911 2953 4982 ἐϐουλήθην
2982 4916 3117 4983 πρὸς
3149 4914 3247 4981 τὴν
3273 4905 3478 4969 διάλεξιν
3499 4896 3641 4968 χρήσα-

2173 4997 2323 5051 σθαι.
2352 5000 2557 5052 Λοιπὸν
2586 5001 2769 5055 τοίνυν
2792 5005 2886 5057 καὶ
2909 5009 3046 5075 πρὸς
3071 5006 3194 5067 τοὺς
3217 5003 3418 5073 τρίτους
3442 4989 3638 5075 ιίπτίν

2170 5086 2267 5140 καὶ
2299 5088 2501 5152 δεῖξαι.
2543 5090 2680 5158 μηδὲ
2720 5094 2848 5156 τοὺς
2904 5068 3135 5148 ἐκείνων
3177 5068 3442 5160 λογισμοὺς
3471 5068 3642 5145 MPF"

2168 5200 2267 5252 γου
2308 5187 2515 5248 δειλίας
2560 5184 3041 5256 ἀπηλλαγμένους.
3076 5182 3223 5239 Εἶναι
3266 5172 3453 5252 μὲνοῦν
3484 5173 3529 5223 ἐν
3551 5165 3636 5260 ᾂδξυ

2166 5278 2308 5331 τίσιν
2366 5280 2474 5330 τῶν
2522 5278 2760 5331 ἐνταῦθα
2810 5277 3293 5347 ἁμαρτανομένων,
3348 5268 3428 5323 καὶ
3471 5261 3547 5327 τῆς
3574 5266 3637 5347 im

2163 5370 2275 5433 ’ζῶν
2330 5369 2538 5437 ἡδονῶν
2564 5367 2833 5440 ἀμετρίας
2852 5345 3049 5438 ’ἀηδῶν
3079 5370 3194 5421 ἐκεῖ
3217 5361 3408 5416 πολλῶν
3443 5345 3632 5440 ἀντιδίδν·

2165 5431 2292 5515 σθαι
2336 5431 2556 5530 πεῖραν,
2605 5431 2723 5530 οὐχ.
2755 5462 2789 5532 τι
2841 5431 2951 5513 τῶν
2997 5460 3172 5530 σοφῶν
3219 5431 3633 5539 πάντων

2164 5526 2322 5621 μόνον
2355 5522 2633 5622 ὲρρὦσδαι
2776 5522 2949 5616 ’δόξαν
2978 5522 3178 5620 ratith
3204 5548 3517 5617 παρίστησιν,
3539 5522 3631 5622 an?

2162 5604 2316 5709 itali)
2476 5604 2632 5711 Θείας
2680 5604 3039 5709 δίκαιοσύνης
3074 5604 3338 5713 ίσότης
3387 5632 3543 5685 πάντες
3565 5604 3634 5676 κει
