3904 6216
301 191 437 251 1203

1425 197 1524 256 ne
1565 192 2139 260 CONTEMNENDA
2180 184 2459 261 meum

3411 193 3563 260 12062

294 304 347 355 oi
372 303 853 373 ἀναισχυντότατοι
886 306 1291 379 συγχωροῦσιν,
1331 309 1594 381 ἀκίνητον
1624 314 1704 366 ·ὲν
1749 315 1871 376 ταῖς

1978 315 2171 370 divina
2194 315 2420 385 jnstitia:
2451 313 2753 385 aqualitas.
2797 326 2963 383 quam
2999 325 3191 368 omnes
3218 309 3383 369 etiam
3439 312 3545 367 im—

291 391 494 462 ψυχαῖς
522 393 585 447 τὸ
634 394 813 465 δόγμα
840 396 1024 452 τοῦτο’
1054 402 1244 469 τηρεῐν
1287 400 1746 472 ἀναγκαζόμενοι.
1779 404 1871 473 Τῷ

294 483 405 552 γὰρ
431 484 624 553 ἀγαθῷ
668 488 766 540 καὶ
793 488 1119 561 τελειοτάτφ
1142 490 1265 561 Θεῷ
1312 493 1487 547 ἐνδεῖν
1513 511 1570 548 τι
1599 496 1709 551 τῶν
1731 497 1868 565 ἀγα-

295 573 408 626 θῶν
460 576 560 646 οὐχ
622 577 770 635 ὅσιον
808 580 1043 637 οἴεσθαι.
1082 583 1315 651 ’Δγαθὸν
1363 585 1422 639 δὶ
1476 587 1510 657 ἢ
1547 585 1868 660 δικαιοσύνη

296 664 432 720 πᾶσι
460 666 579 733 μὲν,
614 668 850 738 μάλιστα
871 672 928 725 δὲ
956 676 1071 735 τοῖς
1100 675 1293 745 ἄρχειν
1331 676 1611 748 λαχοῦσιν,
1638 674 1707 753 ἧς
1739 682 1870 734 ἀνευ

296 756 499 828 πολλῆς
520 759 586 813 ἂν
613 761 714 831 τὴν
742 763 918 835 ἀρχὴν
945 765 1292 837 ἀμπλήσαιιν
1322 769 1727 841 πλημμελείας.
1751 774 1872 828 tus-

295 848 458 905 λιστα
495 852 552 905 δὲ
586 853 747 924 ἄρχει
774 855 908 921 Θεὸς
938 862 1036 915 καὶ
1054 859 1154 931 τὴν
1188 860 1454 933 μεγίστην
1478 864 1573 918 καὶ
1600 866 1871 919 τελεωτάκ

296 956 396 1008 την
430 940 626 1011 ἀρχὴν,
658 944 742 997 ὃτι
771 945 893 1015 μηδ’
920 945 1037 1017 ἔχει
1084 948 1177 1002 τὸν
1207 950 1315 1021 πρὸ
1343 950 1541 1007 αὐτοῦ’
1579 953 1691 1009 οὐδ’
1719 954 1870 1011 ἔστιν

294 1026 356 1084 οὗ
393 1031 584 1097 δεῖται,
614 1033 684 1088 ἶν’
710 1037 742 1104 ἡ
770 1040 930 1106 χρεία
958 1039 1051 1091 καὶ
1079 1040 1218 1112 πρὸς
1244 1042 1491 1097 δουλείαν
1515 1044 1679 1099 αὐτὸν
1710 1047 1870 1101 ἑλκύ-

297 1138 444 1175 σειεν
474 1124 533 1175 ἐν
560 1124 637 1193 τῷ
675 1126 855 1195 μέρει.
904 1128 1132 1185 Πάντων
1166 1130 1346 1185 τοίνυν
1389 1132 1553 1195 αὐτὸς
1582 1136 1867 1206 προκαθή-

298 1231 486 1283 μενος,
524 1219 618 1269 xci.
665 1217 774 1270 τῶν
804 1218 1170 1289 ἀνθρωπίνων
1212 1222 1393 1291 ἔργων
1442 1226 1739 1291 ἐπίσκοπος
1769 1226 1866 1296 ὣν,

294 1311 569 1382 πάρεδρον
591 1312 651 1378 ἐξ
680 1314 928 1382 ἀνάγκης
962 1314 1111 1386 αὐτῷ
1142 1316 1241 1386 τὴν
1265 1314 1616 1390 δικαιοσύνην
1643 1323 1869 1393 ποιήσει

292 1399 465 1475 ται,ᾖ
499 1405 607 1457 τῶν
648 1406 750 1473 μὲν
790 1408 1012 1474 ἀγαθῶν
1062 1411 1319 1479 ἀμοιϐἀς,
1357 1416 1627 1483 τιμωρίας
1667 1416 1723 1468 δὲ
1758 1417 1869 1470 τῶν

300 1491 482 1544 κακῶν
510 1495 650 1562 όριεῐ
673 1510 687 1523 ·
720 1494 749 1547 ὸ
783 1497 953 1565 μόνης
988 1498 1150 1567 ἔργον
1178 1500 1553 1575 δικαιοσύνης.
1590 1505 1653 1560 El
1685 1508 1869 1559 τοίνυν

304 1582 553 1649 ἀγαθὸςό
583 1583 737 1651 Θεὸς,
772 1587 1008 1657 ἀνάγκη,
1045 1591 1161 1652 τοίς
1214 1590 1315 1657 μὲν
1351 1591 1585 1661 ἀγαθοῖς
1627 1594 1736 1647 τῶν
1774 1596 1866 1648 ἀν-

1975 404 2361 475 pudentissitni
2393 404 2721 468 concedunt,
2746 419 2870 459 cum
2901 403 3044 458 hanc
3089 402 3417 457 sententiam
3441 401 3547 455 im-

1976 505 2181 551 motam
2203 496 2264 550 in
2295 494 2495 551 animis
2528 495 2766 551 retinere
2821 503 3107 565 cogantur.
3182 491 3371 563 Neque
3401 494 3549 548 enim

1975 586 2097 642 sine
2126 585 2330 641 scelere
2353 584 2593 657 cogitare
2619 599 2934 657 possumus,
2962 588 3107 640 bono
3126 590 3183 640 et
3207 583 3549 655 perfectissi-

1975 691 2067 733 mo
2100 676 2207 732 Deo
2233 677 2437 747 aliquid
2469 677 2599 733 boni
2657 676 2879 739 deesse.
2927 674 3151 731 Iustitia
3192 684 3373 730 autem
3422 690 3549 729 curn

1973 767 2230 823 omnibus
2258 768 2401 823 bona
2428 777 2531 832 est,
2563 778 2675 823 tum
2696 783 2827 824 vero
2858 766 2927 823 iis
2957 766 3160 838 quibus
3208 768 3550 838 principatus

1974 856 2189 928 obtigit,
2234 857 2355 913 sine
2387 874 2493 928 qua
2538 858 2728 915 multis
2755 858 2995 929 peccatis
3046 858 3337 929 imperium
3395 873 3549 913 com-

1974 946 2220 1017 plebunt.
2248 946 2308 1004 In
2342 948 2534 1019 primis
2560 958 2744 1005 autem
2778 948 2922 1004 Deu‘s
2956 948 3194 1003 maximo
3240 957 3296 1003 et
3326 947 3550 1003 absolu.

1974 1038 2190 1095 tissime
2218 1039 2448 1111 imperio
2485 1040 2743 1112 praeditus
2768 1048 2889 1096 est:
2920 1053 3044 1095 cum
3070 1055 3129 1096 se
3172 1039 3407 1109 priorem
3451 1038 3551 1093 ha-

1973 1131 2095 1185 beat
2127 1132 2418 1199 neminem,
2466 1133 2597 1188 nihil
2646 1140 2729 1189 est
2763 1148 2874 1203 quo
2934 1140 3074 1201 opus
3108 1132 3325 1196 habeat,
3370 1146 3551 1201 neque

1972 1224 2263 1293 quidquam
2294 1223 2383 1288 sit,
2411 1238 2519 1293 quo
2550 1232 2704 1295 egeat
2739 1239 2753 1275 :
2780 1231 2837 1279 ut
2880 1222 3177 1279 necessitas
3212 1239 3335 1278 eum
3367 1222 3548 1293 aliqua

1971 1334 2068 1389 per
2103 1318 2248 1373 vices
2270 1317 2338 1371 ad
2370 1317 2683 1371 servitutem
2740 1318 2942 1373 trahat.
3006 1316 3125 1385 Ipse
3178 1316 3364 1387 igitur,
3424 1331 3546 1371 cum

1974 1409 2258 1480 przesideat
2286 1408 2560 1473 omnibus,
2592 1418 2646 1462 et
2674 1409 2909 1463 humana
2946 1407 3087 1462 facta
3111 1409 3411 1471 intueatur,
3460 1409 3549 1478 ju-

1972 1498 2115 1554 stitia
2153 1499 2465 1553 necessario
2489 1500 2645 1568 juxta
2675 1513 2733 1554 se
2756 1497 3067 1561 collocauit,
3131 1512 3237 1568 qua
3264 1507 3321 1553 et
3378 1500 3551 1553 bono-

1970 1606 2088 1644 rum
2124 1591 2592 1645 remunerationes
2620 1599 2675 1644 et
2703 1589 2970 1645 malorum
3001 1588 3269 1661 supplicia
3302 1590 3548 1654 definiat,

296 1672 440 1740 δρῶν
473 1676 795 1743 στεφάνους,
831 1680 1103 1749 τιμωρίας
1129 1680 1187 1733 δὲ
1213 1684 1325 1746 τοῖς
1354 1686 1612 1752 πονηροῖς
1633 1686 1865 1756 ἡτοιμά-

1978 1683 2114 1751 quod
2146 1681 2313 1738 solius
2364 1682 2815 1752 justitimmnnus
2869 1689 2975 1737 est.
3027 1682 3229 1749 Quodsi
3278 1682 3421 1737 Deus
3467 1692 3553 1737 est

298 1766 446 1827 σθαι,
479 1767 583 1818 κᾶν
626 1769 675 1819 εί
709 1770 783 1837 μὴ
842 1770 1045 1833 ταύτας
1091 1772 1327 1826 ἐνταῦθα
1375 1771 1581 1828 τίσαιεν
1609 1795 1619 1806 ο
1651 1774 1869 1847 ἀνάγκη

294 1855 510 1918 τούτοις
545 1860 680 1927 μετά
706 1860 805 1929 τὴν
838 1863 1097 1932 τελευτὴν
1146 1864 1362 1929 ὲκείνας
1410 1867 1725 1935 τηρεῖσθαι.
1758 1867 1870 1938 ἰ’ὴν

295 1948 406 2093 γέρ
463 1948 814 2020 δικαιοσύνην
888 1955 949 2006 τὸ
1017 1955 1139 2008 κατ’
1202 1952 1360 2020 ἀξίαν
1414 1957 1712 2028 παρελθεῖν
1769 1961 1869 2030 οὔχ

295 2040 522 2095 οὸντε.

881 2228 1134 2284 ΚΕΦΑΔ.
1168 2228 1304 2285 KA'.

370 2316 446 2368 oo
482 2315 591 2386 μὴν
620 2318 669 2370 εί
712 2316 859 2371 τοῦτ’
901 2317 1124 2389 ἀληθὲς,
1172 2319 1275 2390 ήδη
1300 2318 1393 2372 καὶ
1420 2317 1511 2373 τὸν
1543 2319 1778 2374 θάνατον
1811 2323 1871 2375 εν

297 2411 412 2471 τοῖς
459 2412 741 2474 κακίστοις
788 2409 992 2465 θετέον.
1025 2411 1089 2464 El
1139 2411 1240 2479 μὲν
1269 2410 1378 2481 γάρ
1401 2411 1513 2466 τῶν
1545 2413 1685 2480 μετά
1712 2413 1873 2469 τοῦτο

298 2502 482 2569 ἀηδ-τλν
502 2496 657 2565 οὗτος
686 2501 859 2567 αἴτιος
888 2496 979 2571 ἦν,
1011 2503 1238 2566 είκότως
1278 2502 1346 2556 ἀν
1389 2520 1475 2567 τις
1516 2504 1680 2558 αὐτὸν
1710 2504 1875 2559 ὲδυσι

299 2596 571 2665 χέραινσν,
600 2595 678 2659 ὥς
713 2594 781 2650 δι’
811 2595 977 2651 αὐτὸν
1004 2593 1188 2658 ἀθλιος
1234 2598 1329 2649 καὶ
1366 2596 1716 2666 κακοδαίμων
1746 2596 1870 2651 ἐσό-

303 2701 465 2755 μενος
490 2700 508 2718 ο
534 2686 584 2740 τί
611 2684 669 2740 δὲ
702 2686 844 2756 μετὰ
878 2687 978 2757 τὴν
1006 2687 1286 2756 τελευτὴν,
1318 2687 1370 2740 οῑ
1402 2687 1501 2756 μὲν
1544 2689 1636 2742 ἀπὶ
1667 2689 1870 2757 στεφά-

298 2794 423 2839 νους
452 2777 762 2847 τρέχουσιν,
784 2777 836 2831 ol
861 2778 919 2832 δὲ
948 2777 1040 2832 ἰπὶ
1086 2777 1358 2849 βασάνους
1384 2777 1655 2833 ὠθοῦνται
1681 2797 1696 2813 ο
1727 2779 1781 2835 τί
1807 2782 1871 2835 τό

298 2883 361 2935 γε
389 2870 689 2938 συμϐαῖνον
730 2869 1080 2939 λογιζώμεθα
1112 2870 1191 2940 τῷ
1220 2871 1476 2940 θανάτιρ;
1510 2873 1727 2927 Μᾶλλον
1769 2875 1871 2944 μὲν

296 2960 393 3017 οὖν
425 2962 533 3015 τῶν
582 2963 1054 3033 προσδοκωμένων
1100 2962 1267 3017 ἕνεκα
1296 2965 1385 3017 τὸν
1429 2964 1545 3035 βίον
1575 2966 1683 3018 ἔδει
1710 2966 1868 3020 κακί-
1895 2994 1944 3056 c

299 3053 439 3116 ζειν.
478 3052 553 3107 Οὐ
579 3056 688 3125 γὰρ
718 3054 826 3108 τῶν
853 3054 1329 3126 ἀποθνησκόντων.
1361 3057 1499 3111 ἀλλά
1541 3059 1649 3110 τῶν
1682 3059 1870 3121 κακῶς

302 3147 652 3218 βεϐιωμένων
690 3148 745 3199 αἱ
783 3148 1067 3217 τιμωρίαι.
1098 3149 1261 3201 ’Ὥστε
1290 3151 1340 3203 εί
1364 3149 1572 3214 ταύτας
1601 3154 1874 3222 ἀποστρέ-

300 3240 501 3309 φεσθαι
547 3238 649 3303 δεῖ,
695 3240 1032 3312 δικαιότερον
1070 3240 1137 3295 ἀν
1164 3243 1258 3295 ἐπὶ
1304 3242 1403 3308 τὴν
1451 3245 1599 3313 ζωὴν
1634 3245 1744 3298 ἀπὸ
1775 3243 1872 3300 τοῦ

304 3337 537 3392 θανάτου
557 3339 620 3392 τὸ
650 3340 805 3408 μῖσος
837 3340 1195 3409 μετάγοιμεν,
1227 3338 1325 3407 ἀφ’
1354 3332 1419 3408 ἦς
1444 3338 1513 3391 τὰ
1538 3336 1683 3391 κακά
1706 3354 1875 3404 προσ.

298 3434 654 3499 γίνεταιταῐς
687 3433 909 3503 ψυχαῖς,
953 3428 1028 3488 ὧν
1078 3431 1462 3501 ἀπαιτούμεθα
1514 3430 1704 3494 δίκας·
1752 3431 1781 3484 ό
1814 3430 1872 3483 δὲ

300 3525 533 3589 θάνατος
580 3526 874 3590 ἀνεύθυνος
909 3526 1213 3590 παντελῶς,
1245 3527 1329 3580 ὅτι
1373 3525 1496 3597 μηδ’
1540 3524 1717 3586 αίτιος
1759 3523 1871 3576 τῶν

305 3621 604 3690 μετέπειτα
631 3620 904 3689 φοϐερῶν.
932 3619 995 3672 El
1021 3620 1077 3672 δὲ
1107 3617 1283 3688 τούτῳ
1313 3617 1380 3671 τά
1412 3615 1532 3686 μετ’
1560 3615 1721 3669 αὑτὸν
1743 3615 1874 3669 δυσ-

304 3713 443 3783 χερῆ
497 3713 854 3781 λογιούμεθα,
886 3712 1029 3765 διατί
1071 3711 1147 3781 μὴ
1180 3710 1277 3764 καὶ
1322 3708 1423 3773 τὰς
1484 3708 1592 3761 τῶν
1645 3708 1873 3762 δικαίων

300 3804 537 3872 ἀμοιϐὰς
566 3804 660 3857 ἐπὶ
691 3803 881 3856 τοῦτον
924 3802 1255 3870 ἀνοίσομενς
1286 3800 1353 3854 Δί
1403 3799 1513 3869 γὰρ
1542 3798 1873 3864 ἀπολαύσεις

307 3898 451 3968 μετά
489 3897 678 3950 τοῦτον
710 3899 826 3958 τοῖς
860 3895 1103 3963 ἀγαθοῖς,
1134 3896 1264 3948 ὥστ’
1296 3895 1404 3947 ἀπὸ
1453 3911 1561 3946 των
1590 3893 1875 3962 ἑπομένων

297 3988 361 4041 οὐ
392 3989 594 4056 μᾶλλον
620 3987 839 4055 κακὸνῆ
866 3986 1070 4052 ἀγαθὸν
1094 3985 1305 4049 ἔξεστιν
1333 3985 1497 4038 αὑτὸν
1522 3986 1871 4056 προτειπεῐν.

299 4079 520 4131 Μᾶλλον
549 4079 646 4146 μὲν
674 4074 766 4130 οὖν
798 4078 864 4131 ἂν
893 4076 1102 4145 τάληθῆ
1137 4075 1452 4145 σκοπῶμεν,
1482 4076 1584 4143 τῆς
1621 4074 1714 4128 τοῦ
1736 4076 1874 4143 ἀγαο

302 4170 398 4223 θοῦ
434 4171 628 4239 μοίρας
659 4170 967 4237 εὑρήσομεν
1000 4168 1154 4223 ὄντα.
1195 4169 1323 4222 Ἐπὶ
1376 4168 1486 4237 γὰρ
1521 4169 1586 4220 τά
1616 4168 1717 4237 τῆς
1744 4168 1875 4235 ἀρε·
1914 4224 1917 4227 ,

299 4260 403 4329 τῆς
435 4255 571 4313 ἆθλα
635 4258 1028 4328 παραπέμπων
1066 4258 1195 4321 τοὺς
1227 4258 1457 4321 δικαίως
1506 4258 1869 4328 βεϐιωκότας,

300 4354 414 4414 τοῖς
448 4354 702 4419 πονηροῖς
730 4354 828 4421 τῆς
859 4350 1059 4412 κακίας
1095 4349 1303 4418 γίνεται
1333 4349 1510 4413 τέλος,
1542 4349 1576 4419 ἦ
1606 4349 1715 4410 τοῖς
1748 4346 1873 4399 νοῦν

302 4441 486 4512 ἔχουσι
520 4441 701 4511 πάσης
745 4440 1123 4511 ἀλγεινότερον
1153 4441 1450 4510 τιμωρίας.

876 4620 1130 4674 ΚΕΦΑΛ.
1168 4618 1296 4676 ΚΒ⁸.

375 4712 450 4764 Οὐ
477 4711 661 4764 τοίνυν
698 4708 791 4763 τὸν
824 4706 1057 4765 θάνατον
1084 4710 1194 4776 τῶν
1227 4706 1643 4777 ἀπειλουμένων
1693 4707 1877 4759 αίτιαο

302 4802 446 4861 τίον,
493 4801 609 4854 ἀλλ’
644 4802 796 4871 ἡμᾶς
825 4801 1023 4859 αὐτοὺς
1062 4801 1158 4852 καὶ
1204 4799 1303 4869 τὴν
1350 4798 1460 4851 τῶν
1507 4795 1710 4865 ἡδονῶν
1752 4792 1879 4847 δου-

301 4892 477 4957 λείαν,
513 4893 607 4962 ὑφ’
632 4888 709 4946 ὧν
738 4892 837 4954 τὰς
870 4889 1051 4961 ψυχάξ
1083 4890 1445 4959 λώηθὲντες,
1477 4888 1711 4957 φοϐερὸν
1740 4888 1877 4955 ἡμῖν

300 4986 489 5048 αὐτοῖς
540 4984 604 5038 τὸ
652 4984 1009 5054 δικαστήριον
1064 4984 1244 5036 ἐκεῖνο
1295 4979 1583 5049 ποιοῦμεν.
1618 4980 1771 5033 Ἵλατ’
1825 4979 1875 5030 εί

299 5076 507 5138 ταύτας
543 5074 984 5146 ἒφυλαττόμεθα,
1019 5074 1171 5128 οὐδὲν
1222 5073 1289 5127 ἂν
1337 5067 1408 5142 ἦν
1443 5071 1503 5125 τὸ
1548 5070 1759 5124 κωλύον
1782 5071 1877 5121 καὶ

301 5169 604 5240 εύεργέτην
628 5169 721 5220 τὸν
744 5168 977 5222 θάνατον
1002 5164 1234 5229 οἴεσθαι,
1264 5165 1459 5218 θᾶττον
1485 5165 1517 5233 ἠ
1528 5164 1635 5233 μᾶς
1657 5161 1749 5216 ἐπὶ
1777 5160 1875 5220 τὰς

301 5260 415 5313 τῶν
462 5260 687 5327 ἀγαθῶν
737 5259 975 5329 ἀμοιϐὰς
1036 5259 1511 5328 παραπέμποντα.
1565 5256 1641 5308 Οὐ
1694 5250 1877 5305 τοίνυν

304 5351 459 5420 παρά
489 5350 583 5404 τοῦ
613 5350 851 5406 θανάτου
882 5351 941 5404 τὸ
970 5350 1112 5417 δέος,
1149 5351 1302 5419 παρά
1345 5348 1401 5401 δι
1441 5346 1537 5399 τοῦ
1572 5343 1875 5403 συνειδότος

301 5442 332 5492 δ
361 5440 584 5508 τρόμος,
619 5441 763 5510 ὅπερ
810 5436 1117 5509 συμϐαίνει
1157 5439 1269 5500 τοῖς
1300 5436 1408 5490 τῶν
1459 5434 1783 5488 δεινοτάτων
1814 5437 1877 5489 ἀ-

301 5526 479 5581 λοῦσι.
504 5527 765 5580 Κὰκεῖνοι
792 5526 904 5597 γάρ
934 5526 1033 5596 τὴν
1055 5528 1206 5595 παρὰ
1237 5524 1353 5577 τῶν
1386 5523 1569 5593 νόμων
1587 5528 1877 5592 φρίττουσι

308 5601 675 5687 προθεσμίαν,
720 5618 815 5673 καὶ
850 5617 1185 5688 προσιούσης
1229 5615 1613 5682 αἰσθανόμενοι
1643 5614 1877 5668 ἀποπνί-

1973 1771 2173 1836 bonus,
2229 1784 2458 1827 necesse
2490 1780 2573 1826 est
2623 1771 2755 1827 viris
2799 1772 2961 1827 bonis
2992 1788 3248 1837 coronas,
3284 1772 3551 1841 improbis

1969 1861 2232 1932 supplicia
2264 1871 2563 1932 praeparata
2595 1877 2717 1918 esse
2750 1877 2909 1933 :quae
2940 1862 3044 1919 nisi
3087 1864 3175 1918 hic
3207 1864 3388 1930 luant,
3451 1880 3549 1918 no-

1972 1968 2129 2008 cesse
2160 1948 2266 2007 erit
2325 1966 2388 2008 ea
2416 1952 2526 2009 illis
2581 1960 2706 2023 post
2758 1953 2964 2008 obitum
3016 1954 3305 2008 reservari.
3366 1942 3552 2024 Neque

1970 2044 2115 2098 enim
2149 2041 2261 2098 fieri
2282 2052 2484 2114 potest,
2518 2043 2798 2115 dignitatis
2822 2059 2853 2101 a
2884 2044 3097 2115 iustitia
3130 2045 3400 2102 rationem
3440 2061 3556 2102 non

1976 2132 2189 2188 haberi.

2576 2223 2808 2283 CAPUT
2858 2224 3004 2280 XXI.

2050 2315 2214 2382 Quod
2247 2318 2291 2372 si
2324 2317 2429 2373 hoc
2479 2330 2665 2373 verum
2713 2318 2954 2388 est,jatn
2999 2331 3146 2373 mors
3184 2316 3435 2387 pessimis
3496 2320 3571 2375 in,

1966 2410 2137 2463 rebus
2167 2409 2504 2465 numeranda
2544 2425 2653 2465 non
2686 2411 2815 2466 erit.
2885 2412 3021 2467 Nam
3078 2415 3124 2469 si
3156 2425 3347 2469 auctor
3405 2422 3555 2469 esset

1972 2509 2285 2554 secutarum
2310 2501 2712 2568 molestiarum,
2740 2504 2939 2559 merito
2966 2506 3035 2559 ab
3063 2520 3126 2559 ea
3152 2504 3425 2576 quispiam
3453 2505 3553 2558 ab-

1972 2590 2241 2656 horreret,
2274 2601 2332 2647 ut
2361 2592 2450 2663 qui
2487 2608 2584 2664 per
2628 2609 2750 2649 eam
2794 2596 2959 2652 miser
2984 2604 3039 2652 et
3092 2597 3281 2653 infelix
3338 2597 3556 2651 futurus

1971 2692 2139 2739 esset.
2180 2683 2238 2739 Si
2268 2680 2403 2740 vero'
2427 2694 2546 2755 post
2580 2687 2785 2743 obitum
2820 2689 2909 2743 alii
2941 2689 3007 2744 ad
3035 2704 3268 2744 coronas
3296 2697 3559 2753 currunt,

1974 2773 2067 2827 alii
2095 2774 2163 2828 ad
2195 2783 2465 2831 tormenta
2494 2776 2807 2847 adiguntur,
2845 2793 2945 2833 cur
2973 2792 3092 2833 eam
3125 2792 3237 2832 rem
3261 2776 3423 2833 morti
3448 2778 3552 2831 im-

1974 2864 2266 2932 putemus?
2305 2881 2430 2921 cum
2461 2867 2625 2921 vitam
2663 2868 2834 2938 magis
2864 2869 2936 2924 ob
2966 2883 3051 2935 ea,
3077 2885 3195 2939 qua:
3225 2879 3550 2939 exspectan-
3661 2906 3668 2913 ς

1972 2954 2039 3010 da
2068 2962 2216 3021 sunt,
2244 2957 2521 3012 criminari
2552 2968 2849 3029 oporteret.
2896 2956 3018 3015 Non
3064 2960 3213 3015 enim
3270 2960 3555 3016 morienti-

1975 3047 2098 3112 bus,
2129 3046 2223 3102 sed
2248 3047 2314 3102 iis
2339 3049 2428 3117 qui
2447 3065 2730 3121 perperam
2756 3051 3037 3116 vixerunt,
3064 3065 3241 3122 poene
3268 3051 3557 3107 destinatas

1974 3148 2123 3194 sunt.
2187 3139 2454 3205 Quocirca
2515 3142 2560 3217 si
2618 3142 2703 3195 Ine
2773 3152 2902 3197 sunt
2946 3145 3283 3205 aversanda.
3343 3144 3561 3212 aequius

1975 3227 2159 3291 fuerit.
2182 3242 2213 3281 a
2253 3238 2425 3283 morte
2452 3229 2518 3283 ad
2550 3229 2716 3282 vitam
2768 3230 2952 3284 Odium
2981 3231 3293 3295 transferri,
3354 3249 3384 3287 a
3425 3248 3553 3301 qna,

1975 3319 2113 3373 mala
2146 3334 2208 3374 ea
2242 3320 2297 3373 in
2338 3320 2555 3375 animos
2608 3320 2940 3389 redundant,
3012 3339 3243 3392 quorum
3294 3340 3469 3394 paena:
3522 3340 3557 3379 α

1974 3408 2137 3463 nobis
2192 3418 2524 3480 expetuntur
2566 3429 2580 3465 :
2627 3427 2776 3467 mors
2835 3428 2968 3469 vero
3020 3415 3247 3469 omnino
3304 3414 3554 3470 criminis

1974 3513 2171 3569 expers
2198 3509 2300 3565 est,
2332 3502 2456 3571 quia
2508 3518 2577 3557 ne
2608 3518 2777 3560 causa
2816 3504 3037 3575 quidem
3078 3516 3161 3560 est
3207 3505 3567 3576 sequentium.

1976 3590 2360 3646 formidinum.
2402 3594 2605 3657 Quodsi
2638 3594 2737 3660 illi,
2810 3612 2933 3665 quae
2981 3604 3106 3668 post
3153 3612 3275 3652 eam
3324 3596 3555 3653 molesta

1976 3682 2157 3737 futura
2186 3692 2332 3747 sunt,
2351 3686 2693 3752 assignemus
2728 3702 2741 3739 :
2768 3701 2868 3741 cur
2904 3697 2959 3742 et
2999 3687 3265 3742 honorem
3294 3697 3349 3743 ιιι
3381 3689 3553 3744 bono-

1977 3787 2101 3826 rum
2124 3774 2598 3829 remunerationes
2622 3786 2876 3846 acceptas
2907 3776 2985 3832 illi
3039 3792 3148 3832 non
3197 3778 3501 3833 referamus
3531 3780 3562 3833 ἓ

1978 3862 2091 3918 Viri
2121 3865 2266 3919 enim
2290 3864 2419 3921 boni
2444 3874 2565 3933 post
2598 3880 2723 3921 eum
2759 3867 2957 3923 solatia
2981 3880 3418 3939 consequuntur.
3443 3870 3554 3925 Ita-

1976 3972 2083 4028 que
2116 3972 2181 4015 ex
2204 3956 2334 4024 illis,
2373 3974 2496 4028 qua:
2522 3970 2643 4028 post
2692 3961 2981 4025 eveniunt,
3012 3976 3123 4016 non
3165 3963 3338 4034 magis
3384 3963 3548 4023 mala.

1976 4064 2137 4119 quam
2156 4049 2295 4103 bona
2320 4049 2639 4118 appellanda
2666 4049 2793 4115 erit,
2818 4064 2883 4106 ac
2932 4052 3115 4120 potius
3164 4052 3245 4123 (si
3268 4052 3556 4109 veritatem

1976 4140 2308 4209 spectemus)
2330 4139 2493 4194 etiam
2522 4141 2575 4195 in
2608 4141 2766 4196 bonis
2794 4142 3195 4207 numerandum
3235 4158 3377 4217 esse,
3403 4144 3559 4199 inve-
3584 4184 3591 4191 .

1976 4233 2217 4287 niemus.
2248 4232 2359 4287 Eos
2382 4234 2555 4296 enim,
2579 4234 2671 4302 qui
2694 4234 2843 4302 juste
2898 4236 3175 4298 vixerunt.
3229 4236 3298 4289 ad
3334 4236 3558 4290 virtutis

1908 4322 1948 4377 ι)
1979 4322 2201 4394 praemia
2233 4324 2487 4389 accersit,
2514 4332 2570 4377 et
2597 4325 2752 4378 malis
2806 4326 3168 4395 improbitatis
3217 4326 3381 4381 liuent
3443 4340 3557 4382 sta-

1984 4415 2108 4477 tuit,
2134 4429 2294 4485 quam
2326 4414 2578 4469 homines
2631 4415 2843 4470 corllati
2900 4417 3095 4487 quovis
3129 4418 3404 4488 supplicio
3441 4434 3582 4493 grata

1984 4505 2104 4560 vius
2134 4505 2336 4560 lerunt.

2583 4599 2811 4657 CAPUT
2884 4600 3048 4659 XXII.

2054 4690 2397 4762 Quapropter
2433 4678 2866 4763 impendentium
2942 4695 3336 4749 calamitatum.
3401 4695 3569 4749 mimo

1984 4785 2147 4840 morti
2178 4785 2508 4856 imputanda:
2530 4801 2636 4838 non
2666 4794 2813 4847 sunt,
2845 4786 2942 4840 sed
2972 4786 3131 4839 nobis
3165 4786 3316 4855 ipsis,
3369 4795 3423 4841 et
3462 4802 3558 4839 vn.

1984 4876 2253 4945 luptatum
2282 4876 2561 4941 servituti,
2610 4891 2709 4945 per
2749 4888 2884 4944 quas
2922 4876 3121 4929 animis
3163 4876 3555 4942 nostrislaesis,

1985 4965 2295 5034 praetorium
2324 4965 2451 5019 illud
2493 4964 2591 5035 ipsi
2646 4965 2803 5019 nobis
2853 4964 3197 5021 formidabile
3258 4966 3555 5022 reddimus.

1985 5055 2169 5125 Itaque
2192 5056 2236 5109 si
2270 5057 2367 5110 has
2392 5071 2729 5121 caveremus,
2755 5058 2891 5111 nihil
2942 5059 3337 5129 impedimento
3387 5070 3557 5127 esset,

1984 5148 2277 5220 quominus
2301 5150 2440 5205 bene
2462 5150 2626 5205 etiam
2659 5159 2887 5205 mortem
2943 5150 3011 5207 de
3037 5151 3194 5206 nobis
3222 5153 3418 5207 mereri
3452 5168 3558 5223 pu~

1987 5252 2226 5297 taremus
2259 5258 2273 5293 :
2308 5250 2367 5295 ut
2401 5256 2521 5311 quas
2542 5243 2607 5295 ad
2644 5241 2911 5297 bonorum
2956 5242 3423 5297 remunerationes
3465 5257 3557 5297 ce-

1984 5333 2152 5388 Ierius
2174 5348 2275 5388 nos
2315 5333 2727 5389 transmitteret.
2770 5333 2949 5400 Quare
2998 5344 3176 5389 metus
3208 5333 3297 5387 ille
3354 5349 3481 5388 non.
3525 5351 3553 5392 ιι

1982 5436 2178 5490 morte,
2225 5427 2317 5481 sed
2342 5426 2537 5480 horror
2594 5441 2624 5479 a
2663 5424 3000 5480 conscientia
3049 5425 3227 5480 oritur
3256 5443 3268 5478 :
3296 5424 3557 5493 quemad-

1983 5521 2205 5574 modum
2251 5520 2317 5575 iis
2364 5519 2580 5580 accidit.
2634 5518 2726 5587 qui
2793 5518 3235 5590 gravissimorum
3287 5518 3556 5573 scelerum

1984 5621 2114 5667 sunt
2148 5611 2407 5668 convicti.
2466 5610 2598 5668 Nam
2632 5610 2706 5666 illi
2743 5625 2962 5683 quoque
2988 5611 3350 5681 praestitutam
3404 5626 3434 5666 a
3473 5611 3561 5666 Ιεκ
