3904 6216
244 273 380 342 1209

1371 275 1468 334 DE
1507 275 2076 339 CONTE'MN'ENDA
2117 277 2377 339 MORTE

3346 269 3504 342 1510'

241 399 328 452 ἀεὶ
351 397 452 464 τὴν
473 395 653 460 δίκην.
707 395 800 446 καὶ
831 391 1036 456 δεδιὼς,
1066 392 1162 446 καὶ
1189 393 1362 464 ταᾶτῃ
1423 394 1694 464 μηδεμίαν
1724 394 1810 448 ατ-

1924 412 2066 451 meus
2093 406 2147 451 et
2172 406 2422 451 metuens
2459 412 2472 450 :
2506 410 2607 450 nec
2652 393 2739 448 hic
2795 394 2966 449 ullum
3025 408 3246 450 sensum
3304 400 3484 468 perci-

242 490 436 556 σθησιν
484 484 784 552 λαμόάνων
831 483 942 538 τῶν
973 483 1282 552 λεγομένων
1333 485 1566 552 ἡδονῶν·
1599 485 1703 537 κᾶν
1734 484 1812 555 τῷ

246 579 494 647 μέλλοντι
521 577 628 626 τῶν
657 575 757 626 νῦν
783 576 1254 644 προσδοκωμένων
1281 575 1311 645 ή
1347 576 1512 644 πείρά
1551 592 1607 628 σε
1643 593 1811 629 κατα.

242 670 496 739 λήψεται.
515 669 614 720 Ἂν
641 668 699 720 δὲ
733 667 934 736 μικρὸν
955 668 1256 737 άνανήῴης,
1289 667 1378 720 καὶ
1411 667 1508 718 τοῦ
1535 667 1812 738 σώφρονος

240 761 356 831 ᾱιῃ
392 759 529 828 βίου.
563 761 674 846 κάν
701 757 780 826 τῷ
825 757 1051 826 παρόντι
1083 760 1204 819 ταῖς
1235 758 1470 824 ἀγαθαῖς
1501 758 1608 810 τῶν
1662 758 1817 810 ἐλπί-

240 851 348 902 δων
408 845 786 918 ήσθήσῃ,κάν
840 847 919 915 τῷ
981 846 1230 916 μέλλοντι
1294 847 1413 915 μετ’
1473 845 1816 916 εὐφροσύνης

239 939 462 1003 διάξεις,
495 939 558 992 οὐ
587 939 694 991 τῶν
719 935 998 1008 δυσχερῶν
1032 937 1190 1006 μόνον
1216 936 1460 989 ἐκποδὼν
1481 937 1810 1014 γενομένων,

240 1031 381 1085 ἀλλὰ
413 1031 510 1084 καὶ
562 1030 671 1082 τῶν
716 1029 940 1093 ἀγαθῶν
991 1031 1215 1083 πάντων
1275 1029 1394 1097 μετ’
1426 1027 1689 1097 ἀφθονίας
1730 1029 1815 1081 σοὶ

242 1123 733 1192 παραγενομένων.
775 1120 938 1185 Ἀλλ’,
993 1121 1068 1183 ὡς
1122 1121 1286 1184 ἔοικε,
1345 1120 1440 1174 τοῦ
1499 1120 1814 1190 παραυτίκα

241 1215 398 1285 ἡδέος
447 1200 758 1281 γινόμενος,
821 1214 922 1281 τῆς
980 1212 1297 1282 ἐλευθερίας
1346 1212 1815 1266 ἐπιλανθάνεικαὶ

245 1307 462 1374 συνεχεῖ
505 1305 693 1373 τρόμῳ
747 1305 918 1374 συζῇν
967 1305 1170 1375 ἀνέχῃ·
1218 1303 1547 1372 βουλόμενος
1593 1305 1649 1354 δὲ
1705 1302 1814 1353 τῶν

241 1395 466 1447 ὀνειδῶν
508 1393 872 1448 ἀπαλλάττειν
902 1395 1122 1455 σαυτὸν,
1163 1394 1238 1462 τῷ
1272 1393 1486 1462 Θανάτῳ
1521 1391 1714 1463 λογίζῃ
1756 1391 1816 1444 το

241 1487 382 1549 δέος,
418 1487 538 1540 δέον
570 1487 768 1538 σαυτὸν
804 1485 898 1538 ἐπὶ
946 1490 1012 1555 τῇ
1048 1485 1158 1538 τῶν
1188 1487 1483 1555 αἰσχίστων
1513 1485 1648 1554 ἥττῃ
1681 1501 1818 1551 κρη-

247 1576 476 1644 μνίζειν.
526 1578 971 1646 Συμπεραίνουσι
1006 1578 1186 1629 τοίνυν
1235 1578 1325 1628 δύο
1365 1580 1521 1628 ταυτὶ
1568 1577 1814 1643 φαίνεται

245 1669 393 1720 αἴτια
419 1669 514 1720 τοῦ
545 1669 636 1720 τὸν
675 1669 905 1722 θάνατον
929 1670 1186 1722 δεδιέναι.
1221 1669 1287 1722 Ἢ
1331 1670 1436 1737 γὰρ
1477 1669 1686 1739 ἀμαθίᾳ
1707 1669 1814 1720 τινὶ

246 1759 402 1812 τοῦτο
432 1760 740 1828 συμϐαίνει,
795 1760 963 1830 μηδὲν
995 1757 1136 1814 εἶναι
1178 1763 1331 1830 παρὰ
1381 1761 1443 1812 τὸ
1499 1761 1658 1828 σῶμα
1706 1759 1814 1810 τῶν

245 1849 552 1916 ἀνθρώπων
600 1853 828 1913 ἑαυτοὺς
868 1855 1168 1921 οἰομένωνο
1219 1854 1276 1922 ἢ,
1339 1852 1394 1905 εί
1422 1869 1473 1906 τι
1523 1853 1613 1904 καὶ
1661 1852 1812 1921 παρὰ

243 1939 390 1994 τοῦτ’
427 1941 571 1996 ἐστὶν
601 1943 660 1993 ἐν
698 1943 902 2005 αὐτοῖς,
935 1943 1012 2012 τῷ
1067 1944 1280 2012 σώματι
1315 1943 1472 1995 τοῦτο
1503 1945 1597 1994 καὶ
1639 1945 1814 1994 συνεῖ-

243 2049 358 2095 ναι,
392 2032 488 2084 καὶ
520 2035 979 2087 συναπόλλυσθαι.
1015 2037 1124 2089 Καὶ
1155 2035 1244 2086 διὰ
1288 2035 1466 2100 τοῦτο,
1505 2034 1598 2099 τῆς
1632 2033 1815 2084 τελευ-

242 2124 340 2192 τῆς
363 2122 720 2193 προσιούσης,
757 2122 1144 2191 ταράττονται,
1178 2122 1252 2184 ὡς
1293 2121 1359 2174 ἂν
1392 2122 1605 2183 οὐδενὸς
1630 2121 1812 2181 αὐτοῖς

248 2214 384 2282 μετὰ
408 2215 492 2266 τὸν
532 2213 759 2265 θάνατον
782 2214 933 2274 ὃντος
965 2213 1176 2272 λοιποῦ,
1201 2214 1295 2265 καὶ
1314 2216 1434 2272 ταῖς
1455 2213 1666 2276 ἡδοναῖς
1686 2213 1814 2263 ὲιυο

244 2307 368 2365 τοὺς
391 2305 745 2372 παραδόντες,
767 2304 934 2372 ἀλγοῦ
946 2322 994 2357 σι
1013 2305 1216 2356 τούτων
1244 2303 1573 2374 χωρίζεσθαι
1593 2303 1817 2366 μέλλον-

245 2412 353 2458 τες,
378 2396 636 2464 οὐδεμίαν
667 2396 830 2464 ἄλλην
854 2394 1041 2450 ἄλλοθι
1061 2395 1170 2448 τῶν
1192 2397 1290 2463 τῆς
1311 2393 1724 2464 σαρκδςὴδονῶν
1756 2395 1817 2463 ἡ·

244 2487 341 2539 δίω
357 2488 450 2542 καὶ¹
475 2487 868 2556 καθαρωτέραν
883 2488 1137 2557 εὑρήσειν
1163 2487 1443 2551 ἐλπίζοντε
1456 2487 1656 2546 ;.“Ωστ’
1674 2487 1818 2540 εἰκό-

185 2649 190 2652 _
244 2596 352 2641 τως
377 2579 704 2650 δακρύοντες
728 2579 966 2651 χωροῦσι
993 2579 1126 2648 πρὸς
1145 2580 1205 2632 τὸ
1227 2580 1423 2650 χρεὼν,
1443 2580 1516 2642 ὡς
1549 2581 1614 2634 ἂν
1631 2582 1816 2644 αὐτοῖς

246 2663 564 2724 παντάπασι
594 2669 688 2724 τοῦ
722 2671 930 2738 ἀγαθοῦ
963 2673 1057 2724 καὶ
1078 2670 1171 2723 τοῦ
1195 2672 1382 2735 τέλους
1415 2672 1812 2742 ἀπολλυμένου.

819 2747 1072 2816 metu.
1111 2761 1235 2817 κε’.

313 2853 539 2906 Τούτοιν
569 2853 626 2905 δὲ
652 2855 766 2906 τοῖν
797 2855 942 2908 δυοῖν
972 2855 1063 2906 ὑπ’
1107 2855 1357 2924 ἀλλήλων
1399 2857 1431 2926 ἡ
1473 2856 1711 2924 γένεσις.
1752 2856 1818 2909 Ἦ

233 2944 344 3010 Δμὲν
369 2945 476 3013 γὰρ
503 2945 612 2998 τῶν
646 2945 848 3016 ἡδονῶν
881 2946 1118 3010 δουλεία,
1150 2949 1249 3017 τὴν
1275 2947 1455 3017 ψυχὴν
1491 2947 1568 3018 τῷ
1603 2948 1817 3017 σώματι

243 3039 520 3102 παντελῶς
551 3041 883 3109 ἀναμίξασα,
916 3040 976 3092 οὐ
1026 3043 1304 3110 συγχωρεῖ
1351 3041 1558 3109 ταύτην
1587 3041 1817 3109 είλικρι-

1919 489 2076 555 piens
2091 505 2275 542 earum
2299 505 2420 558 quae
2455 489 2756 557 voluptates
2781 488 3036 543 dicuntur
3065 505 3080 542 :
3112 488 3165 542 in
3205 499 3480 557 posterum
3537 490 3539 493 ’

1919 579 2094 647 reipsa
2117 579 2416 645 experieris
2439 593 2524 639 ea,
2550 595 2671 648 quae
2710 595 2853 633 nunc
2883 589 3186 647 exspectas.
3253 578 3409 644 Quod
3437 581 3483 634 si

1919 669 2196 739 paulisper
2224 669 2292 723 ad
2324 685 2510 723 sanam
2544 677 2778 723 mentem
2813 668 3063 732 redieris,
3113 677 3169 722 et
3195 669 3318 722 vitae
3368 685 3486 722 mn-

1919 762 2088 815 desta:
2117 760 2654 828 periculumleceris,
2701 759 2860 814 etiam
2916 759 2971 813 in
3033 761 3323 829 przesentia
3386 775 3485 826 spe

1918 849 2062 903 bona
2097 849 2476 912 delcctabcrir,
2523 859 2578 905 et
2605 849 2864 918 deinceps
2885 850 3128 905 suaviter
3147 861 3359 905 a-tatem
3389 851 3485 914 de-

1919 956 2031 1012 ges,
2059 956 2165 993 non
2198 940 2464 994 molestiis
2505 941 2666 995 modo
2704 941 2947 1005 remotis,
3003 943 3095 996 secl
3127 942 3286 996 bonis
3320 945 3482 997 etiam

1920 1032 2174 1086 omnibus
2205 1033 2436 1087 ubertim
2483 1031 2577 1086 tibi
2635 1032 3002 1088 amuentibus.
3066 1032 3170 1088 Sed
3231 1035 3484 1102 prtesenti

1919 1121 2171 1177 sdavitati
2201 1133 2252 1177 te
2277 1125 2332 1177 in
2360 1124 2680 1178 servitutem
2708 1125 2923 1179 tradere
2947 1125 3212 1179 libertatis
3233 1127 3484 1188 oblitum,

1920 1227 2098 1280 neque
2126 1228 2375 1268 recusare
2401 1222 2452 1268 te
2488 1213 2542 1268 in
2572 1226 2838 1284 perpetuo
2867 1224 3104 1270 tremore
3133 1217 3316 1270 vivere
3351 1218 3486 1271 satis

1917 1318 2159 1372 appare'.
2201 1304 2306 1357 Sed
2329 1305 2456 1359 dum
2498 1315 2550 1358 te
2574 1307 2775 1373 probro
2806 1307 3038 1360 liberare
3061 1307 3268 1370 studes,
3320 1309 3484 1362 morti

1922 1399 2167 1451 timorem
2201 1400 2457 1468 imputas,
2484 1412 2606 1451 cum
2640 1399 2754 1466 ipse
2777 1409 2829 1451 te
2853 1399 3075 1467 culpare
3093 1400 3342 1462 deberes,
3392 1401 3485 1468 qui

1922 1489 2248 1558 turpissimis
2281 1491 2440 1544 rebus
2463 1492 2809 1546 succumbas.
2842 1492 2995 1556 Quod
3025 1491 3067 1544 si
3109 1491 3166 1544 in
3219 1507 3486 1545 summam

1919 1581 2328 1644 contrahamus,
2357 1586 2488 1636 duas
2528 1599 2650 1637 esse
2687 1599 2882 1638 causas
2926 1594 3170 1652 apparet,
3223 1599 3321 1637 cur
3345 1600 3491 1638 mors

1923 1674 2196 1724 timeatur.
2244 1671 2372 1724 Nam
2399 1673 2502 1726 hoc
2557 1683 2651 1726 aut
2704 1673 2919 1726 inscitia
2984 1673 3219 1738 quadam
3264 1673 3487 1737 accidit,

1917 1779 2040 1816 cum
2080 1765 2326 1839 homines
2355 1779 2415 1817 se
2452 1775 2650 1832 printer
2680 1779 2878 1831 corpus
2937 1767 3073 1819 nihil
3131 1781 3251 1819 esse
3302 1766 3488 1820 existi-

1919 1862 2087 1917 mant,
2119 1862 2211 1907 aut
2235 1854 2279 1907 si
2319 1856 2531 1906 tametsi
2567 1855 2618 1907 in
2641 1854 2704 1910 iis
2734 1855 2937 1922 aliquid
2969 1864 3166 1924 praeter
3212 1856 3341 1909 illud
3394 1855 3487 1918 sit,

1919 1943 1968 1998 id
2002 1960 2105 1998 una
2131 1960 2249 1999 cum
2277 1960 2502 2012 corpore
2535 1953 2589 1998 et
2621 1959 2738 1998 esse
2769 1957 2822 1998 et
2851 1945 3076 1999 interire.
3097 1956 3310 2015 putant.
3343 1947 3358 1999 Ι
3386 1951 3493 2001 ’eo-

1915 2049 2020 2102 quc
2055 2034 2146 2102 qui
2178 2034 2548 2100 voluptatibus
2580 2048 2701 2088 sese
2738 2035 3101 2096 tradiderunt,
3163 2046 3337 2100 morte
3395 2038 3492 2089 ad-

1916 2132 2172 2176 ventante
2229 2123 2650 2188 conturbantur,
2710 2138 2865 2190 quast
2899 2122 3028 2175 nihil
3079 2123 3151 2176 sit
3216 2123 3303 2178 iis.
3368 2135 3491 2192 post

1919 2224 2150 2268 mortem
2183 2213 2374 2282 reliqui
2419 2232 2433 2268 :
2482 2222 2537 2268 et
2560 2213 2763 2276 dolent,
2801 2229 2925 2266 cum
2976 2213 3491 2281 interclinqnentlm

1917 2314 2063 2368 sunt,
2094 2304 2238 2374 quod
2262 2306 2552 2374 desperent
2589 2319 2650 2360 se
2684 2320 2911 2375 usquam
2943 2306 3103 2360 aliam
3137 2308 3487 2368 suavitatem,

1917 2395 2098 2450 carnis
2179 2396 2545 2466 voluptatibus
2611 2397 2988 2466 jucundiorem
3059 2407 3114 2452 et
3211 2397 3488 2466 puriorem

1917 2497 2271 2555 reperturus.
2350 2488 2537 2558 Itaque
2610 2506 2722 2544 non
2796 2490 2996 2560 injuria
3051 2504 3176 2543 cum
3237 2490 3491 2559 laeiymis

1917 2577 2030 2632 l‘ato
2063 2579 2392 2641 concedunt,
2422 2579 2686 2636 nimirum
2721 2581 2867 2636 bono
2901 2593 2957 2635 et
2993 2579 3099 2635 line
3160 2581 3226 2634 iis
3272 2581 3493 2650 penitus

1920 2679 2201 2739 pereunte.

2523 2763 2751 2818 CAPUT
2815 2763 3007 2818 XXIV.

1992 2855 2193 2912 Verum
2223 2857 2418 2911 horum
2454 2855 2712 2919 duorum,
2747 2855 2984 2909 altermn
3019 2869 3086 2909 ex
3118 2853 3292 2908 altero
3313 2855 3494 2909 nasci-

1921 2958 2030 3004 tur.
2063 2947 2192 3003 Nam
2223 2949 2566 3016 voluptatum
2615 2945 2854 3002 servitus
2885 2961 3008 3000 cum
3061 2947 3304 3000 animum
3370 2962 3492 3000 cor-

1920 3039 2037 3110 pori
2080 3040 2238 3108 plane
2263 3039 2631 3105 commiscuit,
2664 3054 2773 3094 non
2803 3040 3032 3108 patitur,
3067 3053 3193 3093 eum
3221 3053 3280 3092 se
3310 3038 3487 3106 ipsum

244 3131 350 3182 νῶ.
382 3131 580 3200 ἑαυτὴν
603 3106 838 3185 κατιδεῖν
861 3150 874 3164 ·
911 3133 1022 3185 ἀλλ’
1296 3106 1532 3203 μίγματι
1586 3106 1814 3203 συντυγ-

1924 3106 2206 3200 perspicue
2232 3130 2503 3194 contueri,
2538 3130 2634 3184 sed
2662 3106 2924 3198 perpetua
2968 3128 3365 3184 commistionis
3422 3130 3488 3182 il-

247 3220 426 3289 χά.ων
457 3223 484 3272 ὁ
507 3221 811 3291 ἄνθρωπος,
858 3224 952 3275 καὶ
981 3223 1111 3292 ὅλης
1158 3223 1226 3276 δι’
1256 3224 1380 3276 ὅλου
1417 3223 1512 3276 τοῦ
1560 3224 1814 3291 σώματος

252 3316 720 3383 συμπεφυρμένης
778 3315 875 3381 τῆς
925 3315 1104 3384 ψυχῆς
1158 3316 1571 3384 αισθανόμενος,
1625 3315 1816 3381 ὥσπερ

251 3405 431 3474 πολλῷ
459 3407 536 3474 τῷ
565 3407 673 3458 τῶν
705 3408 1049 3476 άτιμοτέρων
1085 3407 1363 3476 μετάλλων
1393 3407 1542 3468 γένει
1590 3407 1815 3476 χρυσίου

246 3497 452 3564 ὀλίγον,
507 3498 600 3550 καὶ
668 3497 738 3550 δι’
783 3499 1094 3567 ἐπιστήμης
1152 3497 1384 3558 ἔνδειαν,
1445 3497 1814 3566 μεταλλευτοῦ

249 3588 459 3655 φαύλου
489 3589 665 3658 δίκην,
699 3589 942 3660 ἀλλήλων
987 3592 1048 3642 οὐ
1083 3590 1385 3660 δυνάμενος
1428 3590 1600 3643 ταῦτα
1647 3590 1815 3660 χωρί-

249 3681 388 3745 ζειν,
421 3680 500 3752 τῷ
531 3683 842 3753 φαινομένῳ
865 3683 1216 3752 προστίθεται
1244 3700 1258 3713 ·
1286 3684 1378 3736 καί
1411 3700 1577 3750 φησιν
1606 3683 1818 3752 ἄνθρω-

253 3789 351 3822 πον
382 3769 519 3823 εἶναι
560 3773 651 3825 τὸν
679 3773 977 3842 δυνάμενον
1008 3775 1130 3826 ὅσον
1183 3775 1453 3827 πλείστων
1483 3775 1687 3844 ἡδονῶν
1716 3778 1818 3841 ἐμ-

250 3863 560 3933 φορεῖσθαι,
592 3866 750 3918 τοῦτο
805 3867 984 3934 μόνον,
1035 3867 1061 3919 ὃ
1091 3885 1140 3918 τι
1175 3866 1363 3934 φάγοι,
1405 3867 1500 3918 καὶ
1550 3867 1684 3925 πίοι,
1723 3868 1818 3919 καὶ

248 3952 589 4022 λαγνεύσειε,
625 3958 811 4026 κέρδος
835 3957 1160 4026 ἡγούμενος,
1191 3958 1218 4010 ὃ
1251 3959 1675 4026 Σαρδανάπαλον
1702 3959 1822 4009 ἐπι-

252 4047 462 4116 γράψαι
493 4047 570 4116 τῷ
601 4051 848 4119 μνήματι
878 4051 1116 4118 λέγεται,
1161 4051 1305 4102 τοῦτ’
1344 4050 1507 4112 αὐτὸς
1537 4051 1820 4115 ἀνεξάλει-

249 4156 385 4192 πτον
416 4140 710 4209 ἐγγράφων
743 4143 802 4194 ἐν
843 4143 908 4211 τῇ
939 4141 1108 4212 ψυχῇ.
1144 4143 1319 4212 Ὅπερ
1359 4143 1458 4195 οὐκ
1498 4142 1564 4195 ἂν
1593 4141 1817 4203 ἔπαθεν,

249 4231 551 4300 ἐγκρατείᾳ
603 4231 845 4295 κολάζων
887 4234 986 4296 τὰς
1017 4235 1231 4304 ἡδονὰς,
1262 4235 1355 4287 καὶ
1410 4234 1620 4304 κέρδος,
1684 4232 1820 4285 ἀλλά

255 4322 532 4389 μηδεμίαν
561 4323 766 4394 βλάϐην
808 4325 1131 4394 ἡγούμενος,
1177 4325 1231 4377 εί
1256 4344 1307 4378 τι
1357 4325 1560 4379 τούτων
1608 4324 1818 4391 ἀφέλοι.
1855 4392 1860 4396 ﬂ

1916 3223 2023 3276 lius
2058 3221 2453 3276 consuetudine
2501 3220 2789 3275 devinctus
2824 3221 3010 3284 homo,
3072 3219 3259 3282 sentit,
3317 3228 3492 3273 totum

1915 3313 2158 3367 animum
2183 3314 2278 3367 toti
2302 3311 2517 3380 corpori
2556 3313 2873 3379 permistqu
2932 3327 3075 3373 esse,
3139 3311 3496 3380 quemadmo-

1917 3407 2044 3459 dum
2071 3420 2259 3474 parum
2294 3404 2412 3457 auri
2439 3403 2601 3457 variis
2629 3403 2757 3456 aliis
2789 3401 3183 3469 abjectioribus
3219 3401 3490 3454 metallis:

1917 3506 2080 3565 atque
2107 3510 2232 3550 cum
2286 3495 2356 3548 ob
2409 3495 2650 3548 scientiae
2708 3493 2970 3562 inopiam,
3022 3494 3191 3546 instar
3254 3492 3490 3561 imperiti

1919 3587 2199 3650 metallici,
2231 3588 2349 3641 haec
2377 3604 2406 3641 a
2454 3602 2574 3642 sese
2607 3601 2862 3654 separare
2923 3595 3180 3654 nequeat,
3239 3586 3286 3638 ei
3347 3584 3490 3652 quod

1921 3680 2068 3736 videt
2100 3679 2414 3744 assentitur,
2447 3687 2500 3732 et
2529 3678 2803 3731 hominem
2838 3692 2960 3730 esse
2992 3677 3087 3734 ait.
3120 3676 3212 3744 qui
3243 3690 3301 3729 se
3327 3690 3488 3742 quam

1923 3773 2172 3840 plurimis
2207 3770 2575 3840 voluptatibus
2603 3769 2939 3838 ingurgitare
2995 3768 3162 3836 possit
3194 3783 3206 3816 :
3240 3765 3288 3818 id
3325 3782 3492 3820 ιιηιιιιι

1923 3866 1974 3918 in
2007 3865 2155 3920 luero
2201 3864 2488 3932 deputans,
2523 3862 2668 3928 quod
2707 3859 3023 3920 comederit,
3066 3867 3119 3911 et
3170 3856 3384 3919 biberit,
3441 3865 3498 3910 et

1924 3955 2088 4009 rebus
2121 3954 2369 4008 venereis
2406 3952 2754 4021 impenderit.
2806 3950 2869 4004 Et
2919 3949 3063 4017 quod
3095 3947 3498 4015 Sardanapalus

1923 4055 2280 4099 monumento
2302 4058 2403 4097 suo
2429 4043 2773 4111 inscripsisse
2802 4040 2998 4106 fertur;
3032 4037 3083 4091 id
3145 4039 3261 4106 ipse
3311 4037 3497 4091 animo

1924 4152 2022 4190 suo
2044 4136 2124 4190 sic
2157 4135 2430 4199 inscribit,
2465 4142 2524 4187 ut
2555 4133 2722 4188 deleri
2785 4149 2889 4186 non
2931 4130 3121 4198 possit,
3173 4129 3224 4182 id
3281 4129 3421 4198 quod
3447 4128 3497 4182 ei

1924 4241 2030 4278 non
2061 4223 2354 4287 accideret,
2389 4223 2434 4275 si
2466 4221 2798 4275 continentia
2836 4221 3148 4284 voluptates
3189 4226 3492 4279 coerceret,

1923 4326 1978 4369 et
2003 4316 2209 4369 lucrum
2240 4322 2482 4382 putaret,
2512 4328 2617 4365 non
2645 4312 2920 4368 damnum,
2950 4308 2994 4361 si
3036 4307 3165 4375 quid
3207 4306 3290 4358 his
3333 4305 3496 4359 dece-

253 4411 412 4464 Οὕτω
462 4413 570 4484 γάρ
600 4414 762 4467 αὐτὸν
791 4416 932 4468 κατὰ
969 4416 1162 4484 μικρὸν
1203 4415 1348 4468 λύων
1397 4415 1490 4467 τοῦ
1547 4413 1818 4482 σώματος,

1925 4410 2099 4464 deret.
2139 4405 2275 4461 Nam
2323 4407 2366 4458 si
2398 4405 2477 4458 sic
2520 4403 2784 4474 paulatim
2823 4417 2852 4453 a
2889 4413 3122 4468 corpore
3167 4413 3230 4451 se
3260 4399 3501 4452 resolve-

257 4501 351 4554 καὶ
376 4503 568 4554 ἐαυτδν
600 4503 1012 4572 συνεθιζόμενος
1045 4504 1283 4573 βλέπειν,
1309 4504 1411 4557 οὐκ
1446 4504 1511 4557 ἂν
1551 4503 1825 4574 ἠγνόησεν

255 4593 470 4652 ἐαυτὸν,
490 4594 625 4648 ἀλλὰ
654 4595 752 4663 τῆς
781 4595 1036 4664 ἀληθείας
1071 4596 1166 4648 καὶ
1197 4596 1303 4648 τῶν
1337 4597 1645 4665 ἀσωμάτων
1675 4595 1828 4663 γινό-

256 4701 420 4751 μενος
448 4685 676 4754 θεωρὸς,
707 4687 803 4740 καὶ
820 4687 1124 4750 κατανοῶν,
1153 4687 1227 4750 ῶς
1244 4687 1396 4742 οὐδὲν
1419 4687 1567 4757 αὑτῷ
1583 4686 1645 4740 τὸ
1666 4685 1826 4756 σῶμα

252 4773 396 4843 πρὸς
415 4777 512 4842 τὴν
530 4776 768 4846 θεωρίαν
798 4761 1012 4845 ἐκείνην
1042 4778 1332 4842 λυσιτελεῖ,
1361 4779 1618 4850 εὕρισκεν
1644 4779 1709 4832 ἂν
1734 4781 1792 4832 ὲν
1809 4809 1825 4820 ο

249 4864 431 4917 ταῦθα
488 4867 586 4936 τὴν
621 4868 818 4921 ἐαυτοῦ
847 4868 1029 4937 ψυχὴν
1062 4871 1490 4941 ἀπηλλαγμένην
1517 4872 1613 4924 τοῦ
1641 4869 1829 4940 σῶμα·

247 4972 368 5020 τος,
391 4959 483 5009 καὶ
511 4958 632 5011 καθ’
662 4960 858 5030 ἑαυτὴν
888 4956 1030 5014 εἶναι
1060 4962 1363 5032 δυναμένην
1397 4964 1494 5015 καὶ
1528 4961 1634 5031 πρὸ
1656 4962 1824 5015 θανά-

247 5061 371 5110 του,
403 5047 499 5099 καὶ
520 5049 762 5120 τοσούτῳ
800 5052 1005 5120 μᾶλλον
1027 5051 1232 5104 καλλίω
1280 5053 1376 5105 καὶ
1409 5052 1824 5122 ἐρρωμενεστέ-

251 5155 380 5209 ραν,
411 5138 696 5212 ὃσονῆττον
734 5147 951 5212 μετεῖχε
983 5145 1076 5196 τοῦ
1108 5144 1384 5213 σώματος.

830 5240 872 5290 Κ
886 5239 1081 5293 ΕΦΛΛ.
1120 5241 1158 5291 κ
1174 5240 1252 5292 E'.

325 5326 436 5378 Καὶ
465 5327 610 5381 οὕτω
639 5332 703 5398 τῇ
737 5331 963 5400 τοιαύτῃ
999 5331 1335 5384 καταστάσει
1384 5332 1820 5402 συνεθιζόμενος,

246 5417 353 5470 οὐκ
387 5418 453 5470 ἂν
500 5421 674 5488 ἤλγει,
710 5423 1076 5490 διισταμένων
1112 5422 1260 5490 αὐτῷ
1301 5423 1409 5474 τῶν
1453 5425 1656 5492 μερῶν,
1717 5423 1825 5476 οὔδ’

249 5505 321 5560 ἂν
353 5508 541 5562 ἐδεδίει
579 5511 709 5580 περὶ
768 5512 988 5576 ἐαυτοῦ,
1051 5515 1418 5580 πεπεισμένος
1454 5518 1634 5582 μενεῖν
1675 5514 1824 5584 αὐτῷ

247 5601 353 5683 την
387 5601 566 5670 ψυχὴν
595 5603 655 5668 ἐξ
679 5599 751 5656 ὧν
781 5606 1132 5673 ἐπεπείρατο.
1176 5605 1360 5666 Οὕτως
1406 5607 1500 5657 καὶ
1536 5607 1588 5656 αἱ
1641 5607 1823 5674 ἡδοναὶ

249 5689 352 5758 τὴν
600 5693 966 5769 ἀναμιγνῦσαι
1021 5696 1094 5765 τῷ
1133 5695 1366 5765 σώματι,
1411 5696 1504 5770 τὴν
1540 5698 1703 5768 αὑτῆς
1739 5699 1822 5749 0.?-

1929 4509 2032 4566 ret,
2067 4507 2121 4553 et
2154 4514 2214 4553 se
2245 4496 2444 4551 intueri
2477 4502 2836 4558 assuesceret,
2871 4506 2992 4546 sese
3021 4505 3129 4544 non
3192 4490 3491 4559 ignoraret,

1930 4595 2024 4648 sed
2059 4590 2304 4646 veritatis
2337 4591 2853 4657 etinrorporeorum
2877 4586 3029 4639 ﬁeret
3049 4581 3446 4650 contemplator
3479 4597 3495 4634 :

1927 4696 2090 4755 atque
2120 4684 2466 4754 intelligeret,
2496 4681 2632 4735 nihil
2661 4681 2726 4734 ad
2758 4680 2902 4736 illam
2934 4677 3036 4744 sibi
3063 4673 3486 4740 contemplatio-

1923 4794 2052 4833 nem
2081 4791 2284 4846 corpus
2346 4775 2628 4844 prodesse,
2686 4781 2743 4826 et
2789 4768 3055 4837 reperiret
3110 4765 3181 4818 ibi
3253 4766 3496 4816 animum

1927 4884 2085 4923 suum
2112 4884 2141 4922 a
2167 4881 2396 4935 corpore
2417 4865 2731 4920 liberatum,
2769 4865 2824 4911 et
2865 4871 2960 4925 per
3003 4869 3124 4908 sese
3161 4853 3324 4906 etiam
3367 4861 3498 4905 ante

1929 4970 2156 5014 mortem
2218 4971 2378 5026 posse
2426 4953 2729 5010 consistere
2766 4966 2780 5001 :
2815 4961 2988 5016 eoque
3019 4955 3074 4998 et
3126 4943 3493 5010 pulchriorem

1927 5063 1981 5107 et
2031 5049 2391 5105 robustiore-.n
2444 5060 2585 5108 esse,
2621 5057 2729 5111 quo
2756 5040 2935 5092 minus
2965 5037 3217 5102 corporis
3262 5050 3495 5088 consors

1927 5147 2021 5201 sit.

2493 5226 2722 5286 CAPUT
2781 5223 2945 5279 XXV.

1998 5328 2179 5396 Itaque
2207 5326 2296 5380 tali
2325 5324 2487 5379 statui
2521 5321 2876 5377 assuefactus.
2935 5329 3043 5368 non
3096 5313 3327 5373 doleret,
3373 5327 3501 5366 eum

1927 5432 2106 5490 partes
2130 5419 2249 5486 ejus
2298 5416 2681 5472 divellerentur
2718 5431 2732 5467 :
2769 5425 2867 5464 tice
2919 5409 3017 5462 sibi
3075 5406 3308 5466 timeret,
3371 5420 3498 5458 cum

1928 5525 2244 5581 persuasum
2284 5510 2528 5570 haberet,
2563 5507 2627 5560 iis
2678 5505 2860 5561 rebus,
2910 5512 3134 5567 quarum
3197 5495 3497 5564 periculum

1929 5604 2166 5666 fecisset,
2231 5602 2518 5662 adductus,
2603 5599 2841 5650 animum
2908 5589 3003 5643 s'lii
3071 5601 3488 5656 peruianwrum

1929 5714 2066 5752 esse.
2102 5694 2415 5766 Voluptates
2454 5709 2582 5749 vero
2615 5693 2851 5745 aniuqu
2887 5681 3098 5752 corpori
3136 5683 3482 5734 coniursccn-
