3904 6216
296 327 433 395 1225

1307 343 1406 403 DE
1459 343 1986 406 PROCESSIONE
2028 348 2090 408 S.
2131 351 2513 415 SPIRITUS.

3411 353 3553 419 1226

284 456 525 511 ἐκείνου
556 461 858 527 πρόοδογ;
882 461 949 515 '0
988 463 1087 533 τῆς
1118 463 1424 534 ἀμαθείαςί
1458 464 1541 518 ὅτι
1576 463 1751 534 τούτῳ
1794 462 1870 533 τῷ

1974 468 2108 522 satis
2131 486 2235 523 non
2264 472 2353 526 sit.
2372 469 2416 526 Ο
2438 470 2709 527 inscitiam
2730 472 2743 524 l
2765 486 2889 527 cum
2913 470 3138 527 ﬂaccido
3170 472 3273 527 isto
3290 487 3352 528 ac
3383 474 3560 530 debili

289 549 474 620 σαθρῷ
498 551 593 604 καὶ
618 552 828 607 εὔτελεῖ
854 553 1001 624 λόγῳ
1028 554 1129 625 τὴν
1165 555 1486 626 θαυμαστὴν
1534 555 1741 628 ταύτην
1787 559 1866 611 ot-

284 642 523 714 κοδομὴν
542 644 639 714 τῆς
661 644 943 715 θεολογίας
963 646 1293 716 ἀνατρέπειν
1320 647 1565 716 νομίζεις
1586 686 1601 702 .
1626 646 1869 718 Τοιούτῳ

286 735 508 799 πάντως
542 738 957 809 ἐπιχειρήματι,
992 741 1186 807 Φὼτιε,
1215 742 1309 793 καὶ
1326 742 1374 793 οἱ
1400 741 1507 812 πρὸ
1541 739 1636 793 σοῦ
1670 742 1737 811 τῇ
1773 739 1868 793 τοῦ

293 826 421 881 Υίοῦ
456 829 551 882 τοῦ
603 830 741 884 Θεοῦ
782 832 1236 904 πεπολεμηκότες
1287 832 1528 904 θεότητι,
1580 834 1867 903 φαίνονται

288 922 621 992 χρήσασθαι,
655 922 721 976 Εί
770 926 914 990 Θεὸς
935 926 1194 992 τέλειος,
1230 925 1551 992 φάσκοντες,
1576 928 1610 979 ό
1640 924 1865 993 Πατὴρ,

286 1015 345 1067 τί
385 1014 504 1082 χρὴ
553 1014 651 1068 καί
693 1015 801 1070 τὸν
847 1017 986 1070 Υἱὸν
1040 1017 1281 1071 τέλειον
1316 1018 1464 1072 Θεὸν
1506 1018 1867 1081 πιστεύειν;

299 1107 595 1161 Ἐλάνθανε
641 1110 751 1178 γὰρ
794 1110 1020 1173 αὐτοὺς,
1059 1109 1134 1173 ὡς
1189 1109 1541 1187 ἀληθέστατα.
1570 1110 1719 1179 παρὰ
1767 1110 1866 1179 τῆς

301 1200 631 1272 Ἐκκλησίας
660 1201 965 1267 δοξάζοιτο,
992 1203 1085 1256 καὶ
1115 1203 1279 1272 μόνον
1324 1200 1583 1272 ἀληθινὸν
1614 1202 1749 1254 Θεὸν
1775 1200 1866 1254 τὸν

287 1296 506 1365 Πατέρα
533 1297 629 1349 καὶ
656 1296 867 1349 τέλειον
894 1292 1034 1350 εἶναι
1056 1313 1070 1328 ο
1101 1296 1262 1350 τοῦτο
1290 1296 1502 1365 δ’ὅμως
1534 1296 1635 1348 οὐκ
1670 1294 1869 1348 ἐκϐάλ-

284 1387 399 1439 λειν
426 1388 519 1441 τὸν
564 1388 693 1440 Υἱὸν
744 1389 845 1456 τῆς
886 1390 1171 1460 Πατρικῆς
1222 1390 1439 1457 ἐκείνης
1478 1387 1863 1457 κληρονομίας,

286 1481 410 1533 καθ’
440 1480 507 1551 ἣν
540 1481 718 1535 πάντα
752 1480 866 1550 ἔχει
902 1482 971 1534 τά
1001 1481 1097 1535 τοῦ
1132 1480 1345 1550 [ἰατρὸς
1377 1480 1453 1543 ὡς
1483 1482 1710 1542 ἐκεῖνος.
1750 1478 1866 1532 Μό-

285 1589 376 1625 νου
405 1574 517 1642 ἆρα
550 1572 758 1625 τελείου
811 1573 945 1625 Θεοῦ
1002 1571 1158 1637 ὄντος
1209 1590 1270 1625 τε
1312 1572 1408 1625 καὶ
1460 1570 1866 1640 πιστευομένου

287 1665 378 1718 τοῦ
410 1664 643 1732 Πατρός,
668 1665 762 1717 καὶ
790 1665 817 1715 ὁ
852 1664 980 1727 Υἱὸς
1011 1665 1143 1728 Θεὸς
1172 1664 1379 1727 τέλειος
1411 1664 1535 1718 ὲστί
1566 1680 1627 1717 τε
1656 1663 1752 1717 καὶ
1781 1662 1870 1715 λέ-

269 1744 462 1820 ιγεται.
482 1755 555 1806 Τὸ
587 1753 701 1807 ἴσον
731 1754 786 1807 δὲ
824 1756 1045 1823 φρονεῖν
1077 1754 1255 1823 ἔξεστι
1287 1756 1381 1810 καὶ
1408 1755 1537 1825 περὶ
1566 1754 1661 1808 τοῦ
1690 1754 1863 1809 Πνεῦ-

291 1862 461 1915 ματος
494 1845 589 1899 τοῦ
620 1846 800 1914 ἀγίου.
843 1845 909 1899 Ἦ
954 1847 1092 1915 αὑτὴ
1126 1847 1236 1919 γὰρ
1265 1845 1343 1916 τῷ
1387 1844 1611 1918 ἀριθμῷ
1644 1845 1739 1899 καὶ
1768 1845 1865 1916 μία

287 1938 478 2008 θεότης
508 1939 620 2001 τοῖς
658 1939 806 2007 τρισὶ
852 1938 1030 2008 κοινὴ,
1056 1937 1182 1991 καθ’
1225 1939 1290 2008 ην
1329 1939 1564 1992 ἕκαστον
1592 1936 1702 1991 τῶν
1732 1954 1867 2008 προο

288 2030 488 2083 σὼπων
520 2030 611 2082 καί
662 2028 822 2099 μόνος
870 2029 1005 2092 Θεὸς
1057 2030 1155 2083 καὶ
1192 2029 1401 2093 τέλειος
1450 2028 1865 2098 δογματίζεται,

283 2122 388 2175 οὐκ
413 2119 650 2187 ἑξωθοῦν
675 2121 775 2190 τῆς
802 2122 1054 2190 θεότητος
1078 2120 1329 2191 θάτερον,
1356 2121 1548 2192 ὥσπερ
1576 2121 1707 2190 παρ’
1735 2123 1867 2191 ἡμῖν

288 2214 451 2277 εἴτις
485 2214 648 2283 μόνος
677 2208 745 2283 ἦν
775 2212 1035 2274 πλούσιος
1066 2213 1194 2274 τοὺς
1225 2213 1422 2277 ἄλλους
1458 2214 1700 2284 πένητας
1726 2209 1868 2266 εἶναι

287 2306 387 2358 οὐκ
419 2302 858 2373 ἀμφιϐάλλομεν,
890 2303 1098 2356 ἐκείνου
1132 2302 1263 2363 παρ’
1294 2303 1471 2372 ἑαυτῷ
1501 2304 1631 2366 τοὺς
1662 2302 1867 2373 θησαυ-

292 2397 419 2465 pob;
446 2395 795 2464 κατέχοντος,
822 2394 920 2447 καὶ
955 2394 1149 2464 μηδενὶ
1192 2395 1583 2459 κοινωνοῦντος
1618 2394 1728 2448 τῶν
1768 2411 1865 2446 τα-

286 2489 519 2551 λάντων,
552 2485 689 2539 ἀλλά
724 2484 1071 2554 πανταχόθεν
1102 2483 1453 2552 συλλέγοντος
1503 2483 1596 2539 τὸν
1642 2486 1867 2556 χρυσὸν,

287 2581 382 2632 καὶ
416 2576 642 2648 μείζους
676 2576 939 2629 ἑκάστοτε
976 2574 1074 2637 τὰς
1107 2573 1398 2645 ἀποθήκας
1426 2575 1732 2641 ποιοῦντος.
1756 2577 1869 2648 Οὐχ

290 2669 489 2735 οὕτως,
538 2662 585 2723 ὦ
632 2667 798 2722 δεινοὶ
859 2665 1233 2736 συλλογισταὶ,
1267 2665 1437 2736 φαίην
1488 2666 1556 2720 ἂν
1609 2668 1745 2736 πρὸς
1775 2666 1869 2721 τὸν

293 2764 357 2815 Ἀ
371 2760 594 2832 ρειον,ἢ
634 2759 761 2822 τοὺς
796 2758 864 2814 τά
915 2759 1079 2828 ὅμοια
1122 2757 1514 2827 νενοσηκότας,
1550 2758 1580 2810 ό
1613 2757 1746 2821 Θεὸς
1775 2759 1871 2813 καὶ

290 2850 481 2921 Πατὴρ
506 2851 596 2902 τὸν
619 2849 722 2918 τῆς
758 2847 1014 2916 θεότητος
1049 2846 1283 2901 πλοῦτον
1329 2846 1462 2916 παρ’
1491 2845 1674 2916 ἑαυτῷ
1705 2864 1869 2901 συνα-

290 2942 513 3012 θροίσας
564 2939 743 3006 ὀλίγου
793 2938 937 3002 τινὸς
994 2938 1267 3008 μετέδωκε
1301 2938 1381 3009 τῷ
1415 2937 1553 3008 Υίῷ,
1594 2936 1872 3009 φθονήσας

291 3039 422 3100 ίσως
450 3038 595 3091 κατά
622 3035 720 3107 τὴν
756 3036 1038 3108 ἡμετέραν
1098 3036 1422 3106 σκαιότητα,
1457 3036 1491 3107 ἢ
1526 3035 1869 3105 ἀδυνατήσας

1972 569 2301 631 argumento
2357 563 2740 619 admirabilem
2787 564 2931 619 hanc
2978 566 3268 638 theologia:
3312 576 3555 622 structu-

1973 666 2088 707 ram
2140 654 2422 711 dimovere
2485 666 2646 725 putas
2686 658 2709 711 ?
2758 655 2876 712 Hoc
2918 672 3142 727 prorsus
3202 669 3548 729 argumento,

1972 744 2159 811 Photi,
2206 756 2335 800 ante
2358 757 2409 801 te
2437 746 2559 803 Filii
2620 748 2717 805 Dei
2770 749 3117 805 divinitatem
3160 762 3550 820 oppugnantes

1974 835 2049 892 uti
2073 836 2173 891 visi
2204 847 2352 899 sunt.
2386 837 2446 893 Si
2474 840 2614 894 Deus
2643 842 2925 911 perfectus,
2960 841 3230 908 dicentes,
3251 840 3417 895 Pater
3449 853 3550 903 est,

1970 929 2098 999 quid
2112 946 2241 998 opus
2265 942 2337 985 est
2359 940 2407 985 et
2439 930 2639 987 Filium
2654 935 2943 1004 perfectum
2977 935 3147 989 Deum
3176 951 3283 989 esse
3300 933 3551 988 credere?

1972 1017 2235 1089 Fugiehat
2263 1021 2410 1080 enim
2441 1021 2592 1092 ipsos
2643 1039 2808 1093 quam
2872 1025 3161 1081 verissime
3194 1025 3263 1079 ab
3307 1023 3550 1079 Ecclesia

1972 1110 2171 1176 teneri,
2203 1112 2381 1165 solum
2412 1128 2603 1168 verum
2648 1115 2817 1170 Deum
2856 1115 3098 1182 Patrem,
3144 1125 3199 1172 et
3247 1117 3549 1187 perfecmm

1969 1215 2114 1266 esse,
2152 1202 2257 1255 hoc
2285 1203 2645 1261 nihilominus
2679 1221 2785 1260 non
2817 1206 3111 1261 deturbare
3141 1206 3342 1261 Filium
3369 1215 3549 1277 pater-

1970 1308 2038 1346 na
2071 1290 2161 1347 illa
2197 1293 2540 1361 haereditate,
2571 1311 2677 1365 qua
2720 1297 2902 1351 omnia
2956 1297 3136 1353 Patris
3175 1314 3331 1369 teque
3378 1308 3545 1368 atque

1971 1383 2059 1438 illc
2092 1386 2356 1454 possidet.
2407 1384 2569 1441 Solus
2599 1388 2783 1456 itaque
2813 1388 3090 1457 perfectus
3130 1390 3277 1443 Deus
3306 1405 3430 1443 cum
3477 1390 3549 1443 sit

1969 1484 2026 1529 et
2056 1486 2343 1546 reputetur
2372 1478 2554 1544 Pater,
2606 1476 2778 1533 Filius
2808 1494 3028 1548 quoque
3066 1478 3212 1533 Deus
3271 1478 3550 1549 perfectus

1971 1574 2053 1620 est
2090 1574 2144 1620 ct
2187 1566 2427 1632 dicitur;
2471 1569 2619 1638 quod
2669 1569 2966 1624 tenendum
3002 1570 3166 1625 etiam
3196 1578 3283 1624 est
3326 1569 3393 1624 de
3424 1570 3551 1639 Spi-.

1971 1656 2079 1709 ritu
2118 1664 2333 1711 sancto.
2374 1656 2579 1712 Eadem
2612 1658 2763 1712 enim
2820 1674 3053 1714 numero
3085 1667 3141 1714 et
3188 1674 3297 1713 una
3355 1658 3544 1713 Deitas

1974 1744 2151 1800 tribus
2179 1749 2491 1802 communis
2519 1758 2627 1810 est,
2659 1749 2961 1804 secundum
2988 1766 3150 1821 qnam
3206 1765 3553 1820 unaquaeque

1973 1846 2205 1902 persona
2235 1843 2291 1889 et
2316 1840 2464 1892 solus
2499 1835 2643 1892 Deus
2674 1847 2731 1893 et
2766 1838 3050 1909 perfectus
3082 1840 3417 1901 decernitur,
3440 1854 3550 1892 non

1967 1924 2267 1981 excludens
2288 1927 2456 1981 alium
2482 1943 2510 1983 a
2536 1929 2860 1985 divinitate:
2897 1932 3362 2000 quemadmodum
3408 1933 3551 2000 apud

1967 2029 2069 2070 nos
2098 2016 2143 2070 si
2171 2016 2297 2085 quis
2322 2018 2474 2073 solus
2505 2030 2654 2075 esset
2683 2021 2861 2086 dives,
2924 2023 3061 2078 alios
3108 2038 3378 2094 pauperes
3424 2039 3551 2079 esse

1970 2121 2079 2162 non
2108 2106 2450 2174 dubitamus,
2488 2126 2612 2165 cum
2644 2112 2734 2166 ille
2763 2114 2905 2182 apud
2930 2128 2990 2169 se
3040 2114 3330 2171 thesauros
3376 2116 3555 2171 conti—

1970 2208 2119 2262 neat,
2172 2214 2276 2254 nec
2324 2200 2418 2254 ulli
2472 2202 2677 2257 talenta
2725 2204 3121 2269 communicet,
3176 2205 3270 2261 sed
3311 2206 3449 2260 locis
3483 2220 3548 2260 ex

1970 2290 2225 2348 omnibus
2248 2308 2441 2347 aurum
2481 2295 2823 2365 recolligens,
2870 2297 3114 2366 quotidie
3139 2298 3383 2354 auctiora
3415 2299 3544 2354 red-

1970 2383 2063 2438 dat
2099 2386 2445 2453 repositoria.
2478 2386 2597 2443 Non
2632 2387 2706 2442 ita
2729 2396 2831 2454 est,
2858 2403 2891 2443 ο
2913 2389 3058 2444 acuti
3108 2390 3544 2461 syllogismorum

1970 2477 2306 2543 inventores,
2343 2480 2731 2551 responderem
2763 2482 2830 2538 ad
2866 2481 3077 2547 Arium,
3116 2483 3231 2538 sive
3273 2483 3340 2538 ad
3382 2483 3551 2539 simili

1971 2571 2164 2625 morbo
2192 2572 2481 2639 detentos;
2514 2589 2647 2639 non,
2680 2574 2929 2644 inquam,
2965 2576 3108 2631 Deus
3136 2585 3189 2630 et
3221 2576 3383 2632 Pater
3407 2576 3548 2631 divi-

1970 2661 2162 2719 uitatis
2193 2664 2484 2720 thesauros
2518 2666 2571 2720 in
2603 2667 2906 2737 semetipso
2939 2668 3283 2739 complexus,
3326 2669 3552 2738 paulum

1971 2754 2248 2825 quidpiam
2267 2772 2333 2811 ex
2358 2756 2465 2811 illis
2480 2754 2621 2814 Filio
2643 2759 3091 2828 communicavit,
3115 2760 3350 2814 fortasse
3374 2770 3553 2815 motus

1970 2846 2292 2910 invidentia,
2325 2863 2446 2917 qua:
2474 2857 2652 2903 vestra
2680 2859 2763 2904 est
2792 2851 3036 2916 vesania,
3074 2840 3170 2906 aut
3198 2852 3391 2908 volens
3430 2867 3550 2906 eam

1969 2940 2378 2995 communicare
2397 2957 2507 2996 non
2534 2943 2736 3012 potuit,
2755 2944 2850 2998 sed
2871 2945 3035 2998 totius
3056 2946 3308 3001 essentize
3336 2953 3391 3000 et
3412 2945 3554 3000 dit-i-

1972 3030 2159 3085 nitatis
2190 3031 2341 3085 illum
2375 3033 2698 3104 participem
2730 3033 2883 3102 facit,
2926 3035 3129 3106 datque
3178 3036 3253 3091 illi
3301 3037 3546 3091 omnium

291 3127 575 3198 βουληθεὶς
610 3127 958 3198 μεταδοῦναι,
990 3128 1106 3179 ἀλλ’
1137 3126 1266 3197 ὅλης
1294 3127 1395 3197 τῆς
1421 3126 1611 3191 οὐσίας
1639 3129 1735 3179 καὶ
1768 3126 1869 3196 τῆς

1974 3124 2291 3190 maximum,
2323 3134 2381 3178 ut
2408 3124 2548 3181 Deus
2576 3127 2854 3196 perfectus
2888 3128 2982 3194 sit,
3006 3139 3062 3183 et
3089 3130 3253 3188 simul
3275 3145 3398 3184 cum
3428 3130 3547 3200 ipso

290 3224 546 3290 θεότητος
576 3220 740 3273 αὑτὸν
774 3218 1066 3290 καθίστησι
1117 3220 1401 3285 κοινωνὸν,
1448 3220 1545 3272 κα)⁸
1593 3219 1777 3272 δίδωσι
1810 3218 1872 3269 τὸ

291 3316 510 3369 πάντων
569 3312 757 3383 μεῖζον
805 3310 978 3382 αὐτῷ,
1013 3312 1102 3365 ἵνα
1136 3312 1269 3376 Θεὸς
1304 3308 1338 3383 ᾖ
1368 3311 1577 3374 τέλειος
1636 3311 1731 3364 καὶ
1777 3310 1872 3379 δη·-

294 3407 554 3479 μιουργὸς
590 3404 713 3476 μετ’
742 3404 909 3459 αὐτοῦ
941 3404 1052 3458 τῶν
1083 3405 1364 3458 ἀπάντωνο
1404 3403 1508 3457 κᾶν
1539 3403 1872 3475 διαρρηγνυ-

294 3502 390 3554 σθε
421 3501 553 3563 τοὺς
600 3498 695 3553 δύο
742 3497 1112 3568 δημιουργοὺς
1174 3497 1308 3567 ἡμῖν
1362 3495 1743 3566 ἐπιφέροντες,
1773 3494 1873 3547 καὶ

293 3595 624 3664 φοὸοὑμενοι
677 3594 865 3663 φόὸον,
890 3595 1029 3647 ὅπου
1061 3591 1164 3647 οὐκ
1193 3589 1311 3643 εστι
1363 3588 1551 3659 φόϐος.
1600 3587 1872 3656 Διαιρείτε

292 3689 401 3758 γὰρ
432 3687 555 3741 κατ’
582 3687 775 3742 οΰοίαν
807 3686 902 3740 τοῦ
950 3684 1168 3756 Πατρὸς
1212 3682 1305 3736 τὸν
1342 3681 1474 3735 Υἰὸν
1506 3680 1744 3745 ἀσεϐῶς,
1776 3680 1873 3734 καὶ

292 3778 391 3848 τὴν
423 3778 605 3832 αὐτῶν
639 3778 804 3847 φύσιν
841 3778 934 3830 καὶ
980 3776 1236 3845 δύναμιν,
1267 3773 1300 3843 ἢ
1346 3772 1443 3843 οὐχ
1477 3771 1675 3842 ὁμοίαν
1723 3769 1873 3822 τίθε-

296 3871 415 3937 σθε,
441 3870 474 3940 ἢ
506 3870 869 3939 διαφέρουσαν
902 3869 979 3939 τῷ
1010 3864 1411 3939 ἀριθμῷ,ῶστε
1467 3863 1561 3917 δύο
1612 3864 1871 3927 δυνατοὺς

292 3964 326 4031 ἢ
355 3962 555 4032 σοφοὺς
578 3960 893 4033 ὀνομάζειν.
921 3960 1089 4014 Τουτὶ
1134 3959 1189 4011 δὲ
1223 3961 1289 4012 εκ
1325 3956 1433 4011 τῶν
1463 3956 1750 4026 ἡμετέρων
1774 3959 1872 4025 οὐχ

290 4054 485 4105 ’ἐπεται
514 4052 713 4121 λόγων.
747 4052 862 4120 Τὴν
897 4051 1070 4120 αὐτὴν
1101 4051 1234 4119 γὰρ,
1269 4049 1344 4110 ὡς
1372 4047 1609 4118 ἔφημεν,
1639 4046 1745 4117 πρὸ
1781 4063 1873 4117 μι-

292 4143 429 4216 κροῦ
465 4143 545 4214 τῷ
579 4141 802 4215 ἀριθμῷ
834 4141 1091 4212 δύναμιν,
1120 4140 1215 4194 καὶ
1250 4139 1508 4207 θεότητα,
1546 4140 1643 4194 καὶ
1681 4140 1874 4210 σοφίαν

294 4237 600 4307 ὲνιάμφοῖν
646 4230 1047 4301 θεολογοῦντες,
1097 4230 1186 4284 διὰ
1231 4229 1389 4284 τοῦτο
1422 4232 1651 4294 εἰκότως
1696 4231 1873 4301 δήπου

292 4329 393 4381 καὶ
438 4328 540 4381 ἱνα
591 4324 992 4397 συμπεραίνειν
1022 4323 1085 4376 οῦ
1115 4322 1489 4392 κατοκνοῦμεν
1516 4322 1872 4392 δημιουργόν.

295 4420 535 4474 Τοιαῦτα
568 4419 637 4474 ἄν
671 4436 782 4483 τις,
815 4410 861 4471 ὧ
887 4416 1077 4486 ἄνδρες
1106 4416 1346 4487 Κρῆτες,
1380 4414 1517 4486 πρὸς
1544 4416 1636 4468 τὸν
1666 4414 1873 4468 Φωτίου

1973 3229 2157 3268 rerum
2202 3216 2447 3269 omnium
2492 3219 2771 3284 conditor,
2818 3220 2948 3274 licet
2971 3220 3383 3289 dirumpamini,
3416 3221 3554 3275 duos

1972 3306 2134 3361 nobis
2158 3315 2499 3374 opponentes
2527 3318 2856 3376 -creatores,
2891 3321 2943 3365 et
2970 3319 3283 3365 metuentes
3314 3320 3550 3376 metum,

1974 3400 2066 3454 ubi
2099 3412 2279 3455 metus
2309 3417 2417 3455 non
2448 3411 2553 3457 est.
2573 3402 2830 3458 Dividitis
2856 3403 3002 3457 enim
3022 3403 3329 3457 secundum
3359 3418 3548 3458 essen-

1973 3492 2105 3546 tiam
2142 3491 2308 3562 impie
2342 3489 2543 3546 Filium
2596 3508 2626 3547 a
2655 3494 2841 3559 Patre,
2871 3503 2924 3549 et
2959 3508 3154 3548 eorum
3182 3503 3436 3548 naturam
3494 3503 3551 3548 et

1972 3592 2298 3653 potestatem
2321 3597 2417 3639 aut
2448 3584 2773 3641 dissimilem
2806 3595 2901 3641 aut
2929 3602 3158 3642 nurnero
3201 3584 3549 3642 diﬁerentem

1973 3675 2285 3745 supponitis
2315 3693 2330 3742 ;
2355 3693 2525 3746 quare
2556 3687 2611 3732 et
2642 3680 2781 3734 duos
2834 3688 3106 3750 potentes,
3152 3682 3401 3751 duosque
3460 3697 3552 3736 sa—

1975 3768 2188 3839 pientes
2247 3771 2558 3840 appellatis,
2618 3774 2765 3843 quod
2818 3787 2885 3827 ex
2944 3773 3155 3828 nostris
3192 3773 3546 3829 sermonibus

1975 3877 2085 3917 non
2120 3863 2501 3932 consequitur.
2528 3863 2790 3919 Eamdem
2814 3866 2986 3930 enim,
3025 3875 3085 3920 ut
3109 3865 3266 3935 paulo
3300 3874 3427 3920 ante
3467 3866 3553 3920 di-

1978 3955 2183 4018 ximus,
2209 3964 2541 4024 potestatem
2576 3971 2831 4022 numero,
2862 3968 2918 4013 et
2957 3960 3219 4013 deitatem
3250 3968 3303 4013 et
3331 3959 3552 4027 sapien-

1978 4048 2109 4102 tiam
2148 4050 2202 4103 iu
2237 4049 2484 4118 utrisque
2510 4060 2843 4113 asserentes,
2880 4060 3308 4122 proptereaque,
3344 4051 3423 4105 uti
3456 4065 3553 4120 par

1974 4150 2078 4207 est,
2097 4142 2262 4197 etiam
2288 4158 2458 4197 unum
2483 4142 2815 4198 concludere
2844 4146 3161 4199 Creatorem
3197 4144 3421 4198 minime
3455 4158 3552 4197 ne-

1974 4233 2250 4304 gligimus.
2293 4233 2358 4287 Et
2386 4235 2500 4289 haec
2525 4235 2769 4302 quidem,
2806 4250 2839 4289 ο
2877 4235 2977 4289 viri
3013 4235 3330 4299 Cretenses,
3393 4236 3550 4302 quis—

1976 4327 2119 4397 piam
2161 4327 2363 4381 dixerit
2406 4326 2474 4381 ad
2525 4327 2864 4382 imbecillum
2898 4327 3085 4383 Photii
3124 4329 3548 4399 syllogismum;

1975 4416 2381 4488 perfecte'enim
2415 4415 2682 4487 Spiritum
2713 4433 2780 4474 ex
2818 4419 2979 4475 Patre
3016 4421 3277 4491 progredi
3308 4423 3545 4477 creden-

292 4513 441 4565 εἴποι
490 4511 704 4582 ἀδρανῆ
756 4510 1146 4579 συλλογισμόν.
1180 4508 1415 4571 Τελείως
1440 4508 1501 4560 τὸ
1540 4507 1768 4576 Πνεῦμα
1805 4507 1870 4559 ὲκ

1983 4522 2086 4574 tes,
2127 4510 2485 4565 nihilominus
2527 4509 2693 4564 etiam
2742 4525 2807 4565 ex
2836 4509 2979 4567 Filio
3032 4528 3282 4568 asserere
3317 4528 3425 4569 non
3463 4528 3555 4568 re-

291 4603 387 4656 τοῦ
426 4602 637 4673 Πατρὸς
672 4601 1041 4673 προέρχεσθαι
1065 4599 1438 4663 πιστεύοντες,
1468 4599 1616 4668 ὅμως
1648 4603 1753 4654 κάκ
1778 4596 1872 4652 τοῦ

296 4693 429 4748 Υίοῦ
463 4693 633 4747 ταυτὸ
667 4693 851 4761 λέγειν
879 4692 981 4744 οὐκ
1010 4691 1374 4761 ἀνανεύομεν.
1394 4691 1468 4743 Τὸ
1495 4690 1541 4744 δ’
1571 4691 1706 4761 ἡμῖν
1733 4691 1873 4746 ἑπά-

296 4802 415 4853 γειν
438 4785 513 4848 ὡς
535 4783 731 4855 ἀτελὴς
761 4784 870 4855 ἀρα
899 4785 932 4853 ὴ
967 4785 1035 4835 ὲκ
1058 4786 1151 4836 τοί.
1187 4782 1401 4853 Πατρὸς
1426 4782 1523 4836 τοῦ
1560 4781 1877 4853 Πνεῦματος

294 4857 547 4947 πρόοδος,
596 4876 833 4947 ἀμαθῶν
881 4876 1004 4928 ἐστι
1034 4874 1191 4943 λόγος
1242 4873 1573 4945 ἀνθρώπων,
1618 4876 1715 4929 καὶ
1765 4877 1874 4930 τῶν

296 4969 648 5037 σεμνοτάτων
678 4967 866 5038 ἀρχῶν
906 4966 1008 5035 τῆς
1042 4964 1325 5032 θεολογίας
1372 4966 1644 5037 ἀπείρων·
1680 4966 1873 5037 ῶσπερ

295 5057 365 5111 ἃν
382 5058 533 5121 εῐτις
558 5058 877 5125 ἀποφάσκοι
900 5058 992 5110 τὸν
1024 5057 1153 5111 Υἰὸν
1182 5054 1325 5110 εἶναι
1345 5057 1550 5128 δοτῆρα
1578 5057 1673 5112 τοῦ
1703 5058 1876 5112 Πνεῦ-

300 5167 495 5219 ματος,
521 5150 644 5202 ἐπεὶ
674 5149 898 5212 τελείως
925 5148 1127 5204 δίδοται
1164 5149 1317 5221 παρὰ
1348 5149 1444 5203 τοῦ
1495 5151 1733 5221 Πατρὸς,
1777 5150 1876 5205 καὶ

300 5241 554 5295 ἐντεῦθεν
603 5240 698 5295 δύο
750 5241 988 5311 δοτῆρας
1040 5241 1332 5311 προπετῶς
1366 5243 1758 5312 συμπεραίνοι,
1791 5245 1876 5296 ὅτι

296 5333 498 5405 ἐπίσης
522 5332 600 5403 τῷ
621 5333 799 5403 Πατρὶ
818 5332 1003 5385 δίδωσι
1039 5334 1095 5384 τὸ
1117 5333 1343 5403 Πνεῦμα
1366 5334 1461 5387 καὶ
1494 5337 1521 5387 ό
1548 5334 1702 5398 Υἱός.
1727 5334 1873 5388 Ἀλλ’

298 5427 547 5478 ἀντείποι
574 5425 640 5479 ἂν
670 5427 698 5479 ό
726 5425 1010 5503 βασίλειος
1050 5425 1127 5495 τῷ
1172 5424 1402 5495 τοιούτῳ
1439 5426 1575 5496 πρὸς
1616 5425 1875 5497 Ἀμφιλό-

304 5535 425 5589 χιον
442 5519 588 5573 οῦτω
621 5520 819 5589 λέγων·
842 5522 948 5575 Διὰ
963 5519 1139 5574 τοῦτο
1156 5519 1429 5585 διδόντος
1457 5521 1605 5576 αὐτὸ
1622 5522 1726 5576 τοῦ
1755 5526 1873 5577 Ha-

1977 4602 2217 4658 nuimns.
2274 4601 2484 4656 lnferre
2549 4616 2713 4671 porro
2760 4602 2943 4668 nobis,
2991 4603 3117 4658 ideo
3172 4604 3553 4673 imperfectum

1976 4709 2098 4752 esse
2159 4710 2224 4749 ex
2274 4693 2434 4749 Patre
2482 4691 2724 4764 Spiritus
2776 4710 3151 4765 progressum,
3226 4696 3555 4749 inscitorum

1976 4788 2282 4854 hominum,
2310 4796 2366 4842 et
2398 4788 2451 4841 in
2475 4802 2638 4858 quam
2678 4788 2913 4842 maxime
2973 4787 3303 4841 reverendis
3343 4786 3557 4842 theolo-

1976 4882 2115 4953 gicis
2178 4878 2471 4950 principiis
2542 4877 2913 4946 inexpertium
2967 4878 3362 4933 sermocinatio
3443 4888 3549 4933 est.

1977 4972 2450 5039 Quemadmodum
2489 4972 2535 5026 si
2589 4972 2713 5039 quis
2769 4980 2991 5041 negaret
3060 4969 3256 5024 Filium
3306 4971 3555 5026 datorem

1976 5082 2101 5122 esse
2138 5066 2401 5135 Spiritus,
2446 5066 2591 5134 quod
2620 5063 2861 5135 perfecte
2891 5062 3054 5116 datur
3085 5077 3113 5115 a
3143 5060 3330 5125 Patre,
3392 5061 3553 5116 inde-

1976 5176 2083 5232 que
2113 5160 2250 5215 duos
2277 5159 2495 5214 datores
2512 5157 2802 5215 temerarie
2831 5156 3129 5211 concludat
3159 5173 3176 5218 ;
3211 5154 3362 5226 quod
3392 5169 3549 5224 atque

1977 5260 2142 5320 atque
2166 5250 2328 5304 Pater
2357 5249 2523 5304 etiam
2564 5248 2737 5302 Filius
2777 5246 3043 5316 Spiritum
3092 5246 3206 5302 dat.
3259 5246 3368 5300 Sed
3425 5244 3554 5299 huic

1978 5339 2365 5413 contradixerit
2392 5339 2629 5394 Basilius
2654 5339 2723 5394 ad
2770 5337 3220 5408 Amphilochium
3278 5337 3351 5391 ita
3402 5337 3547 5392 εονίτ

1978 5408 2114 5487 hens
2143 5448 2158 5485 :
2182 5430 2467 5497 Pr0pterea
2491 5430 2649 5484 dante
2672 5429 2825 5484 illum
2856 5430 3041 5489 Patre.
3104 5428 3285 5484 Filius
3311 5427 3553 5483 eumdem

1979 5526 2075 5579 dat
2101 5540 2209 5577 una
2245 5523 2461 5579 «latione
2490 5533 2539 5577 et
2577 5541 2684 5578 una
2724 5524 3172 5593 suppeditatioue.

299 5612 463 5679 τρὸς,
498 5618 531 5666 ό
556 5613 689 5679 Υἱὸς
722 5613 870 5666 αὐτὸ
897 5611 1111 5666 δίδωσι
1145 5610 1254 5680 μιᾷ
1291 5610 1481 5679 δόσει,
1502 5612 1601 5667 καί
1621 5613 1731 5684 μιᾷ
1762 5618 2040 5690 χορηγίᾳ.

373 5706 449 5758 E'.
501 5703 667 5759 Ἀλλά
727 5704 853 5775 μὴν,
907 5698 950 5757 ὦ
997 5704 1213 5773 ἀνδρες,
1248 5706 1541 5777 μέμνημαι
1592 5724 1717 5761 τινα
1763 5709 1874 5761 τῶν

301 5796 475 5865 ἁγίων
508 5798 700 5864 μόνον
723 5797 828 5850 τοῦ
869 5793 1216 5867 Πνεῦματος
1258 5801 1523 5867 χορηγὸν
1572 5802 1680 5855 τὸν
1737 5804 1876 5856 fier

635 5894 900 5953 PATROL.
937 5894 1029 5956 Gn
1100 5892 1292 5953 CLIV.

2052 5708 2116 5763 γ.
2150 5708 2335 5777 Atqui,
2361 5721 2396 5763 ο
2424 5707 2547 5769 viri,
2576 5708 2685 5779 jam
2712 5708 2765 5762 in
2788 5708 3102 5764 memoriam
3126 5708 3275 5763 venit
3298 5684 3569 5764 sanctum

1982 5800 2171 5858 nescio
2198 5815 2383 5871 quem,
2431 5798 2597 5854 solum
2656 5799 2884 5871 Spiritus
2931 5803 3164 5855 datorem
3221 5799 3423 5855 Filium
3449 5800 3552 5855 do-

3033 5894 3107 5953 39
