3904 6216
505 293 636 354 12-27

1033 290 1325 350 MAXIMI
1367 289 1952 350 CIIRYSOBEBGJE
2013 289 2111 350 DE
2151 285 2677 350 PROCESSIONE
2719 286 2777 352 S.
2821 284 3194 346 SPIRITUS.

3513 290 3605 359 na

492 407 703 468 euisse,
737 416 921 473 neque
955 408 1245 472 propterea
1283 411 1510 466 prorsus
1550 397 1798 466 ejusdem
1830 395 2034 465 Spiritu

2063 411 2070 448 ι
2098 396 2145 456 Α
2173 392 2542 460 διδάσκοντος,
2568 391 2628 444 οὗ
2654 391 2743 444 διὰ
2776 390 2970 444 τούτου
3006 390 3211 454 πάντως
3233 389 3314 446 τοῦ
3338 394 3468 448 αὐτοῦ
3489 398 3605 452 Πνεῦ-

498 502 742 554 datorem
806 495 1024 550 Patrem
1081 507 1332 560 negasse,
1383 505 1411 543 a
1467 505 1576 559 quo
1630 489 1768 544 Filio
1818 485 2069 558 provenit

499 592 630 646 dare
681 587 971 657 Spiritum,
1026 584 1122 638 sed
1169 593 1228 638 ut
1271 583 1476 636 clarum
1525 580 1764 651 Spiritus
1810 596 1876 635 ex
1933 577 2070 635 Filio

502 696 848 754 progressum
903 677 1257 750 signiﬁcaret.
1318 690 1444 729 cum
1481 674 1643 728 detur
1687 672 1779 727 ille
1836 672 1904 726 ab
1952 672 2070 742 ipso

501 776 580 830 uti
628 772 903 846 proprius,
940 785 1037 841 per
1068 784 1229 839 quem
1283 776 1338 822 et
1377 765 1588 820 beatam
1625 765 1880 820 deitatem
1920 777 2070 818 com-

505 869 636 936 plet,
691 877 750 920 ut
798 863 1029 934 sapienti
1070 860 1266 914 Basilio
1319 859 1553 913 videtur.
1595 857 1796 911 Eadem
1852 869 2071 926 quoque

505 958 716 1011 ratione
768 954 981 1008 Patrem
1017 952 1106 1005 alii
1149 948 1508 1021 pronuntiant
1557 947 1726 1001 solum
1763 949 1955 1017 fontem
1983 963 2072 1000 su-

504 1045 892 1119 peresseittiatis
924 1044 1164 1106 Deitatis,
1205 1058 1314 1095 non
1344 1047 1607 1111 negantes
1638 1037 1832 1092 Filium
1866 1035 2071 1092 fontem

505 1157 624 1195 esse
662 1139 910 1194 Deitatis.
962 1136 1136 1190 Absit.
1196 1132 1377 1186 Palam
1433 1130 1478 1186 si
1525 1129 1741 1200 quidem
1774 1137 1827 1181 et
1857 1127 2074 1181 divinus

506 1231 838 1285 Athanasius
878 1229 1050 1282 :Jam
1109 1227 1242 1279 dixit
1305 1223 1472 1277 David
1519 1222 1662 1289 apud
1699 1219 1914 1273 Patrem
1962 1234 2074 1271 esse

506 1321 706 1375 Filium
739 1323 934 1392 fontem
987 1317 1219 1386 Spiritus
1258 1315 1449 1368 sancti.
1483 1311 1612 1366 ld'si
1660 1308 1930 1379 quispiam
1965 1322 2074 1361 non

507 1410 860 1470 concesserit,
897 1421 1121 1461 necesse
1150 1413 1235 1459 est
1264 1405 1478 1458 Pal-rem
1511 1401 1686 1455 solum
1717 1397 1922 1453 fontem
1953 1410 2077 1450 esse

507 1500 832 1564 divinitatis,
866 1497 1064 1551 Filium
1101 1511 1230 1549 vero
1271 1493 1474 1548 fontem
1519 1491 1757 1562 Spiritus
1789 1490 1988 1554 sancti,
2022 1495 2077 1542 et

507 1609 616 1647 non
661 1592 966 1646 divinitatis
1005 1606 1019 1644 :
1055 1603 1226 1658 quare
1275 1586 1454 1641 nudus
1505 1582 1812 1640 divinitatis
1846 1595 1973 1636 eSse
2009 1594 2076 1633 ex

505 1699 571 1738 eo
596 1683 953 1754 progrediens
985 1681 1221 1750 Spiritus
1247 1677 1676 1740 existimaretur,
1706 1672 1851 1745 quod
1881 1671 2077 1742 impie-

506 1788 674 1831 tatem
729 1789 951 1831 omnem
1004 1779 1300 1842 exsuperat

505 1868 711 1922 fontem
762 1882 883 1921 esse
917 1865 1138 1920 deitatis
1187 1861 1407 1928 Filium,
1445 1859 1540 1915 sed
1592 1873 1702 1913 non
1756 1856 1949 1911 similis
2001 1855 2076 1910 illi

505 1978 622 2030 qua!
653 1976 719 2014 ex
749 1959 906 2013 Patre
938 1956 1306 2029 progreditur,
1336 1953 1476 2008 adeo
1499 1960 1556 2006 ut
1584 1949 1878 2006 discrimen
1903 1947 2082 2001 deita-

507 2065 623 2109 tum
683 2052 1067 2120 conﬁngalur:
1104 2059 1158 2102 et
1212 2047 1355 2102 hanc
1385 2045 1604 2115 quidem
1661 2042 1718 2096 in
1775 2036 2077 2111 hypostasi,

507 2145 654 2198 illam
711 2144 918 2212 absque
990 2137 1292 2211 hypostasi,
1342 2146 1396 2192 et
1443 2137 1586 2190 hanc
1637 2148 1759 2187 cum
1815 2129 2078 2195 essentia,

506 2238 656 2292 illam
698 2236 904 2303 absque
942 2232 1203 2295 essentia,
1237 2230 1382 2300 quod
1414 2236 1468 2283 et
1517 2225 1834 2283 Graecorum
1881 2221 2080 2278 fabulis

508 2329 680 2383 multo
711 2322 1115 2380 monstruosius
1148 2329 1270 2390 est;
1324 2328 1384 2374 et
1441 2316 1824 2376 nihilominus,
1859 2329 1893 2368 ο
1950 2311 2078 2377 viri,

511 2413 749 2482 Spiritus
798 2411 976 2466 sancti
1022 2423 1226 2464 nomen
1282 2406 1421 2462 nulli
1483 2405 1575 2460 alii
1618 2401 1862 2472 adaptari
1916 2415 2078 2470 quam

508 2506 686 2561 tertiae
743 2504 796 2558 in
852 2502 1118 2558 Trinitate
1166 2513 1415 2571 persona:
1446 2536 1462 2562 ,
1512 2509 1632 2566 quae
1700 2502 1754 2547 et
1787 2490 1993 2547 eli'u‘hdi
2049 2505 2081 2545 a

507 2594 670 2649 Patre
695 2605 750 2648 et
779 2592 946 2659 Filio,
986 2600 1044 2647 et
1095 2588 1434 2661 suppeditari
1489 2594 1545 2640 et
1597 2583 1766 2650 mitti,
1802 2598 1829 2636 a
1878 2580 2083 2636 sanctis

509 2688 762 2743 Patribus
808 2687 1125 2743 edocemur.
1189 2684 1407 2740 Primus
1459 2681 1608 2736 enim
1652 2686 1780 2732 ante
1809 2676 1943 2730 alios
1975 2675 2081 2748 Cy-

509 2780 668 2834 rillus
701 2797 714 2833 :
743 2778 889 2832 Licet
929 2780 996 2832 sit
1030 2780 1084 2833 in
1118 2778 1388 2848 hypostasi
1428 2775 1640 2844 propria
1674 2771 1908 2840 Spiritus
1957 2784 2084 2823 san-

508 2884 641 2934 ctus,
678 2888 779 2941 qua
805 2869 1037 2937 Spiritus
1091 2879 1189 2931 est,
1244 2879 1290 2922 et
1341 2885 1443 2921 non
1497 2864 1690 2926 Filius,
1723 2871 2085 2918 verumtamen

511 2981 614 3018 non
641 2976 713 3018 est
745 2962 829 3016 illi
881 2963 1086 3015 alienus
1119 2975 1138 3013 :
1175 2958 1408 3028 Spiritus
1446 2957 1580 3009 enim
1607 2954 1845 3009 veritati:
1885 2967 2085 3005 nuncu-

510 3068 669 3125 patus
705 3067 802 3116 est,
838 3065 885 3109 et
936 3063 1011 3107 est
1059 3051 1299 3107 Christus
1329 3050 1544 3110 veritas,
1593 3054 1644 3100 et
1689 3044 1979 3114 effunditur
2017 3042 2083 3095 ab

507 3151 640 3218 ipso,
675 3139 1121 3217 quemadmodum.
1149 3159 1212 3195 ex
1250 3142 1354 3195 Deo
1384 3154 1431 3194 et
1465 3139 1647 3193 Patre.
1673 3135 2080 3207 Supramodum
2114 3135 2132 3194 ‘,

514 3244 677 3302 bene,
709 3237 781 3290 mi
813 3237 1032 3305 Cyrille,
1084 3235 1175 3303 qui
1222 3247 1324 3287 nos
1365 3248 1393 3285 a
1435 3228 1683 3285 molestia
1730 3226 1997 3289 liberasti,
2027 3225 2082 3280 in

515 3331 791 3400 hypostasi
822 3328 1042 3398 propria
1078 3325 1430 3380 exsistentem
1451 3320 1716 3389 Spiritum
1743 3306 2086 3373 sanctum'ex

513 3423 648 3477 Filio
669 3421 760 3474 Dei
783 3420 930 3475 eﬂ‘un
942 3419 991 3472 di
1020 3417 1212 3472 eodem
1245 3431 1352 3485 quo
1371 3422 1425 3468 et
1449 3429 1478 3467 a
1498 3411 1656 3467 Patre
1676 3412 1834 3465 modo
1857 3410 2082 3472 docens,

512 3519 716 3587 quique
748 3517 800 3569 in
833 3515 955 3569 aliis
983 3512 1090 3567 tuis
1122 3510 1470 3566 sermonibus
1497 3506 1685 3579 egredi
1713 3504 1980 3576 Spiritum
2011 3518 2080 3558 ex

511 3610 652 3664 Filio
686 3609 760 3662 uti
802 3621 869 3662 ex
900 3606 1010 3659 Deo
1039 3604 1196 3658 Patre
1222 3599 1463 3656 Verbum
1493 3600 1651 3666 dicis,
1677 3608 1731 3653 et
1764 3613 1832 3653 ex
1867 3596 2086 3668 propria

511 3691 668 3756 tfobis
721 3699 864 3754 illius
917 3706 1112 3754 natura
1149 3695 1291 3749 mitti
1342 3693 1618 3749 decernis.
1677 3689 1786 3746 Sed
1837 3687 2081 3744 divinum

512 3807 729 3863 quoque
763 3791 1146 3852 Athanasium,
1177 3787 1220 3843 si
1264 3787 1466 3857 placet,
1490 3801 1560 3840 ne
1603 3792 2014 3854 praetereamus,
2052 3795 2084 3834 ο

512 3887 639 3950 viri,
672 3883 768 3955 qui
803 3883 992 3938 scribit
1026 3880 1196 3936 :Cum
1249 3895 1382 3933 unus
1413 3881 1480 3932 sit
1510 3877 1700 3940 Filius,
1747 3877 1918 3931 vivens
1959 3874 2086 3928 Ver-

510 3981 658 4039 bum,
715 3992 880 4031 unam
942 3981 1146 4042 oportet
1183 3988 1290 4026 esse
1323 3970 1750 4024 illuminatricem
1789 3977 1837 4021 et
1891 3967 2088 4021 sancti-

510 4074 798 4145 ﬁcatricem
826 4073 1008 4133 vitam,
1036 4085 1153 4140 qua:
1187 4068 1350 4136 ipsius
1378 4067 1447 4119 sit
1498 4063 1732 4128 operatio
1773 4073 1819 4116 et
1867 4063 2084 4124 donum,

509 4181 630 4235 qum
658 4181 721 4217 ea:
756 4161 916 4216 Patre
964 4160 1160 4214 dicitur
1213 4157 1513 4226 procedere,
1556 4157 1766 4224 quando
1811 4153 1973 4207 etiam
2022 4167 2087 4206 ea:

520 4255 706 4321 Verbo,
735 4254 873 4326 quod
900 4269 964 4308 es:
989 4251 1156 4307 Patre
1185 4248 1460 4312 asseritur,
1486 4250 1652 4300 elucet
1697 4255 1744 4299 et
1781 4244 2014 4298 mittitur
2038 4252 2085 4298 et

513 4347 697 4398 datur.
721 4345 893 4410 Quam
923 4344 1129 4406 divine,
1163 4359 1195 4396 0
1223 4341 1348 4406 viri,
1377 4338 1763 4394 nonnullorum
1793 4351 2085 4407 argumen-

2177 488 2347 552 ματος
2374 482 2614 552 χορηγὸν
2641 480 2734 557 τδν
2771 480 2989 551 Πατέρα
3017 496 3079 548 γε
3108 481 3419 551 ἀρνουμένου,
3448 488 3541 557 παρ’
3569 489 3608 542 οὗ

2171 577 2200 628 ὁ
2217 574 2346 638 re,
2369 574 2431 627 τδ
2457 573 2660 626 διδόναι
2683 553 2750 625 ius
2775 571 2999 642 Πνεῦμα
3021 570 3195 644 [exet],
3214 573 3317 626 ἀλλ’
3341 575 3411 628 ινα
3433 553 3614 648 metu.

2175 665 2336 736 κρινῆ
2355 665 2506 734 παρά
2528 663 2622 716 τοῦ
2644 662 2772 716 Υίοῦ
2798 662 3026 732 πρόοδον
3046 659 3136 716 τοῦ
3160 661 3431 732 Πνεῦματος
3446 668 3615 740 σημάνῃ,

2173 758 2450 827 διδομένου
2482 756 2614 828 παρ’
2642 754 2809 810 αὑτοῦ
2840 755 2916 820 ὡς
2946 756 3166 820 οἰκείου,
3197 755 3258 807 δι’
3279 755 3330 808 οὖ
3353 758 3430 810 καὶ
3453 761 3527 828 τὴν
3552 780 3617 831 μα.

2177 851 2374 922 καρίαν
2408 849 2640 919 θεότητα
2675 847 2964 918 ἐκπληροῖ,
2995 848 3067 911 ὡς
3105 847 3243 901 δοκεῖ
3267 847 3335 918 τῷ
3369 849 3486 920 σοφῷ
3509 853 3618 906 Bm-

2173 941 2323 1010 λείῳ.
2360 940 2464 994 Τὸν
2514 941 2676 996 αὐτὸν
2710 940 2768 994 δὲ
2816 941 3024 1012 τρόπον
3056 941 3151 993 καὶ
3198 941 3281 993 τὸν
3326 942 3498 1010 Πατέρα
3523 945 3620 997 ἄλλοι

2177 1033 2488 1102 Θεολογοῦσι
2516 1036 2731 1104 μόνην
2751 1033 2957 1102 πηγὴν
2989 1031 3100 1099 τῆς
3138 1035 3458 1102 ὐπερουσίου
3486 1037 3623 1104 dediq-

2177 1143 2298 1191 τος,
2331 1127 2430 1179 οὐκ
2455 1125 2783 1196 ἀρνούμενοι
2813 1127 2906 1179 τὸν
2936 1125 3064 1177 Υἱδν
3098 1126 3268 1195 πηγὴν
3293 1121 3409 1179 εἶναι
3429 1127 3620 1195 θεότητος,

2175 1221 2378 1287 ἀπαγε.
2423 1217 2618 1288 Σαφῶς
2646 1220 2756 1288 γὰρ
2804 1219 2900 1271 καὶ
2945 1221 2973 1272 ὁ
3026 1219 3167 1288 ἱερὸς
3205 1219 3494 1282 ’Δθανάσιος·
3522 1222 3622 1287 Ἥϐη

2176 1309 2292 1376 ἔφη
2343 1325 2408 1377 γε
2437 1311 2471 1362 ὁ
2505 1308 2690 1363 Δαυτδ
2738 1307 2899 1376 παρὰ
2931 1306 3011 1372 τῷ
3060 1308 3234 1375 Harp!
3270 1308 3392 1360 ὄντα
3421 1307 3505 1360 τὸν
3535 1310 3624 1361 libr

2179 1399 2294 1468 τὴν
2322 1399 2527 1469 πηγὴν
2576 1399 2684 1478 τοῦ
2733 1400 2910 1470 ἁγίου
2967 1403 3316 1469 Πνεύματος.
3358 1401 3408 1453 El
3454 1400 3538 1470 γὰρ
3576 1401 3624 1470 μὴ

2178 1492 2340 1546 τοῦτο
2372 1492 2722 1563 συγχωρήσει
2767 1510 2875 1557 τις,
2929 1493 3244 1562 συμϐαίνειν
3277 1494 3458 1562 ἀνάγκη
3477 1493 3544 1544 τὸν
3564 1495 3625 1561 μὲν

2185 1585 2406 1654 Πατέρα
2455 1584 2641 1654 πηγὴν
2689 1584 2952 1656 θεότητος
3011 1584 3168 1653 μόνον
3201 1581 3444 1649 είναι,τδν
3481 1581 3625 1637 illiti

2181 1679 2366 1748 πηγὴν
2395 1678 2495 1748 μὲν
2524 1677 2617 1732 τοῦ
2647 1676 2805 1746 ἁγίου
2830 1676 3165 1744 Πνεὺματος,
3192 1676 3319 1746 πλὴν
3347 1675 3400 1728 οὺ
3425 1674 3640 1743 θεότητος·ι

1349 1785 1368 1825 :
1405 1769 1546 1824 .sive
1605 1767 1905 1823 secundum
1953 1764 2078 1831 hoc,
2111 1753 2154 1808 Β
2183 1768 2325 1823 ὥστε
2355 1769 2565 1839 γυμνὸν
2595 1768 2852 1838 θεότητος
2883 1785 2891 1802 ι

2111 1753 2154 1808 Β
2183 1768 2325 1823 ὥστε
2355 1769 2565 1839 γυμνὸν
2595 1768 2852 1838 θεότητος
2883 1769 2947 1821 τὸ
2975 1767 3035 1833 ἐξ
3065 1769 3264 1821 ἐκείνου
3293 1766 3453 1838 προϊὸν
3477 1765 3626 1834 Πνεῦμα

2181 1862 2522 1931 νομίζεσθαι,
2554 1860 2583 1914 ὃ
2610 1861 2801 1934 πόρρω
2833 1860 3018 1931 πάσης
3071 1859 3384 1930 καθέστηκεν
3411 1857 3626 1918 εὐσεϐείας.

2183 1953 2254 2006 Ἦ
2276 1955 2337 2006 τό
2365 1971 2426 2022 γε
2456 1953 2712 2025 δεύτερον
2742 1953 3004 2023 θεότητος
3040 1951 3137 2023 μὲν
3169 1952 3335 2022 πηγὴν
3364 1949 3554 2004 τίθεσθαι
3573 1947 3628 1998 τὸν

2189 2043 2335 2112 Υἰδν,
2375 2044 2515 2116 πλὴν
2543 2046 2642 2114 οὐχ
2690 2045 2882 2115 ὁμοίας
2909 2045 3012 2115 τῆς
3045 2047 3110 2098 ὲκ
3152 2043 3241 2098 τοῦ
3270 2035 3451 2111 Πατρὺς
3478 2037 3627 2108 προῖοὐι

2183 2153 2305 2207 σης,
2335 2136 2476 2190 ὥστε
2511 2138 2605 2191 καὶ
2632 2136 2906 2208 θεοτήτων
2940 2136 3198 2206 διαφορὰν
3223 2135 3460 2195 πλάττειν,
3482 2131 3550 2184 καὶ
3568 2130 3628 2196 τὴν

2182 2227 2285 2293 μὲν
2327 2226 2718 2292 ὲνυπόστατον,
2747 2227 2847 2299 τὴν
2872 2226 2929 2280 δὲ
2970 2227 3344 2290 ἀνυπόστατον,
3367 2223 3444 2277 καὶ
3471 2222 3542 2288 τὴν
3568 2222 3629 2288 μὲν

2181 2317 2449 2384 ὲνούσιον,
2472 2317 2573 2390 τὴν
2607 2319 2665 2372 δὲ
2694 2319 2976 2386 ἀνούσιον,
3013 2320 3043 2372 ὃ
3071 2319 3163 2374 καὶ
3189 2318 3280 2384 τῆς
3314 2315 3541 2388 ὲλληνικῆς
3566 2313 3628 2366 τί·

2182 2427 2320 2478 φυκε
2349 2409 2818 2481 τερατωδέστερον
2853 2410 3204 2480 μυθολογίας.
3229 2409 3398 2463 Καίτοι
3428 2425 3494 2476 γε,
3517 2399 3549 2460 ὦ
3575 2407 3631 2460 ἄν·

2182 2500 2325 2571 δρες,
2356 2499 2416 2553 τδ
2449 2499 2545 2553 τοῦ
2577 2493 2736 2570 ἀγίου
2769 2501 3090 2572 Πνεύματος
3118 2502 3277 2572 ὄνομα
3327 2499 3485 2571 μηδενὶ
3519 2498 3629 2564 ἑτέρῳ

2185 2589 2448 2661 ἁρμόζειν
2475 2590 2841 2662 διδασκόμεθα
2871 2593 2982 2646 ὑπὸ
3029 2593 3137 2647 τῶν
3185 2593 3359 2660 ἁγίων,
3383 2591 3409 2661 ἤ
3437 2589 3497 2658 τῷ
3519 2588 3628 2658 τρίτῳ

2185 2681 2463 2751 προσώπῳ
2497 2683 2556 2734 ὲν
2588 2684 2656 2753 τῇ
2685 2682 2900 2752 Τριάδι,
2939 2682 2970 2736 δ
2997 2682 3063 2752 δὴ
3094 2684 3186 2736 καὶ
3215 2681 3458 2752 ἐκκεῖσθαι
3484 2678 3628 2746 λέγεται

2184 2770 2338 2840 παρὰ
2363 2771 2574 2843 Πατρδς
2605 2772 2702 2826 καὶ
2755 2772 2907 2840 Υίοῦ,
2943 2774 3039 2828 καὶ
3082 2773 3418 2844 χορηγεῖσθαι,
3443 2771 3514 2824 καὶ
3538 2769 3630 2836 πέμ-

2187 2862 2406 2917 πεσθαι.
2433 2862 2611 2926 Εὐθὺς
2639 2864 2745 2934 γὰρ
2771 2866 2799 2917 ὁ
2831 2865 2980 2936 ἱερὸς
3012 2864 3298 2935 Κύριλλος·
3331 2865 3388 2918 Εἰ
3417 2860 3493 2915 καί
3518 2858 3629 2912 ἔστιν

2185 2952 2255 3006 ἐν
2283 2953 2620 3009 ὑποστάσει
2657 2953 2821 3024 ίδικῇ
2869 2957 2939 3008 τὸ
2976 2956 3210 3026 Πνεῦμα
3254 2955 3313 3008 τὸ
3351 2953 3503 3023 ἅγιον,
3534 2946 3626 3001 καθὸ

2188 3044 2433 3116 Πνεῦμα
2458 3047 2613 3110 ἐστὶ,
2643 3046 2744 3102 καὶ
2778 3047 2892 3115 οὐχ
2926 3050 3083 3115 Υἱὸς,
3121 3050 3248 3104 ἀλλ’
3273 3049 3370 3103 οὐκ
3409 3046 3541 3099 ἔστιν
3568 3041 3628 3094 ἁλι

2186 3137 2432 3204 ,ιότριον
2453 3138 2662 3192 αὐτοῦ.
2685 3138 2928 3208 Πνεῦμα
2954 3140 3065 3208 γὰρ
3088 3141 3348 3207 ἀληθείας
3368 3137 3626 3204 ὠνόμασται.

2187 3227 2285 3282 καί
2320 3229 2452 3282 ἐστι
2483 3230 2738 3298 Χριστὸς
2767 3233 2803 3300 ἡ
2835 3229 3100 3296 ἀλήθεια
3135 3233 3227 3286 καὶ
3274 3228 3518 3300 προχεῖται
3539 3219 3625 3286 παρ’

2187 3321 2395 3386 αὐτοῦ,
2425 3323 2693 3394 καθάπερ
2721 3326 2927 3395 ἀμέλει
2962 3328 3061 3381 καὶ
3091 3327 3156 3379 ἐκ
3191 3326 3286 3394 τοῦ
3319 3322 3441 3378 θεοῦ
3466 3319 3534 3372 καί
3553 3317 3626 3367 Πα-

2187 3415 2349 3484 τρός.
2369 3415 2504 3469 ’Υπέ
2515 3433 2702 3487 ρευγε,
2729 3416 2993 3489 Impius,
3020 3420 3090 3484 ὡς
3115 3417 3398 3488 ἀπήλλαξας
3416 3411 3523 3482 ἡμᾶς
3540 3421 3629 3484 εἴμ’

2188 3505 2439 3576 τμάτων,
2461 3509 2523 3559 τὸ
2557 3511 2615 3560 ὲν
2647 3509 2948 3563 ὑποστάσει
3007 3511 3109 3582 ίδία
3151 3509 3207 3562 ὃν
3251 3505 3439 3573 Πνεῦμα
3463 3496 3628 3565 ἆγιονὲκ

2185 3597 2284 3651 τοῦ
2315 3597 2445 3650 Υίοῦ
2470 3598 2564 3652 τοῦ
2593 3598 2729 3653 Θεοῦ
2761 3600 3091 3671 προχεῖσθαι
3118 3599 3189 3661 ὡς
3211 3599 3269 3654 ὲκ
3295 3595 3376 3651 τοῦ
3404 3590 3558 3659 Πατρδς
3578 3583 3627 3636 δι’

2187 3687 2426 3752 δάσκων,
2447 3688 2504 3750 ὃς
2538 3705 2601 3757 γε
2636 3690 2695 3741 ὲν
2743 3689 2924 3753 ἀλλοις
2978 3691 3156 3758 λόγοις
3185 3687 3371 3753 ἐξιέναι
3395 3684 3444 3736 τὸ
3480 3673 3627 3742 Πνεῦμα

2191 3783 2254 3834 ὲκ
2281 3780 2375 3834 τοῦ
2409 3779 2563 3847 Υἱοῦ,
2593 3782 2668 3845 ὡς
2701 3783 2764 3834 ἐκ
2797 3781 2892 3836 τοῦ
2939 3781 3077 3837 Θεοῦ
3107 3781 3301 3852 Πατρδς
3330 3777 3486 3843 Λόγον,
3508 3769 3570 3822 καὶ
3593 3761 3628 3829 ἐξ

2193 3873 2330 3936 ιδίας
2361 3874 2492 3944 ἡμῖν
2526 3873 2957 3945 ἀναπέμπεσθαι
2994 3874 3207 3944 φύσεως
3254 3868 3495 3936 θεολογεῖς.
3525 3856 3627 3913 Ἀλλά

2189 3967 2298 4037 γὰρ
2324 3967 2419 4019 καὶ
2447 3964 2537 4018 τδν
2577 3967 2722 4036 ἱερὸν
2772 3967 3122 4030 ’Δθανάσιον,
3162 3966 3208 4019 εί
3236 3963 3385 4027 δοκεῖ,
3415 3958 3474 4028 μὴ
3496 3946 3628 4020 περίλ-

2189 4059 2394 4127 θωμεν,
2422 4051 2468 4112 ὧ
2501 4059 2717 4132 ἄνδρες,
2763 4061 2822 4123 ὃς
2852 4077 3023 4129 φησιν
3046 4076 3060 4090 ·
3102 4057 3260 4121 Ἐ’νὸς
3288 4053 3383 4124 γὰρ
3411 4050 3542 4110 ὄντος
3562 4037 3627 4092 τοῦ

2201 4150 2336 4204 Υιοῦ
2365 4149 2472 4203 τοῦ
2499 4148 2720 4215 ζῶντος
2767 4152 2991 4221 Λόγου,
3012 4150 3155 4220 μίαν
3193 4147 3332 4202 εἶναι
3359 4138 3437 4197 δεῖ
3455 4135 3540 4202 τὴν
3559 4147 3629 4200 φω-

2188 4241 2466 4311 τιστικὴν
2494 4243 2590 4296 καὶ
2632 4243 2996 4311 ἁγιαστικὴν
3027 4241 3180 4310 ζωὴν
3203 4234 3380 4294 οὖσαν
3420 4227 3627 4294 ἐνέργειαν

2188 4332 2376 4387 αὐτοῦ
2407 4333 2507 4387 καὶ
2540 4333 2786 4401 δωρεὰν,
2818 4333 2856 4400 ἢ
2900 4352 2991 4402 τις
3017 4335 3084 4387 ἐκ
3116 4333 3214 4386 τοῦ
3258 4323 3448 4395 Πατρὸς
3471 4321 3625 4384 λέγεται

483 4426 752 4484 ’τοιίοιιεει
815 4413 1086 4489 dissolvit.
1118 4447 1184 4483 ex
1229 4431 1393 4483 Patre
1445 4427 1834 4498 procedentem
1890 4427 2025 4480 vitat

2117 4429 2162 4487 Ι)
2189 4428 2642 4496 ἐκπορεύεσθαι,
2665 4427 2875 4498 ἐπειδὴ
2911 4429 2982 4482 ἐκ
3028 4427 3130 4481 τοῦ
3181 4426 3354 4494 Λόγου
3395 4415 3481 4472 τοῦ
3500 4402 3623 4466 ἐκτοῦ

517 4538 678 4592 quam
735 4521 887 4576 dedit
927 4530 981 4575 et
1021 4520 1156 4574 Filio
1202 4522 1366 4573 etiam
1429 4497 1484 4572 in
1547 4517 1687 4572 Filio
1743 4532 1862 4572 esse
1909 4527 1963 4572 et
2017 4516 2059 4571 al

2083 4542 2086 4564 ι
2193 4519 2422 4586 Πατρὸς
2450 4497 2964 4588 ὁμολογουμένου,
3001 4517 3278 4588 ἐκλάμπει
3311 4512 3394 4568 καί
3423 4497 3625 4565 ducatu-

512 4616 710 4670 eodem
741 4612 855 4667 dari
881 4622 936 4666 et
964 4611 1104 4665 mitti
1140 4609 1544 4672 manil‘estavit;
1581 4611 1675 4664 sed
1724 4623 1756 4662 ο
1789 4609 2054 4662 multorur

2083 4647 2085 4661 ι
2187 4613 2358 4664 λεται
2389 4609 2490 4663 καί
2522 4609 2772 4663 δίδοται.
2815 4609 2903 4674 Ὠς
2937 4609 3245 4682 ὑπερφυῶς,
3273 4597 3312 4658 ὦ
3338 4591 3625 4669 ἀνδρες,ἔλυιε

513 4707 817 4760 οιιεωεειιυε
863 4703 1262 4774 cogitationes!
1301 4716 1334 4755 ο
1366 4701 1626 4770 iniustum
1689 4700 1956 4754 adversus
1994 4717 2088 4754 ve-

514 4799 732 4853 ritatem
800 4795 1020 4850 odium!
1073 4810 1106 4850 ο
1160 4794 1427 4849 lubricam
1480 4791 1929 4848 contentionem!
1980 4807 2085 4863 qua

516 4890 832 4953 manifesta,
864 4904 925 4942 ac
957 4888 1249 4959 perspicua
1289 4899 1605 4956 Oppugnare
1637 4894 1929 4950 conantur,
1979 4900 2089 4954 qua

516 4983 740 5051 quidam
777 4981 845 5035 de
892 4982 1212 5035 nominibus
1243 4979 1591 5042 altercantes,
1622 4976 1813 5031 salutis
1851 4977 2088 5047 propria:

517 5075 830 5145 proditores
882 5076 1067 5129 miseri
1117 5071 1375 5137 evadunt,
1440 5071 1866 5126 absurdissimas
1927 5069 2088 5123 simul

517 5167 922 5238 propositiones
958 5165 1346 5230 concedentes,
1390 5180 1453 5218 ea:
1508 5161 1669 5215 Patre
1715 5163 1842 5228 soio,
1873 5177 2091 5216 rursus-

510 5276 645 5328 que,
671 5277 736 5314 επ
775 5259 936 5313 Patre
961 5276 1052 5327 per
1082 5255 1274 5311 Filium
1312 5260 1585 5324 procedere
1607 5256 1886 5323 Spiritum,
1912 5271 2090 5325 neque

514 5348 749 5421 seipsos,
785 5366 964 5420 neque
1011 5365 1107 5402 sua
1141 5349 1282 5402 dicta
1325 5346 1717 5416 percipientes,
1770 5359 1947 5412 neque
1971 5343 2090 5412 qui-

522 5445 752 5500 buscum
787 5459 1072 5497 sermones
1097 5441 1389 5496 conferunt
1416 5439 1810 5508 intelligentes;
1842 5437 2091 5491 homines

515 5541 666 5592 enim
693 5539 910 5594 dicendi
943 5546 1082 5602 arte,
1113 5546 1168 5592 et
1207 5550 1520 5591 sermonum
1578 5541 1834 5588 accurato
1882 5532 2091 5601 judicio

515 5632 844 5698 conspicuos
897 5641 1188 5698 sequentes
1223 5629 1289 5683 ad
1331 5627 1529 5681 slmilia
1579 5624 1849 5678 credenda
1899 5639 2091 5694 proce-

516 5723 680 5784 dunt.
720 5719 1106 5774 Verumtamen
1140 5720 1281 5774 nihil
1333 5729 1417 5775 est
1472 5716 1618 5788 quod
1674 5717 1968 5770 multorum
2027 5731 2091 5772 ac

2189 4705 2318 4767 τοὺς
2346 4703 2455 4758 τῶν
2484 4705 2648 4757 τινῶν
2677 4703 2956 4775 ἐλέγχους,
2984 4705 3079 4776 τὴν
3109 4707 3172 4758 ἐκ
3215 4700 3298 4754 τοῦ
3327 4693 3498 4762 Πατρὸς
3523 4687 3627 4778 me

2195 4796 2494 4868 ρευομένην
2527 4795 2789 4866 ζωὴντῆν
2843 4795 3012 4850 ιδωκε
3063 4796 3154 4850 και
3204 4793 3276 4862 τῷ
3322 4779 3624 4855 reputate

2191 4890 2335 4958 ἔχειν
2368 4887 2498 4958 παρ’
2535 4888 2702 4941 αὐτοῦ
2768 4888 3012 4943 δίδοσθαι
3045 4889 3136 4943 καὶ
3168 4880 3445 4955 πέμπεσθαι
3481 4874 3627 4958 But?"

2191 4957 2397 5042 νιθσας.
2436 4957 2576 5032 ’Ἀλλ’
2606 4976 2652 5032 ἃ)
2689 4979 2788 5048 τῆς
2820 4983 2928 5034 τῶν
2963 4978 3170 5034 πολλῶν
3198 4966 3532 5042 πεπηρωμένηῖ
3554 4957 3626 5048 δίῗ

2192 5071 2363 5133 νοίαςι
2399 5071 2467 5124 Ὠ
2503 5071 2598 5124 τοῦ
2630 5043 2819 5126 ἀδίκου
2869 5073 2967 5141 τῆς
3020 5069 3266 5142 ἀληθείας
3299 5058 3475 5136 μίσουςὲ
3498 5052 3544 5103 Ἦ

2194 5163 2530 5232 ἐπισφαλοῦς
2559 5137 2984 5239 φιλονεικίαςίῇ
3015 5137 3297 5234 πειρῶνται
3323 5156 3416 5214 τοῖς
3451 5137 3627 5238 φανερξῖς

2195 5256 2476 5326 πολεμεῖν,
2571 5273 2718 5320 τινες
2770 5259 2898 5328 περὶ
2926 5256 3036 5310 τῶν
3068 5254 3329 5323 ὀνομάτων
3356 5243 3627 5309 ζυγομαχουιν

2193 5367 2307 5412 τες,
2342 5349 2598 5419 προδόται
2627 5350 2869 5420 γίνονται
2899 5351 2995 5418 τῆς
3021 5346 3194 5400 αὐτῶν
3224 5335 3544 5399 κακοδαίμονες
3561 5333 3626 5368 σθ’

2193 5441 2411 5510 τηρεας,
2438 5440 2855 5510 συγχωροῦντες
2899 5440 3034 5510 ὁμοῦ
3073 5443 3167 5499 τὰς
3205 5425 3504 5510 ἀτοπωτάτας
3538 5422 3624 5502 πρῖ

2192 5507 2398 5597 τᾶἇεις,
2431 5507 2659 5587 etc-eoi}
2705 5507 2943 5601 Πατρός.
2962 5532 3171 5599 μόνου,
3201 5525 3286 5578 καὶ
3318 5514 3462 5574 αὖθις.
3485 5507 3624 5605 έκῠτθν

2193 5626 2424 5694 Πατρός
2457 5624 2554 5679 διὰ
2586 5624 2695 5680 τοῦ
2736 5626 2875 5680 Υιοῦ
2905 5619 3311 5691 ἐκπορεύεσθαι
3349 5608 3402 5664 τὸ
3440 5605 3622 5694 Ῑζνενίξῶ

2192 5690 2557 5803 οὗθ’ῖέαυτῶν,
2584 5717 2709 5773 οὔτε
2735 5717 2845 5774 τῶν
2872 5690 3619 5786 λόγωναὶσθανόμενοι,οὓτειῐοι
