3904 6216
308 302 447 369 1229

1328 310 1828 371 PHILOTIIEUS
1888 311 2523 377 SELYMBRIENSIS.
2628 284 2631 287 ’

3415 312 3551 381 1230

305 419 650 488 διαλέγονται
688 420 1103 487 κατανοοῦντεςὶ
1148 422 1398 493 Ἄνδράσι
1429 423 1539 494 γὰρ
1563 423 1741 489 λόγων
1769 426 1875 491 ἡμ-

1999 428 2410 496 mprudentium
2468 427 2751 483 audaciam
2819 425 3082 492 refrenet,
3140 424 3270 479 dum
3326 440 3426 482 nos
3492 439 3550 484 et

311 509 517 579 μένοις,
542 509 639 561 καὶ
672 512 855 579 κρίσει
889 512 998 564 τῶν
1027 512 1203 580 λόγων
1236 514 1458 581 ἀκριϐεῖ
1486 514 1581 566 ἐπὶ
1608 514 1669 566 τὺ
1702 513 1879 567 ταῦτα

308 599 589 654 πιστεύειν
619 600 868 670 ἥκουσιν.
907 602 1049 654 Ἀλλ’
1067 605 1217 670 ὅμως
1243 605 1396 657 οὐδὲν
1422 588 1747 658 ἀναστέλλει
1779 607 1881 673 τὴν

306 691 419 746 τῶν
441 692 654 745 πολλῶν
676 693 770 747 καὶ
795 694 1069 748 ἀσυνέτων
1091 696 1296 767 τόλμην
1319 696 1504 760 κακῶς
1530 698 1716 763 λέγειν
1734 700 1880 767 ἡμᾶς

311 782 407 836 καὶ
437 786 539 853 τὴν
575 783 775 845 πίστιν,
798 784 873 848 ὡς
903 787 1117 855 ἔμοιγε,
1158 782 1205 841 ὧ
1250 790 1441 857 ἄνδρες
1478 791 1713 859 Κρῆτες,
1749 792 1880 844 πολ-

311 874 394 926 λοί
424 874 565 929 είσιν
599 876 658 928 ὲν
706 876 841 946 ὑμῖν
889 878 1067 947 δῆλοι,
1096 880 1146 933 οἳ
1197 879 1323 933 καθ’
1370 883 1615 952 ἑκάστην
1667 883 1881 954 ἡμέραν

315 966 624 1020 διατελοῦσι
651 968 802 1038 ⁸τάμά
830 968 1202 1042 διασύροντες,
1232 972 1358 1026 οῦτε
1382 973 1485 1044 τὴν
1512 974 1653 1045 ἐμὴν
1682 976 1881 1038 ειδότες

315 1058 564 1126 γνώμην,
688 1060 829 1127 φιλῶ
860 1063 987 1125 τοὺς
1020 1064 1324 1131 ὁμογενεῖς,
1354 1065 1479 1118 οὔτε
1511 1067 1640 1128 τοὺς
1669 1066 1881 1132 λόγους,

315 1151 557 1219 εἰρήσθω
591 1152 646 1204 δὲ
676 1154 773 1206 σὺν
804 1153 944 1222 Θεῷ,
986 1149 1067 1215 οἷς
1101 1155 1153 1208 τί
1184 1173 1243 1208 τε
1294 1158 1517 1226 ἰσχυρὸν
1564 1161 1655 1212 καὶ
1686 1162 1741 1212 τί
1791 1176 1884 1212 σα-

315 1240 443 1310 θρὸν
471 1245 527 1294 ὲν
558 1246 671 1307 τοῖς
704 1245 1020 1316 λεγομένοις
1049 1248 1285 1319 δύναμαι
1314 1253 1535 1319 γνῶναι.
1562 1254 1625 1306 ΕΞ
1652 1253 1696 1306 δ’
1724 1255 1885 1323 ἀφέν-

313 1348 405 1394 τες
435 1334 536 1404 τὴν
564 1336 772 1405 πλάνην
804 1338 1136 1394 ἀκούσονται
1169 1342 1276 1394 τῶν
1302 1343 1452 1412 ὲμῶν
1482 1344 1681 1411 λόγων,
1711 1346 1885 1399 εἴσον-

314 1440 427 1488 ται,
452 1424 529 1487 ὡς
556 1424 723 1496 ἔγωγ’
750 1430 945 1500 ιχθρὺς
992 1434 1093 1501 μὲν
1126 1434 1325 1501 οὐδενὶ,
1357 1437 1509 1503 φίλος
1535 1438 1589 1490 δὲ
1624 1440 1785 1507 μόνον
1818 1443 1882 1509 τῇ

314 1516 583 1587 εὺσεὸείᾳ,
714 1537 860 1584 τινες
910 1523 1276 1592 πολεμοῦντες
1331 1528 1645 1595 ἐμπιπλῶσι
1704 1532 1886 1602 μάχης

313 1608 415 1676 τὴν
444 1610 775 1681 οἰκουμένην
826 1614 920 1666 καὶ
981 1616 1283 1684 σχίσματος
1338 1619 1676 1687 ἐπισφαλοῦς
1719 1623 1888 1675 πᾶσιν

316 1698 517 1755 ἔθνεσι.
540 1702 584 1753 Τ
588 1703 681 1765 οὺς
707 1705 988 1771 τοιούτους
1020 1707 1152 1776 ἐγὼ,
1174 1703 1220 1762 ὧ
1244 1710 1437 1781 ἄνδρες
1467 1712 1710 1782 Κρῆτες,
1733 1708 1887 1781 οἶμαι

314 1792 422 1844 δεῖν
450 1794 570 1862 μετ’
612 1797 836 1867 ἀγάπης
862 1798 1129 1869 ελέγχειν,
1160 1802 1416 1872 δεόμενος
1447 1805 1625 1857 αὐτῶν
1652 1806 1887 1876 ἀποσχέ-

318 1882 444 1936 σθαι
478 1887 576 1954 τῆς
612 1886 846 1959 πλάνης,
882 1894 975 1944 καὶ
1028 1895 1126 1962 τῆς
1171 1896 1323 1962 σφῶν
1360 1898 1635 1967 σωτηρίας
1668 1900 1887 1953 ἀντιλα-

314 1974 531 2043 6έσθαι,
562 1970 639 2032 ὧν
664 1980 791 2043 τοὺς
819 1981 921 2050 μὲν
964 1983 1327 2054 πειθομένους
1361 1986 1647 2055 θαυμάζω,
1677 1991 1804 2053 τοὺς
1840 1991 1885 2044 δ’

317 2067 748 2138 ἀνθισταμένους
782 2074 1183 2144 παραιτοῦμαι,
1232 2077 1308 2147 τῷ
1365 2079 1677 2149 Ἀποστόλῳ
1706 2081 1889 2135 πειθό-

318 2175 499 2228 μενος.
536 2161 839 2233 Βουλοίμην
868 2164 912 2217 δ’
940 2164 1006 2219 ἂν
1038 2168 1187 2236 ἡμᾶς
1215 2170 1339 2232 τοὺς
1368 2171 1755 2242 ἀκροωμένους
1779 2174 1888 2226 τῶν

317 2254 603 2321 προτέρων
631 2253 794 2310 εἶναι.
831 2257 1068 2326 Ἀνδρῶν
1098 2261 1210 2332 γὰρ
1236 2260 1303 2314 ἂν
1330 2263 1575 2318 συνετῶν
1603 2265 1888 2335 ἐποιήσατ’

316 2344 499 2412 ἔργον,
531 2347 976 2418 διαλλαττόμενοι
1026 2354 1090 2421 τῇ
1141 2352 1395 2424 ἀληθείᾳ,
1430 2356 1526 2408 καὶ
1581 2356 1660 2426 τῷ
1714 2357 1889 2428 λοιπῷ

320 2434 536 2505 σώματι
562 2436 665 2505 τῆς
703 2434 1029 2508 Ἑκκλησίας
1057 2441 1132 2504 ὡς
1172 2441 1309 2511 μέλη
1343 2443 1690 2513 διαιρεθέντα
1728 2462 1891 2498 συνα-

319 2528 600 2596 πτόμενοι.
630 2528 751 2582 Τότ⁸
793 2528 984 2597 ἔγνωτ’
1013 2531 1103 2596 ἀν,
1146 2533 1225 2596 ὡς
1268 2535 1433 2604 ἔγωγ’
1478 2536 1609 2606 ὑμῖν
1655 2538 1891 2607 χρηστὸς

322 2618 650 2687 σύμϐουλος,
683 2622 779 2676 ιιαλ⁵
827 2623 937 2676 τῶν
983 2624 1145 2694 ἱερῶν
1198 2626 1374 2696 λόγων
1422 2628 1523 2695 τῆς
1556 2629 1793 2693 πίστεως
1823 2634 1890 2701 τῇ

321 2709 415 2763 τοῦ
445 2710 582 2763 Θεοῦ
619 2712 805 2783 χάριτι
836 2714 1028 2778 πιστὸς
1060 2717 1368 2787 οἰκονόμος,
1398 2719 1576 2772 οὐδενὶ
1613 2720 1712 2789 μὲν
1745 2722 1893 2775 οῦδε-

321 2805 410 2869 νδς
442 2804 618 2857 κακοῦ
650 2805 930 2875 πρόξενος,
964 2811 1236 2879 σωτηρίας
1262 2810 1315 2863 δὲ
1345 2811 1591 2879 αἰωνίου,
1619 2815 1667 2866 εί
1696 2815 1789 2866 καὶ
1817 2813 1892 2882 μὴ

322 2896 542 2966 θερμῶς
580 2897 671 2949 καὶ
717 2897 907 2965 ἀξίως,
940 2900 1414 2971 ἀντιποιούμενος,
1443 2905 1537 2956 καὶ
1566 2906 1681 2968 τοῖς
1710 2905 1893 2969 ἄλλοις

322 2991 381 3040 ιν
439 2988 663 3060 Χριστῷ
698 2989 974 3060 ἀδελφοῖς,
1005 2991 1153 3055 ὅπως
1205 2993 1416 3047 ἐκείνου
1464 2995 1745 3058 τεύξονται
1795 2996 1891 3050 τοῦ

1982 528 2223 573 nostram
2254 517 2415 571 ﬁdem
2447 517 2711 572 conviciis
2741 515 3129 586 proscindunt,
3182 515 3344 570 sicuti
3391 518 3548 581 mihi.

1980 624 2016 662 ο
2044 610 2146 663 viri
2176 610 2487 673 Cretenses,
2543 609 2795 679 permulti
2854 610 2998 663 inter
3045 622 3143 663 vos
3173 609 3553 668 innotescunt.

1980 700 2071 768 qui
2111 701 2339 769 singulis
2382 701 2576 756 diebus
2625 715 2746 755 mea
2795 700 3158 764 insectantur,
3213 714 3394 769 neque
3432 699 3554 752 ani-

1983 808 2132 847 mum
2190 808 2369 847 meum
2418 802 2567 847 recte
2594 791 2950 861 accipientes,
2981 806 3091 861 quo
3135 806 3259 847 cum
3301 806 3421 846 mea
3454 807 3553 844 na-

1987 887 2134 940 tione
2193 900 2377 939 amore
2407 884 2710 950 devincior,
2764 898 2942 954 neque
2997 896 3307 945 sermones,
3343 883 3559 937 dicatur

1986 976 2256 1046 siquidem
2287 991 2409 1031 cum
2464 974 2595 1038 Deo,
2649 976 2850 1045 quibus
2901 975 2944 1031 si
2992 975 3121 1043 quid
3178 974 3417 1029 validum
3466 982 3559 1027 aut

1985 1069 2106 1123 leve
2180 1078 2233 1122 ct
2290 1065 2472 1123 debile
2559 1069 2703 1122 inter
2764 1067 3155 1121 disserendum
3232 1065 3557 1128 occurrerit,

1985 1177 2204 1233 possum
2254 1162 2579 1231 diiudicare.
2613 1161 2769 1227 Quod
2836 1162 2881 1215 si
2939 1162 3153 1230 eiurato
3206 1174 3392 1214 errore
3448 1173 3562 1212 ser-

1987 1273 2178 1312 mones
2201 1272 2354 1311 meos
2381 1257 2713 1318 audiverim,
2747 1272 2831 1310 nae
2885 1257 2960 1309 illi
3015 1256 3174 1325 plane
3204 1261 3557 1324 cognoscent,
3664 1308 3669 1312 ,

1987 1365 2074 1402 me
2108 1348 2239 1402 nulli
2274 1363 2497 1417 prorsus
2536 1346 2842 1408 inimicum,
2893 1344 2985 1399 sed
3019 1344 3394 1398 tantummodo
3414 1343 3560 1395 veri-

1990 1442 2115 1495 tatis
2172 1441 2410 1494 amicum
2469 1453 2612 1501 esse,
2669 1454 2829 1507 quam
2882 1435 3128 1489 nonnulli
3178 1444 3565 1506 oppugnantes

1991 1544 2261 1587 terrarum
2326 1530 2514 1584 orbem
2571 1528 2897 1583 universum
2955 1525 3142 1581 litibus
3204 1524 3452 1594 implent,
3510 1532 3566 1577 et

1988 1624 2298 1679 schismatis
2354 1622 2641 1692 periculosi
2703 1618 3019 1674 nationibus
3085 1617 3341 1671 omnibus
3394 1630 3561 1668 causa

1991 1726 2138 1772 sunt.
2183 1716 2292 1768 llos
2319 1727 2441 1785 ego,
2474 1727 2506 1766 ο
2538 1712 2636 1767 viri
2665 1711 2981 1776 Cretenses,
3021 1724 3142 1762 cum
3167 1722 3350 1761 amore
3379 1706 3567 1760 redar-

1990 1807 2238 1879 guendos
2274 1822 2396 1861 esse
2428 1820 2570 1871 reor,
2602 1820 2839 1858 exorans
2868 1814 2925 1859 ut
2966 1816 3213 1856 errorem
3260 1799 3563 1868 deponant,

1988 1899 2328 1969 propriaeque
2359 1898 2552 1952 salutis
2574 1911 2760 1950 curam
2817 1896 3093 1959 habeant:
3127 1906 3286 1963 quos,
3329 1892 3372 1946 si
3408 1889 3565 1945 audi-

1988 1990 2189 2055 verint,
2222 1989 2403 2052 laudo,
2437 1989 2481 2041 si
2511 1998 2701 2043 contra
2734 2000 2854 2041 sese
2883 1984 3267 2055 apposuerint,
3296 1980 3565 2037 obediens

1992 2082 2251 2151 Apostolo
2278 2080 2483 2136 devito.
2517 2078 2880 2147 Percuperem
2919 2092 3047 2130 vero
3094 2089 3208 2137 vos,
3261 2073 3562 2137 auditores,

1990 2190 2053 2229 ex
2089 2190 2279 2229 eorum
2338 2188 2567 2226 numero
2603 2186 2749 2235 esse,
2787 2171 2878 2241 qui
2914 2171 3090 2239 primo
3144 2167 3265 2223 loco
3312 2152 3597 2220 collocati.

1992 2262 2121 2321 Sunt
2156 2283 2169 2319 :
2202 2265 2282 2320 sic
2313 2265 2460 2319 enim
2492 2264 2733 2317 virorum
2788 2260 3137 2330 prudentium
3173 2258 3386 2312 facinus
3413 2270 3563 2310 com-

1992 2356 2322 2421 mitteretis,
2391 2356 2609 2410 veritati
2680 2353 3038 2418 reconciliati,
3096 2361 3149 2405 et
3200 2350 3410 2418 reliquo
3465 2348 3568 2402 Ec-

1992 2451 2177 2505 clesiae
2231 2449 2448 2519 corpori
2504 2447 2582 2502 uti
2652 2446 2897 2500 membra
2956 2455 3204 2513 separata
3262 2441 3563 2512 conjuncti.

1994 2541 2131 2595 Tum
2156 2541 2408 2611 equidem
2443 2539 2808 2611 agnosceretis
2845 2552 2932 2591 me
2982 2552 3069 2591 res
3093 2535 3331 2605 optimas
3360 2548 3561 2588 consu-

1994 2634 2124 2699 lere,
2181 2633 2417 2704 ﬁdeiquc
2474 2646 2661 2688 sacros
2709 2645 2993 2685 sermones
3040 2644 3149 2683 non
3212 2627 3417 2694 absque
3471 2623 3566 2678 Dei

1994 2720 2164 2798 g'ratia
2206 2724 2439 2780 ﬁdeliter
2471 2724 2827 2796 pertractare,
2876 2722 3009 2776 nulli
3053 2735 3248 2775 noxam
3307 2717 3563 2778 aﬂ'erens,

1995 2817 2091 2871 sed
2152 2817 2384 2871 salutem
2448 2816 2878 2885 sempiternam,
2940 2812 3044 2867 etsi
3103 2826 3215 2865 non
3275 2806 3567 2863 admodum

1997 2908 2170 2963 calide
2198 2908 2493 2979 digneque,
2525 2921 2846 2977 procurans,
2887 2913 2941 2959 et
2974 2904 3096 2958 aliis
3130 2905 3183 2956 in
3214 2901 3433 2957 Christo
3461 2900 3571 2954 fra-

1998 3001 2195 3066 tribus,
2250 3010 2307 3054 ut
2365 2999 2568 3053 bonum
2614 2997 2744 3052 illud
2815 2996 3074 3069 consequi
3158 2995 3409 3064 possint,
3449 3007 3571 3061 per-

324 3079 493 3132 καλοῦ
528 3080 946 3152 ὑποτιθέμενος,
981 3082 1042 3136 οῦ
1088 3090 1379 3155 μετασχεῖν
1414 3088 1561 3157 ἡμᾶς
1581 3089 1792 3155 γένοιτο
1820 3092 1887 3161 τῇ

1994 3091 2345 3146 accommoda
2407 3105 2730 3160 suggerens,
2765 3089 2922 3157 cujus
2971 3087 3265 3157 participes
3312 3101 3416 3140 nos
3454 3084 3569 3138 ﬁeri

324 3172 420 3224 τοῦ
453 3172 689 3241 Χριστοῦ
721 3175 924 3246 χάριτι,
951 3169 994 3245 ᾧ
1019 3177 1148 3242 δόξα
1178 3178 1402 3249 πρέπει.
1450 3180 1645 3249 Ἀμήν.

1994 3181 2191 3237 Christi
2228 3181 2399 3251 gratia
2448 3180 2735 3245 concedat,
2772 3181 2859 3234 cui
2898 3180 3071 3250 gloria
3117 3180 3295 3234 decet.
3334 3180 3533 3231 Amen.

335 3335 2329 3386 ww

2334 3378 2449 3384 ..ν-ἠ
2469 3379 2533 3384 μ-
2564 3376 2719 3387 ς-ρ-

1685 3517 1935 3561 ειιοωιο
1976 3517 2087 3562 ιιν
2130 3499 2203 3581 (τ)

420 3676 1147 3845 PHILO’I‘HEI
1270 3678 2331 3950 SELYMBRIENSIS
2464 3682 3484 3853 ARCHIEI’ISCOPI

1748 3970 2133 4051 ORATIO

920 4179 1059 4291 IN
1155 4106 1834 4294 SANCTUM
1908 4179 2957 4295 AGATHONICUM

1488 4402 1723 4466 (Codices
1744 4405 1909 4457 (ἓνωεὶ
1934 4404 2170 4468 Noniani,
2194 4421 2245 4470 p.
2270 4407 2409 4469 551.)

405 4702 527 4756 Τῶν
571 4697 741 4752 πάλαι
777 4694 961 4763 σοφῶν
1010 4696 1105 4748 καὶ
1147 4692 1394 4766 ῥητόρων
1421 4695 1519 4764 τῆς
1558 4692 1890 4763 Ἐκκλησίας

2078 4695 2228 4750 Inter
2257 4695 2514 4764 antiquos
2554 4693 2909 4763 philosophos
2946 4704 3000 4746 et
3038 4690 3298 4745 Ecclesiae
3326 4696 3573 4741 oratores

333 4796 429 4849 καὶ
457 4795 642 4860 ἄκρων
674 4791 733 4843 ἓν
762 4788 943 4856 λόγοις
974 4786 1203 4857 μηδενός
1229 4805 1317 4839 πω
1345 4786 1537 4839 ἑαυτὸν
1572 4785 1681 4839 οὐδ’
1714 4787 1901 4839 ὁπωσ-

330 4889 483 4944 τιοῦν
526 4884 890 4943 ἐκδεδωκότος
948 4879 1398 4949 διεξοδικώτερον
1447 4881 1504 4941 ὲς
1555 4879 1751 4946 λόγους
1800 4880 1896 4932 καὶ

330 4980 695 5049 ἀγωνίσματα
726 4975 824 5028 τοῦ
854 4974 1176 5040 στεφανίτου
1203 4972 1483 5043 μάρτυρος
1518 4971 1900 5039 Ἀγαθονίκου,

334 5072 641 5142 φιλοτίμως
667 5069 801 5140 ὁμοῦ
828 5068 925 5122 καὶ
961 5066 1422 5137 μεγαλοπρεπῶς,
1463 5065 1601 5118 ἀλλὰ
1636 5068 1760 5134 σιγῇ
1795 5081 1903 5115 πα-

337 5163 726 5233 ραδραμόντων
758 5162 826 5213 τὰ
869 5162 1094 5230 μνήμης
1126 5160 1221 5213 καὶ
1272 5157 1551 5225 θαύματος
1583 5157 1708 5223 ἀξια
1741 5157 1905 5225 μέχρι

334 5258 433 5325 τῆς
458 5255 640 5324 δεῦρο,
670 5254 791 5323 ἥκω
834 5252 929 5304 τοῦ
974 5252 1158 5317 λέγειν
1208 5248 1392 5314 αὐτὸς,
1417 5249 1467 5301 εί
1500 5249 1596 5303 καὶ
1637 5248 1736 5316 τὴν
1768 5248 1905 5316 ἐμὴν

336 5350 465 5414 περὶ
507 5347 700 5411 λόγους
759 5345 914 5413 ίσχὺν
952 5339 1070 5396 οἶδα
1117 5341 1306 5410 σαφῶς
1334 5343 1501 5409 ἔγγὺς
1529 5341 1714 5393 ἰοῦσαν
1736 5358 1748 5371 ·
1782 5339 1899 5391 οὐδὲ

339 5435 566 5504 μετρίας
609 5434 710 5503 τῆς
759 5434 944 5499 ἀξίας,
980 5433 1118 5486 ἀλλά
1165 5430 1349 5501 πολλῷ
1380 5432 1454 5499 τῷ
1490 5432 1673 5500 μέτρῳ
1712 5430 1902 5500 πόρρω

341 5542 465 5579 που.
500 5524 708 5592 Μηδεὶς
749 5523 796 5576 δ’
829 5524 983 5594 ὑμῶν
1009 5524 1369 5594 προπέτειαν,
1399 5517 1446 5578 ὦ
1475 5524 1769 5592 παρόντες,
1804 5538 1906 5575 καο-

338 5618 523 5687 ταγνῷ
551 5617 646 5671 τοῦ
676 5618 947 5687 παρόντος
994 5620 1421 5688 ἐγχειρήματος.
1455 5620 1503 5670 εἰ
1530 5616 1625 5669 κειὶ
1655 5614 1907 5685 ἐργώδης

340 5711 368 5762 δ
395 5709 553 5779 λόγος
575 5712 671 5765 καὶ
695 5710 929 5782 χαλεπὸς
958 5711 1276 5779 διενεγκεῖν.
1309 5709 1464 5763 Ἐπεὶ
1490 5707 1587 5763 οὖν
1612 5708 1709 5779 οὐχ
1737 5706 1904 5762 ἕνεκα

2000 4788 2242 4858 aliosque
2323 4786 2543 4842 dicendi
2598 4787 2827 4855 peritos,
2894 4784 3075 4836 nullus
3122 4783 3176 4835 in
3225 4780 3573 4836 sermonibus

2002 4890 2097 4935 aut
2150 4880 2543 4935 certaminibus
2600 4876 2796 4931 fortior
2828 4875 3061 4936 exstitit,
3112 4881 3378 4928 coronato
3424 4887 3574 4924 Inar-

2004 4982 2120 5042 tyre
2156 4971 2520 5042 Agathonico;
2577 4968 2673 5023 sed
2723 4966 2852 5021 dum
2906 4966 3088 5020 caeteri
3140 4980 3226 5019 res
3266 4973 3570 5017 memoratu

2008 5065 2200 5134 dignas
2232 5064 2341 5118 huc
2376 5076 2548 5130 usque
2599 5060 2818 5114 silentio
2868 5060 3275 5129 praeterierunt,
3314 5070 3417 5125 ego
3453 5055 3572 5109 illas

2004 5158 2382 5211 celebraturus
2429 5153 2645 5207 adsum.
2687 5150 2802 5206 Etsi
2843 5165 2930 5205 me
2982 5165 3172 5221 parum
3221 5153 3570 5218 eloquentem

2006 5264 2107 5303 nec
2146 5248 2297 5303 bisce
2362 5246 2523 5300 rebus
2575 5243 2822 5298 dicendis
2861 5252 3072 5313 aptum,
3128 5243 3235 5295 imo
3272 5240 3426 5294 valde
3475 5239 3575 5295 im-

2009 5353 2193 5409 parem
2221 5337 2391 5406 probe
2420 5335 2701 5398 noverim;
2746 5334 2929 5387 nullus
2974 5346 3105 5387 vero
3134 5334 3277 5387 inter
3305 5344 3422 5393 vos,
3478 5345 3575 5383 au-

2006 5429 2230 5492 ditores,
2269 5426 2433 5497 huius
2466 5425 2733 5496 propositi
2766 5425 3130 5479 temeritatem
3169 5421 3571 5484 criminabitur,

2008 5522 2136 5576 licet
2168 5521 2321 5574 labor
2349 5520 2421 5573 sit
2448 5533 2715 5574 onerosus
2746 5528 2800 5571 et
2833 5516 3078 5586 perfectu
3108 5514 3340 5568 diliicilis
3375 5533 3389 5569 :
3426 5512 3571 5582 quod

2010 5614 2055 5670 si
2091 5615 2256 5686 igitur
2280 5628 2389 5667 non
2415 5627 2570 5666 vana
2603 5610 2787 5681 gloria:
2821 5608 3145 5678 cupiditate,
3197 5623 3298 5661 nec
3323 5607 3575 5677 volupta-

2013 5716 2121 5762 tem
2172 5706 2409 5778 aliquam
2464 5704 2596 5760 inde
2633 5714 2913 5771 capturus,
2953 5701 3050 5757 sed
3081 5702 3153 5757 ob
3183 5701 3565 5757 necessitatem
