  <div class='ocr_page' id='page_1' title='image "/cluster/home/n/w/nwhite01/storage/ocr_20150623/154/hvd.32044073505299/648.png"; bbox 0 0 3904 6216; ppageno 0'>
   <div class='ocr_carea' id='block_1_1' title="bbox 318 318 453 381">
    <p class='ocr_par' dir='ltr' id='par_1_1' title="bbox 318 318 453 381">
     <span class='ocr_line' id='line_1_1' title="bbox 318 318 453 381; baseline -0.015 0"><span class='ocrx_word' id='word_1_1' title='bbox 318 318 453 381; x_wconf 72' lang='grc'><strong>1233</strong></span> 
     </span>
    </p>
   </div>
   <div class='ocr_carea' id='block_1_2' title="bbox 1373 324 2517 396">
    <p class='ocr_par' dir='ltr' id='par_1_2' title="bbox 1373 324 2517 396">
     <span class='ocr_line' id='line_1_2' title="bbox 1373 324 2517 396; baseline 0.008 -13"><span class='ocrx_word' id='word_1_2' title='bbox 1373 324 1661 388; x_wconf 79' lang='lat' dir='ltr'><strong>ORATIO</strong></span> <span class='ocrx_word' id='word_1_3' title='bbox 1706 329 1786 389; x_wconf 86' lang='lat' dir='ltr'><strong>IN</strong></span> <span class='ocrx_word' id='word_1_4' title='bbox 1830 331 1887 391; x_wconf 90' lang='lat' dir='ltr'><strong>S.</strong></span> <span class='ocrx_word' id='word_1_5' title='bbox 1938 332 2517 396; x_wconf 79' lang='lat' dir='ltr'><strong>AGATHONICUM.</strong></span> 
     </span>
    </p>
   </div>
   <div class='ocr_carea' id='block_1_3' title="bbox 3420 331 3567 394">
    <p class='ocr_par' dir='ltr' id='par_1_3' title="bbox 3420 331 3567 394">
     <span class='ocr_line' id='line_1_3' title="bbox 3420 331 3567 394; baseline 0 0"><span class='ocrx_word' id='word_1_6' title='bbox 3420 331 3567 394; x_wconf 65' lang='grc' dir='ltr'><strong>12Ἱῖ</strong></span> 
     </span>
    </p>
   </div>
   <div class='ocr_carea' id='block_1_4' title="bbox 308 434 1893 513">
    <p class='ocr_par' dir='ltr' id='par_1_4' title="bbox 308 434 1880 513">
     <span class='ocr_line' id='line_1_4' title="bbox 308 434 1880 513; baseline 0.005 -25"><span class='ocrx_word' id='word_1_7' title='bbox 308 453 410 504; x_wconf 90' lang='grc' dir='ltr'><strong>της</strong></span> <span class='ocrx_word' id='word_1_8' title='bbox 443 434 774 507; x_wconf 75' lang='grc' dir='ltr'><strong>θεωροῦντες</strong></span> <span class='ocrx_word' id='word_1_9' title='bbox 808 438 979 511; x_wconf 76' lang='grc' dir='ltr'>αὐτὴν</span> <span class='ocrx_word' id='word_1_10' title='bbox 1011 440 1086 503; x_wconf 88' lang='grc' dir='ltr'><strong>ώς</strong></span> <span class='ocrx_word' id='word_1_11' title='bbox 1121 441 1317 497; x_wconf 74' lang='grc' dir='ltr'>ἄσυλον</span> <span class='ocrx_word' id='word_1_12' title='bbox 1353 444 1448 495; x_wconf 68' lang='grc' dir='ltr'><strong>καλ⁵</strong></span> <span class='ocrx_word' id='word_1_13' title='bbox 1479 442 1692 513; x_wconf 82' lang='grc' dir='ltr'>ἀσφαλῆ</span> <span class='ocrx_word' id='word_1_14' title='bbox 1728 446 1880 496; x_wconf 82' lang='grc' dir='ltr'>ὲπαι-</span> 
     </span>
    </p>
   </div>
   <div class='ocr_carea' id='block_1_5' title="bbox 1997 434 3559 513">
    <p class='ocr_par' dir='ltr' id='par_1_5' title="bbox 1997 446 3559 511">
     <span class='ocr_line' id='line_1_5' title="bbox 1997 446 3559 511; baseline 0.001 -10"><span class='ocrx_word' id='word_1_15' title='bbox 1997 464 2104 502; x_wconf 63' lang='lat' dir='ltr'><strong>rum</strong></span> <span class='ocrx_word' id='word_1_16' title='bbox 2157 461 2490 504; x_wconf 89' lang='lat' dir='ltr'><strong>armatorum</strong></span> <span class='ocrx_word' id='word_1_17' title='bbox 2544 449 2795 504; x_wconf 87' lang='lat' dir='ltr'><strong>virtutem</strong></span> <span class='ocrx_word' id='word_1_18' title='bbox 2850 462 2912 503; x_wconf 89' lang='lat' dir='ltr'><strong>ac</strong></span> <span class='ocrx_word' id='word_1_19' title='bbox 2966 446 3383 511; x_wconf 74' lang='lat' dir='ltr'><strong>fortitudinem;</strong></span> <span class='ocrx_word' id='word_1_20' title='bbox 3423 450 3559 503; x_wconf 85' lang='lat' dir='ltr'><strong>tales</strong></span> 
     </span>
    </p>
   </div>
   <div class='ocr_carea' id='block_1_6' title="bbox 311 527 1887 606">
    <p class='ocr_par' dir='ltr' id='par_1_6' title="bbox 311 527 1887 606">
     <span class='ocr_line' id='line_1_6' title="bbox 311 527 1887 606; baseline 0.006 -26"><span class='ocrx_word' id='word_1_21' title='bbox 311 527 463 581; x_wconf 84' lang='grc' dir='ltr'>νοῦσί</span> <span class='ocrx_word' id='word_1_22' title='bbox 486 544 546 581; x_wconf 89' lang='grc' dir='ltr'><strong>τε</strong></span> <span class='ocrx_word' id='word_1_23' title='bbox 579 530 672 581; x_wconf 72' lang='grc' dir='ltr'><strong>καὶ</strong></span> <span class='ocrx_word' id='word_1_24' title='bbox 704 529 1042 601; x_wconf 80' lang='grc' dir='ltr'>θαυμάζουσι</span> <span class='ocrx_word' id='word_1_25' title='bbox 1066 546 1081 561; x_wconf 90' lang='grc'><strong>·</strong></span> <span class='ocrx_word' id='word_1_26' title='bbox 1112 537 1206 589; x_wconf 82' lang='grc' dir='ltr'>καὶ</span> <span class='ocrx_word' id='word_1_27' title='bbox 1234 535 1607 606; x_wconf 79' lang='grc' dir='ltr'><strong>φυλακτήριον</strong></span> <span class='ocrx_word' id='word_1_28' title='bbox 1637 540 1730 589; x_wconf 70' lang='grc' dir='ltr'>καὶ</span> <span class='ocrx_word' id='word_1_29' title='bbox 1762 538 1887 590; x_wconf 81' lang='grc' dir='ltr'>σκέ-</span> 
     </span>
    </p>
   </div>
   <div class='ocr_carea' id='block_1_7' title="bbox 312 618 1884 696">
    <p class='ocr_par' dir='ltr' id='par_1_7' title="bbox 312 618 1884 696">
     <span class='ocr_line' id='line_1_7' title="bbox 312 618 1884 696; baseline 0.004 -26"><span class='ocrx_word' id='word_1_30' title='bbox 312 634 422 686; x_wconf 83' lang='grc' dir='ltr'><strong>πην</strong></span> <span class='ocrx_word' id='word_1_31' title='bbox 451 618 654 672; x_wconf 72' lang='grc' dir='ltr'>ὡσανεὶ</span> <span class='ocrx_word' id='word_1_32' title='bbox 692 619 937 690; x_wconf 72' lang='grc' dir='ltr'>ίὶιχύουσι</span> <span class='ocrx_word' id='word_1_33' title='bbox 967 623 1037 677; x_wconf 88' lang='grc' dir='ltr'><strong>τά</strong></span> <span class='ocrx_word' id='word_1_34' title='bbox 1072 624 1237 691; x_wconf 76' lang='grc' dir='ltr'>ἐγγύς</span> <span class='ocrx_word' id='word_1_35' title='bbox 1272 642 1374 678; x_wconf 92' lang='grc' dir='ltr'><strong>που</strong></span> <span class='ocrx_word' id='word_1_36' title='bbox 1409 626 1661 696; x_wconf 85' lang='grc' dir='ltr'>πέλματά</span> <span class='ocrx_word' id='word_1_37' title='bbox 1695 644 1752 679; x_wconf 90' lang='grc' dir='ltr'><strong>τε</strong></span> <span class='ocrx_word' id='word_1_38' title='bbox 1790 626 1884 678; x_wconf 80' lang='grc' dir='ltr'>καὶ</span> 
     </span>
    </p>
   </div>
   <div class='ocr_carea' id='block_1_8' title="bbox 312 706 1884 789">
    <p class='ocr_par' dir='ltr' id='par_1_8' title="bbox 312 706 1884 789">
     <span class='ocr_line' id='line_1_8' title="bbox 312 706 1884 789; baseline 0.004 -29"><span class='ocrx_word' id='word_1_39' title='bbox 312 706 549 779; x_wconf 88' lang='grc' dir='ltr'>φρούρια</span> <span class='ocrx_word' id='word_1_40' title='bbox 574 725 589 741; x_wconf 89' lang='grc'><strong>·</strong></span> <span class='ocrx_word' id='word_1_41' title='bbox 636 710 774 779; x_wconf 77' lang='grc' dir='ltr'>πρὸς</span> <span class='ocrx_word' id='word_1_42' title='bbox 816 713 1028 775; x_wconf 76' lang='grc' dir='ltr'><strong>τούτοις</strong></span> <span class='ocrx_word' id='word_1_43' title='bbox 1071 716 1229 776; x_wconf 80' lang='grc' dir='ltr'>πᾶσι,</span> <span class='ocrx_word' id='word_1_44' title='bbox 1275 716 1372 789; x_wconf 77' lang='grc' dir='ltr'>καὶ</span> <span class='ocrx_word' id='word_1_45' title='bbox 1411 716 1748 786; x_wconf 78' lang='grc' dir='ltr'><strong>ὁπλοφόρους</strong></span> <span class='ocrx_word' id='word_1_46' title='bbox 1792 717 1884 768; x_wconf 73' lang='grc' dir='ltr'>καὶ</span> 
     </span>
    </p>
   </div>
   <div class='ocr_carea' id='block_1_9' title="bbox 317 800 1885 874">
    <p class='ocr_par' dir='ltr' id='par_1_9' title="bbox 317 800 1885 874">
     <span class='ocr_line' id='line_1_9' title="bbox 317 800 1885 874; baseline 0.004 -21"><span class='ocrx_word' id='word_1_47' title='bbox 317 800 600 871; x_wconf 72' lang='grc' dir='ltr'><strong>μαχίμους</strong></span> <span class='ocrx_word' id='word_1_48' title='bbox 632 801 863 871; x_wconf 76' lang='grc' dir='ltr'>ἄνδρας,</span> <span class='ocrx_word' id='word_1_49' title='bbox 900 805 1103 868; x_wconf 83' lang='grc' dir='ltr'>καλοὺς</span> <span class='ocrx_word' id='word_1_50' title='bbox 1136 806 1411 874; x_wconf 86' lang='grc' dir='ltr'>κάγαθούς</span> <span class='ocrx_word' id='word_1_51' title='bbox 1434 822 1451 840; x_wconf 78' lang='grc' dir='ltr'><strong><em>ο</em></strong></span> <span class='ocrx_word' id='word_1_52' title='bbox 1483 807 1759 873; x_wconf 67' lang='grc' dir='ltr'>τοιούτους</span> <span class='ocrx_word' id='word_1_53' title='bbox 1793 810 1885 860; x_wconf 82' lang='grc' dir='ltr'>καὶ</span> 
     </span>
    </p>
   </div>
   <div class='ocr_carea' id='block_1_10' title="bbox 310 892 1885 970">
    <p class='ocr_par' dir='ltr' id='par_1_10' title="bbox 310 892 1885 970">
     <span class='ocr_line' id='line_1_10' title="bbox 310 892 1885 970; baseline 0.006 -27"><span class='ocrx_word' id='word_1_54' title='bbox 310 892 701 960; x_wconf 77' lang='grc' dir='ltr'><strong>τηλικούτους,</strong></span> <span class='ocrx_word' id='word_1_55' title='bbox 738 892 814 956; x_wconf 78' lang='grc' dir='ltr'><strong>ῶς</strong></span> <span class='ocrx_word' id='word_1_56' title='bbox 850 896 944 949; x_wconf 73' lang='grc' dir='ltr'>ἐπὶ</span> <span class='ocrx_word' id='word_1_57' title='bbox 975 897 1205 960; x_wconf 77' lang='grc' dir='ltr'><strong>ἀσπίδας</strong></span> <span class='ocrx_word' id='word_1_58' title='bbox 1241 898 1336 952; x_wconf 73' lang='grc' dir='ltr'>καὶ</span> <span class='ocrx_word' id='word_1_59' title='bbox 1371 897 1501 968; x_wconf 86' lang='grc' dir='ltr'>δόρυ</span> <span class='ocrx_word' id='word_1_60' title='bbox 1536 900 1593 952; x_wconf 71' lang='grc' dir='ltr'>ὲν</span> <span class='ocrx_word' id='word_1_61' title='bbox 1630 900 1885 970; x_wconf 76' lang='grc' dir='ltr'><strong>πολέμοις</strong></span> 
     </span>
    </p>
   </div>
   <div class='ocr_carea' id='block_1_11' title="bbox 312 983 1886 1062">
    <p class='ocr_par' dir='ltr' id='par_1_11' title="bbox 312 983 1886 1062">
     <span class='ocr_line' id='line_1_11' title="bbox 312 983 1886 1062; baseline 0.004 -26"><span class='ocrx_word' id='word_1_62' title='bbox 312 983 410 1036; x_wconf 77' lang='grc' dir='ltr'>καὶ</span> <span class='ocrx_word' id='word_1_63' title='bbox 439 984 638 1053; x_wconf 78' lang='grc' dir='ltr'><strong>μάχαις</strong></span> <span class='ocrx_word' id='word_1_64' title='bbox 666 984 957 1054; x_wconf 85' lang='grc' dir='ltr'>τεθνάναι,</span> <span class='ocrx_word' id='word_1_65' title='bbox 988 989 1085 1042; x_wconf 82' lang='grc' dir='ltr'><strong>ὲάν</strong></span> <span class='ocrx_word' id='word_1_66' title='bbox 1115 989 1409 1060; x_wconf 70' lang='grc' dir='ltr'>βαρϐάρων</span> <span class='ocrx_word' id='word_1_67' title='bbox 1452 991 1528 1062; x_wconf 78' lang='grc' dir='ltr'>μὴ</span> <span class='ocrx_word' id='word_1_68' title='bbox 1557 993 1886 1060; x_wconf 78' lang='grc' dir='ltr'>περιγένων-</span> 
     </span>
    </p>
   </div>
   <div class='ocr_carea' id='block_1_12' title="bbox 310 1075 1886 1154">
    <p class='ocr_par' dir='ltr' id='par_1_12' title="bbox 310 1075 1886 1154">
     <span class='ocr_line' id='line_1_12' title="bbox 310 1075 1886 1154; baseline 0.006 -28"><span class='ocrx_word' id='word_1_69' title='bbox 310 1090 402 1128; x_wconf 87' lang='grc' dir='ltr'><strong>ται</strong></span> <span class='ocrx_word' id='word_1_70' title='bbox 447 1075 600 1139; x_wconf 84' lang='grc' dir='ltr'>ίσως,</span> <span class='ocrx_word' id='word_1_71' title='bbox 643 1077 747 1132; x_wconf 76' lang='grc' dir='ltr'><strong>ὑπὸ</strong></span> <span class='ocrx_word' id='word_1_72' title='bbox 790 1079 1031 1150; x_wconf 80' lang='grc' dir='ltr'>πλήθους</span> <span class='ocrx_word' id='word_1_73' title='bbox 1074 1084 1374 1152; x_wconf 83' lang='grc' dir='ltr'>στρατιᾶς·</span> <span class='ocrx_word' id='word_1_74' title='bbox 1422 1083 1560 1153; x_wconf 86' lang='grc' dir='ltr'>μόνη</span> <span class='ocrx_word' id='word_1_75' title='bbox 1604 1084 1712 1154; x_wconf 89' lang='grc' dir='ltr'><strong>γάρ</strong></span> <span class='ocrx_word' id='word_1_76' title='bbox 1754 1085 1886 1153; x_wconf 71' lang='grc' dir='ltr'>περὶ</span> 
     </span>
    </p>
   </div>
   <div class='ocr_carea' id='block_1_13' title="bbox 309 1166 1887 1246">
    <p class='ocr_par' dir='ltr' id='par_1_13' title="bbox 309 1166 1887 1246">
     <span class='ocr_line' id='line_1_13' title="bbox 309 1166 1887 1246; baseline 0.007 -27"><span class='ocrx_word' id='word_1_77' title='bbox 309 1166 527 1235; x_wconf 84' lang='grc' dir='ltr'>τυχῶν.</span> <span class='ocrx_word' id='word_1_78' title='bbox 558 1167 634 1232; x_wconf 84' lang='grc' dir='ltr'><strong>ὡς</strong></span> <span class='ocrx_word' id='word_1_79' title='bbox 662 1169 793 1234; x_wconf 75' lang='grc' dir='ltr'>ἔπος</span> <span class='ocrx_word' id='word_1_80' title='bbox 822 1172 999 1226; x_wconf 82' lang='grc' dir='ltr'>είπεῐν</span> <span class='ocrx_word' id='word_1_81' title='bbox 1018 1212 1035 1239; x_wconf 88' lang='lat'><strong>,</strong></span> <span class='ocrx_word' id='word_1_82' title='bbox 1066 1173 1100 1245; x_wconf 74' lang='grc' dir='ltr'>ἢ</span> <span class='ocrx_word' id='word_1_83' title='bbox 1132 1173 1330 1245; x_wconf 78' lang='grc' dir='ltr'>κομιδὴ</span> <span class='ocrx_word' id='word_1_84' title='bbox 1358 1175 1418 1228; x_wconf 75' lang='grc' dir='ltr'>ὲν</span> <span class='ocrx_word' id='word_1_85' title='bbox 1446 1174 1657 1244; x_wconf 77' lang='grc' dir='ltr'>ὀλίγαις</span> <span class='ocrx_word' id='word_1_86' title='bbox 1686 1176 1887 1246; x_wconf 72' lang='grc' dir='ltr'>ἄνδρας</span> 
     </span>
    </p>
   </div>
   <div class='ocr_carea' id='block_1_14' title="bbox 309 1256 1888 1337">
    <p class='ocr_par' dir='ltr' id='par_1_14' title="bbox 309 1256 1888 1337">
     <span class='ocr_line' id='line_1_14' title="bbox 309 1256 1888 1337; baseline 0.008 -29"><span class='ocrx_word' id='word_1_87' title='bbox 309 1256 530 1311; x_wconf 87' lang='grc' dir='ltr'>δύναται</span> <span class='ocrx_word' id='word_1_88' title='bbox 571 1259 798 1329; x_wconf 77' lang='grc' dir='ltr'>τρέφειν</span> <span class='ocrx_word' id='word_1_89' title='bbox 840 1262 1117 1331; x_wconf 77' lang='grc' dir='ltr'>ἀγαθοὺς,</span> <span class='ocrx_word' id='word_1_90' title='bbox 1156 1266 1300 1321; x_wconf 81' lang='grc' dir='ltr'>ὅπλα</span> <span class='ocrx_word' id='word_1_91' title='bbox 1345 1266 1749 1337; x_wconf 84' lang='grc' dir='ltr'>μεταχειρίζειν</span> <span class='ocrx_word' id='word_1_92' title='bbox 1794 1268 1888 1320; x_wconf 76' lang='grc' dir='ltr'>καὶ</span> 
     </span>
    </p>
   </div>
   <div class='ocr_carea' id='block_1_15' title="bbox 314 1346 1888 1426">
    <p class='ocr_par' dir='ltr' id='par_1_15' title="bbox 314 1346 1888 1426">
     <span class='ocr_line' id='line_1_15' title="bbox 314 1346 1888 1426; baseline 0.008 -27"><span class='ocrx_word' id='word_1_93' title='bbox 314 1346 475 1416; x_wconf 86' lang='grc' dir='ltr'>μόνα,</span> <span class='ocrx_word' id='word_1_94' title='bbox 504 1347 595 1401; x_wconf 83' lang='grc' dir='ltr'><strong>διὰ</strong></span> <span class='ocrx_word' id='word_1_95' title='bbox 624 1349 749 1412; x_wconf 81' lang='grc' dir='ltr'>τοὺς</span> <span class='ocrx_word' id='word_1_96' title='bbox 782 1356 1026 1422; x_wconf 75' lang='grc' dir='ltr'>συνεχεῖς</span> <span class='ocrx_word' id='word_1_97' title='bbox 1059 1352 1353 1425; x_wconf 78' lang='grc' dir='ltr'>πολέμους,</span> <span class='ocrx_word' id='word_1_98' title='bbox 1384 1354 1516 1410; x_wconf 77' lang='grc' dir='ltr'>ὥσθ’</span> <span class='ocrx_word' id='word_1_99' title='bbox 1539 1357 1568 1410; x_wconf 88' lang='grc' dir='ltr'><strong>δ</strong></span> <span class='ocrx_word' id='word_1_100' title='bbox 1599 1360 1766 1426; x_wconf 74' lang='grc' dir='ltr'>φησιν</span> <span class='ocrx_word' id='word_1_101' title='bbox 1795 1360 1888 1411; x_wconf 80' lang='grc' dir='ltr'>Αί-</span> 
     </span>
    </p>
   </div>
   <div class='ocr_carea' id='block_1_16' title="bbox 314 1438 1888 1519">
    <p class='ocr_par' dir='ltr' id='par_1_16' title="bbox 314 1438 1888 1519">
     <span class='ocr_line' id='line_1_16' title="bbox 314 1438 1888 1519; baseline 0.008 -28"><span class='ocrx_word' id='word_1_102' title='bbox 314 1438 544 1509; x_wconf 86' lang='grc' dir='ltr'>σχύλος,</span> <span class='ocrx_word' id='word_1_103' title='bbox 586 1439 795 1512; x_wconf 81' lang='grc' dir='ltr'>Ἐρμῆς</span> <span class='ocrx_word' id='word_1_104' title='bbox 843 1444 1017 1498; x_wconf 85' lang='grc' dir='ltr'>ταῦτα</span> <span class='ocrx_word' id='word_1_105' title='bbox 1065 1446 1301 1517; x_wconf 82' lang='grc' dir='ltr'><strong>εὐλόγως</strong></span> <span class='ocrx_word' id='word_1_106' title='bbox 1354 1450 1661 1519; x_wconf 78' lang='grc' dir='ltr'><strong>συνήγαγεν</strong></span> <span class='ocrx_word' id='word_1_107' title='bbox 1690 1466 1707 1483; x_wconf 78' lang='grc'><em>’</em></span> <span class='ocrx_word' id='word_1_108' title='bbox 1761 1449 1888 1503; x_wconf 78' lang='grc' dir='ltr'>οὔτε</span> 
     </span>
    </p>
   </div>
   <div class='ocr_carea' id='block_1_17' title="bbox 316 1531 1891 1605">
    <p class='ocr_par' dir='ltr' id='par_1_17' title="bbox 316 1531 1891 1605">
     <span class='ocr_line' id='line_1_17' title="bbox 316 1531 1891 1605; baseline 0.008 -23"><span class='ocrx_word' id='word_1_109' title='bbox 316 1531 542 1594; x_wconf 88' lang='grc' dir='ltr'>τούτους</span> <span class='ocrx_word' id='word_1_110' title='bbox 590 1531 773 1589; x_wconf 79' lang='grc' dir='ltr'>ὃπλων</span> <span class='ocrx_word' id='word_1_111' title='bbox 815 1535 1138 1605; x_wconf 76' lang='grc' dir='ltr'><strong>ἀποστερεῖν</strong></span> <span class='ocrx_word' id='word_1_112' title='bbox 1182 1532 1295 1592; x_wconf 78' lang='grc' dir='ltr'>οἷόν</span> <span class='ocrx_word' id='word_1_113' title='bbox 1337 1557 1397 1593; x_wconf 90' lang='grc' dir='ltr'><strong>τε</strong></span> <span class='ocrx_word' id='word_1_114' title='bbox 1441 1540 1587 1595; x_wconf 77' lang='grc' dir='ltr'>δείν’</span> <span class='ocrx_word' id='word_1_115' title='bbox 1632 1540 1756 1596; x_wconf 74' lang='grc' dir='ltr'>οὔτε</span> <span class='ocrx_word' id='word_1_116' title='bbox 1798 1541 1891 1596; x_wconf 76' lang='grc' dir='ltr'>τὸν</span> 
     </span>
    </p>
   </div>
   <div class='ocr_carea' id='block_1_18' title="bbox 317 1622 1887 1701">
    <p class='ocr_par' dir='ltr' id='par_1_18' title="bbox 317 1622 1887 1701">
     <span class='ocr_line' id='line_1_18' title="bbox 317 1622 1887 1701; baseline 0.008 -27"><span class='ocrx_word' id='word_1_117' title='bbox 317 1622 491 1693; x_wconf 85' lang='grc' dir='ltr'>Ἀρην</span> <span class='ocrx_word' id='word_1_118' title='bbox 534 1622 641 1687; x_wconf 71' lang='grc' dir='ltr'><strong>ἔξω</strong></span> <span class='ocrx_word' id='word_1_119' title='bbox 683 1624 912 1692; x_wconf 74' lang='grc' dir='ltr'>τιθέναι,</span> <span class='ocrx_word' id='word_1_120' title='bbox 958 1627 1050 1681; x_wconf 83' lang='grc' dir='ltr'>τὸν</span> <span class='ocrx_word' id='word_1_121' title='bbox 1094 1627 1333 1701; x_wconf 87' lang='grc' dir='ltr'>πόλεμον</span> <span class='ocrx_word' id='word_1_122' title='bbox 1376 1630 1600 1701; x_wconf 84' lang='grc' dir='ltr'>δηλαδή.</span> <span class='ocrx_word' id='word_1_123' title='bbox 1630 1632 1794 1685; x_wconf 85' lang='grc' dir='ltr'>Ὅθεν</span> <span class='ocrx_word' id='word_1_124' title='bbox 1839 1634 1887 1685; x_wconf 89' lang='grc' dir='ltr'><strong>εί</strong></span> 
     </span>
    </p>
   </div>
   <div class='ocr_carea' id='block_1_19' title="bbox 315 1712 1888 1791">
    <p class='ocr_par' dir='ltr' id='par_1_19' title="bbox 315 1712 1888 1791">
     <span class='ocr_line' id='line_1_19' title="bbox 315 1712 1888 1791; baseline 0.008 -28"><span class='ocrx_word' id='word_1_125' title='bbox 315 1712 499 1782; x_wconf 68' lang='grc' dir='ltr'>ἔτυχον</span> <span class='ocrx_word' id='word_1_126' title='bbox 532 1714 810 1784; x_wconf 79' lang='grc' dir='ltr'>περιόντες</span> <span class='ocrx_word' id='word_1_127' title='bbox 839 1716 1089 1788; x_wconf 88' lang='grc' dir='ltr'>Ὄμηρος</span> <span class='ocrx_word' id='word_1_128' title='bbox 1132 1720 1227 1772; x_wconf 82' lang='grc' dir='ltr'>καὶ</span> <span class='ocrx_word' id='word_1_129' title='bbox 1264 1719 1507 1784; x_wconf 76' lang='grc' dir='ltr'>Ἡσίοδος</span> <span class='ocrx_word' id='word_1_130' title='bbox 1530 1761 1546 1784; x_wconf 86' lang='grc'><strong>,</strong></span> <span class='ocrx_word' id='word_1_131' title='bbox 1587 1723 1757 1791; x_wconf 89' lang='grc' dir='ltr'>μόνας</span> <span class='ocrx_word' id='word_1_132' title='bbox 1790 1725 1888 1785; x_wconf 83' lang='grc' dir='ltr'><strong>τάς</strong></span> 
     </span>
    </p>
   </div>
   <div class='ocr_carea' id='block_1_20' title="bbox 313 1801 1889 1883">
    <p class='ocr_par' dir='ltr' id='par_1_20' title="bbox 313 1801 1889 1883">
     <span class='ocr_line' id='line_1_20' title="bbox 313 1801 1889 1883; baseline 0.006 -29"><span class='ocrx_word' id='word_1_133' title='bbox 313 1801 403 1855; x_wconf 90' lang='grc' dir='ltr'><strong>δύο</strong></span> <span class='ocrx_word' id='word_1_134' title='bbox 430 1803 651 1869; x_wconf 82' lang='grc' dir='ltr'>ταύτας,</span> <span class='ocrx_word' id='word_1_135' title='bbox 678 1805 905 1870; x_wconf 78' lang='grc' dir='ltr'>δικαίως</span> <span class='ocrx_word' id='word_1_136' title='bbox 933 1803 1086 1861; x_wconf 72' lang='grc' dir='ltr'>εἷπον</span> <span class='ocrx_word' id='word_1_137' title='bbox 1114 1810 1324 1880; x_wconf 87' lang='grc' dir='ltr'>ἀνδρῶν</span> <span class='ocrx_word' id='word_1_138' title='bbox 1352 1810 1500 1880; x_wconf 74' lang='grc' dir='ltr'>ἔχειν</span> <span class='ocrx_word' id='word_1_139' title='bbox 1527 1813 1721 1883; x_wconf 80' lang='grc' dir='ltr'>φορὰν.</span> <span class='ocrx_word' id='word_1_140' title='bbox 1751 1813 1889 1878; x_wconf 73' lang='grc' dir='ltr'>ἀγα-</span> 
     </span>
    </p>
   </div>
   <div class='ocr_carea' id='block_1_21' title="bbox 316 1895 1884 1974">
    <p class='ocr_par' dir='ltr' id='par_1_21' title="bbox 316 1895 1884 1974">
     <span class='ocr_line' id='line_1_21' title="bbox 316 1895 1884 1974; baseline 0.007 -27"><span class='ocrx_word' id='word_1_141' title='bbox 316 1895 424 1948; x_wconf 81' lang='grc' dir='ltr'><strong>θῶν</strong></span> <span class='ocrx_word' id='word_1_142' title='bbox 456 1896 556 1966; x_wconf 72' lang='grc' dir='ltr'>μὲν</span> <span class='ocrx_word' id='word_1_143' title='bbox 590 1898 865 1968; x_wconf 81' lang='grc' dir='ltr'>κοσμῆσαι</span> <span class='ocrx_word' id='word_1_144' title='bbox 901 1899 1104 1964; x_wconf 81' lang='grc' dir='ltr'>ίππους</span> <span class='ocrx_word' id='word_1_145' title='bbox 1138 1903 1231 1954; x_wconf 74' lang='grc' dir='ltr'>καὶ</span> <span class='ocrx_word' id='word_1_146' title='bbox 1265 1904 1468 1974; x_wconf 81' lang='grc' dir='ltr'>ἀνέρας</span> <span class='ocrx_word' id='word_1_147' title='bbox 1502 1905 1838 1967; x_wconf 80' lang='grc' dir='ltr'>ἀσπιδιώτας</span> <span class='ocrx_word' id='word_1_148' title='bbox 1868 1922 1884 1936; x_wconf 72' lang='grc' dir='ltr'><strong>ο</strong></span> 
     </span>
    </p>
   </div>
   <div class='ocr_carea' id='block_1_22' title="bbox 314 1989 1889 2067">
    <p class='ocr_par' dir='ltr' id='par_1_22' title="bbox 314 1989 1889 2067">
     <span class='ocr_line' id='line_1_22' title="bbox 314 1989 1889 2067; baseline 0.005 -25"><span class='ocrx_word' id='word_1_149' title='bbox 314 1989 540 2057; x_wconf 82' lang='grc' dir='ltr'>ἀγαθῶν</span> <span class='ocrx_word' id='word_1_150' title='bbox 589 1993 647 2045; x_wconf 69' lang='grc' dir='ltr'>δὲ</span> <span class='ocrx_word' id='word_1_151' title='bbox 706 1993 807 2062; x_wconf 74' lang='grc' dir='ltr'>τῆς</span> <span class='ocrx_word' id='word_1_152' title='bbox 861 1993 1059 2064; x_wconf 79' lang='grc' dir='ltr'>τέχνης</span> <span class='ocrx_word' id='word_1_153' title='bbox 1115 1995 1374 2065; x_wconf 75' lang='grc' dir='ltr'>εὑρέσθαι</span> <span class='ocrx_word' id='word_1_154' title='bbox 1425 1996 1673 2067; x_wconf 77' lang='grc' dir='ltr'>τέρματα</span> <span class='ocrx_word' id='word_1_155' title='bbox 1726 1997 1889 2051; x_wconf 85' lang='grc' dir='ltr'>τάσδε</span> 
     </span>
    </p>
   </div>
   <div class='ocr_carea' id='block_1_23' title="bbox 316 2079 1887 2158">
    <p class='ocr_par' dir='ltr' id='par_1_23' title="bbox 316 2079 1887 2158">
     <span class='ocr_line' id='line_1_23' title="bbox 316 2079 1887 2158; baseline 0.004 -25"><span class='ocrx_word' id='word_1_156' title='bbox 316 2079 466 2151; x_wconf 76' lang='grc' dir='ltr'>σαφῆ</span> <span class='ocrx_word' id='word_1_157' title='bbox 487 2097 503 2112; x_wconf 74' lang='grc'><strong>⁸</strong></span> <span class='ocrx_word' id='word_1_158' title='bbox 533 2081 606 2145; x_wconf 87' lang='grc' dir='ltr'><strong>ὡς</strong></span> <span class='ocrx_word' id='word_1_159' title='bbox 635 2081 748 2136; x_wconf 75' lang='grc' dir='ltr'>ἐστι</span> <span class='ocrx_word' id='word_1_160' title='bbox 776 2100 839 2151; x_wconf 92' lang='grc' dir='ltr'><strong>γε</strong></span> <span class='ocrx_word' id='word_1_161' title='bbox 870 2083 979 2138; x_wconf 85' lang='grc' dir='ltr'><strong>τῶν</strong></span> <span class='ocrx_word' id='word_1_162' title='bbox 1009 2087 1398 2153; x_wconf 77' lang='grc' dir='ltr'>ἀτοπωτάτων,</span> <span class='ocrx_word' id='word_1_163' title='bbox 1434 2089 1484 2142; x_wconf 92' lang='grc' dir='ltr'><strong>εί</strong></span> <span class='ocrx_word' id='word_1_164' title='bbox 1516 2090 1741 2158; x_wconf 80' lang='grc' dir='ltr'>κοσμεῖν</span> <span class='ocrx_word' id='word_1_165' title='bbox 1773 2087 1887 2142; x_wconf 78' lang='grc' dir='ltr'>ὲθέ-</span> 
     </span>
    </p>
   </div>
   <div class='ocr_carea' id='block_1_24' title="bbox 316 2171 1888 2248">
    <p class='ocr_par' dir='ltr' id='par_1_24' title="bbox 316 2171 1888 2248">
     <span class='ocr_line' id='line_1_24' title="bbox 316 2171 1888 2248; baseline 0.004 -25"><span class='ocrx_word' id='word_1_166' title='bbox 316 2171 499 2236; x_wconf 85' lang='grc' dir='ltr'>λοντες</span> <span class='ocrx_word' id='word_1_167' title='bbox 526 2172 727 2237; x_wconf 85' lang='grc' dir='ltr'>ταύτας</span> <span class='ocrx_word' id='word_1_168' title='bbox 758 2174 826 2228; x_wconf 87' lang='grc' dir='ltr'><strong>τά</strong></span> <span class='ocrx_word' id='word_1_169' title='bbox 858 2175 1027 2229; x_wconf 84' lang='grc' dir='ltr'>πλείω</span> <span class='ocrx_word' id='word_1_170' title='bbox 1058 2177 1153 2231; x_wconf 79' lang='grc' dir='ltr'>καὶ</span> <span class='ocrx_word' id='word_1_171' title='bbox 1184 2177 1420 2247; x_wconf 84' lang='grc' dir='ltr'>κρείττω</span> <span class='ocrx_word' id='word_1_172' title='bbox 1451 2180 1548 2233; x_wconf 80' lang='grc' dir='ltr'>καὶ</span> <span class='ocrx_word' id='word_1_173' title='bbox 1581 2177 1751 2248; x_wconf 89' lang='grc' dir='ltr'>μείζω</span> <span class='ocrx_word' id='word_1_174' title='bbox 1786 2194 1888 2230; x_wconf 86' lang='grc' dir='ltr'>πα·-</span> 
     </span>
    </p>
   </div>
   <div class='ocr_carea' id='block_1_25' title="bbox 318 2262 1888 2339">
    <p class='ocr_par' dir='ltr' id='par_1_25' title="bbox 318 2262 1888 2339">
     <span class='ocr_line' id='line_1_25' title="bbox 318 2262 1888 2339; baseline 0.003 -24"><span class='ocrx_word' id='word_1_175' title='bbox 318 2263 517 2332; x_wconf 86' lang='grc' dir='ltr'>ρίημεν</span> <span class='ocrx_word' id='word_1_176' title='bbox 540 2278 554 2294; x_wconf 75' lang='grc'><strong><em>⁸</em></strong></span> <span class='ocrx_word' id='word_1_177' title='bbox 586 2262 727 2335; x_wconf 72' lang='grc' dir='ltr'>ᾇπερ</span> <span class='ocrx_word' id='word_1_178' title='bbox 758 2266 866 2319; x_wconf 74' lang='grc' dir='ltr'>εἰσὶ</span> <span class='ocrx_word' id='word_1_179' title='bbox 895 2266 1068 2320; x_wconf 82' lang='grc' dir='ltr'>ταῦτα</span> <span class='ocrx_word' id='word_1_180' title='bbox 1093 2284 1108 2299; x_wconf 74' lang='grc' dir='ltr'>σ</span> <span class='ocrx_word' id='word_1_181' title='bbox 1141 2267 1333 2337; x_wconf 84' lang='grc' dir='ltr'>ὥσπερ</span> <span class='ocrx_word' id='word_1_182' title='bbox 1365 2269 1432 2322; x_wconf 81' lang='grc' dir='ltr'>ἂν</span> <span class='ocrx_word' id='word_1_183' title='bbox 1464 2270 1516 2322; x_wconf 89' lang='grc' dir='ltr'><strong>εί</strong></span> <span class='ocrx_word' id='word_1_184' title='bbox 1543 2285 1629 2331; x_wconf 90' lang='grc' dir='ltr'><strong>τις</strong></span> <span class='ocrx_word' id='word_1_185' title='bbox 1659 2267 1888 2339; x_wconf 72' lang='grc' dir='ltr'>μέγεθος</span> 
     </span>
    </p>
   </div>
   <div class='ocr_carea' id='block_1_26' title="bbox 321 2355 1887 2432">
    <p class='ocr_par' dir='ltr' id='par_1_26' title="bbox 321 2355 1887 2432">
     <span class='ocr_line' id='line_1_26' title="bbox 321 2355 1887 2432; baseline 0.003 -25"><span class='ocrx_word' id='word_1_186' title='bbox 321 2357 581 2424; x_wconf 79' lang='grc' dir='ltr'>στρατιᾶς</span> <span class='ocrx_word' id='word_1_187' title='bbox 611 2357 861 2425; x_wconf 79' lang='grc' dir='ltr'>ἀγγεῖλαι</span> <span class='ocrx_word' id='word_1_188' title='bbox 894 2360 1242 2430; x_wconf 84' lang='grc' dir='ltr'>βουλόμενος,</span> <span class='ocrx_word' id='word_1_189' title='bbox 1270 2355 1382 2414; x_wconf 73' lang='grc' dir='ltr'>οἷον</span> <span class='ocrx_word' id='word_1_190' title='bbox 1408 2360 1506 2430; x_wconf 85' lang='grc' dir='ltr'><strong>τῆς</strong></span> <span class='ocrx_word' id='word_1_191' title='bbox 1536 2360 1768 2432; x_wconf 87' lang='grc' dir='ltr'>’Δχαιῶν</span> <span class='ocrx_word' id='word_1_192' title='bbox 1797 2360 1887 2413; x_wconf 75' lang='grc' dir='ltr'><strong>ἐπὶ</strong></span> 
     </span>
    </p>
   </div>
   <div class='ocr_carea' id='block_1_27' title="bbox 318 2444 1887 2523">
    <p class='ocr_par' dir='ltr' id='par_1_27' title="bbox 318 2444 1887 2523">
     <span class='ocr_line' id='line_1_27' title="bbox 318 2444 1887 2523; baseline 0.003 -24"><span class='ocrx_word' id='word_1_193' title='bbox 318 2444 521 2517; x_wconf 76' lang='grc' dir='ltr'>Τροίᾳ·</span> <span class='ocrx_word' id='word_1_194' title='bbox 553 2448 585 2517; x_wconf 82' lang='grc' dir='ltr'>ἢ</span> <span class='ocrx_word' id='word_1_195' title='bbox 614 2448 711 2517; x_wconf 85' lang='grc' dir='ltr'>τῆς</span> <span class='ocrx_word' id='word_1_196' title='bbox 745 2449 949 2518; x_wconf 80' lang='grc' dir='ltr'>Ξέρξου</span> <span class='ocrx_word' id='word_1_197' title='bbox 981 2450 1066 2504; x_wconf 70' lang='grc' dir='ltr'><strong>ἐπ’</strong></span> <span class='ocrx_word' id='word_1_198' title='bbox 1096 2451 1421 2523; x_wconf 81' lang='grc' dir='ltr'>Ἀθηναίοις,</span> <span class='ocrx_word' id='word_1_199' title='bbox 1451 2448 1572 2507; x_wconf 75' lang='grc' dir='ltr'>εἷτα</span> <span class='ocrx_word' id='word_1_200' title='bbox 1603 2452 1750 2519; x_wconf 81' lang='grc' dir='ltr'>λέγει</span> <span class='ocrx_word' id='word_1_201' title='bbox 1790 2470 1887 2521; x_wconf 90' lang='grc' dir='ltr'>μυ-</span> 
     </span>
    </p>
   </div>
   <div class='ocr_carea' id='block_1_28' title="bbox 320 2541 1888 2613">
    <p class='ocr_par' dir='ltr' id='par_1_28' title="bbox 320 2541 1888 2613">
     <span class='ocr_line' id='line_1_28' title="bbox 320 2541 1888 2613; baseline -0.001 -20"><span class='ocrx_word' id='word_1_202' title='bbox 320 2541 467 2610; x_wconf 81' lang='grc' dir='ltr'>ρίους</span> <span class='ocrx_word' id='word_1_203' title='bbox 503 2541 535 2611; x_wconf 80' lang='grc' dir='ltr'>ἢ</span> <span class='ocrx_word' id='word_1_204' title='bbox 570 2541 904 2613; x_wconf 87' lang='grc' dir='ltr'>δυσμυρίους</span> <span class='ocrx_word' id='word_1_205' title='bbox 956 2543 1179 2606; x_wconf 84' lang='grc' dir='ltr'>ὁπλίτας</span> <span class='ocrx_word' id='word_1_206' title='bbox 1217 2543 1381 2608; x_wconf 82' lang='grc' dir='ltr'>ίδεῖν,</span> <span class='ocrx_word' id='word_1_207' title='bbox 1420 2542 1603 2596; x_wconf 77' lang='grc' dir='ltr'>ἵππων</span> <span class='ocrx_word' id='word_1_208' title='bbox 1635 2542 1691 2595; x_wconf 75' lang='grc' dir='ltr'>δὲ</span> <span class='ocrx_word' id='word_1_209' title='bbox 1728 2542 1888 2609; x_wconf 86' lang='grc' dir='ltr'>τόσην</span> 
     </span>
    </p>
   </div>
   <div class='ocr_carea' id='block_1_29' title="bbox 320 2631 1886 2704">
    <p class='ocr_par' dir='ltr' id='par_1_29' title="bbox 320 2631 1886 2704">
     <span class='ocr_line' id='line_1_29' title="bbox 320 2631 1886 2704; baseline -0.001 -18"><span class='ocrx_word' id='word_1_210' title='bbox 320 2634 414 2686; x_wconf 75' lang='grc' dir='ltr'>καὶ</span> <span class='ocrx_word' id='word_1_211' title='bbox 444 2633 610 2703; x_wconf 87' lang='grc' dir='ltr'>τόσην</span> <span class='ocrx_word' id='word_1_212' title='bbox 630 2675 645 2699; x_wconf 90' lang='grc'><strong>,</strong></span> <span class='ocrx_word' id='word_1_213' title='bbox 678 2633 798 2687; x_wconf 79' lang='grc' dir='ltr'>οὐδὲ</span> <span class='ocrx_word' id='word_1_214' title='bbox 832 2634 1121 2687; x_wconf 83' lang='grc' dir='ltr'>πολλοστὸν</span> <span class='ocrx_word' id='word_1_215' title='bbox 1157 2635 1321 2704; x_wconf 84' lang='grc' dir='ltr'>μέρος</span> <span class='ocrx_word' id='word_1_216' title='bbox 1351 2634 1446 2688; x_wconf 80' lang='grc' dir='ltr'><strong>τοῦ</strong></span> <span class='ocrx_word' id='word_1_217' title='bbox 1481 2633 1679 2696; x_wconf 76' lang='grc' dir='ltr'>παντὸς</span> <span class='ocrx_word' id='word_1_218' title='bbox 1711 2631 1886 2701; x_wconf 87' lang='grc' dir='ltr'>λέγων</span> 
     </span>
    </p>
   </div>
   <div class='ocr_carea' id='block_1_30' title="bbox 319 2719 1887 2795">
    <p class='ocr_par' dir='ltr' id='par_1_30' title="bbox 319 2719 1887 2795">
     <span class='ocr_line' id='line_1_30' title="bbox 319 2719 1887 2795; baseline 0.001 -22"><span class='ocrx_word' id='word_1_219' title='bbox 319 2723 375 2774; x_wconf 78' lang='grc' dir='ltr'>ἐν</span> <span class='ocrx_word' id='word_1_220' title='bbox 402 2719 481 2783; x_wconf 74' lang='grc' dir='ltr'>οἷς</span> <span class='ocrx_word' id='word_1_221' title='bbox 511 2722 801 2791; x_wconf 77' lang='grc' dir='ltr'>θαυμάζει,</span> <span class='ocrx_word' id='word_1_222' title='bbox 834 2725 1010 2777; x_wconf 75' lang='grc' dir='ltr'>καίτοι</span> <span class='ocrx_word' id='word_1_223' title='bbox 1041 2724 1130 2777; x_wconf 76' lang='grc' dir='ltr'><strong>καὶ</strong></span> <span class='ocrx_word' id='word_1_224' title='bbox 1150 2725 1248 2795; x_wconf 80' lang='grc' dir='ltr'>τὴν</span> <span class='ocrx_word' id='word_1_225' title='bbox 1270 2723 1377 2778; x_wconf 87' lang='grc' dir='ltr'><strong>τῶν</strong></span> <span class='ocrx_word' id='word_1_226' title='bbox 1405 2723 1704 2787; x_wconf 80' lang='grc' dir='ltr'>Ἀθηναίων</span> <span class='ocrx_word' id='word_1_227' title='bbox 1735 2722 1887 2775; x_wconf 89' lang='grc' dir='ltr'>πόλιν</span> 
     </span>
    </p>
   </div>
   <div class='ocr_carea' id='block_1_31' title="bbox 320 2813 1887 2885">
    <p class='ocr_par' dir='ltr' id='par_1_31' title="bbox 320 2813 1887 2885">
     <span class='ocr_line' id='line_1_31' title="bbox 320 2813 1887 2885; baseline -0.001 -18"><span class='ocrx_word' id='word_1_228' title='bbox 320 2814 611 2884; x_wconf 83' lang='grc' dir='ltr'>εὐδαίμονα</span> <span class='ocrx_word' id='word_1_229' title='bbox 642 2818 753 2877; x_wconf 81' lang='grc' dir='ltr'>τοῖς</span> <span class='ocrx_word' id='word_1_230' title='bbox 789 2818 1038 2882; x_wconf 85' lang='grc' dir='ltr'>ποιηταῖς</span> <span class='ocrx_word' id='word_1_231' title='bbox 1073 2814 1221 2880; x_wconf 74' lang='grc' dir='ltr'>ἔδοξε</span> <span class='ocrx_word' id='word_1_232' title='bbox 1257 2817 1615 2885; x_wconf 86' lang='grc' dir='ltr'>προσειπεῖν,</span> <span class='ocrx_word' id='word_1_233' title='bbox 1652 2813 1731 2868; x_wconf 82' lang='grc' dir='ltr'>ὅτι</span> <span class='ocrx_word' id='word_1_234' title='bbox 1766 2815 1887 2877; x_wconf 80' lang='grc' dir='ltr'>ταῖς</span> 
     </span>
    </p>
   </div>
   <div class='ocr_carea' id='block_1_32' title="bbox 319 2892 1886 2979">
    <p class='ocr_par' dir='ltr' id='par_1_32' title="bbox 319 2892 1886 2979">
     <span class='ocr_line' id='line_1_32' title="bbox 319 2892 1886 2979; baseline -0.001 -19"><span class='ocrx_word' id='word_1_235' title='bbox 319 2909 428 2962; x_wconf 84' lang='grc' dir='ltr'><strong>τῶν</strong></span> <span class='ocrx_word' id='word_1_236' title='bbox 468 2907 820 2961; x_wconf 80' lang='grc' dir='ltr'>ἐνοικούντων</span> <span class='ocrx_word' id='word_1_237' title='bbox 864 2909 1253 2979; x_wconf 84' lang='grc' dir='ltr'>ἀνδραγαθίαις</span> <span class='ocrx_word' id='word_1_238' title='bbox 1297 2892 1621 2978; x_wconf 78' lang='grc' dir='ltr'>ἐκοσμεῖτο,</span> <span class='ocrx_word' id='word_1_239' title='bbox 1669 2903 1886 2977; x_wconf 77' lang='grc' dir='ltr'>ἦπούγε</span> 
     </span>
    </p>
   </div>
   <div class='ocr_carea' id='block_1_33' title="bbox 320 2999 1885 3070">
    <p class='ocr_par' dir='ltr' id='par_1_33' title="bbox 320 2999 1885 3070">
     <span class='ocr_line' id='line_1_33' title="bbox 320 2999 1885 3070; baseline -0.001 -17"><span class='ocrx_word' id='word_1_240' title='bbox 320 3000 587 3069; x_wconf 81' lang='grc' dir='ltr'>λαμπρῶς</span> <span class='ocrx_word' id='word_1_241' title='bbox 613 2999 811 3062; x_wconf 90' lang='grc' dir='ltr'>ταύτας</span> <span class='ocrx_word' id='word_1_242' title='bbox 844 3001 941 3063; x_wconf 74' lang='grc' dir='ltr'><strong>τὰς</strong></span> <span class='ocrx_word' id='word_1_243' title='bbox 974 3000 1344 3069; x_wconf 82' lang='grc' dir='ltr'>προσηγορίας</span> <span class='ocrx_word' id='word_1_244' title='bbox 1379 3001 1645 3070; x_wconf 83' lang='grc' dir='ltr'>προσήκει</span> <span class='ocrx_word' id='word_1_245' title='bbox 1672 3014 1686 3028; x_wconf 74' lang='grc' dir='ltr'><strong>ο</strong></span> <span class='ocrx_word' id='word_1_246' title='bbox 1726 2999 1885 3068; x_wconf 87' lang='grc' dir='ltr'>μόναι</span> 
     </span>
    </p>
   </div>
   <div class='ocr_carea' id='block_1_34' title="bbox 1988 538 3561 605">
    <p class='ocr_par' dir='ltr' id='par_1_34' title="bbox 1988 538 3561 605">
     <span class='ocr_line' id='line_1_34' title="bbox 1988 538 3561 605; baseline -0.003 -11"><span class='ocrx_word' id='word_1_247' title='bbox 1988 541 2131 594; x_wconf 90' lang='lat' dir='ltr'><strong>enim</strong></span> <span class='ocrx_word' id='word_1_248' title='bbox 2178 556 2303 595; x_wconf 89' lang='lat' dir='ltr'><strong>cum</strong></span> <span class='ocrx_word' id='word_1_249' title='bbox 2341 543 2474 604; x_wconf 89' lang='lat' dir='ltr'><strong>sint,</strong></span> <span class='ocrx_word' id='word_1_250' title='bbox 2526 549 2618 594; x_wconf 86' lang='lat' dir='ltr'><strong>aut</strong></span> <span class='ocrx_word' id='word_1_251' title='bbox 2674 538 2941 594; x_wconf 82' lang='lat' dir='ltr'><strong>Barbaros</strong></span> <span class='ocrx_word' id='word_1_252' title='bbox 2967 540 3207 602; x_wconf 88' lang='lat' dir='ltr'><strong>vincere,</strong></span> <span class='ocrx_word' id='word_1_253' title='bbox 3257 547 3351 591; x_wconf 91' lang='lat' dir='ltr'><strong>aut</strong></span> <span class='ocrx_word' id='word_1_254' title='bbox 3398 553 3561 605; x_wconf 81' lang='lat' dir='ltr'><strong>super</strong></span> 
     </span>
    </p>
   </div>
   <div class='ocr_carea' id='block_1_35' title="bbox 1988 628 3556 701">
    <p class='ocr_par' dir='ltr' id='par_1_35' title="bbox 1988 628 3556 701">
     <span class='ocr_line' id='line_1_35' title="bbox 1988 628 3556 701; baseline -0.002 -16"><span class='ocrx_word' id='word_1_255' title='bbox 1988 632 2177 701; x_wconf 83' lang='lat' dir='ltr'><strong>clypeo</strong></span> <span class='ocrx_word' id='word_1_256' title='bbox 2233 642 2328 686; x_wconf 87' lang='lat' dir='ltr'><strong>aut</strong></span> <span class='ocrx_word' id='word_1_257' title='bbox 2370 633 2550 699; x_wconf 80' lang='lat' dir='ltr'><strong>iaculo</strong></span> <span class='ocrx_word' id='word_1_258' title='bbox 2605 632 2868 685; x_wconf 77' lang='lat' dir='ltr'><strong>commori</strong></span> <span class='ocrx_word' id='word_1_259' title='bbox 2952 631 3005 684; x_wconf 90' lang='lat' dir='ltr'><strong>in</strong></span> <span class='ocrx_word' id='word_1_260' title='bbox 3065 632 3251 683; x_wconf 88' lang='lat' dir='ltr'><strong>animo</strong></span> <span class='ocrx_word' id='word_1_261' title='bbox 3331 628 3556 682; x_wconf 84' lang='lat' dir='ltr'><strong>habent.</strong></span> 
     </span>
    </p>
   </div>
   <div class='ocr_carea' id='block_1_36' title="bbox 1991 719 3561 775">
    <p class='ocr_par' dir='ltr' id='par_1_36' title="bbox 1991 719 3561 775">
     <span class='ocr_line' id='line_1_36' title="bbox 1991 719 3561 775; baseline -0.001 -2"><span class='ocrx_word' id='word_1_262' title='bbox 1991 720 2117 774; x_wconf 85' lang='lat' dir='ltr'><strong>Sola</strong></span> <span class='ocrx_word' id='word_1_263' title='bbox 2144 720 2289 774; x_wconf 88' lang='lat' dir='ltr'><strong>enim</strong></span> <span class='ocrx_word' id='word_1_264' title='bbox 2324 721 2412 773; x_wconf 89' lang='lat' dir='ltr'><strong>illa</strong></span> <span class='ocrx_word' id='word_1_265' title='bbox 2447 738 2510 775; x_wconf 88' lang='lat' dir='ltr'><strong>ex</strong></span> <span class='ocrx_word' id='word_1_266' title='bbox 2544 730 2621 774; x_wconf 88' lang='lat' dir='ltr'><strong>tot</strong></span> <span class='ocrx_word' id='word_1_267' title='bbox 2647 721 2769 774; x_wconf 89' lang='lat' dir='ltr'><strong>aliis</strong></span> <span class='ocrx_word' id='word_1_268' title='bbox 2823 720 2979 775; x_wconf 87' lang='lat' dir='ltr'><strong>viros</strong></span> <span class='ocrx_word' id='word_1_269' title='bbox 3028 730 3287 774; x_wconf 91' lang='lat' dir='ltr'><strong>strenuos</strong></span> <span class='ocrx_word' id='word_1_270' title='bbox 3324 728 3379 773; x_wconf 90' lang='lat' dir='ltr'><strong>et</strong></span> <span class='ocrx_word' id='word_1_271' title='bbox 3419 719 3561 771; x_wconf 83' lang='lat' dir='ltr'><strong>alere</strong></span> 
     </span>
    </p>
   </div>
   <div class='ocr_carea' id='block_1_37' title="bbox 1988 810 3565 871">
    <p class='ocr_par' dir='ltr' id='par_1_37' title="bbox 1988 810 3565 871">
     <span class='ocr_line' id='line_1_37' title="bbox 1988 810 3565 871; baseline -0.001 -8"><span class='ocrx_word' id='word_1_272' title='bbox 1988 819 2044 864; x_wconf 88' lang='lat' dir='ltr'><strong>et</strong></span> <span class='ocrx_word' id='word_1_273' title='bbox 2071 811 2240 865; x_wconf 85' lang='lat' dir='ltr'><strong>armis</strong></span> <span class='ocrx_word' id='word_1_274' title='bbox 2271 814 2617 866; x_wconf 77' lang='lat' dir='ltr'><strong>assuefacere</strong></span> <span class='ocrx_word' id='word_1_275' title='bbox 2665 811 2810 865; x_wconf 90' lang='lat' dir='ltr'><strong>valet</strong></span> <span class='ocrx_word' id='word_1_276' title='bbox 2851 812 2921 865; x_wconf 89' lang='lat' dir='ltr'><strong>ob</strong></span> <span class='ocrx_word' id='word_1_277' title='bbox 2956 812 3173 865; x_wconf 86' lang='lat' dir='ltr'><strong>assidua</strong></span> <span class='ocrx_word' id='word_1_278' title='bbox 3225 810 3386 871; x_wconf 80' lang='lat' dir='ltr'><strong>bella,</strong></span> <span class='ocrx_word' id='word_1_279' title='bbox 3418 818 3473 863; x_wconf 90' lang='lat' dir='ltr'><strong>et</strong></span> <span class='ocrx_word' id='word_1_280' title='bbox 3506 818 3565 863; x_wconf 91' lang='lat' dir='ltr'><strong>ut</strong></span> 
     </span>
    </p>
   </div>
   <div class='ocr_carea' id='block_1_38' title="bbox 1989 898 3563 973">
    <p class='ocr_par' dir='ltr' id='par_1_38' title="bbox 1989 898 3563 973">
     <span class='ocr_line' id='line_1_38' title="bbox 1989 898 3563 973; baseline -0.002 -18"><span class='ocrx_word' id='word_1_281' title='bbox 1989 901 2257 973; x_wconf 70' lang='lat' dir='ltr'><strong>AEscbylo</strong></span> <span class='ocrx_word' id='word_1_282' title='bbox 2310 913 2471 969; x_wconf 85' lang='lat' dir='ltr'><strong>teste,</strong></span> <span class='ocrx_word' id='word_1_283' title='bbox 2506 903 2814 958; x_wconf 83' lang='lat' dir='ltr'><strong>Mercurius</strong></span> <span class='ocrx_word' id='word_1_284' title='bbox 2860 903 2966 957; x_wconf 89' lang='lat' dir='ltr'><strong>rite</strong></span> <span class='ocrx_word' id='word_1_285' title='bbox 3007 917 3103 956; x_wconf 90' lang='lat' dir='ltr'><strong>cos</strong></span> <span class='ocrx_word' id='word_1_286' title='bbox 3138 901 3412 955; x_wconf 80' lang='lat' dir='ltr'><strong>adunavit.</strong></span> <span class='ocrx_word' id='word_1_287' title='bbox 3446 898 3563 953; x_wconf 81' lang='lat' dir='ltr'><strong>Non</strong></span> 
     </span>
    </p>
   </div>
   <div class='ocr_carea' id='block_1_39' title="bbox 1987 990 3562 1065">
    <p class='ocr_par' dir='ltr' id='par_1_39' title="bbox 1987 990 3562 1065">
     <span class='ocr_line' id='line_1_39' title="bbox 1987 990 3562 1065; baseline -0.004 -16"><span class='ocrx_word' id='word_1_288' title='bbox 1987 993 2134 1049; x_wconf 89' lang='lat' dir='ltr'><strong>enim</strong></span> <span class='ocrx_word' id='word_1_289' title='bbox 2168 995 2203 1049; x_wconf 89' lang='lat' dir='ltr'><strong>ii</strong></span> <span class='ocrx_word' id='word_1_290' title='bbox 2225 1004 2353 1049; x_wconf 86' lang='lat' dir='ltr'><strong>sunt</strong></span> <span class='ocrx_word' id='word_1_291' title='bbox 2377 995 2469 1062; x_wconf 87' lang='lat' dir='ltr'><strong>qui</strong></span> <span class='ocrx_word' id='word_1_292' title='bbox 2508 995 2756 1065; x_wconf 90' lang='lat' dir='ltr'><strong>neglecto</strong></span> <span class='ocrx_word' id='word_1_293' title='bbox 2783 1009 3060 1048; x_wconf 88' lang='lat' dir='ltr'><strong>armorum</strong></span> <span class='ocrx_word' id='word_1_294' title='bbox 3095 1008 3198 1047; x_wconf 89' lang='lat' dir='ltr'><strong>usu</strong></span> <span class='ocrx_word' id='word_1_295' title='bbox 3230 990 3479 1056; x_wconf 80' lang='lat' dir='ltr'><strong>Martem,</strong></span> <span class='ocrx_word' id='word_1_296' title='bbox 3513 991 3562 1045; x_wconf 89' lang='lat' dir='ltr'><strong>id</strong></span> 
     </span>
    </p>
   </div>
   <div class='ocr_carea' id='block_1_40' title="bbox 1989 1083 3564 1156">
    <p class='ocr_par' dir='ltr' id='par_1_40' title="bbox 1989 1083 3564 1156">
     <span class='ocr_line' id='line_1_40' title="bbox 1989 1083 3564 1156; baseline -0.002 -16"><span class='ocrx_word' id='word_1_297' title='bbox 1989 1094 2074 1140; x_wconf 85' lang='lat' dir='ltr'><strong>est</strong></span> <span class='ocrx_word' id='word_1_298' title='bbox 2092 1085 2289 1141; x_wconf 90' lang='lat' dir='ltr'><strong>bellum</strong></span> <span class='ocrx_word' id='word_1_299' title='bbox 2314 1087 2368 1140; x_wconf 92' lang='lat' dir='ltr'><strong>in</strong></span> <span class='ocrx_word' id='word_1_300' title='bbox 2387 1086 2638 1141; x_wconf 80' lang='lat' dir='ltr'><strong>exsilium</strong></span> <span class='ocrx_word' id='word_1_301' title='bbox 2666 1095 2845 1156; x_wconf 90' lang='lat' dir='ltr'><strong>agant.</strong></span> <span class='ocrx_word' id='word_1_302' title='bbox 2864 1083 3025 1141; x_wconf 90' lang='lat' dir='ltr'><strong>Certe</strong></span> <span class='ocrx_word' id='word_1_303' title='bbox 3048 1085 3091 1140; x_wconf 90' lang='lat' dir='ltr'><strong>si</strong></span> <span class='ocrx_word' id='word_1_304' title='bbox 3119 1083 3385 1139; x_wconf 83' lang='lat' dir='ltr'><strong>Homerus</strong></span> <span class='ocrx_word' id='word_1_305' title='bbox 3402 1093 3564 1153; x_wconf 84' lang='lat' dir='ltr'><strong>atque</strong></span> 
     </span>
    </p>
   </div>
   <div class='ocr_carea' id='block_1_41' title="bbox 1990 1178 3561 1247">
    <p class='ocr_par' dir='ltr' id='par_1_41' title="bbox 1990 1178 3561 1247">
     <span class='ocr_line' id='line_1_41' title="bbox 1990 1178 3561 1247; baseline -0.002 -13"><span class='ocrx_word' id='word_1_306' title='bbox 1990 1178 2258 1236; x_wconf 78' lang='lat' dir='ltr'><strong>Hesiodus</strong></span> <span class='ocrx_word' id='word_1_307' title='bbox 2285 1180 2353 1235; x_wconf 89' lang='lat' dir='ltr'><strong>ad</strong></span> <span class='ocrx_word' id='word_1_308' title='bbox 2384 1181 2549 1236; x_wconf 87' lang='lat' dir='ltr'><strong>vitam</strong></span> <span class='ocrx_word' id='word_1_309' title='bbox 2576 1181 2840 1244; x_wconf 88' lang='lat' dir='ltr'><strong>redirent.</strong></span> <span class='ocrx_word' id='word_1_310' title='bbox 2868 1181 2971 1236; x_wconf 85' lang='lat' dir='ltr'><strong>has</strong></span> <span class='ocrx_word' id='word_1_311' title='bbox 2999 1180 3135 1235; x_wconf 85' lang='lat' dir='ltr'><strong>duas</strong></span> <span class='ocrx_word' id='word_1_312' title='bbox 3154 1180 3298 1234; x_wconf 87' lang='lat' dir='ltr'><strong>solas</strong></span> <span class='ocrx_word' id='word_1_313' title='bbox 3321 1179 3561 1247; x_wconf 88' lang='lat' dir='ltr'><strong>virorum</strong></span> 
     </span>
    </p>
   </div>
   <div class='ocr_carea' id='block_1_42' title="bbox 1991 1271 3565 1341">
    <p class='ocr_par' dir='ltr' id='par_1_42' title="bbox 1991 1271 3565 1341">
     <span class='ocr_line' id='line_1_42' title="bbox 1991 1271 3565 1341; baseline -0.004 -14"><span class='ocrx_word' id='word_1_314' title='bbox 1991 1273 2205 1327; x_wconf 76' lang='lat' dir='ltr'><strong>feraces</strong></span> <span class='ocrx_word' id='word_1_315' title='bbox 2231 1286 2353 1327; x_wconf 85' lang='lat' dir='ltr'><strong>esse</strong></span> <span class='ocrx_word' id='word_1_316' title='bbox 2379 1282 2432 1327; x_wconf 91' lang='lat' dir='ltr'><strong>et</strong></span> <span class='ocrx_word' id='word_1_317' title='bbox 2484 1271 2707 1328; x_wconf 81' lang='lat' dir='ltr'><strong>altrices</strong></span> <span class='ocrx_word' id='word_1_318' title='bbox 2739 1288 3008 1341; x_wconf 88' lang='lat' dir='ltr'><strong>equorum</strong></span> <span class='ocrx_word' id='word_1_319' title='bbox 3039 1282 3093 1327; x_wconf 91' lang='lat' dir='ltr'><strong>et</strong></span> <span class='ocrx_word' id='word_1_320' title='bbox 3111 1271 3347 1325; x_wconf 91' lang='lat' dir='ltr'><strong>militum</strong></span> <span class='ocrx_word' id='word_1_321' title='bbox 3393 1286 3565 1336; x_wconf 83' lang='lat' dir='ltr'><strong>agnu-</strong></span> 
     </span>
    </p>
   </div>
   <div class='ocr_carea' id='block_1_43' title="bbox 1989 1360 3566 1431">
    <p class='ocr_par' dir='ltr' id='par_1_43' title="bbox 1989 1360 3566 1431">
     <span class='ocr_line' id='line_1_43' title="bbox 1989 1360 3566 1431; baseline -0.003 -15"><span class='ocrx_word' id='word_1_322' title='bbox 1989 1373 2230 1431; x_wconf 70' lang='lat' dir='ltr'><strong>scerent,</strong></span> <span class='ocrx_word' id='word_1_323' title='bbox 2286 1369 2342 1415; x_wconf 92' lang='lat' dir='ltr'><strong>ut</strong></span> <span class='ocrx_word' id='word_1_324' title='bbox 2387 1376 2491 1417; x_wconf 87' lang='lat' dir='ltr'><strong>nec</strong></span> <span class='ocrx_word' id='word_1_325' title='bbox 2544 1361 2728 1417; x_wconf 90' lang='lat' dir='ltr'><strong>minus</strong></span> <span class='ocrx_word' id='word_1_326' title='bbox 2778 1363 2981 1416; x_wconf 85' lang='lat' dir='ltr'><strong>artium</strong></span> <span class='ocrx_word' id='word_1_327' title='bbox 3034 1361 3264 1415; x_wconf 80' lang='lat' dir='ltr'><strong>eximias</strong></span> <span class='ocrx_word' id='word_1_328' title='bbox 3288 1360 3566 1415; x_wconf 80' lang='lat' dir='ltr'><strong>cultrires.</strong></span> 
     </span>
    </p>
   </div>
   <div class='ocr_carea' id='block_1_44' title="bbox 1991 1432 3569 1520">
    <p class='ocr_par' dir='ltr' id='par_1_44' title="bbox 1991 1432 3569 1520">
     <span class='ocr_line' id='line_1_44' title="bbox 1991 1432 3569 1520; baseline -0.004 -13"><span class='ocrx_word' id='word_1_329' title='bbox 1991 1452 2175 1520; x_wconf 85' lang='lat' dir='ltr'><strong>Quare</strong></span> <span class='ocrx_word' id='word_1_330' title='bbox 2218 1432 2264 1508; x_wconf 68' lang='lat' dir='ltr'><strong>si</strong></span> <span class='ocrx_word' id='word_1_331' title='bbox 2308 1467 2404 1508; x_wconf 82' lang='lat' dir='ltr'><strong>eas</strong></span> <span class='ocrx_word' id='word_1_332' title='bbox 2432 1451 2657 1507; x_wconf 89' lang='lat' dir='ltr'><strong>laudare</strong></span> <span class='ocrx_word' id='word_1_333' title='bbox 2683 1452 2958 1515; x_wconf 87' lang='lat' dir='ltr'><strong>volumus,</strong></span> <span class='ocrx_word' id='word_1_334' title='bbox 3009 1466 3096 1505; x_wconf 89' lang='lat' dir='ltr'><strong>res</strong></span> <span class='ocrx_word' id='word_1_335' title='bbox 3130 1452 3329 1504; x_wconf 88' lang='lat' dir='ltr'><strong>multas</strong></span> <span class='ocrx_word' id='word_1_336' title='bbox 3367 1450 3569 1518; x_wconf 82' lang='lat' dir='ltr'><strong>quibus</strong></span> 
     </span>
    </p>
   </div>
   <div class='ocr_carea' id='block_1_45' title="bbox 1990 1540 3568 1616">
    <p class='ocr_par' dir='ltr' id='par_1_45' title="bbox 1990 1540 3568 1616">
     <span class='ocr_line' id='line_1_45' title="bbox 1990 1540 3568 1616; baseline -0.004 -16"><span class='ocrx_word' id='word_1_337' title='bbox 1990 1545 2269 1601; x_wconf 84' lang='lat' dir='ltr'><strong>excellunt</strong></span> <span class='ocrx_word' id='word_1_338' title='bbox 2319 1545 2544 1600; x_wconf 86' lang='lat' dir='ltr'><strong>silentio</strong></span> <span class='ocrx_word' id='word_1_339' title='bbox 2604 1545 2889 1616; x_wconf 76' lang='lat' dir='ltr'><strong>praeterire</strong></span> <span class='ocrx_word' id='word_1_340' title='bbox 2948 1543 3030 1598; x_wconf 88' lang='lat' dir='ltr'><strong>fas</strong></span> <span class='ocrx_word' id='word_1_341' title='bbox 3096 1557 3202 1596; x_wconf 89' lang='lat' dir='ltr'><strong>non</strong></span> <span class='ocrx_word' id='word_1_342' title='bbox 3255 1547 3361 1596; x_wconf 89' lang='lat' dir='ltr'><strong>est.</strong></span> <span class='ocrx_word' id='word_1_343' title='bbox 3411 1540 3568 1606; x_wconf 81' lang='lat' dir='ltr'><strong>Quod</strong></span> 
     </span>
    </p>
   </div>
   <div class='ocr_carea' id='block_1_46' title="bbox 1993 1633 3569 1707">
    <p class='ocr_par' dir='ltr' id='par_1_46' title="bbox 1993 1633 3569 1707">
     <span class='ocr_line' id='line_1_46' title="bbox 1993 1633 3569 1707; baseline -0.006 -15"><span class='ocrx_word' id='word_1_344' title='bbox 1993 1638 2137 1692; x_wconf 88' lang='lat' dir='ltr'><strong>idem</strong></span> <span class='ocrx_word' id='word_1_345' title='bbox 2169 1636 2376 1692; x_wconf 84' lang='lat' dir='ltr'><strong>faceret</strong></span> <span class='ocrx_word' id='word_1_346' title='bbox 2405 1637 2495 1707; x_wconf 90' lang='lat' dir='ltr'><strong>qui</strong></span> <span class='ocrx_word' id='word_1_347' title='bbox 2527 1638 2806 1691; x_wconf 85' lang='lat' dir='ltr'><strong>exercitus</strong></span> <span class='ocrx_word' id='word_1_348' title='bbox 2837 1634 3291 1706; x_wconf 83' lang='lat' dir='ltr'><strong>magnitudinem,</strong></span> <span class='ocrx_word' id='word_1_349' title='bbox 3316 1644 3376 1687; x_wconf 94' lang='lat' dir='ltr'><strong>ut</strong></span> <span class='ocrx_word' id='word_1_350' title='bbox 3402 1633 3569 1687; x_wconf 81' lang='lat' dir='ltr'><strong>Achi-</strong></span> 
     </span>
    </p>
   </div>
   <div class='ocr_carea' id='block_1_47' title="bbox 1996 1722 3570 1795">
    <p class='ocr_par' dir='ltr' id='par_1_47' title="bbox 1996 1722 3570 1795">
     <span class='ocr_line' id='line_1_47' title="bbox 1996 1722 3570 1795; baseline -0.004 -15"><span class='ocrx_word' id='word_1_351' title='bbox 1996 1742 2182 1781; x_wconf 86' lang='lat' dir='ltr'><strong>vorum</strong></span> <span class='ocrx_word' id='word_1_352' title='bbox 2209 1737 2400 1781; x_wconf 86' lang='lat' dir='ltr'><strong>contra</strong></span> <span class='ocrx_word' id='word_1_353' title='bbox 2430 1726 2675 1795; x_wconf 75' lang='lat' dir='ltr'><strong>Troiam,</strong></span> <span class='ocrx_word' id='word_1_354' title='bbox 2709 1725 2906 1779; x_wconf 78' lang='lat' dir='ltr'><strong>Xerxis</strong></span> <span class='ocrx_word' id='word_1_355' title='bbox 2956 1732 3147 1779; x_wconf 90' lang='lat' dir='ltr'><strong>contra</strong></span> <span class='ocrx_word' id='word_1_356' title='bbox 3204 1722 3570 1777; x_wconf 78' lang='lat' dir='ltr'><strong>Athenienses</strong></span> 
     </span>
    </p>
   </div>
   <div class='ocr_carea' id='block_1_48' title="bbox 1992 1814 3571 1887">
    <p class='ocr_par' dir='ltr' id='par_1_48' title="bbox 1992 1814 3571 1887">
     <span class='ocr_line' id='line_1_48' title="bbox 1992 1814 3571 1887; baseline -0.005 -14"><span class='ocrx_word' id='word_1_357' title='bbox 1992 1819 2298 1882; x_wconf 87' lang='lat' dir='ltr'><strong>celebrans,</strong></span> <span class='ocrx_word' id='word_1_358' title='bbox 2328 1818 2395 1873; x_wconf 90' lang='lat' dir='ltr'><strong>de</strong></span> <span class='ocrx_word' id='word_1_359' title='bbox 2430 1820 2613 1872; x_wconf 88' lang='lat' dir='ltr'><strong>decem</strong></span> <span class='ocrx_word' id='word_1_360' title='bbox 2650 1827 2744 1870; x_wconf 89' lang='lat' dir='ltr'><strong>aut</strong></span> <span class='ocrx_word' id='word_1_361' title='bbox 2780 1816 2973 1887; x_wconf 80' lang='lat' dir='ltr'><strong>viginti</strong></span> <span class='ocrx_word' id='word_1_362' title='bbox 3033 1815 3276 1868; x_wconf 87' lang='lat' dir='ltr'><strong>millibus</strong></span> <span class='ocrx_word' id='word_1_363' title='bbox 3314 1814 3571 1881; x_wconf 86' lang='lat' dir='ltr'><strong>loquere-</strong></span> 
     </span>
    </p>
   </div>
   <div class='ocr_carea' id='block_1_49' title="bbox 1992 1905 3568 1980">
    <p class='ocr_par' dir='ltr' id='par_1_49' title="bbox 1992 1905 3568 1980">
     <span class='ocr_line' id='line_1_49' title="bbox 1992 1905 3568 1980; baseline -0.006 -16"><span class='ocrx_word' id='word_1_364' title='bbox 1992 1920 2101 1973; x_wconf 90' lang='lat' dir='ltr'><strong>tur.</strong></span> <span class='ocrx_word' id='word_1_365' title='bbox 2152 1912 2397 1980; x_wconf 87' lang='lat' dir='ltr'><strong>equitum</strong></span> <span class='ocrx_word' id='word_1_366' title='bbox 2439 1923 2670 1963; x_wconf 89' lang='lat' dir='ltr'><strong>numero</strong></span> <span class='ocrx_word' id='word_1_367' title='bbox 2699 1908 2906 1973; x_wconf 90' lang='lat' dir='ltr'><strong>addito,</strong></span> <span class='ocrx_word' id='word_1_368' title='bbox 2944 1910 3135 1969; x_wconf 86' lang='lat' dir='ltr'><strong>totius,</strong></span> <span class='ocrx_word' id='word_1_369' title='bbox 3164 1920 3325 1976; x_wconf 89' lang='lat' dir='ltr'><strong>quem</strong></span> <span class='ocrx_word' id='word_1_370' title='bbox 3362 1905 3568 1965; x_wconf 80' lang='lat' dir='ltr'><strong>laudat,</strong></span> 
     </span>
    </p>
   </div>
   <div class='ocr_carea' id='block_1_50' title="bbox 1989 2000 3567 2070">
    <p class='ocr_par' dir='ltr' id='par_1_50' title="bbox 1989 2000 3567 2070">
     <span class='ocr_line' id='line_1_50' title="bbox 1989 2000 3567 2070; baseline -0.006 -14"><span class='ocrx_word' id='word_1_371' title='bbox 1989 2003 2205 2056; x_wconf 89' lang='lat' dir='ltr'><strong>numeri</strong></span> <span class='ocrx_word' id='word_1_372' title='bbox 2244 2012 2453 2070; x_wconf 85' lang='lat' dir='ltr'><strong>partem</strong></span> <span class='ocrx_word' id='word_1_373' title='bbox 2516 2016 2681 2055; x_wconf 87' lang='lat' dir='ltr'><strong>unam</strong></span> <span class='ocrx_word' id='word_1_374' title='bbox 2728 2002 2815 2055; x_wconf 79' lang='lat' dir='ltr'><strong>vix</strong></span> <span class='ocrx_word' id='word_1_375' title='bbox 2866 2000 3138 2069; x_wconf 75' lang='lat' dir='ltr'><strong>attingens</strong></span> <span class='ocrx_word' id='word_1_376' title='bbox 3187 2016 3201 2053; x_wconf 86' lang='lat'><strong>:</strong></span> <span class='ocrx_word' id='word_1_377' title='bbox 3256 2012 3567 2068; x_wconf 89' lang='lat' dir='ltr'><strong>quanquam</strong></span> 
     </span>
    </p>
   </div>
   <div class='ocr_carea' id='block_1_51' title="bbox 1991 2090 3568 2162">
    <p class='ocr_par' dir='ltr' id='par_1_51' title="bbox 1991 2090 3568 2162">
     <span class='ocr_line' id='line_1_51' title="bbox 1991 2090 3568 2162; baseline -0.006 -14"><span class='ocrx_word' id='word_1_378' title='bbox 1991 2102 2163 2162; x_wconf 69' lang='lat' dir='ltr'><strong>poeta:</strong></span> <span class='ocrx_word' id='word_1_379' title='bbox 2185 2094 2374 2149; x_wconf 87' lang='lat' dir='ltr'><strong>urbem</strong></span> <span class='ocrx_word' id='word_1_380' title='bbox 2397 2092 2814 2147; x_wconf 79' lang='lat' dir='ltr'><strong>Atheniensium</strong></span> <span class='ocrx_word' id='word_1_381' title='bbox 2840 2091 3048 2146; x_wconf 77' lang='lat' dir='ltr'><strong>felicem</strong></span> <span class='ocrx_word' id='word_1_382' title='bbox 3068 2098 3254 2159; x_wconf 90' lang='lat' dir='ltr'><strong>utpote</strong></span> <span class='ocrx_word' id='word_1_383' title='bbox 3272 2090 3568 2143; x_wconf 85' lang='lat' dir='ltr'><strong>incolarum</strong></span> 
     </span>
    </p>
   </div>
   <div class='ocr_carea' id='block_1_52' title="bbox 1989 2179 3569 2254">
    <p class='ocr_par' dir='ltr' id='par_1_52' title="bbox 1989 2179 3569 2254">
     <span class='ocr_line' id='line_1_52' title="bbox 1989 2179 3569 2254; baseline -0.006 -13"><span class='ocrx_word' id='word_1_384' title='bbox 1989 2185 2313 2241; x_wconf 78' lang='lat' dir='ltr'><strong>fortitudine</strong></span> <span class='ocrx_word' id='word_1_385' title='bbox 2364 2184 2682 2254; x_wconf 80' lang='lat' dir='ltr'><strong>praeclaram</strong></span> <span class='ocrx_word' id='word_1_386' title='bbox 2727 2183 3004 2253; x_wconf 81' lang='lat' dir='ltr'><strong>appellare</strong></span> <span class='ocrx_word' id='word_1_387' title='bbox 3048 2190 3254 2236; x_wconf 89' lang='lat' dir='ltr'><strong>amant.</strong></span> <span class='ocrx_word' id='word_1_388' title='bbox 3309 2180 3423 2233; x_wconf 90' lang='lat' dir='ltr'><strong>lmo</strong></span> <span class='ocrx_word' id='word_1_389' title='bbox 3478 2179 3569 2233; x_wconf 74' lang='lat' dir='ltr'><strong>illa</strong></span> 
     </span>
    </p>
   </div>
   <div class='ocr_carea' id='block_1_53' title="bbox 1989 2272 3568 2344">
    <p class='ocr_par' dir='ltr' id='par_1_53' title="bbox 1989 2272 3568 2344">
     <span class='ocr_line' id='line_1_53' title="bbox 1989 2272 3568 2344; baseline -0.004 -11"><span class='ocrx_word' id='word_1_390' title='bbox 1989 2278 2123 2334; x_wconf 87' lang='lat' dir='ltr'><strong>urbs</strong></span> <span class='ocrx_word' id='word_1_391' title='bbox 2176 2277 2324 2332; x_wconf 87' lang='lat' dir='ltr'><strong>onmi</strong></span> <span class='ocrx_word' id='word_1_392' title='bbox 2377 2276 2599 2331; x_wconf 80' lang='lat' dir='ltr'><strong>laudum</strong></span> <span class='ocrx_word' id='word_1_393' title='bbox 2654 2289 2855 2344; x_wconf 90' lang='lat' dir='ltr'><strong>genere</strong></span> <span class='ocrx_word' id='word_1_394' title='bbox 2918 2273 3189 2329; x_wconf 90' lang='lat' dir='ltr'><strong>cumulari</strong></span> <span class='ocrx_word' id='word_1_395' title='bbox 3242 2272 3409 2343; x_wconf 84' lang='lat' dir='ltr'><strong>digna</strong></span> <span class='ocrx_word' id='word_1_396' title='bbox 3464 2282 3568 2332; x_wconf 89' lang='lat' dir='ltr'><strong>est.</strong></span> 
     </span>
    </p>
   </div>
   <div class='ocr_carea' id='block_1_54' title="bbox 1988 2363 3573 2437">
    <p class='ocr_par' dir='ltr' id='par_1_54' title="bbox 1988 2363 3573 2437">
     <span class='ocr_line' id='line_1_54' title="bbox 1988 2363 3573 2437; baseline -0.005 -13"><span class='ocrx_word' id='word_1_397' title='bbox 1988 2366 2256 2437; x_wconf 86' lang='lat' dir='ltr'><strong>siquidem</strong></span> <span class='ocrx_word' id='word_1_398' title='bbox 2282 2380 2371 2420; x_wconf 90' lang='lat' dir='ltr'><strong>res</strong></span> <span class='ocrx_word' id='word_1_399' title='bbox 2401 2379 2571 2419; x_wconf 89' lang='lat' dir='ltr'><strong>novas</strong></span> <span class='ocrx_word' id='word_1_400' title='bbox 2596 2378 2795 2434; x_wconf 85' lang='lat' dir='ltr'><strong>easque</strong></span> <span class='ocrx_word' id='word_1_401' title='bbox 2836 2364 3123 2434; x_wconf 87' lang='lat' dir='ltr'><strong>plurimas,</strong></span> <span class='ocrx_word' id='word_1_402' title='bbox 3157 2363 3266 2416; x_wconf 89' lang='lat' dir='ltr'><strong>huc</strong></span> <span class='ocrx_word' id='word_1_403' title='bbox 3317 2372 3573 2432; x_wconf 88' lang='lat' dir='ltr'><strong>apporta-</strong></span> 
     </span>
    </p>
   </div>
   <div class='ocr_carea' id='block_1_55' title="bbox 1986 2453 3571 2525">
    <p class='ocr_par' dir='ltr' id='par_1_55' title="bbox 1986 2453 3571 2525">
     <span class='ocr_line' id='line_1_55' title="bbox 1986 2453 3571 2525; baseline -0.005 -10"><span class='ocrx_word' id='word_1_404' title='bbox 1986 2460 2094 2523; x_wconf 88' lang='lat' dir='ltr'><strong>vit;</strong></span> <span class='ocrx_word' id='word_1_405' title='bbox 2131 2472 2242 2512; x_wconf 92' lang='lat' dir='ltr'><strong>non</strong></span> <span class='ocrx_word' id='word_1_406' title='bbox 2283 2456 2510 2525; x_wconf 89' lang='lat' dir='ltr'><strong>lignum,</strong></span> <span class='ocrx_word' id='word_1_407' title='bbox 2549 2470 2653 2509; x_wconf 90' lang='lat' dir='ltr'><strong>non</strong></span> <span class='ocrx_word' id='word_1_408' title='bbox 2711 2454 2937 2525; x_wconf 82' lang='lat' dir='ltr'><strong>lapides,</strong></span> <span class='ocrx_word' id='word_1_409' title='bbox 2991 2453 3571 2508; x_wconf 87' lang='lat' dir='ltr'><strong>nonarchitectornm</strong></span> 
     </span>
    </p>
   </div>
   <div class='ocr_carea' id='block_1_56' title="bbox 1988 2546 3571 2617">
    <p class='ocr_par' dir='ltr' id='par_1_56' title="bbox 1988 2546 3571 2617">
     <span class='ocr_line' id='line_1_56' title="bbox 1988 2546 3571 2617; baseline -0.002 -14"><span class='ocrx_word' id='word_1_410' title='bbox 1988 2558 2162 2603; x_wconf 88' lang='lat' dir='ltr'><strong>artem</strong></span> <span class='ocrx_word' id='word_1_411' title='bbox 2188 2546 2678 2609; x_wconf 83' lang='lat' dir='ltr'><strong>ornamentariam.</strong></span> <span class='ocrx_word' id='word_1_412' title='bbox 2725 2547 2822 2601; x_wconf 86' lang='lat' dir='ltr'><strong>sed</strong></span> <span class='ocrx_word' id='word_1_413' title='bbox 2875 2546 3025 2601; x_wconf 87' lang='lat' dir='ltr'><strong>viros</strong></span> <span class='ocrx_word' id='word_1_414' title='bbox 3060 2546 3196 2616; x_wconf 90' lang='lat' dir='ltr'><strong>ipsis</strong></span> <span class='ocrx_word' id='word_1_415' title='bbox 3229 2547 3283 2599; x_wconf 91' lang='lat' dir='ltr'><strong>in</strong></span> <span class='ocrx_word' id='word_1_416' title='bbox 3329 2546 3476 2617; x_wconf 64' lang='lat' dir='ltr'><strong>btjlo</strong></span> <span class='ocrx_word' id='word_1_417' title='bbox 3516 2556 3571 2600; x_wconf 87' lang='lat' dir='ltr'><strong>et</strong></span> 
     </span>
    </p>
   </div>
   <div class='ocr_carea' id='block_1_57' title="bbox 1988 2638 3571 2712">
    <p class='ocr_par' dir='ltr' id='par_1_57' title="bbox 1988 2638 3571 2712">
     <span class='ocr_line' id='line_1_57' title="bbox 1988 2638 3571 2712; baseline -0.003 -17"><span class='ocrx_word' id='word_1_418' title='bbox 1988 2640 2186 2712; x_wconf 89' lang='lat' dir='ltr'><strong>pugnis</strong></span> <span class='ocrx_word' id='word_1_419' title='bbox 2216 2638 2498 2696; x_wconf 84' lang='lat' dir='ltr'><strong>salvandis</strong></span> <span class='ocrx_word' id='word_1_420' title='bbox 2529 2638 2763 2693; x_wconf 86' lang='lat' dir='ltr'><strong>idoneos</strong></span> <span class='ocrx_word' id='word_1_421' title='bbox 2800 2648 2859 2693; x_wconf 89' lang='lat' dir='ltr'><strong>et</strong></span> <span class='ocrx_word' id='word_1_422' title='bbox 2902 2638 2992 2706; x_wconf 89' lang='lat' dir='ltr'><strong>qui</strong></span> <span class='ocrx_word' id='word_1_423' title='bbox 3028 2640 3244 2693; x_wconf 79' lang='lat' dir='ltr'><strong>caeteris</strong></span> <span class='ocrx_word' id='word_1_424' title='bbox 3302 2639 3355 2691; x_wconf 87' lang='lat' dir='ltr'><strong>in</strong></span> <span class='ocrx_word' id='word_1_425' title='bbox 3406 2638 3571 2692; x_wconf 86' lang='lat' dir='ltr'><strong>rebus</strong></span> 
     </span>
    </p>
   </div>
   <div class='ocr_carea' id='block_1_58' title="bbox 1989 2729 3572 2801">
    <p class='ocr_par' dir='ltr' id='par_1_58' title="bbox 1989 2729 3572 2801">
     <span class='ocr_line' id='line_1_58' title="bbox 1989 2729 3572 2801; baseline -0.003 -13"><span class='ocrx_word' id='word_1_426' title='bbox 1989 2733 2233 2788; x_wconf 86' lang='lat' dir='ltr'><strong>honestis</strong></span> <span class='ocrx_word' id='word_1_427' title='bbox 2290 2741 2347 2786; x_wconf 92' lang='lat' dir='ltr'><strong>et</strong></span> <span class='ocrx_word' id='word_1_428' title='bbox 2400 2732 2663 2801; x_wconf 70' lang='lat' dir='ltr'><strong>prmclare</strong></span> <span class='ocrx_word' id='word_1_429' title='bbox 2728 2731 2885 2786; x_wconf 86' lang='lat' dir='ltr'><strong>factis</strong></span> <span class='ocrx_word' id='word_1_430' title='bbox 2937 2746 3037 2800; x_wconf 89' lang='lat' dir='ltr'><strong>pro</strong></span> <span class='ocrx_word' id='word_1_431' title='bbox 3081 2729 3404 2799; x_wconf 81' lang='lat' dir='ltr'><strong>exemplari,</strong></span> <span class='ocrx_word' id='word_1_432' title='bbox 3466 2729 3572 2783; x_wconf 83' lang='lat' dir='ltr'><strong>illis</strong></span> 
     </span>
    </p>
   </div>
   <div class='ocr_carea' id='block_1_59' title="bbox 1988 2821 3574 2897">
    <p class='ocr_par' dir='ltr' id='par_1_59' title="bbox 1988 2821 3574 2897">
     <span class='ocr_line' id='line_1_59' title="bbox 1988 2821 3574 2897; baseline -0.004 -18"><span class='ocrx_word' id='word_1_433' title='bbox 1988 2827 2293 2897; x_wconf 71' lang='lat' dir='ltr'><strong>praesertim</strong></span> <span class='ocrx_word' id='word_1_434' title='bbox 2334 2824 2698 2895; x_wconf 88' lang='lat' dir='ltr'><strong>temporibus,</strong></span> <span class='ocrx_word' id='word_1_435' title='bbox 2745 2838 2868 2878; x_wconf 90' lang='lat' dir='ltr'><strong>esse</strong></span> <span class='ocrx_word' id='word_1_436' title='bbox 2916 2834 3162 2893; x_wconf 78' lang='lat' dir='ltr'><strong>possmt.</strong></span> <span class='ocrx_word' id='word_1_437' title='bbox 3218 2821 3332 2876; x_wconf 92' lang='lat' dir='ltr'><strong>lluc</strong></span> <span class='ocrx_word' id='word_1_438' title='bbox 3362 2821 3574 2875; x_wconf 83' lang='lat' dir='ltr'><strong>accedit</strong></span> 
     </span>
    </p>
   </div>
   <div class='ocr_carea' id='block_1_60' title="bbox 1988 2913 3575 2986">
    <p class='ocr_par' dir='ltr' id='par_1_60' title="bbox 1988 2913 3575 2986">
     <span class='ocr_line' id='line_1_60' title="bbox 1988 2913 3575 2986; baseline -0.004 -16"><span class='ocrx_word' id='word_1_439' title='bbox 1988 2917 2136 2986; x_wconf 90' lang='lat' dir='ltr'><strong>quod</strong></span> <span class='ocrx_word' id='word_1_440' title='bbox 2187 2917 2305 2971; x_wconf 70' lang='lat' dir='ltr'><strong>istae</strong></span> <span class='ocrx_word' id='word_1_441' title='bbox 2351 2916 2517 2970; x_wconf 88' lang='lat' dir='ltr'><strong>urbes</strong></span> <span class='ocrx_word' id='word_1_442' title='bbox 2554 2916 2800 2969; x_wconf 89' lang='lat' dir='ltr'><strong>virorum</strong></span> <span class='ocrx_word' id='word_1_443' title='bbox 2848 2913 3159 2968; x_wconf 85' lang='lat' dir='ltr'><strong>divinorum</strong></span> <span class='ocrx_word' id='word_1_444' title='bbox 3216 2921 3485 2980; x_wconf 58' lang='lat' dir='ltr'><strong>praecepta</strong></span> <span class='ocrx_word' id='word_1_445' title='bbox 3521 2923 3575 2963; x_wconf 89' lang='lat' dir='ltr'><strong>et</strong></span> 
     </span>
    </p>
   </div>
   <div class='ocr_carea' id='block_1_61' title="bbox 1989 3001 3569 3076">
    <p class='ocr_par' dir='ltr' id='par_1_61' title="bbox 1989 3001 3569 3076">
     <span class='ocr_line' id='line_1_61' title="bbox 1989 3001 3569 3076; baseline -0.005 -16"><span class='ocrx_word' id='word_1_446' title='bbox 1989 3006 2222 3076; x_wconf 85' lang='lat' dir='ltr'><strong>regulas,</strong></span> <span class='ocrx_word' id='word_1_447' title='bbox 2290 3020 2478 3075; x_wconf 90' lang='lat' dir='ltr'><strong>regum</strong></span> <span class='ocrx_word' id='word_1_448' title='bbox 2548 3005 2764 3073; x_wconf 90' lang='lat' dir='ltr'><strong>piorum</strong></span> <span class='ocrx_word' id='word_1_449' title='bbox 2821 3013 2877 3057; x_wconf 92' lang='lat' dir='ltr'><strong>et</strong></span> <span class='ocrx_word' id='word_1_450' title='bbox 2928 3002 3258 3072; x_wconf 87' lang='lat' dir='ltr'><strong>sapientium</strong></span> <span class='ocrx_word' id='word_1_451' title='bbox 3332 3001 3569 3071; x_wconf 81' lang='lat' dir='ltr'><strong>Lycurgi</strong></span> 
     </span>
    </p>
   </div>
   <div class='ocr_carea' id='block_1_62' title="bbox 322 3090 1893 3189">
    <p class='ocr_par' dir='ltr' id='par_1_62' title="bbox 322 3090 1889 3161">
     <span class='ocr_line' id='line_1_62' title="bbox 322 3090 1889 3161; baseline 0 -18"><span class='ocrx_word' id='word_1_452' title='bbox 322 3091 433 3161; x_wconf 82' lang='grc' dir='ltr'><strong>γὰρ</strong></span> <span class='ocrx_word' id='word_1_453' title='bbox 473 3093 583 3152; x_wconf 80' lang='grc' dir='ltr'>τοῖς</span> <span class='ocrx_word' id='word_1_454' title='bbox 624 3090 837 3153; x_wconf 79' lang='grc' dir='ltr'>πολλοῐς</span> <span class='ocrx_word' id='word_1_455' title='bbox 878 3090 1094 3143; x_wconf 79' lang='grc' dir='ltr'>δοκοῦσι</span> <span class='ocrx_word' id='word_1_456' title='bbox 1136 3091 1244 3143; x_wconf 86' lang='grc' dir='ltr'><strong>τῶν</strong></span> <span class='ocrx_word' id='word_1_457' title='bbox 1287 3091 1504 3144; x_wconf 87' lang='grc' dir='ltr'>πάντων</span> <span class='ocrx_word' id='word_1_458' title='bbox 1545 3090 1730 3143; x_wconf 88' lang='grc' dir='ltr'>καινόν</span> <span class='ocrx_word' id='word_1_459' title='bbox 1768 3104 1889 3143; x_wconf 82' lang='grc' dir='ltr'>τινα</span> 
     </span>
    </p>
   </div>
   <div class='ocr_carea' id='block_1_63' title="bbox 1997 3090 3572 3189">
    <p class='ocr_par' dir='ltr' id='par_1_63' title="bbox 1997 3092 3572 3166">
     <span class='ocr_line' id='line_1_63' title="bbox 1997 3092 3572 3166; baseline -0.006 -14"><span class='ocrx_word' id='word_1_460' title='bbox 1997 3113 2057 3152; x_wconf 83' lang='lat' dir='ltr'><strong>ac</strong></span> <span class='ocrx_word' id='word_1_461' title='bbox 2113 3096 2335 3152; x_wconf 88' lang='lat' dir='ltr'><strong>Solonis</strong></span> <span class='ocrx_word' id='word_1_462' title='bbox 2403 3104 2459 3150; x_wconf 85' lang='lat' dir='ltr'><strong>et</strong></span> <span class='ocrx_word' id='word_1_463' title='bbox 2508 3095 2886 3166; x_wconf 84' lang='lat' dir='ltr'><strong>cujuscunque</strong></span> <span class='ocrx_word' id='word_1_464' title='bbox 2955 3093 3285 3164; x_wconf 73' lang='lat' dir='ltr'><strong>legislatoris</strong></span> <span class='ocrx_word' id='word_1_465' title='bbox 3358 3092 3572 3161; x_wconf 88' lang='lat' dir='ltr'><strong>imperii</strong></span> 
     </span>
    </p>
   </div>
   <div class='ocr_carea' id='block_1_64' title="bbox 322 3178 1893 3256">
    <p class='ocr_par' dir='ltr' id='par_1_64' title="bbox 322 3182 1890 3254">
     <span class='ocr_line' id='line_1_64' title="bbox 322 3182 1890 3254; baseline -0.001 -20"><span class='ocrx_word' id='word_1_466' title='bbox 322 3184 523 3251; x_wconf 82' lang='grc' dir='ltr'>τρόπον</span> <span class='ocrx_word' id='word_1_467' title='bbox 553 3183 773 3246; x_wconf 86' lang='grc' dir='ltr'>ταύταις</span> <span class='ocrx_word' id='word_1_468' title='bbox 806 3186 922 3246; x_wconf 85' lang='grc' dir='ltr'>ταῖς</span> <span class='ocrx_word' id='word_1_469' title='bbox 955 3183 1145 3253; x_wconf 67' lang='grc' dir='ltr'>ὄχθαις</span> <span class='ocrx_word' id='word_1_470' title='bbox 1176 3183 1458 3254; x_wconf 77' lang='grc' dir='ltr'>ὁρίζεσθαι</span> <span class='ocrx_word' id='word_1_471' title='bbox 1486 3198 1501 3213; x_wconf 86' lang='grc'><strong>·</strong></span> <span class='ocrx_word' id='word_1_472' title='bbox 1534 3183 1594 3235; x_wconf 82' lang='grc' dir='ltr'>οὐ</span> <span class='ocrx_word' id='word_1_473' title='bbox 1632 3182 1765 3248; x_wconf 78' lang='grc' dir='ltr'>ξύλα</span> <span class='ocrx_word' id='word_1_474' title='bbox 1797 3182 1890 3234; x_wconf 70' lang='grc' dir='ltr'>καὶ</span> 
     </span>
    </p>
   </div>
   <div class='ocr_carea' id='block_1_65' title="bbox 1997 3178 3576 3256">
    <p class='ocr_par' dir='ltr' id='par_1_65' title="bbox 1997 3178 3576 3256">
     <span class='ocr_line' id='line_1_65' title="bbox 1997 3178 3576 3256; baseline -0.005 -16"><span class='ocrx_word' id='word_1_475' title='bbox 1997 3197 2089 3241; x_wconf 89' lang='lat' dir='ltr'><strong>aut</strong></span> <span class='ocrx_word' id='word_1_476' title='bbox 2139 3186 2551 3256; x_wconf 85' lang='lat' dir='ltr'><strong>provinciarum</strong></span> <span class='ocrx_word' id='word_1_477' title='bbox 2611 3185 2760 3254; x_wconf 92' lang='lat' dir='ltr'><strong>leges</strong></span> <span class='ocrx_word' id='word_1_478' title='bbox 2816 3183 3007 3236; x_wconf 81' lang='lat' dir='ltr'><strong>stricte</strong></span> <span class='ocrx_word' id='word_1_479' title='bbox 3074 3183 3389 3237; x_wconf 81' lang='lat' dir='ltr'><strong>observant.</strong></span> <span class='ocrx_word' id='word_1_480' title='bbox 3445 3178 3576 3234; x_wconf 87' lang='lat' dir='ltr'><strong>lude</strong></span> 
     </span>
    </p>
   </div>
   <div class='ocr_carea' id='block_1_66' title="bbox 322 3266 1891 3345">
    <p class='ocr_par' dir='ltr' id='par_1_66' title="bbox 322 3266 1891 3345">
     <span class='ocr_line' id='line_1_66' title="bbox 322 3266 1891 3345; baseline -0.002 -17"><span class='ocrx_word' id='word_1_481' title='bbox 322 3274 503 3338; x_wconf 88' lang='grc' dir='ltr'>λίθους</span> <span class='ocrx_word' id='word_1_482' title='bbox 534 3277 625 3329; x_wconf 76' lang='grc' dir='ltr'>καὶ</span> <span class='ocrx_word' id='word_1_483' title='bbox 651 3276 843 3345; x_wconf 82' lang='grc' dir='ltr'>τέχνην</span> <span class='ocrx_word' id='word_1_484' title='bbox 869 3276 1138 3329; x_wconf 85' lang='grc' dir='ltr'>τεκτόνων</span> <span class='ocrx_word' id='word_1_485' title='bbox 1170 3275 1261 3327; x_wconf 77' lang='grc' dir='ltr'>καὶ</span> <span class='ocrx_word' id='word_1_486' title='bbox 1287 3275 1381 3327; x_wconf 86' lang='grc' dir='ltr'>τὸν</span> <span class='ocrx_word' id='word_1_487' title='bbox 1409 3266 1519 3326; x_wconf 87' lang='grc' dir='ltr'><strong>τῶν</strong></span> <span class='ocrx_word' id='word_1_488' title='bbox 1550 3273 1775 3342; x_wconf 79' lang='grc' dir='ltr'>ἀψύχων</span> <span class='ocrx_word' id='word_1_489' title='bbox 1802 3273 1891 3325; x_wconf 78' lang='grc' dir='ltr'>κό-</span> 
     </span>
    </p>
   </div>
   <div class='ocr_carea' id='block_1_67' title="bbox 326 3364 1893 3438">
    <p class='ocr_par' dir='ltr' id='par_1_67' title="bbox 326 3364 1893 3438">
     <span class='ocr_line' id='line_1_67' title="bbox 326 3364 1893 3438; baseline -0.003 -18"><span class='ocrx_word' id='word_1_490' title='bbox 326 3384 482 3438; x_wconf 87' lang='grc' dir='ltr'>σμων</span> <span class='ocrx_word' id='word_1_491' title='bbox 508 3384 521 3397; x_wconf 88' lang='grc'><strong>·</strong></span> <span class='ocrx_word' id='word_1_492' title='bbox 566 3368 679 3420; x_wconf 82' lang='grc' dir='ltr'>ἀλλ’</span> <span class='ocrx_word' id='word_1_493' title='bbox 705 3368 904 3436; x_wconf 76' lang='grc' dir='ltr'>ἄνδρας</span> <span class='ocrx_word' id='word_1_494' title='bbox 948 3368 1158 3429; x_wconf 82' lang='grc' dir='ltr'>εἰδότας</span> <span class='ocrx_word' id='word_1_495' title='bbox 1206 3368 1307 3437; x_wconf 72' lang='grc' dir='ltr'>μὲν</span> <span class='ocrx_word' id='word_1_496' title='bbox 1352 3364 1548 3429; x_wconf 87' lang='grc' dir='ltr'>σώζειν</span> <span class='ocrx_word' id='word_1_497' title='bbox 1590 3366 1786 3428; x_wconf 75' lang='grc' dir='ltr'>αὐτοὺς</span> <span class='ocrx_word' id='word_1_498' title='bbox 1835 3364 1893 3416; x_wconf 80' lang='grc' dir='ltr'>ὲν</span> 
     </span>
    </p>
   </div>
   <div class='ocr_carea' id='block_1_68' title="bbox 326 3450 1894 3530">
    <p class='ocr_par' dir='ltr' id='par_1_68' title="bbox 326 3450 1894 3530">
     <span class='ocr_line' id='line_1_68' title="bbox 326 3450 1894 3530; baseline -0.004 -17"><span class='ocrx_word' id='word_1_499' title='bbox 326 3460 582 3529; x_wconf 82' lang='grc' dir='ltr'>πολέμοις</span> <span class='ocrx_word' id='word_1_500' title='bbox 614 3450 708 3513; x_wconf 76' lang='grc' dir='ltr'><strong>καὶ</strong></span> <span class='ocrx_word' id='word_1_501' title='bbox 743 3461 943 3530; x_wconf 83' lang='grc' dir='ltr'>μάχαις</span> <span class='ocrx_word' id='word_1_502' title='bbox 968 3476 983 3490; x_wconf 71' lang='grc'><strong><em>⁸</em></strong></span> <span class='ocrx_word' id='word_1_503' title='bbox 1018 3459 1225 3520; x_wconf 75' lang='grc' dir='ltr'>εἰδότας</span> <span class='ocrx_word' id='word_1_504' title='bbox 1256 3458 1311 3511; x_wconf 78' lang='grc' dir='ltr'>δὲ</span> <span class='ocrx_word' id='word_1_505' title='bbox 1344 3458 1701 3526; x_wconf 85' lang='grc' dir='ltr'>παράδειγμα</span> <span class='ocrx_word' id='word_1_506' title='bbox 1733 3454 1894 3507; x_wconf 68' lang='grc' dir='ltr'>καθει-</span> 
     </span>
    </p>
   </div>
   <div class='ocr_carea' id='block_1_69' title="bbox 324 3542 1896 3616">
    <p class='ocr_par' dir='ltr' id='par_1_69' title="bbox 324 3542 1896 3616">
     <span class='ocr_line' id='line_1_69' title="bbox 324 3542 1896 3616; baseline -0.006 -12"><span class='ocrx_word' id='word_1_507' title='bbox 324 3551 518 3605; x_wconf 87' lang='grc' dir='ltr'>στάναι</span> <span class='ocrx_word' id='word_1_508' title='bbox 548 3553 658 3611; x_wconf 79' lang='grc' dir='ltr'>τοῖς</span> <span class='ocrx_word' id='word_1_509' title='bbox 689 3548 869 3612; x_wconf 78' lang='grc' dir='ltr'>ἀλλοις</span> <span class='ocrx_word' id='word_1_510' title='bbox 899 3548 1008 3601; x_wconf 88' lang='grc' dir='ltr'><strong>τῶν</strong></span> <span class='ocrx_word' id='word_1_511' title='bbox 1038 3546 1333 3616; x_wconf 79' lang='grc' dir='ltr'>βελτίστων</span> <span class='ocrx_word' id='word_1_512' title='bbox 1354 3586 1370 3610; x_wconf 93' lang='grc'><strong>,</strong></span> <span class='ocrx_word' id='word_1_513' title='bbox 1402 3548 1459 3599; x_wconf 72' lang='grc' dir='ltr'>ὲν</span> <span class='ocrx_word' id='word_1_514' title='bbox 1489 3548 1603 3609; x_wconf 75' lang='grc' dir='ltr'>τοῖς</span> <span class='ocrx_word' id='word_1_515' title='bbox 1632 3542 1896 3606; x_wconf 88' lang='grc' dir='ltr'>τοιούτοις</span> 
     </span>
    </p>
   </div>
   <div class='ocr_carea' id='block_1_70' title="bbox 324 3639 1894 3717">
    <p class='ocr_par' dir='ltr' id='par_1_70' title="bbox 324 3639 1894 3717">
     <span class='ocr_line' id='line_1_70' title="bbox 324 3639 1894 3717; baseline -0.004 -19"><span class='ocrx_word' id='word_1_516' title='bbox 324 3647 534 3717; x_wconf 75' lang='grc' dir='ltr'>καιροῖς</span> <span class='ocrx_word' id='word_1_517' title='bbox 559 3645 652 3698; x_wconf 76' lang='grc' dir='ltr'>καὶ</span> <span class='ocrx_word' id='word_1_518' title='bbox 681 3646 989 3715; x_wconf 77' lang='grc' dir='ltr'>πράγμασι.</span> <span class='ocrx_word' id='word_1_519' title='bbox 1022 3642 1166 3711; x_wconf 80' lang='grc' dir='ltr'>Πρὸς</span> <span class='ocrx_word' id='word_1_520' title='bbox 1189 3642 1245 3695; x_wconf 78' lang='grc' dir='ltr'>δὲ</span> <span class='ocrx_word' id='word_1_521' title='bbox 1268 3640 1480 3705; x_wconf 88' lang='grc' dir='ltr'>τούτοις</span> <span class='ocrx_word' id='word_1_522' title='bbox 1507 3642 1604 3695; x_wconf 75' lang='grc' dir='ltr'>καὶ</span> <span class='ocrx_word' id='word_1_523' title='bbox 1630 3642 1736 3707; x_wconf 80' lang='grc' dir='ltr'>πρὸ</span> <span class='ocrx_word' id='word_1_524' title='bbox 1762 3639 1894 3693; x_wconf 81' lang='grc' dir='ltr'>πάν-</span> 
     </span>
    </p>
   </div>
   <div class='ocr_carea' id='block_1_71' title="bbox 322 3732 1895 3809">
    <p class='ocr_par' dir='ltr' id='par_1_71' title="bbox 322 3732 1895 3809">
     <span class='ocr_line' id='line_1_71' title="bbox 322 3732 1895 3809; baseline -0.006 -16"><span class='ocrx_word' id='word_1_525' title='bbox 322 3758 450 3805; x_wconf 86' lang='grc' dir='ltr'>των,</span> <span class='ocrx_word' id='word_1_526' title='bbox 486 3740 753 3809; x_wconf 84' lang='grc' dir='ltr'>τηροῦσαι</span> <span class='ocrx_word' id='word_1_527' title='bbox 788 3738 1062 3805; x_wconf 82' lang='grc' dir='ltr'>φαίνονται</span> <span class='ocrx_word' id='word_1_528' title='bbox 1100 3732 1258 3791; x_wconf 74' lang='grc' dir='ltr'>αὗται</span> <span class='ocrx_word' id='word_1_529' title='bbox 1290 3738 1346 3789; x_wconf 87' lang='grc' dir='ltr'><strong>αί</strong></span> <span class='ocrx_word' id='word_1_530' title='bbox 1379 3735 1560 3797; x_wconf 84' lang='grc' dir='ltr'>πόλεις</span> <span class='ocrx_word' id='word_1_531' title='bbox 1594 3735 1690 3788; x_wconf 72' lang='grc' dir='ltr'>καὶ</span> <span class='ocrx_word' id='word_1_532' title='bbox 1725 3732 1895 3786; x_wconf 85' lang='grc' dir='ltr'>θείων</span> 
     </span>
    </p>
   </div>
   <div class='ocr_carea' id='block_1_72' title="bbox 323 3824 1897 3900">
    <p class='ocr_par' dir='ltr' id='par_1_72' title="bbox 323 3824 1897 3900">
     <span class='ocr_line' id='line_1_72' title="bbox 323 3824 1897 3900; baseline -0.008 -12"><span class='ocrx_word' id='word_1_533' title='bbox 323 3834 534 3900; x_wconf 81' lang='grc' dir='ltr'>ἀνδρῶν</span> <span class='ocrx_word' id='word_1_534' title='bbox 559 3832 789 3893; x_wconf 83' lang='grc' dir='ltr'>κανόνας</span> <span class='ocrx_word' id='word_1_535' title='bbox 820 3831 913 3882; x_wconf 75' lang='grc' dir='ltr'>καὶ</span> <span class='ocrx_word' id='word_1_536' title='bbox 941 3830 1193 3898; x_wconf 86' lang='grc' dir='ltr'>δόγματα</span> <span class='ocrx_word' id='word_1_537' title='bbox 1217 3844 1233 3860; x_wconf 74' lang='grc' dir='ltr'><strong>ο</strong></span> <span class='ocrx_word' id='word_1_538' title='bbox 1262 3827 1341 3880; x_wconf 74' lang='grc' dir='ltr'>ἔτι</span> <span class='ocrx_word' id='word_1_539' title='bbox 1367 3826 1425 3880; x_wconf 73' lang='grc' dir='ltr'>δὲ</span> <span class='ocrx_word' id='word_1_540' title='bbox 1457 3825 1717 3896; x_wconf 85' lang='grc' dir='ltr'>βασιλέων</span> <span class='ocrx_word' id='word_1_541' title='bbox 1745 3824 1897 3876; x_wconf 80' lang='grc' dir='ltr'>εὐσε-</span> 
     </span>
    </p>
   </div>
   <div class='ocr_carea' id='block_1_73' title="bbox 323 3914 1898 3993">
    <p class='ocr_par' dir='ltr' id='par_1_73' title="bbox 323 3914 1898 3993">
     <span class='ocr_line' id='line_1_73' title="bbox 323 3914 1898 3993; baseline -0.007 -16"><span class='ocrx_word' id='word_1_542' title='bbox 323 3926 435 3978; x_wconf 74' lang='grc' dir='ltr'>ϐῶν</span> <span class='ocrx_word' id='word_1_543' title='bbox 468 3926 664 3993; x_wconf 82' lang='grc' dir='ltr'>νόμους</span> <span class='ocrx_word' id='word_1_544' title='bbox 684 3962 700 3985; x_wconf 84' lang='grc'><strong>,</strong></span> <span class='ocrx_word' id='word_1_545' title='bbox 735 3923 830 3975; x_wconf 67' lang='grc' dir='ltr'>καὶ</span> <span class='ocrx_word' id='word_1_546' title='bbox 867 3922 1045 3988; x_wconf 87' lang='grc' dir='ltr'>σοφῶν</span> <span class='ocrx_word' id='word_1_547' title='bbox 1078 3918 1285 3989; x_wconf 85' lang='grc' dir='ltr'>ἀνδρῶν</span> <span class='ocrx_word' id='word_1_548' title='bbox 1318 3917 1637 3987; x_wconf 89' lang='grc' dir='ltr'>Λυκούργου</span> <span class='ocrx_word' id='word_1_549' title='bbox 1672 3915 1768 3968; x_wconf 77' lang='grc' dir='ltr'>καὶ</span> <span class='ocrx_word' id='word_1_550' title='bbox 1800 3914 1898 3966; x_wconf 88' lang='grc' dir='ltr'><strong>Σό-</strong></span> 
     </span>
    </p>
   </div>
   <div class='ocr_carea' id='block_1_74' title="bbox 324 4002 1898 4081">
    <p class='ocr_par' dir='ltr' id='par_1_74' title="bbox 324 4002 1898 4081">
     <span class='ocr_line' id='line_1_74' title="bbox 324 4002 1898 4081; baseline -0.006 -12"><span class='ocrx_word' id='word_1_551' title='bbox 324 4018 516 4078; x_wconf 74' lang='grc' dir='ltr'>λωνος,</span> <span class='ocrx_word' id='word_1_552' title='bbox 544 4016 639 4068; x_wconf 71' lang='grc' dir='ltr'>καὶ</span> <span class='ocrx_word' id='word_1_553' title='bbox 667 4016 865 4075; x_wconf 83' lang='grc' dir='ltr'>παντὸς</span> <span class='ocrx_word' id='word_1_554' title='bbox 894 4012 1056 4067; x_wconf 81' lang='grc' dir='ltr'>ἀλλου</span> <span class='ocrx_word' id='word_1_555' title='bbox 1088 4009 1377 4081; x_wconf 83' lang='grc' dir='ltr'>νομοθέτου</span> <span class='ocrx_word' id='word_1_556' title='bbox 1407 4007 1539 4077; x_wconf 84' lang='grc' dir='ltr'>παρ’</span> <span class='ocrx_word' id='word_1_557' title='bbox 1562 4002 1645 4069; x_wconf 74' lang='grc' dir='ltr'><strong>οἷς</strong></span> <span class='ocrx_word' id='word_1_558' title='bbox 1674 4006 1898 4073; x_wconf 88' lang='grc' dir='ltr'>γεγόνα-</span> 
     </span>
    </p>
   </div>
   <div class='ocr_carea' id='block_1_75' title="bbox 326 4096 1899 4176">
    <p class='ocr_par' dir='ltr' id='par_1_75' title="bbox 326 4096 1899 4176">
     <span class='ocr_line' id='line_1_75' title="bbox 326 4096 1899 4176; baseline -0.01 -13"><span class='ocrx_word' id='word_1_559' title='bbox 326 4128 414 4163; x_wconf 89' lang='grc' dir='ltr'><strong>σιν</strong></span> <span class='ocrx_word' id='word_1_560' title='bbox 439 4110 669 4176; x_wconf 82' lang='grc' dir='ltr'>διάφορα</span> <span class='ocrx_word' id='word_1_561' title='bbox 689 4148 705 4173; x_wconf 89' lang='grc'><strong>,</strong></span> <span class='ocrx_word' id='word_1_562' title='bbox 734 4106 803 4160; x_wconf 82' lang='grc' dir='ltr'><strong>τά</strong></span> <span class='ocrx_word' id='word_1_563' title='bbox 848 4122 907 4158; x_wconf 89' lang='grc' dir='ltr'><strong>τε</strong></span> <span class='ocrx_word' id='word_1_564' title='bbox 937 4102 1218 4173; x_wconf 84' lang='grc' dir='ltr'>Ῥωμαῖκά</span> <span class='ocrx_word' id='word_1_565' title='bbox 1246 4101 1341 4155; x_wconf 63' lang='grc' dir='ltr'><strong>καὶ⁵</strong></span> <span class='ocrx_word' id='word_1_566' title='bbox 1372 4099 1646 4169; x_wconf 73' lang='grc' dir='ltr'>ίπαρχικά</span> <span class='ocrx_word' id='word_1_567' title='bbox 1665 4114 1680 4129; x_wconf 90' lang='grc'><strong>·</strong></span> <span class='ocrx_word' id='word_1_568' title='bbox 1708 4098 1800 4150; x_wconf 72' lang='grc' dir='ltr'>καὶ</span> <span class='ocrx_word' id='word_1_569' title='bbox 1831 4096 1899 4149; x_wconf 76' lang='grc' dir='ltr'><strong>τὰ</strong></span> 
     </span>
    </p>
   </div>
   <div class='ocr_carea' id='block_1_76' title="bbox 324 4178 1900 4266">
    <p class='ocr_par' dir='ltr' id='par_1_76' title="bbox 324 4178 1900 4266">
     <span class='ocr_line' id='line_1_76' title="bbox 324 4178 1900 4266; baseline -0.01 -13"><span class='ocrx_word' id='word_1_570' title='bbox 324 4200 590 4254; x_wconf 77' lang='grc' dir='ltr'>κάλλιστα</span> <span class='ocrx_word' id='word_1_571' title='bbox 633 4198 742 4250; x_wconf 88' lang='grc' dir='ltr'><strong>τῶν</strong></span> <span class='ocrx_word' id='word_1_572' title='bbox 786 4193 1114 4266; x_wconf 86' lang='grc' dir='ltr'>προχείρων,</span> <span class='ocrx_word' id='word_1_573' title='bbox 1163 4192 1378 4261; x_wconf 81' lang='grc' dir='ltr'>ξυνάμα</span> <span class='ocrx_word' id='word_1_574' title='bbox 1420 4191 1541 4252; x_wconf 78' lang='grc' dir='ltr'>ταῖς</span> <span class='ocrx_word' id='word_1_575' title='bbox 1583 4178 1900 4258; x_wconf 81' lang='grc' dir='ltr'>’βασιλικαῖς</span> 
     </span>
    </p>
   </div>
   <div class='ocr_carea' id='block_1_77' title="bbox 326 4279 1897 4360">
    <p class='ocr_par' dir='ltr' id='par_1_77' title="bbox 326 4279 1897 4360">
     <span class='ocr_line' id='line_1_77' title="bbox 326 4279 1897 4360; baseline -0.011 -13"><span class='ocrx_word' id='word_1_576' title='bbox 326 4294 548 4360; x_wconf 85' lang='grc' dir='ltr'>νεαραῖς</span> <span class='ocrx_word' id='word_1_577' title='bbox 582 4290 857 4343; x_wconf 84' lang='grc' dir='ltr'>πολιτείαν</span> <span class='ocrx_word' id='word_1_578' title='bbox 890 4290 988 4355; x_wconf 71' lang='grc' dir='ltr'>μὲν</span> <span class='ocrx_word' id='word_1_579' title='bbox 1017 4284 1317 4354; x_wconf 81' lang='grc' dir='ltr'>ἀξιόχρεων</span> <span class='ocrx_word' id='word_1_580' title='bbox 1343 4282 1421 4351; x_wconf 83' lang='grc' dir='ltr'>τῷ</span> <span class='ocrx_word' id='word_1_581' title='bbox 1452 4282 1601 4350; x_wconf 87' lang='grc' dir='ltr'>νόμῳ</span> <span class='ocrx_word' id='word_1_582' title='bbox 1633 4279 1897 4349; x_wconf 83' lang='grc' dir='ltr'>σχοῦσαι,</span> 
     </span>
    </p>
   </div>
   <div class='ocr_carea' id='block_1_78' title="bbox 326 4371 1897 4454">
    <p class='ocr_par' dir='ltr' id='par_1_78' title="bbox 326 4371 1897 4454">
     <span class='ocr_line' id='line_1_78' title="bbox 326 4371 1897 4454; baseline -0.011 -17"><span class='ocrx_word' id='word_1_583' title='bbox 326 4384 631 4454; x_wconf 78' lang='grc' dir='ltr'>ἀξιόχρεων</span> <span class='ocrx_word' id='word_1_584' title='bbox 666 4379 852 4450; x_wconf 84' lang='grc' dir='ltr'>σχεδὸν</span> <span class='ocrx_word' id='word_1_585' title='bbox 885 4378 942 4431; x_wconf 72' lang='grc' dir='ltr'>δὲ</span> <span class='ocrx_word' id='word_1_586' title='bbox 980 4376 1078 4431; x_wconf 81' lang='grc' dir='ltr'>καὶ</span> <span class='ocrx_word' id='word_1_587' title='bbox 1117 4373 1484 4444; x_wconf 83' lang='grc' dir='ltr'>δικαστηρίων</span> <span class='ocrx_word' id='word_1_588' title='bbox 1517 4371 1696 4425; x_wconf 81' lang='grc' dir='ltr'>αὐτῶν</span> <span class='ocrx_word' id='word_1_589' title='bbox 1733 4387 1897 4421; x_wconf 81' lang='grc' dir='ltr'>σπου-</span> 
     </span>
    </p>
   </div>
   <div class='ocr_carea' id='block_1_79' title="bbox 1995 3274 3576 3344">
    <p class='ocr_par' dir='ltr' id='par_1_79' title="bbox 1995 3274 3576 3344">
     <span class='ocr_line' id='line_1_79' title="bbox 1995 3274 3576 3344; baseline -0.003 -12"><span class='ocrx_word' id='word_1_590' title='bbox 1995 3280 2141 3332; x_wconf 89' lang='lat' dir='ltr'><strong>enim</strong></span> <span class='ocrx_word' id='word_1_591' title='bbox 2170 3280 2316 3332; x_wconf 86' lang='lat' dir='ltr'><strong>sicut</strong></span> <span class='ocrx_word' id='word_1_592' title='bbox 2343 3292 2408 3332; x_wconf 85' lang='lat' dir='ltr'><strong>ex</strong></span> <span class='ocrx_word' id='word_1_593' title='bbox 2442 3275 2809 3344; x_wconf 86' lang='lat' dir='ltr'><strong>imperatoriis</strong></span> <span class='ocrx_word' id='word_1_594' title='bbox 2838 3274 3068 3328; x_wconf 86' lang='lat' dir='ltr'><strong>novellis</strong></span> <span class='ocrx_word' id='word_1_595' title='bbox 3103 3275 3308 3342; x_wconf 88' lang='lat' dir='ltr'><strong>optima</strong></span> <span class='ocrx_word' id='word_1_596' title='bbox 3344 3289 3576 3343; x_wconf 77' lang='lat' dir='ltr'><strong>quaeque</strong></span> 
     </span>
    </p>
   </div>
   <div class='ocr_carea' id='block_1_80' title="bbox 1996 3364 3574 3438">
    <p class='ocr_par' dir='ltr' id='par_1_80' title="bbox 1996 3364 3574 3438">
     <span class='ocr_line' id='line_1_80' title="bbox 1996 3364 3574 3438; baseline -0.005 -15"><span class='ocrx_word' id='word_1_597' title='bbox 1996 3378 2255 3438; x_wconf 82' lang='lat' dir='ltr'><strong>excerpta</strong></span> <span class='ocrx_word' id='word_1_598' title='bbox 2284 3368 2341 3421; x_wconf 90' lang='lat' dir='ltr'><strong>in</strong></span> <span class='ocrx_word' id='word_1_599' title='bbox 2376 3366 2860 3421; x_wconf 88' lang='lat' dir='ltr'><strong>administratione</strong></span> <span class='ocrx_word' id='word_1_600' title='bbox 2907 3380 2971 3420; x_wconf 89' lang='lat' dir='ltr'><strong>ac</strong></span> <span class='ocrx_word' id='word_1_601' title='bbox 3024 3364 3413 3433; x_wconf 82' lang='lat' dir='ltr'><strong>jurisdictione</strong></span> <span class='ocrx_word' id='word_1_602' title='bbox 3457 3365 3574 3417; x_wconf 88' lang='lat' dir='ltr'><strong>ubi-</strong></span> 
     </span>
    </p>
   </div>
   <div class='ocr_carea' id='block_1_81' title="bbox 1995 3457 3577 3535">
    <p class='ocr_par' dir='ltr' id='par_1_81' title="bbox 1995 3457 3577 3535">
     <span class='ocr_line' id='line_1_81' title="bbox 1995 3457 3577 3535; baseline -0.005 -18"><span class='ocrx_word' id='word_1_603' title='bbox 1995 3478 2102 3535; x_wconf 88' lang='lat' dir='ltr'><strong>que</strong></span> <span class='ocrx_word' id='word_1_604' title='bbox 2128 3461 2483 3526; x_wconf 84' lang='lat' dir='ltr'><strong>adhibebant,</strong></span> <span class='ocrx_word' id='word_1_605' title='bbox 2529 3472 2747 3516; x_wconf 75' lang='lat' dir='ltr'><strong>etramsr</strong></span> <span class='ocrx_word' id='word_1_606' title='bbox 2800 3474 2910 3513; x_wconf 91' lang='lat' dir='ltr'><strong>non</strong></span> <span class='ocrx_word' id='word_1_607' title='bbox 2989 3459 3154 3513; x_wconf 90' lang='lat' dir='ltr'><strong>rebus</strong></span> <span class='ocrx_word' id='word_1_608' title='bbox 3203 3457 3404 3525; x_wconf 90' lang='lat' dir='ltr'><strong>ubique</strong></span> <span class='ocrx_word' id='word_1_609' title='bbox 3452 3471 3577 3525; x_wconf 84' lang='lat' dir='ltr'><strong>pro-</strong></span> 
     </span>
    </p>
   </div>
   <div class='ocr_carea' id='block_1_82' title="bbox 1996 3547 3574 3626">
    <p class='ocr_par' dir='ltr' id='par_1_82' title="bbox 1996 3547 3574 3626">
     <span class='ocr_line' id='line_1_82' title="bbox 1996 3547 3574 3626; baseline -0.008 -15"><span class='ocrx_word' id='word_1_610' title='bbox 1996 3554 2173 3626; x_wconf 78' lang='lat' dir='ltr'><strong>speris</strong></span> <span class='ocrx_word' id='word_1_611' title='bbox 2200 3563 2307 3609; x_wconf 87' lang='lat' dir='ltr'><strong>ete</strong></span> <span class='ocrx_word' id='word_1_612' title='bbox 2332 3551 2606 3608; x_wconf 85' lang='lat' dir='ltr'><strong>sententia</strong></span> <span class='ocrx_word' id='word_1_613' title='bbox 2635 3550 2935 3606; x_wconf 85' lang='lat' dir='ltr'><strong>ﬂuentibus</strong></span> <span class='ocrx_word' id='word_1_614' title='bbox 2967 3558 3274 3603; x_wconf 90' lang='lat' dir='ltr'><strong>uterentur.</strong></span> <span class='ocrx_word' id='word_1_615' title='bbox 3319 3547 3387 3600; x_wconf 83' lang='lat' dir='ltr'><strong>Et</strong></span> <span class='ocrx_word' id='word_1_616' title='bbox 3419 3556 3574 3616; x_wconf 82' lang='lat' dir='ltr'><strong>pater</strong></span> 
     </span>
    </p>
   </div>
   <div class='ocr_carea' id='block_1_83' title="bbox 1995 3638 3575 3717">
    <p class='ocr_par' dir='ltr' id='par_1_83' title="bbox 1995 3638 3575 3717">
     <span class='ocr_line' id='line_1_83' title="bbox 1995 3638 3575 3717; baseline -0.008 -16"><span class='ocrx_word' id='word_1_617' title='bbox 1995 3646 2216 3717; x_wconf 89' lang='lat' dir='ltr'><strong>quidem</strong></span> <span class='ocrx_word' id='word_1_618' title='bbox 2277 3643 2483 3715; x_wconf 87' lang='lat' dir='ltr'><strong>egregii</strong></span> <span class='ocrx_word' id='word_1_619' title='bbox 2541 3657 2604 3697; x_wconf 90' lang='lat' dir='ltr'><strong>ac</strong></span> <span class='ocrx_word' id='word_1_620' title='bbox 2678 3640 3010 3696; x_wconf 88' lang='lat' dir='ltr'><strong>nobilissimi</strong></span> <span class='ocrx_word' id='word_1_621' title='bbox 3076 3638 3401 3711; x_wconf 84' lang='lat' dir='ltr'><strong>Agathonici</strong></span> <span class='ocrx_word' id='word_1_622' title='bbox 3473 3638 3575 3692; x_wconf 85' lang='lat' dir='ltr'><strong>fuit</strong></span> 
     </span>
    </p>
   </div>
   <div class='ocr_carea' id='block_1_84' title="bbox 1997 3728 3575 3807">
    <p class='ocr_par' dir='ltr' id='par_1_84' title="bbox 1997 3728 3575 3807">
     <span class='ocr_line' id='line_1_84' title="bbox 1997 3728 3575 3807; baseline -0.007 -15"><span class='ocrx_word' id='word_1_623' title='bbox 1997 3736 2349 3807; x_wconf 79' lang='lat' dir='ltr'><strong>Asclepiades</strong></span> <span class='ocrx_word' id='word_1_624' title='bbox 2379 3732 2667 3804; x_wconf 67' lang='lat' dir='ltr'><strong>praefectus</strong></span> <span class='ocrx_word' id='word_1_625' title='bbox 2715 3748 2780 3787; x_wconf 89' lang='lat' dir='ltr'><strong>ac</strong></span> <span class='ocrx_word' id='word_1_626' title='bbox 2812 3731 2956 3787; x_wconf 86' lang='lat' dir='ltr'><strong>ﬁlius</strong></span> <span class='ocrx_word' id='word_1_627' title='bbox 2997 3728 3267 3800; x_wconf 82' lang='lat' dir='ltr'><strong>Ilippasii,</strong></span> <span class='ocrx_word' id='word_1_628' title='bbox 3307 3728 3398 3796; x_wconf 90' lang='lat' dir='ltr'><strong>qui</strong></span> <span class='ocrx_word' id='word_1_629' title='bbox 3447 3737 3575 3782; x_wconf 86' lang='lat' dir='ltr'><strong>tunc</strong></span> 
     </span>
    </p>
   </div>
   <div class='ocr_carea' id='block_1_85' title="bbox 2000 3820 3577 3899">
    <p class='ocr_par' dir='ltr' id='par_1_85' title="bbox 2000 3820 3577 3899">
     <span class='ocr_line' id='line_1_85' title="bbox 2000 3820 3577 3899; baseline -0.007 -17"><span class='ocrx_word' id='word_1_630' title='bbox 2000 3829 2289 3899; x_wconf 91' lang='lat' dir='ltr'><strong>plurimum</strong></span> <span class='ocrx_word' id='word_1_631' title='bbox 2341 3827 2394 3880; x_wconf 92' lang='lat' dir='ltr'><strong>in</strong></span> <span class='ocrx_word' id='word_1_632' title='bbox 2447 3825 2609 3879; x_wconf 92' lang='lat' dir='ltr'><strong>domo</strong></span> <span class='ocrx_word' id='word_1_633' title='bbox 2661 3823 3014 3897; x_wconf 86' lang='lat' dir='ltr'><strong>imperatoria</strong></span> <span class='ocrx_word' id='word_1_634' title='bbox 3067 3820 3342 3890; x_wconf 88' lang='lat' dir='ltr'><strong>pollebat;</strong></span> <span class='ocrx_word' id='word_1_635' title='bbox 3404 3830 3577 3873; x_wconf 81' lang='lat' dir='ltr'><strong>mater</strong></span> 
     </span>
    </p>
   </div>
   <div class='ocr_carea' id='block_1_86' title="bbox 1998 3912 3573 3988">
    <p class='ocr_par' dir='ltr' id='par_1_86' title="bbox 1998 3912 3573 3988">
     <span class='ocr_line' id='line_1_86' title="bbox 1998 3912 3573 3988; baseline -0.006 -16"><span class='ocrx_word' id='word_1_636' title='bbox 1998 3918 2197 3972; x_wconf 87' lang='lat' dir='ltr'><strong>deinde</strong></span> <span class='ocrx_word' id='word_1_637' title='bbox 2215 3917 2447 3988; x_wconf 81' lang='lat' dir='ltr'><strong>Agatha,</strong></span> <span class='ocrx_word' id='word_1_638' title='bbox 2466 3915 2683 3986; x_wconf 86' lang='lat' dir='ltr'><strong>generis</strong></span> <span class='ocrx_word' id='word_1_639' title='bbox 2704 3924 2758 3969; x_wconf 89' lang='lat' dir='ltr'><strong>et</strong></span> <span class='ocrx_word' id='word_1_640' title='bbox 2780 3929 2990 3967; x_wconf 90' lang='lat' dir='ltr'><strong>morum</strong></span> <span class='ocrx_word' id='word_1_641' title='bbox 3016 3912 3299 3967; x_wconf 79' lang='lat' dir='ltr'><strong>nobilitate</strong></span> <span class='ocrx_word' id='word_1_642' title='bbox 3321 3912 3573 3981; x_wconf 78' lang='lat' dir='ltr'><strong>insignis;</strong></span> 
     </span>
    </p>
   </div>
   <div class='ocr_carea' id='block_1_87' title="bbox 1999 4004 3577 4081">
    <p class='ocr_par' dir='ltr' id='par_1_87' title="bbox 1999 4004 3577 4081">
     <span class='ocr_line' id='line_1_87' title="bbox 1999 4004 3577 4081; baseline -0.006 -18"><span class='ocrx_word' id='word_1_643' title='bbox 1999 4020 2155 4081; x_wconf 88' lang='lat' dir='ltr'><strong>pater</strong></span> <span class='ocrx_word' id='word_1_644' title='bbox 2202 4010 2368 4081; x_wconf 89' lang='lat' dir='ltr'><strong>igitur</strong></span> <span class='ocrx_word' id='word_1_645' title='bbox 2421 4008 2684 4079; x_wconf 83' lang='lat' dir='ltr'><strong>religione</strong></span> <span class='ocrx_word' id='word_1_646' title='bbox 2726 4006 2980 4075; x_wconf 77' lang='lat' dir='ltr'><strong>Graecus;</strong></span> <span class='ocrx_word' id='word_1_647' title='bbox 3019 4014 3194 4071; x_wconf 83' lang='lat' dir='ltr'><strong>mater</strong></span> <span class='ocrx_word' id='word_1_648' title='bbox 3229 4004 3316 4073; x_wconf 90' lang='lat' dir='ltr'><strong>pia</strong></span> <span class='ocrx_word' id='word_1_649' title='bbox 3348 4019 3411 4057; x_wconf 86' lang='lat' dir='ltr'><strong>ac</strong></span> <span class='ocrx_word' id='word_1_650' title='bbox 3451 4018 3577 4056; x_wconf 81' lang='lat' dir='ltr'><strong>vere</strong></span> 
     </span>
    </p>
   </div>
   <div class='ocr_carea' id='block_1_88' title="bbox 2000 4096 3575 4170">
    <p class='ocr_par' dir='ltr' id='par_1_88' title="bbox 2000 4096 3575 4170">
     <span class='ocr_line' id='line_1_88' title="bbox 2000 4096 3575 4170; baseline -0.009 -14"><span class='ocrx_word' id='word_1_651' title='bbox 2000 4101 2333 4156; x_wconf 83' lang='lat' dir='ltr'><strong>Christiana.</strong></span> <span class='ocrx_word' id='word_1_652' title='bbox 2379 4098 2476 4154; x_wconf 83' lang='lat' dir='ltr'><strong>His</strong></span> <span class='ocrx_word' id='word_1_653' title='bbox 2526 4098 2694 4170; x_wconf 91' lang='lat' dir='ltr'><strong>igitur</strong></span> <span class='ocrx_word' id='word_1_654' title='bbox 2728 4096 3050 4167; x_wconf 89' lang='lat' dir='ltr'><strong>parentibus</strong></span> <span class='ocrx_word' id='word_1_655' title='bbox 3097 4105 3259 4149; x_wconf 89' lang='lat' dir='ltr'><strong>natus</strong></span> <span class='ocrx_word' id='word_1_656' title='bbox 3290 4102 3575 4162; x_wconf 77' lang='lat' dir='ltr'><strong>postquam</strong></span> 
     </span>
    </p>
   </div>
   <div class='ocr_carea' id='block_1_89' title="bbox 1999 4184 3578 4259">
    <p class='ocr_par' dir='ltr' id='par_1_89' title="bbox 1999 4184 3578 4259">
     <span class='ocr_line' id='line_1_89' title="bbox 1999 4184 3578 4259; baseline -0.007 -13"><span class='ocrx_word' id='word_1_657' title='bbox 1999 4201 2247 4246; x_wconf 87' lang='lat' dir='ltr'><strong>sanctum</strong></span> <span class='ocrx_word' id='word_1_658' title='bbox 2277 4191 2544 4259; x_wconf 89' lang='lat' dir='ltr'><strong>baptisma</strong></span> <span class='ocrx_word' id='word_1_659' title='bbox 2573 4188 2925 4257; x_wconf 89' lang='lat' dir='ltr'><strong>suscepisset,</strong></span> <span class='ocrx_word' id='word_1_660' title='bbox 2953 4200 3127 4240; x_wconf 87' lang='lat' dir='ltr'><strong>annos</strong></span> <span class='ocrx_word' id='word_1_661' title='bbox 3148 4184 3388 4254; x_wconf 90' lang='lat' dir='ltr'><strong>quinque</strong></span> <span class='ocrx_word' id='word_1_662' title='bbox 3418 4194 3578 4235; x_wconf 84' lang='lat' dir='ltr'><strong>natus</strong></span> 
     </span>
    </p>
   </div>
   <div class='ocr_carea' id='block_1_90' title="bbox 2005 4273 3575 4353">
    <p class='ocr_par' dir='ltr' id='par_1_90' title="bbox 2005 4273 3575 4353">
     <span class='ocr_line' id='line_1_90' title="bbox 2005 4273 3575 4353; baseline -0.009 -16"><span class='ocrx_word' id='word_1_663' title='bbox 2005 4282 2329 4353; x_wconf 67' lang='lat' dir='ltr'><strong>praeceptori</strong></span> <span class='ocrx_word' id='word_1_664' title='bbox 2390 4280 2648 4343; x_wconf 89' lang='lat' dir='ltr'><strong>traditur,</strong></span> <span class='ocrx_word' id='word_1_665' title='bbox 2716 4279 2930 4332; x_wconf 86' lang='lat' dir='ltr'><strong>litteras</strong></span> <span class='ocrx_word' id='word_1_666' title='bbox 3003 4290 3190 4330; x_wconf 88' lang='lat' dir='ltr'><strong>sacras</strong></span> <span class='ocrx_word' id='word_1_667' title='bbox 3243 4273 3575 4328; x_wconf 31' lang='lat' dir='ltr'><strong>edocendum</strong></span> 
     </span>
    </p>
   </div>
   <div class='ocr_carea' id='block_1_91' title="bbox 2005 4365 3581 4429">
    <p class='ocr_par' dir='ltr' id='par_1_91' title="bbox 2005 4365 3581 4429">
     <span class='ocr_line' id='line_1_91' title="bbox 2005 4365 3581 4429; baseline -0.008 0"><span class='ocrx_word' id='word_1_668' title='bbox 2005 4374 2136 4429; x_wconf 92' lang='lat' dir='ltr'><strong>Inde</strong></span> <span class='ocrx_word' id='word_1_669' title='bbox 2166 4372 2481 4428; x_wconf 65' lang='lat' dir='ltr'><strong>Graecorum</strong></span> <span class='ocrx_word' id='word_1_670' title='bbox 2516 4371 2767 4426; x_wconf 88' lang='lat' dir='ltr'><strong>doctrina</strong></span> <span class='ocrx_word' id='word_1_671' title='bbox 2799 4368 3046 4422; x_wconf 88' lang='lat' dir='ltr'><strong>imbutus</strong></span> <span class='ocrx_word' id='word_1_672' title='bbox 3079 4366 3154 4419; x_wconf 84' lang='lat' dir='ltr'><strong>ita</strong></span> <span class='ocrx_word' id='word_1_673' title='bbox 3189 4373 3246 4419; x_wconf 93' lang='lat' dir='ltr'><strong>ut</strong></span> <span class='ocrx_word' id='word_1_674' title='bbox 3286 4365 3497 4418; x_wconf 79' lang='lat' dir='ltr'><strong>litteras</strong></span> <span class='ocrx_word' id='word_1_675' title='bbox 3527 4373 3581 4416; x_wconf 83' lang='lat' dir='ltr'><strong>et</strong></span> 
     </span>
    </p>
   </div>
   <div class='ocr_carea' id='block_1_92' title="bbox 325 4451 1893 4543">
    <p class='ocr_par' dir='ltr' id='par_1_92' title="bbox 325 4451 1893 4543">
     <span class='ocr_line' id='line_1_92' title="bbox 325 4451 1893 4543; baseline -0.01 -14"><span class='ocrx_word' id='word_1_676' title='bbox 325 4451 583 4540; x_wconf 74' lang='grc' dir='ltr'>δάζουσαι</span> <span class='ocrx_word' id='word_1_677' title='bbox 627 4473 770 4543; x_wconf 77' lang='grc' dir='ltr'>ἔχειν</span> <span class='ocrx_word' id='word_1_678' title='bbox 806 4472 928 4525; x_wconf 80' lang='grc' dir='ltr'>ὅσον</span> <span class='ocrx_word' id='word_1_679' title='bbox 964 4468 1026 4522; x_wconf 78' lang='grc' dir='ltr'>τὸ</span> <span class='ocrx_word' id='word_1_680' title='bbox 1066 4468 1145 4531; x_wconf 88' lang='grc' dir='ltr'><strong>είς</strong></span> <span class='ocrx_word' id='word_1_681' title='bbox 1190 4466 1361 4528; x_wconf 86' lang='grc' dir='ltr'>αὑτάς</span> <span class='ocrx_word' id='word_1_682' title='bbox 1401 4460 1557 4535; x_wconf 79' lang='grc' dir='ltr'>ἧκον,</span> <span class='ocrx_word' id='word_1_683' title='bbox 1600 4464 1657 4516; x_wconf 75' lang='grc' dir='ltr'>τὸ</span> <span class='ocrx_word' id='word_1_684' title='bbox 1701 4462 1893 4515; x_wconf 60' lang='grc' dir='ltr'>δίκαιοι</span> 
     </span>
    </p>
   </div>
   <div class='ocr_carea' id='block_1_93' title="bbox 1997 4451 3577 4543">
    <p class='ocr_par' dir='ltr' id='par_1_93' title="bbox 2011 4451 3577 4535">
     <span class='ocr_line' id='line_1_93' title="bbox 2011 4451 3577 4535; baseline -0.009 -17"><span class='ocrx_word' id='word_1_685' title='bbox 2011 4465 2233 4535; x_wconf 87' lang='lat' dir='ltr'><strong>pingere</strong></span> <span class='ocrx_word' id='word_1_686' title='bbox 2260 4472 2313 4516; x_wconf 91' lang='lat' dir='ltr'><strong>et</strong></span> <span class='ocrx_word' id='word_1_687' title='bbox 2340 4469 2518 4533; x_wconf 84' lang='lat' dir='ltr'><strong>legere</strong></span> <span class='ocrx_word' id='word_1_688' title='bbox 2548 4460 2774 4522; x_wconf 79' lang='lat' dir='ltr'><strong>valeret,</strong></span> <span class='ocrx_word' id='word_1_689' title='bbox 2801 4458 2879 4513; x_wconf 89' lang='lat' dir='ltr'><strong>rei</strong></span> <span class='ocrx_word' id='word_1_690' title='bbox 2912 4455 3134 4511; x_wconf 87' lang='lat' dir='ltr'><strong>militari</strong></span> <span class='ocrx_word' id='word_1_691' title='bbox 3198 4455 3310 4526; x_wconf 83' lang='lat' dir='ltr'><strong>jam</strong></span> <span class='ocrx_word' id='word_1_692' title='bbox 3372 4451 3577 4507; x_wconf 83' lang='lat' dir='ltr'><strong>studet.</strong></span> 
     </span>
    </p>
   </div>
   <div class='ocr_carea' id='block_1_94' title="bbox 330 4553 1905 4634">
    <p class='ocr_par' dir='ltr' id='par_1_94' title="bbox 330 4553 1905 4634">
     <span class='ocr_line' id='line_1_94' title="bbox 330 4553 1905 4634; baseline -0.01 -14"><span class='ocrx_word' id='word_1_693' title='bbox 330 4564 584 4634; x_wconf 78' lang='grc' dir='ltr'>πανταχῆ</span> <span class='ocrx_word' id='word_1_694' title='bbox 623 4562 725 4617; x_wconf 74' lang='grc' dir='ltr'>κᾶν</span> <span class='ocrx_word' id='word_1_695' title='bbox 758 4563 861 4615; x_wconf 72' lang='grc' dir='ltr'>ὑπὸ</span> <span class='ocrx_word' id='word_1_696' title='bbox 892 4561 993 4630; x_wconf 84' lang='grc' dir='ltr'>τῆς</span> <span class='ocrx_word' id='word_1_697' title='bbox 1032 4559 1249 4629; x_wconf 83' lang='grc' dir='ltr'>εὐροίας</span> <span class='ocrx_word' id='word_1_698' title='bbox 1291 4555 1592 4620; x_wconf 82' lang='grc' dir='ltr'>παίζωνται</span> <span class='ocrx_word' id='word_1_699' title='bbox 1618 4594 1633 4617; x_wconf 87' lang='grc'><strong>,</strong></span> <span class='ocrx_word' id='word_1_700' title='bbox 1668 4554 1762 4607; x_wconf 74' lang='grc' dir='ltr'>καὶ</span> <span class='ocrx_word' id='word_1_701' title='bbox 1801 4553 1905 4618; x_wconf 77' lang='grc' dir='ltr'><strong>ἐξω</strong></span> 
     </span>
    </p>
   </div>
   <div class='ocr_carea' id='block_1_95' title="bbox 328 4643 1904 4728">
    <p class='ocr_par' dir='ltr' id='par_1_95' title="bbox 328 4643 1904 4728">
     <span class='ocr_line' id='line_1_95' title="bbox 328 4643 1904 4728; baseline -0.01 -17"><span class='ocrx_word' id='word_1_702' title='bbox 328 4658 425 4712; x_wconf 79' lang='grc' dir='ltr'>τοῦ</span> <span class='ocrx_word' id='word_1_703' title='bbox 458 4656 649 4728; x_wconf 80' lang='grc' dir='ltr'>καιροῦ</span> <span class='ocrx_word' id='word_1_704' title='bbox 682 4655 923 4707; x_wconf 87' lang='grc' dir='ltr'>πίπτωσι</span> <span class='ocrx_word' id='word_1_705' title='bbox 957 4653 1051 4705; x_wconf 79' lang='grc' dir='ltr'>καὶ</span> <span class='ocrx_word' id='word_1_706' title='bbox 1085 4652 1161 4722; x_wconf 85' lang='grc' dir='ltr'>μὴ</span> <span class='ocrx_word' id='word_1_707' title='bbox 1196 4650 1542 4719; x_wconf 86' lang='grc' dir='ltr'>βουλόμεναι.</span> <span class='ocrx_word' id='word_1_708' title='bbox 1579 4648 1768 4715; x_wconf 78' lang='grc' dir='ltr'>Πατὴρ</span> <span class='ocrx_word' id='word_1_709' title='bbox 1806 4643 1904 4714; x_wconf 76' lang='grc' dir='ltr'>μὲν</span> 
     </span>
    </p>
   </div>
   <div class='ocr_carea' id='block_1_96' title="bbox 331 4735 1905 4817">
    <p class='ocr_par' dir='ltr' id='par_1_96' title="bbox 331 4735 1905 4817">
     <span class='ocr_line' id='line_1_96' title="bbox 331 4735 1905 4817; baseline -0.011 -13"><span class='ocrx_word' id='word_1_710' title='bbox 331 4751 411 4817; x_wconf 82' lang='grc' dir='ltr'>τῷ</span> <span class='ocrx_word' id='word_1_711' title='bbox 454 4750 686 4817; x_wconf 79' lang='grc' dir='ltr'>γενναίῳ</span> <span class='ocrx_word' id='word_1_712' title='bbox 729 4747 823 4800; x_wconf 82' lang='grc' dir='ltr'>καὶ</span> <span class='ocrx_word' id='word_1_713' title='bbox 868 4746 1165 4814; x_wconf 83' lang='grc' dir='ltr'>θαυμαστῲ</span> <span class='ocrx_word' id='word_1_714' title='bbox 1204 4740 1536 4809; x_wconf 82' lang='grc' dir='ltr'>’Δγαθονίκῳ</span> <span class='ocrx_word' id='word_1_715' title='bbox 1574 4735 1905 4806; x_wconf 81' lang='grc' dir='ltr'>Ἀσκληπιά-</span> 
     </span>
    </p>
   </div>
   <div class='ocr_carea' id='block_1_97' title="bbox 331 4829 1907 4914">
    <p class='ocr_par' dir='ltr' id='par_1_97' title="bbox 331 4829 1907 4914">
     <span class='ocr_line' id='line_1_97' title="bbox 331 4829 1907 4914; baseline -0.011 -18"><span class='ocrx_word' id='word_1_716' title='bbox 331 4845 452 4914; x_wconf 86' lang='grc' dir='ltr'>δης,</span> <span class='ocrx_word' id='word_1_717' title='bbox 493 4843 730 4913; x_wconf 79' lang='grc' dir='ltr'>ἔπαρχος</span> <span class='ocrx_word' id='word_1_718' title='bbox 770 4840 868 4907; x_wconf 84' lang='grc' dir='ltr'>τὴν</span> <span class='ocrx_word' id='word_1_719' title='bbox 912 4837 1091 4902; x_wconf 78' lang='grc' dir='ltr'>ἀξίαν,</span> <span class='ocrx_word' id='word_1_720' title='bbox 1136 4834 1251 4895; x_wconf 79' lang='grc' dir='ltr'>υίὸς</span> <span class='ocrx_word' id='word_1_721' title='bbox 1287 4832 1573 4885; x_wconf 83' lang='grc' dir='ltr'>Ἰππασίου</span> <span class='ocrx_word' id='word_1_722' title='bbox 1616 4829 1710 4881; x_wconf 81' lang='grc' dir='ltr'>τοῦ</span> <span class='ocrx_word' id='word_1_723' title='bbox 1754 4843 1907 4894; x_wconf 87' lang='grc' dir='ltr'>τηνι-</span> 
     </span>
    </p>
   </div>
   <div class='ocr_carea' id='block_1_98' title="bbox 332 4918 1904 5000">
    <p class='ocr_par' dir='ltr' id='par_1_98' title="bbox 332 4918 1904 5000">
     <span class='ocr_line' id='line_1_98' title="bbox 332 4918 1904 5000; baseline -0.012 -12"><span class='ocrx_word' id='word_1_724' title='bbox 332 4934 512 4989; x_wconf 82' lang='grc' dir='ltr'>καῦτα</span> <span class='ocrx_word' id='word_1_725' title='bbox 553 4932 850 5000; x_wconf 84' lang='grc' dir='ltr'>δυναμένου</span> <span class='ocrx_word' id='word_1_726' title='bbox 894 4930 952 4981; x_wconf 80' lang='grc' dir='ltr'>ὲν</span> <span class='ocrx_word' id='word_1_727' title='bbox 994 4924 1310 4995; x_wconf 72' lang='grc' dir='ltr'>βασιλεῦσι*</span> <span class='ocrx_word' id='word_1_728' title='bbox 1358 4924 1541 4994; x_wconf 85' lang='grc' dir='ltr'>μήτηρ</span> <span class='ocrx_word' id='word_1_729' title='bbox 1586 4920 1643 4973; x_wconf 82' lang='grc' dir='ltr'>δὲ</span> <span class='ocrx_word' id='word_1_730' title='bbox 1677 4918 1904 4986; x_wconf 85' lang='grc' dir='ltr'>Ἀγάθη,</span> 
     </span>
    </p>
   </div>
   <div class='ocr_carea' id='block_1_99' title="bbox 332 5010 1900 5094">
    <p class='ocr_par' dir='ltr' id='par_1_99' title="bbox 332 5010 1900 5094">
     <span class='ocr_line' id='line_1_99' title="bbox 332 5010 1900 5094; baseline -0.011 -14"><span class='ocrx_word' id='word_1_731' title='bbox 332 5027 564 5094; x_wconf 81' lang='grc' dir='ltr'>εὐγενής</span> <span class='ocrx_word' id='word_1_732' title='bbox 585 5042 599 5054; x_wconf 89' lang='grc'><strong>·</strong></span> <span class='ocrx_word' id='word_1_733' title='bbox 629 5026 657 5077; x_wconf 88' lang='grc' dir='ltr'><strong>ό</strong></span> <span class='ocrx_word' id='word_1_734' title='bbox 690 5025 788 5093; x_wconf 73' lang='grc' dir='ltr'>μὲν</span> <span class='ocrx_word' id='word_1_735' title='bbox 814 5023 923 5092; x_wconf 89' lang='grc' dir='ltr'><strong>γάρ</strong></span> <span class='ocrx_word' id='word_1_736' title='bbox 945 5020 1147 5090; x_wconf 87' lang='grc' dir='ltr'>Ἕλλην</span> <span class='ocrx_word' id='word_1_737' title='bbox 1171 5015 1238 5087; x_wconf 78' lang='grc' dir='ltr'>ἦν</span> <span class='ocrx_word' id='word_1_738' title='bbox 1262 5016 1364 5084; x_wconf 79' lang='grc' dir='ltr'>τὴν</span> <span class='ocrx_word' id='word_1_739' title='bbox 1391 5012 1691 5084; x_wconf 87' lang='grc' dir='ltr'>θρησκείαν</span> <span class='ocrx_word' id='word_1_740' title='bbox 1711 5051 1726 5075; x_wconf 86' lang='grc'><strong>,</strong></span> <span class='ocrx_word' id='word_1_741' title='bbox 1761 5013 1793 5080; x_wconf 86' lang='grc' dir='ltr'><strong>ή</strong></span> <span class='ocrx_word' id='word_1_742' title='bbox 1824 5010 1900 5076; x_wconf 81' lang='grc' dir='ltr'>δὲ,</span> 
     </span>
    </p>
   </div>
   <div class='ocr_carea' id='block_1_100' title="bbox 334 5101 1905 5187">
    <p class='ocr_par' dir='ltr' id='par_1_100' title="bbox 334 5101 1905 5187">
     <span class='ocr_line' id='line_1_100' title="bbox 334 5101 1905 5187; baseline -0.012 -16"><span class='ocrx_word' id='word_1_743' title='bbox 334 5117 564 5187; x_wconf 64' lang='grc' dir='ltr'>εὐσεὸὴς</span> <span class='ocrx_word' id='word_1_744' title='bbox 599 5116 693 5168; x_wconf 75' lang='grc' dir='ltr'>καὶ</span> <span class='ocrx_word' id='word_1_745' title='bbox 726 5114 1089 5183; x_wconf 85' lang='grc' dir='ltr'>φιλόχριστος.</span> <span class='ocrx_word' id='word_1_746' title='bbox 1130 5110 1225 5162; x_wconf 85' lang='grc' dir='ltr'>Ἐκ</span> <span class='ocrx_word' id='word_1_747' title='bbox 1257 5107 1461 5160; x_wconf 89' lang='grc' dir='ltr'>τούτων</span> <span class='ocrx_word' id='word_1_748' title='bbox 1494 5104 1586 5158; x_wconf 81' lang='grc' dir='ltr'>οὖν</span> <span class='ocrx_word' id='word_1_749' title='bbox 1623 5101 1905 5172; x_wconf 83' lang='grc' dir='ltr'>προελθὼν</span> 
     </span>
    </p>
   </div>
   <div class='ocr_carea' id='block_1_101' title="bbox 331 5194 1905 5277">
    <p class='ocr_par' dir='ltr' id='par_1_101' title="bbox 331 5194 1905 5277">
     <span class='ocr_line' id='line_1_101' title="bbox 331 5194 1905 5277; baseline -0.012 -14"><span class='ocrx_word' id='word_1_750' title='bbox 331 5211 429 5263; x_wconf 78' lang='grc' dir='ltr'>τοῦ</span> <span class='ocrx_word' id='word_1_751' title='bbox 469 5209 610 5261; x_wconf 86' lang='grc' dir='ltr'>θείου</span> <span class='ocrx_word' id='word_1_752' title='bbox 652 5206 1025 5277; x_wconf 87' lang='grc' dir='ltr'>βαπτίσματος</span> <span class='ocrx_word' id='word_1_753' title='bbox 1065 5200 1459 5267; x_wconf 78' lang='grc' dir='ltr'>καταξιοῦται·</span> <span class='ocrx_word' id='word_1_754' title='bbox 1502 5198 1624 5250; x_wconf 69' lang='grc' dir='ltr'>ἐπεὶ</span> <span class='ocrx_word' id='word_1_755' title='bbox 1666 5195 1723 5248; x_wconf 82' lang='grc' dir='ltr'>δὲ</span> <span class='ocrx_word' id='word_1_756' title='bbox 1765 5194 1905 5262; x_wconf 76' lang='grc' dir='ltr'>πέμ-</span> 
     </span>
    </p>
   </div>
   <div class='ocr_carea' id='block_1_102' title="bbox 338 5285 1905 5371">
    <p class='ocr_par' dir='ltr' id='par_1_102' title="bbox 338 5285 1905 5371">
     <span class='ocr_line' id='line_1_102' title="bbox 338 5285 1905 5371; baseline -0.011 -16"><span class='ocrx_word' id='word_1_757' title='bbox 338 5319 471 5365; x_wconf 80' lang='grc' dir='ltr'>πτος</span> <span class='ocrx_word' id='word_1_758' title='bbox 498 5302 688 5371; x_wconf 89' lang='grc' dir='ltr'>χρόνος</span> <span class='ocrx_word' id='word_1_759' title='bbox 716 5299 907 5353; x_wconf 89' lang='grc' dir='ltr'>ἀνύετο</span> <span class='ocrx_word' id='word_1_760' title='bbox 931 5297 1125 5365; x_wconf 86' lang='grc' dir='ltr'>τούτῳ,</span> <span class='ocrx_word' id='word_1_761' title='bbox 1152 5291 1549 5371; x_wconf 86' lang='grc' dir='ltr'>γραμματιστῇ</span> <span class='ocrx_word' id='word_1_762' title='bbox 1582 5287 1808 5348; x_wconf 85' lang='grc' dir='ltr'>δίδοται,</span> <span class='ocrx_word' id='word_1_763' title='bbox 1837 5285 1905 5339; x_wconf 86' lang='grc' dir='ltr'><strong>τά</strong></span> 
     </span>
    </p>
   </div>
   <div class='ocr_carea' id='block_1_103' title="bbox 339 5370 1905 5463">
    <p class='ocr_par' dir='ltr' id='par_1_103' title="bbox 339 5370 1905 5463">
     <span class='ocr_line' id='line_1_103' title="bbox 339 5370 1905 5463; baseline -0.011 -16"><span class='ocrx_word' id='word_1_764' title='bbox 339 5394 461 5463; x_wconf 79' lang='grc' dir='ltr'><strong>ίερά</strong></span> <span class='ocrx_word' id='word_1_765' title='bbox 489 5394 792 5462; x_wconf 82' lang='grc' dir='ltr'>γράμματα</span> <span class='ocrx_word' id='word_1_766' title='bbox 822 5386 1233 5442; x_wconf 67' lang='grc' dir='ltr'>ἐκδιδάσκεσθαι</span> <span class='ocrx_word' id='word_1_767' title='bbox 1259 5400 1273 5415; x_wconf 90' lang='grc'><strong>·</strong></span> <span class='ocrx_word' id='word_1_768' title='bbox 1306 5370 1553 5437; x_wconf 70' lang='grc' dir='ltr'>ὅθεν’καὶ</span> <span class='ocrx_word' id='word_1_769' title='bbox 1584 5376 1905 5448; x_wconf 77' lang='grc' dir='ltr'>Ἑλληνικῆς</span> 
     </span>
    </p>
   </div>
   <div class='ocr_carea' id='block_1_104' title="bbox 340 5468 1904 5551">
    <p class='ocr_par' dir='ltr' id='par_1_104' title="bbox 340 5468 1904 5551">
     <span class='ocr_line' id='line_1_104' title="bbox 340 5468 1904 5551; baseline -0.013 -12"><span class='ocrx_word' id='word_1_770' title='bbox 340 5487 587 5546; x_wconf 79' lang='grc' dir='ltr'>παιδείας</span> <span class='ocrx_word' id='word_1_771' title='bbox 613 5481 947 5551; x_wconf 79' lang='grc' dir='ltr'>γευσάμενος</span> <span class='ocrx_word' id='word_1_772' title='bbox 973 5478 1069 5531; x_wconf 64' lang='grc' dir='ltr'><strong>καὶ⁹</strong></span> <span class='ocrx_word' id='word_1_773' title='bbox 1095 5472 1479 5534; x_wconf 84' lang='grc' dir='ltr'>ἀπολελαυκὼς</span> <span class='ocrx_word' id='word_1_774' title='bbox 1504 5471 1646 5524; x_wconf 80' lang='grc' dir='ltr'>ὥστε</span> <span class='ocrx_word' id='word_1_775' title='bbox 1670 5468 1904 5538; x_wconf 83' lang='grc' dir='ltr'>γράφειν</span> 
     </span>
    </p>
   </div>
   <div class='ocr_carea' id='block_1_105' title="bbox 337 5559 1903 5641">
    <p class='ocr_par' dir='ltr' id='par_1_105' title="bbox 337 5559 1903 5641">
     <span class='ocr_line' id='line_1_105' title="bbox 337 5559 1903 5641; baseline -0.015 -11"><span class='ocrx_word' id='word_1_776' title='bbox 337 5578 434 5631; x_wconf 72' lang='grc' dir='ltr'>καὶ</span> <span class='ocrx_word' id='word_1_777' title='bbox 466 5572 861 5641; x_wconf 83' lang='grc' dir='ltr'>ἀναγινώσκειν</span> <span class='ocrx_word' id='word_1_778' title='bbox 896 5568 1109 5638; x_wconf 78' lang='grc' dir='ltr'>εὐφυῶς</span> <span class='ocrx_word' id='word_1_779' title='bbox 1141 5569 1235 5620; x_wconf 76' lang='grc' dir='ltr'>καὶ</span> <span class='ocrx_word' id='word_1_780' title='bbox 1268 5564 1610 5625; x_wconf 85' lang='grc' dir='ltr'>ἀπταίστως,</span> <span class='ocrx_word' id='word_1_781' title='bbox 1647 5563 1715 5611; x_wconf 78' lang='grc' dir='ltr'>τὰ</span> <span class='ocrx_word' id='word_1_782' title='bbox 1752 5559 1903 5610; x_wconf 81' lang='grc' dir='ltr'>πολε-</span> 
     </span>
    </p>
   </div>
   <div class='ocr_carea' id='block_1_106' title="bbox 342 5645 1903 5736">
    <p class='ocr_par' dir='ltr' id='par_1_106' title="bbox 342 5645 1903 5736">
     <span class='ocr_line' id='line_1_106' title="bbox 342 5645 1903 5736; baseline -0.011 -16"><span class='ocrx_word' id='word_1_783' title='bbox 342 5666 481 5736; x_wconf 89' lang='grc' dir='ltr'><strong>μικά</strong></span> <span class='ocrx_word' id='word_1_784' title='bbox 507 5662 886 5717; x_wconf 77' lang='grc' dir='ltr'>ὲκπαιδεύεται</span> <span class='ocrx_word' id='word_1_785' title='bbox 912 5660 1163 5729; x_wconf 85' lang='grc' dir='ltr'>ἀρίστ....</span> <span class='ocrx_word' id='word_1_786' title='bbox 1204 5657 1358 5710; x_wconf 74' lang='grc' dir='ltr'>Ἐπεὶ</span> <span class='ocrx_word' id='word_1_787' title='bbox 1386 5654 1430 5709; x_wconf 83' lang='grc' dir='ltr'>δ’</span> <span class='ocrx_word' id='word_1_788' title='bbox 1455 5654 1553 5722; x_wconf 82' lang='grc' dir='ltr'>οὺχ</span> <span class='ocrx_word' id='word_1_789' title='bbox 1584 5645 1663 5712; x_wconf 79' lang='grc' dir='ltr'><strong>είς</strong></span> <span class='ocrx_word' id='word_1_790' title='bbox 1695 5647 1903 5703; x_wconf 83' lang='grc' dir='ltr'>πολλῶν</span> 
     </span>
    </p>
   </div>
   <div class='ocr_carea' id='block_1_107' title="bbox 342 5740 1898 5822">
    <p class='ocr_par' dir='ltr' id='par_1_107' title="bbox 342 5740 1898 5822">
     <span class='ocr_line' id='line_1_107' title="bbox 342 5740 1898 5822; baseline -0.005 -11"><span class='ocrx_word' id='word_1_791' title='bbox 342 5754 481 5813; x_wconf 79' lang='grc' dir='ltr'>εἶναι</span> <span class='ocrx_word' id='word_1_792' title='bbox 528 5755 699 5810; x_wconf 70' lang='grc' dir='ltr'>ιδόκει</span> <span class='ocrx_word' id='word_1_793' title='bbox 727 5794 740 5821; x_wconf 91' lang='grc'><strong>,</strong></span> <span class='ocrx_word' id='word_1_794' title='bbox 784 5752 904 5807; x_wconf 77' lang='grc' dir='ltr'>οὐδὲ</span> <span class='ocrx_word' id='word_1_795' title='bbox 945 5752 1039 5822; x_wconf 81' lang='grc' dir='ltr'>τῆς</span> <span class='ocrx_word' id='word_1_796' title='bbox 1083 5751 1317 5821; x_wconf 81' lang='grc' dir='ltr'>ίσχάτης</span> <span class='ocrx_word' id='word_1_797' title='bbox 1365 5746 1579 5817; x_wconf 76' lang='grc' dir='ltr'>μοίρας,</span> <span class='ocrx_word' id='word_1_798' title='bbox 1625 5741 1759 5794; x_wconf 75' lang='grc' dir='ltr'>ἀλλὰ</span> <span class='ocrx_word' id='word_1_799' title='bbox 1805 5740 1898 5810; x_wconf 77' lang='grc' dir='ltr'><strong>τῆς</strong></span> 
     </span>
    </p>
   </div>
   <div class='ocr_carea' id='block_1_108' title="bbox 2011 4543 3583 4620">
    <p class='ocr_par' dir='ltr' id='par_1_108' title="bbox 2011 4543 3583 4620">
     <span class='ocr_line' id='line_1_108' title="bbox 2011 4543 3583 4620; baseline -0.008 -11"><span class='ocrx_word' id='word_1_800' title='bbox 2011 4555 2070 4609; x_wconf 92' lang='lat' dir='ltr'><strong>ln</strong></span> <span class='ocrx_word' id='word_1_801' title='bbox 2102 4554 2359 4609; x_wconf 90' lang='lat' dir='ltr'><strong>omnibus</strong></span> <span class='ocrx_word' id='word_1_802' title='bbox 2400 4562 2582 4607; x_wconf 91' lang='lat' dir='ltr'><strong>autem</strong></span> <span class='ocrx_word' id='word_1_803' title='bbox 2615 4550 2825 4620; x_wconf 89' lang='lat' dir='ltr'><strong>vulgari</strong></span> <span class='ocrx_word' id='word_1_804' title='bbox 2852 4550 3036 4604; x_wconf 85' lang='lat' dir='ltr'><strong>studio</strong></span> <span class='ocrx_word' id='word_1_805' title='bbox 3067 4546 3290 4602; x_wconf 83' lang='lat' dir='ltr'><strong>functus</strong></span> <span class='ocrx_word' id='word_1_806' title='bbox 3330 4554 3440 4608; x_wconf 83' lang='lat' dir='ltr'><strong>est,</strong></span> <span class='ocrx_word' id='word_1_807' title='bbox 3487 4543 3583 4597; x_wconf 87' lang='lat' dir='ltr'><strong>sed</strong></span> 
     </span>
    </p>
   </div>
   <div class='ocr_carea' id='block_1_109' title="bbox 2012 4635 3580 4717">
    <p class='ocr_par' dir='ltr' id='par_1_109' title="bbox 2012 4635 3580 4717">
     <span class='ocr_line' id='line_1_109' title="bbox 2012 4635 3580 4717; baseline -0.01 -17"><span class='ocrx_word' id='word_1_808' title='bbox 2012 4646 2220 4717; x_wconf 84' lang='lat' dir='ltr'><strong>primas</strong></span> <span class='ocrx_word' id='word_1_809' title='bbox 2260 4655 2443 4715; x_wconf 87' lang='lat' dir='ltr'><strong>partes</strong></span> <span class='ocrx_word' id='word_1_810' title='bbox 2475 4645 2653 4699; x_wconf 90' lang='lat' dir='ltr'><strong>tenuit</strong></span> <span class='ocrx_word' id='word_1_811' title='bbox 2684 4645 2737 4696; x_wconf 90' lang='lat' dir='ltr'><strong>in</strong></span> <span class='ocrx_word' id='word_1_812' title='bbox 2776 4642 3000 4697; x_wconf 84' lang='lat' dir='ltr'><strong>civitate</strong></span> <span class='ocrx_word' id='word_1_813' title='bbox 3031 4636 3491 4700; x_wconf 83' lang='lat' dir='ltr'><strong>administranda,</strong></span> <span class='ocrx_word' id='word_1_814' title='bbox 3526 4635 3580 4687; x_wconf 93' lang='lat' dir='ltr'><strong>in</strong></span> 
     </span>
    </p>
   </div>
   <div class='ocr_carea' id='block_1_110' title="bbox 2011 4725 3582 4809">
    <p class='ocr_par' dir='ltr' id='par_1_110' title="bbox 2011 4725 3582 4809">
     <span class='ocr_line' id='line_1_110' title="bbox 2011 4725 3582 4809; baseline -0.012 -14"><span class='ocrx_word' id='word_1_815' title='bbox 2011 4740 2431 4809; x_wconf 86' lang='lat' dir='ltr'><strong>quibuscunque</strong></span> <span class='ocrx_word' id='word_1_816' title='bbox 2469 4736 2705 4807; x_wconf 83' lang='lat' dir='ltr'><strong>negotiis</strong></span> <span class='ocrx_word' id='word_1_817' title='bbox 2755 4733 3102 4804; x_wconf 87' lang='lat' dir='ltr'><strong>peragendis,</strong></span> <span class='ocrx_word' id='word_1_818' title='bbox 3153 4731 3208 4783; x_wconf 92' lang='lat' dir='ltr'><strong>in</strong></span> <span class='ocrx_word' id='word_1_819' title='bbox 3258 4728 3423 4781; x_wconf 88' lang='lat' dir='ltr'><strong>rebus</strong></span> <span class='ocrx_word' id='word_1_820' title='bbox 3463 4725 3582 4778; x_wconf 81' lang='lat' dir='ltr'><strong>bel-</strong></span> 
     </span>
    </p>
   </div>
   <div class='ocr_carea' id='block_1_111' title="bbox 2012 4815 3581 4899">
    <p class='ocr_par' dir='ltr' id='par_1_111' title="bbox 2012 4815 3581 4899">
     <span class='ocr_line' id='line_1_111' title="bbox 2012 4815 3581 4899; baseline -0.013 -13"><span class='ocrx_word' id='word_1_821' title='bbox 2012 4832 2155 4893; x_wconf 86' lang='lat' dir='ltr'><strong>licis,</strong></span> <span class='ocrx_word' id='word_1_822' title='bbox 2191 4846 2300 4899; x_wconf 90' lang='lat' dir='ltr'><strong>quo</strong></span> <span class='ocrx_word' id='word_1_823' title='bbox 2338 4828 2539 4882; x_wconf 89' lang='lat' dir='ltr'><strong>factum</strong></span> <span class='ocrx_word' id='word_1_824' title='bbox 2566 4834 2651 4882; x_wconf 79' lang='lat' dir='ltr'><strong>est</strong></span> <span class='ocrx_word' id='word_1_825' title='bbox 2688 4835 2747 4879; x_wconf 89' lang='lat' dir='ltr'><strong>ut</strong></span> <span class='ocrx_word' id='word_1_826' title='bbox 2772 4822 3149 4884; x_wconf 89' lang='lat' dir='ltr'><strong>concionibus,</strong></span> <span class='ocrx_word' id='word_1_827' title='bbox 3187 4819 3326 4877; x_wconf 82' lang='lat' dir='ltr'><strong>foro,</strong></span> <span class='ocrx_word' id='word_1_828' title='bbox 3353 4815 3581 4869; x_wconf 86' lang='lat' dir='ltr'><strong>theatris</strong></span> 
     </span>
    </p>
   </div>
   <div class='ocr_carea' id='block_1_112' title="bbox 2013 4906 3575 4994">
    <p class='ocr_par' dir='ltr' id='par_1_112' title="bbox 2013 4906 3575 4994">
     <span class='ocr_line' id='line_1_112' title="bbox 2013 4906 3575 4994; baseline -0.014 -15"><span class='ocrx_word' id='word_1_829' title='bbox 2013 4923 2315 4994; x_wconf 68' lang='lat' dir='ltr'><strong>saepissime</strong></span> <span class='ocrx_word' id='word_1_830' title='bbox 2342 4919 2686 4983; x_wconf 85' lang='lat' dir='ltr'><strong>interfuerit;</strong></span> <span class='ocrx_word' id='word_1_831' title='bbox 2718 4931 2841 4970; x_wconf 90' lang='lat' dir='ltr'><strong>cum</strong></span> <span class='ocrx_word' id='word_1_832' title='bbox 2870 4914 3015 4968; x_wconf 90' lang='lat' dir='ltr'><strong>enim</strong></span> <span class='ocrx_word' id='word_1_833' title='bbox 3046 4911 3263 4981; x_wconf 87' lang='lat' dir='ltr'><strong>regibus</strong></span> <span class='ocrx_word' id='word_1_834' title='bbox 3293 4906 3575 4961; x_wconf 87' lang='lat' dir='ltr'><strong>familiari-</strong></span> 
     </span>
    </p>
   </div>
   <div class='ocr_carea' id='block_1_113' title="bbox 2014 4999 3577 5078">
    <p class='ocr_par' dir='ltr' id='par_1_113' title="bbox 2014 4999 3577 5078">
     <span class='ocr_line' id='line_1_113' title="bbox 2014 4999 3577 5078; baseline -0.015 -8"><span class='ocrx_word' id='word_1_835' title='bbox 2014 5026 2095 5071; x_wconf 88' lang='lat' dir='ltr'><strong>ter</strong></span> <span class='ocrx_word' id='word_1_836' title='bbox 2147 5021 2415 5074; x_wconf 89' lang='lat' dir='ltr'><strong>uteretur,</strong></span> <span class='ocrx_word' id='word_1_837' title='bbox 2499 5007 2809 5078; x_wconf 90' lang='lat' dir='ltr'><strong>principum</strong></span> <span class='ocrx_word' id='word_1_838' title='bbox 2875 5016 3091 5073; x_wconf 86' lang='lat' dir='ltr'><strong>quoque</strong></span> <span class='ocrx_word' id='word_1_839' title='bbox 3138 4999 3577 5055; x_wconf 76' lang='lat' dir='ltr'><strong>consiliariorum</strong></span> 
     </span>
    </p>
   </div>
   <div class='ocr_carea' id='block_1_114' title="bbox 2011 5087 3577 5174">
    <p class='ocr_par' dir='ltr' id='par_1_114' title="bbox 2011 5087 3577 5174">
     <span class='ocr_line' id='line_1_114' title="bbox 2011 5087 3577 5174; baseline -0.018 -13"><span class='ocrx_word' id='word_1_840' title='bbox 2011 5105 2251 5161; x_wconf 88' lang='lat' dir='ltr'><strong>amicitia</strong></span> <span class='ocrx_word' id='word_1_841' title='bbox 2289 5101 2580 5174; x_wconf 87' lang='lat' dir='ltr'><strong>gaudebat,</strong></span> <span class='ocrx_word' id='word_1_842' title='bbox 2605 5097 2837 5152; x_wconf 89' lang='lat' dir='ltr'><strong>militum</strong></span> <span class='ocrx_word' id='word_1_843' title='bbox 2867 5095 3119 5159; x_wconf 84' lang='lat' dir='ltr'><strong>ducibus,</strong></span> <span class='ocrx_word' id='word_1_844' title='bbox 3153 5087 3577 5159; x_wconf 75' lang='lat' dir='ltr'><strong>magistratibus,</strong></span> 
     </span>
    </p>
   </div>
   <div class='ocr_carea' id='block_1_115' title="bbox 2011 5177 3581 5267">
    <p class='ocr_par' dir='ltr' id='par_1_115' title="bbox 2011 5177 3581 5267">
     <span class='ocr_line' id='line_1_115' title="bbox 2011 5177 3581 5267; baseline -0.015 -15"><span class='ocrx_word' id='word_1_845' title='bbox 2011 5197 2325 5267; x_wconf 88' lang='lat' dir='ltr'><strong>potentibus</strong></span> <span class='ocrx_word' id='word_1_846' title='bbox 2364 5191 2554 5247; x_wconf 81' lang='lat' dir='ltr'><strong>amicis</strong></span> <span class='ocrx_word' id='word_1_847' title='bbox 2584 5205 2718 5244; x_wconf 87' lang='lat' dir='ltr'><strong>usus</strong></span> <span class='ocrx_word' id='word_1_848' title='bbox 2746 5196 2848 5241; x_wconf 87' lang='lat' dir='ltr'><strong>est.</strong></span> <span class='ocrx_word' id='word_1_849' title='bbox 2886 5185 3089 5253; x_wconf 77' lang='lat' dir='ltr'><strong>Ingenii</strong></span> <span class='ocrx_word' id='word_1_850' title='bbox 3139 5182 3285 5236; x_wconf 91' lang='lat' dir='ltr'><strong>enim</strong></span> <span class='ocrx_word' id='word_1_851' title='bbox 3330 5177 3581 5232; x_wconf 82' lang='lat' dir='ltr'><strong>acumine</strong></span> 
     </span>
    </p>
   </div>
   <div class='ocr_carea' id='block_1_116' title="bbox 2010 5268 3580 5350">
    <p class='ocr_par' dir='ltr' id='par_1_116' title="bbox 2010 5268 3580 5350">
     <span class='ocr_line' id='line_1_116' title="bbox 2010 5268 3580 5350; baseline -0.016 -7"><span class='ocrx_word' id='word_1_852' title='bbox 2010 5285 2360 5343; x_wconf 88' lang='lat' dir='ltr'><strong>Themistocli</strong></span> <span class='ocrx_word' id='word_1_853' title='bbox 2412 5292 2574 5350; x_wconf 77' lang='lat' dir='ltr'><strong>atque</strong></span> <span class='ocrx_word' id='word_1_854' title='bbox 2614 5277 2882 5333; x_wconf 79' lang='lat' dir='ltr'><strong>Alcibiadi</strong></span> <span class='ocrx_word' id='word_1_855' title='bbox 2933 5272 3359 5343; x_wconf 87' lang='lat' dir='ltr'><strong>comparandus,</strong></span> <span class='ocrx_word' id='word_1_856' title='bbox 3400 5268 3580 5338; x_wconf 86' lang='lat' dir='ltr'><strong>pluri-</strong></span> 
     </span>
    </p>
   </div>
   <div class='ocr_carea' id='block_1_117' title="bbox 2012 5360 3582 5445">
    <p class='ocr_par' dir='ltr' id='par_1_117' title="bbox 2012 5360 3582 5445">
     <span class='ocr_line' id='line_1_117' title="bbox 2012 5360 3582 5445; baseline -0.016 -10"><span class='ocrx_word' id='word_1_857' title='bbox 2012 5398 2131 5436; x_wconf 89' lang='lat' dir='ltr'><strong>mos</strong></span> <span class='ocrx_word' id='word_1_858' title='bbox 2181 5388 2235 5433; x_wconf 82' lang='lat' dir='ltr'><strong>et</strong></span> <span class='ocrx_word' id='word_1_859' title='bbox 2288 5376 2405 5445; x_wconf 85' lang='lat' dir='ltr'><strong>ipse</strong></span> <span class='ocrx_word' id='word_1_860' title='bbox 2439 5374 2704 5429; x_wconf 84' lang='lat' dir='ltr'><strong>barbaros</strong></span> <span class='ocrx_word' id='word_1_861' title='bbox 2756 5369 2930 5433; x_wconf 90' lang='lat' dir='ltr'><strong>fudit;</strong></span> <span class='ocrx_word' id='word_1_862' title='bbox 2984 5377 3145 5436; x_wconf 80' lang='lat' dir='ltr'><strong>quem</strong></span> <span class='ocrx_word' id='word_1_863' title='bbox 3207 5364 3249 5416; x_wconf 88' lang='lat' dir='ltr'><strong>si</strong></span> <span class='ocrx_word' id='word_1_864' title='bbox 3310 5360 3582 5414; x_wconf 85' lang='lat' dir='ltr'><strong>Homerus</strong></span> 
     </span>
    </p>
   </div>
   <div class='ocr_carea' id='block_1_118' title="bbox 2008 5453 3579 5533">
    <p class='ocr_par' dir='ltr' id='par_1_118' title="bbox 2008 5453 3579 5533">
     <span class='ocr_line' id='line_1_118' title="bbox 2008 5453 3579 5533; baseline -0.016 -8"><span class='ocrx_word' id='word_1_865' title='bbox 2008 5471 2255 5533; x_wconf 83' lang='lat' dir='ltr'><strong>vidisset,</strong></span> <span class='ocrx_word' id='word_1_866' title='bbox 2285 5476 2341 5521; x_wconf 88' lang='lat' dir='ltr'><strong>et</strong></span> <span class='ocrx_word' id='word_1_867' title='bbox 2391 5467 2590 5519; x_wconf 89' lang='lat' dir='ltr'><strong>bonum</strong></span> <span class='ocrx_word' id='word_1_868' title='bbox 2626 5460 3002 5517; x_wconf 85' lang='lat' dir='ltr'><strong>consiliarium</strong></span> <span class='ocrx_word' id='word_1_869' title='bbox 3040 5464 3097 5510; x_wconf 90' lang='lat' dir='ltr'><strong>et</strong></span> <span class='ocrx_word' id='word_1_870' title='bbox 3147 5453 3374 5508; x_wconf 87' lang='lat' dir='ltr'><strong>militem</strong></span> <span class='ocrx_word' id='word_1_871' title='bbox 3419 5463 3579 5519; x_wconf 90' lang='lat' dir='ltr'><strong>egre-</strong></span> 
     </span>
    </p>
   </div>
   <div class='ocr_carea' id='block_1_119' title="bbox 2010 5538 3583 5633">
    <p class='ocr_par' dir='ltr' id='par_1_119' title="bbox 2010 5538 3583 5633">
     <span class='ocr_line' id='line_1_119' title="bbox 2010 5538 3583 5633; baseline -0.015 -19"><span class='ocrx_word' id='word_1_872' title='bbox 2010 5563 2155 5633; x_wconf 88' lang='lat' dir='ltr'><strong>gium</strong></span> <span class='ocrx_word' id='word_1_873' title='bbox 2182 5558 2573 5628; x_wconf 82' lang='lat' dir='ltr'><strong>proclamasset</strong></span> <span class='ocrx_word' id='word_1_874' title='bbox 2595 5561 2655 5605; x_wconf 93' lang='lat' dir='ltr'><strong>ut</strong></span> <span class='ocrx_word' id='word_1_875' title='bbox 2678 5552 2730 5604; x_wconf 87' lang='lat' dir='ltr'><strong>in</strong></span> <span class='ocrx_word' id='word_1_876' title='bbox 2755 5550 2920 5604; x_wconf 85' lang='lat' dir='ltr'><strong>Iliade</strong></span> <span class='ocrx_word' id='word_1_877' title='bbox 2950 5555 3110 5615; x_wconf 85' lang='lat' dir='ltr'><strong>atque</strong></span> <span class='ocrx_word' id='word_1_878' title='bbox 3134 5542 3372 5608; x_wconf 76' lang='lat' dir='ltr'><strong>Odyssea</strong></span> <span class='ocrx_word' id='word_1_879' title='bbox 3396 5538 3583 5592; x_wconf 65' lang='lat' dir='ltr'><strong>fortis—</strong></span> 
     </span>
    </p>
   </div>
   <div class='ocr_carea' id='block_1_120' title="bbox 2010 5629 3577 5715">
    <p class='ocr_par' dir='ltr' id='par_1_120' title="bbox 2010 5629 3577 5715">
     <span class='ocr_line' id='line_1_120' title="bbox 2010 5629 3577 5715; baseline -0.014 -13"><span class='ocrx_word' id='word_1_880' title='bbox 2010 5629 2176 5703; x_wconf 76' lang='lat' dir='ltr'><strong>simos</strong></span> <span class='ocrx_word' id='word_1_881' title='bbox 2215 5658 2459 5715; x_wconf 88' lang='lat' dir='ltr'><strong>quosque</strong></span> <span class='ocrx_word' id='word_1_882' title='bbox 2493 5641 2802 5697; x_wconf 57' lang='lat' dir='ltr'><strong>Graecorum</strong></span> <span class='ocrx_word' id='word_1_883' title='bbox 2839 5635 3084 5693; x_wconf 86' lang='lat' dir='ltr'><strong>carmine</strong></span> <span class='ocrx_word' id='word_1_884' title='bbox 3123 5639 3390 5703; x_wconf 85' lang='lat' dir='ltr'><strong>perpetuo</strong></span> <span class='ocrx_word' id='word_1_885' title='bbox 3426 5629 3577 5684; x_wconf 86' lang='lat' dir='ltr'><strong>cele-</strong></span> 
     </span>
    </p>
   </div>
   <div class='ocr_carea' id='block_1_121' title="bbox 2010 5720 3583 5796">
    <p class='ocr_par' dir='ltr' id='par_1_121' title="bbox 2010 5720 3583 5796">
     <span class='ocr_line' id='line_1_121' title="bbox 2010 5720 3583 5796; baseline -0.012 -3"><span class='ocrx_word' id='word_1_886' title='bbox 2010 5740 2205 5795; x_wconf 76' lang='lat' dir='ltr'><strong>bravit.</strong></span> <span class='ocrx_word' id='word_1_887' title='bbox 2247 5737 2396 5792; x_wconf 79' lang='lat' dir='ltr'><strong>Licet</strong></span> <span class='ocrx_word' id='word_1_888' title='bbox 2422 5734 2569 5790; x_wconf 88' lang='lat' dir='ltr'><strong>enim</strong></span> <span class='ocrx_word' id='word_1_889' title='bbox 2605 5733 2669 5788; x_wconf 90' lang='lat' dir='ltr'><strong>de</strong></span> <span class='ocrx_word' id='word_1_890' title='bbox 2704 5732 2842 5786; x_wconf 89' lang='lat' dir='ltr'><strong>bene</strong></span> <span class='ocrx_word' id='word_1_891' title='bbox 2887 5728 3045 5784; x_wconf 83' lang='lat' dir='ltr'><strong>factis</strong></span> <span class='ocrx_word' id='word_1_892' title='bbox 3078 5728 3250 5796; x_wconf 86' lang='lat' dir='ltr'><strong>deque</strong></span> <span class='ocrx_word' id='word_1_893' title='bbox 3282 5720 3583 5779; x_wconf 84' lang='lat' dir='ltr'><strong>virtutibus</strong></span> 
     </span>
    </p>
   </div>
  </div>
