3904 6216
309 273 444 336 1237

1360 278 1647 340 ORATIO
1690 281 1771 340 ΙΝ
1816 281 1879 342 S.
1929 284 2508 348 AGATHONICUM.

3422 301 3557 364 1238

304 387 481 448 οὐδὲν,
522 384 572 437 εί
622 385 697 455 μὴ
732 385 896 456 μόνον
927 388 987 442 τὸ
1021 389 1279 443 ἐκπεσεῖν
1306 391 1407 460 τῆς
1448 391 1538 445 τοῦ
1575 392 1712 445 Θεοῦ
1747 393 1929 461 φιλίας
1960 398 2055 448 καὶ
2098 397 2456 468 οἰκειότητος·
2497 399 2799 470 παρθενίαν
2824 402 2881 456 δὲ
2936 405 3029 458 καὶ
3063 412 3421 482 σωφροσύνην
3459 418 3557 485 τὴν

304 477 531 549 πλησίον
569 480 665 531 καὶ
697 480 837 550 μετά
864 482 1111 551 ἀγγέλων
1140 483 1269 548 τους
1301 484 1622 569 ἀνθρώπους
1653 486 1912 551 τιθεῖσαν,
1946 488 2027 551 τίς
2058 488 2227 551 οὕτως
2261 491 2335 551 ὡς
2370 490 2526 555 οὗτος
2556 492 2878 562 ἠγάπησεν;

1729 604 1797 657 Et
1835 622 1961 676 pag.
2000 604 2105 661 769
2139 621 2151 657 :

372 714 506 780 Θεδς
535 714 662 778 τοὺς
687 715 1011 782 δοξάζοντας
1042 716 1207 771 αὐτὸν
1231 718 1448 784 δοξάζει
1479 720 1688 775 καὶτὸν
1712 723 1845 776 αὐτο

1955 780 1957 788 λ
2058 725 2199 783 Deus
2249 730 2340 797 qui
2404 747 2590 787 servos
2643 750 2773 791 suos
2828 739 3112 809 gloriﬁcat,
3160 743 3555 813 Agathonicum

306 807 563 879 μάρτυρα
601 808 979 876 Ἀγαθόνικον,
1024 809 1122 862 σὺν
1157 810 1340 876 πολλῷ
1372 811 1450 880 τῷ
1494 814 1741 884 περιόντι
1782 816 1874 867 καὶ

300 902 400 971 τὴν
427 900 538 952 τῶν
572 899 870 968 θαυμάτων
912 901 1197 969 ινέργειαν
1230 902 1626 972 ἀποχαρίζεται
1657 906 1722 958 ὲκ
1748 905 1872 958 τότε

299 990 398 1044 καὶΙ
428 990 595 1059 μέχρι
629 988 727 1043 τοῦ
754 990 867 1055 νῦν,
898 993 1041 1045 κατὰ
1062 991 1162 1064 τὴν
1188 992 1345 1060 πόλιν
1371 993 1464 1046 τοῦ
1499 995 1724 1063 Σήλυος,
1752 997 1871 1049 καθ’

298 1083 366 1153 ἣν
394 1082 533 1150 δῆτα
564 1082 658 1135 καὶ
682 1083 715 1151 ἡ
740 1082 931 1134 τούτου
985 1085 1264 1154 μαρτυρία
1315 1086 1609 1155 γεγένηται
1635 1104 1875 1156 περιφα-

296 1174 402 1235 νῶς
451 1174 545 1226 καὶ
577 1173 808 1237 ἐνδόξως
833 1190 845 1204 ⁸
900 1174 1152 1246 καθάπερ
1177 1176 1399 1241 ὲδόξασε
1453 1180 1548 1232 καὶ
1586 1180 1643 1232 ἐν
1677 1178 1867 1242 ἄλλαις

297 1267 518 1320 πόλεσιν
542 1266 762 1335 ἐτέρους
793 1266 1083 1337 μάρτυρας
1130 1268 1206 1331 ὡς
1245 1268 1437 1338 ίσμεν·
1474 1270 1566 1324 τόν
1625 1287 1685 1324 τε
1712 1286 1869 1339 περι-

294 1358 437 1430 φανῆ
476 1357 680 1429 δηλαδὴ
714 1357 810 1411 καὶ
835 1359 1231 1429 τροπαιοφόρον
1260 1359 1571 1429 Γεὼργιον,
1602 1363 1659 1413 ὲν
1704 1363 1864 1417 Καπ-

293 1450 523 1521 παδοκία
554 1451 653 1520 τῆς
701 1451 1083 1520 Καισαρείας·
1137 1452 1230 1504 τόν
1277 1468 1335 1504 τε
1374 1454 1706 1522 στεφανίτην
1765 1457 1865 1507 καὶ

295 1540 644 1612 μυροϐλύτην
695 1542 1011 1611 Δημήτριον
1042 1541 1100 1592 ἑν
1134 1540 1425 1611 Θετταλίᾳ·
1474 1542 1741 1645 ὲν“Ἰίύρῳ

294 1633 660 1705 περίϐλεπτον
690 1632 784 1685 καὶ
812 1630 958 1685 θεῖον
980 1632 1284 1701 Θεόδωρον·
1324 1632 1418 1687 καὶ
1450 1634 1509 1686 ὲν
1536 1634 1729 1699 ἄλλαις
1769 1631 1865 1687 ἆλὶ

292 1725 440 1789 λους,
471 1724 567 1777 καὶ
590 1723 815 1795 ἑτέρους
842 1725 898 1776 ἐν
923 1724 1143 1793 ἑτέραις
1164 1737 1179 1752 ⁸
1213 1724 1309 1777 καὶ
1344 1725 1489 1793 μάλα
1515 1725 1763 1787 είκότως.
1799 1726 1863 1780 Ei

292 1817 401 1887 γὰρ
462 1816 572 1878 τοῖς
606 1814 834 1884 Ἕλλησι
906 1813 1119 1878 πάλαι,
1166 1817 1278 1879 τοῖς
1306 1832 1366 1868 τε
1414 1815 1672 1884 Θηϐαίοις
1721 1815 1863 1884 λέγω

294 1907 559 1976 Πίνδαρον
582 1905 1001 1975 παρασχέσθαι,
1037 1905 1129 1957 καὶ
1169 1904 1422 1970 Βοιωτοῖς
1463 1906 1727 1973 Ἡσίοδον,
1765 1911 1860 1962 καὶ

1978 829 2197 885 quoque
2226 819 2294 872 ab
2356 821 2510 876 initio
2561 840 2733 893 usque
2784 844 2933 884 nunc
2974 831 3235 890 facultate
3293 839 3552 895 miracula

1978 909 2235 973 operandi
2274 910 2487 985 mirum
2524 913 2577 967 in
2608 917 2826 971 modum
2860 920 3088 979 donavit
3124 926 3178 980 in
3209 927 3385 1000 Selyis
3416 937 3553 990 urbe

1973 1011 2093 1065 quae
2142 1002 2386 1070 martyrii
2424 1004 2544 1072 ejus
2587 1009 2740 1062 testis
2786 1009 2984 1077 fuerat,
3036 1019 3177 1071 sicut
3238 1023 3379 1076 etin
3428 1029 3551 1083 aliis

1975 1087 2205 1143 urbibus
2261 1092 2403 1147 alios
2451 1107 2722 1166 martyres
2785 1102 3132 1172 gloriﬁcavit,
3184 1122 3312 1168 ante
3357 1132 3550 1174 omnes

1971 1175 2263 1251 Georgium
2299 1182 2563 1242 Cmsareie
2594 1190 2967 1261 Cappadociae,
3003 1197 3331 1257 Demetrium
3366 1207 3547 1277 Myro-

1970 1267 2153 1338 blyten
2188 1270 2245 1325 in
2276 1271 2580 1339 Thessalia,
2618 1277 2742 1348 Tyri
2786 1281 3053 1352 insignem
3085 1287 3330 1344 divinum
3366 1267 3547 1351 Theo-

1968 1357 2188 1425 dorum,
2252 1362 2388 1417 alios
2448 1366 2599 1420 alibi.
2634 1369 2747 1424 Nec
2800 1375 3018 1431 mirum.
3087 1378 3140 1431 Si
3201 1384 3347 1435 enim
3403 1388 3545 1441 inter

1968 1446 2188 1505 Graecos
2254 1452 2523 1512 Pindarus
2599 1460 2817 1527 quidem
2871 1464 3076 1521 Thebis
3148 1472 3343 1526 honori
3418 1478 3540 1542 fuit,

1968 1537 2191 1595 Boeotiis
2253 1543 2561 1611 Hesiodus,
2620 1548 2887 1608 Homerus
2946 1555 3278 1627 Smyrnaeis,
3340 1581 3544 1633 quanto

1969 1633 2142 1701 magis
2171 1633 2237 1687 de
2267 1637 2632 1704 Agathonico,
2663 1643 2833 1696 nobili
2859 1645 3107 1704 veritatis
3135 1667 3543 1724 propugnatore

1969 1720 2190 1790 gloriari
2225 1723 2389 1779 licet!
2421 1729 2737 1802 quicunque
2764 1725 2911 1789 e'nim
2967 1740 3022 1793 in
3062 1720 3265 1798 celebri
3318 1720 3541 1819 —Sclym-

1964 1810 2112 1876 bria,
2154 1824 2249 1869 aut
2297 1817 2401 1871 alia
2441 1821 2653 1877 vicinia:
2706 1826 2862 1893 urbe,
2931 1832 3123 1887 morbo
3172 1836 3354 1906 aliquo
3390 1810 3542 1896 labo-

1966 1912 2152 1958 rantes
2181 1905 2246 1960 ad
2276 1911 2528 1980 martyris
2556 1916 2730 1970 nostri
2755 1917 2922 1973 divini
2954 1924 3264 1992 sepulcrum
3314 1946 3535 1997 venere,

290 1998 616 2069 Σμυρναίοις
640 1999 888 2067 Ὅμηρον
918 1997 1011 2050 καὶ
1037 1997 1218 2060 ἄλλοις
1251 1998 1409 2052 ἀλλον
1424 2001 1527 2125 *εἰς’
1549 1999 1851 2125 φιλοτιμίαν

290 2092 441 2125 κέλ..
500 2092 652 2125 ...Αωη
679 2088 879 2125 "manu
914 2090 1055 2125 ετνλρ
1088 2089 1228 2125 ..ενι-
1258 2106 1418 2125 MM...
1448 2110 1475 2125 ..
1534 2108 1573 2125 η.
1620 2108 1696 2125 η...
1724 2108 1755 2125 ..
1807 2109 1851 2125 ,μ

1955 1992 2173 2050 ’relictis
2212 2001 2467 2055 omnibus
2499 2006 2814 2061 morbormn
2848 2014 3088 2083 vestigiis
3120 2018 3531 2089 abscesserunt,

1967 2098 2220 2125 maonnm
2255 2087 2651 2125 Aanilmninnm
2675 2098 2967 2125 “mh”...
2994 2106 3169 2125 --.:-_
3190 2122 3204 2125 _
3270 2119 3280 2125 .
3317 2111 3329 2125 .
3491 2115 3501 2125 .

288 2092 466 2161 φέρει,
500 2092 652 2160 πόσῳ
678 2088 879 2159 μᾶλλον
912 2090 1055 2153 εἰκὸς
1088 2089 1231 2159 μέγα
1258 2092 1475 2161 φρονεῖν
1504 2091 1593 2144 ἐπὶ
1620 2091 1696 2160 τῷ
1722 2092 1851 2162 μάρ-

1966 2098 2221 2152 magnum
2250 2087 2651 2158 Agathonicum
2674 2098 2968 2164 gratiarum
2993 2106 3209 2161 actione
3232 2119 3286 2162 et
3316 2111 3534 2179 hymnis

287 2200 412 2252 τυρι
458 2181 792 2250 ’Δγαθονίκῳ
836 2181 914 2251 τῷ
947 2181 1182 2250 γενναίῳ
1213 2183 1311 2251 τῆς
1363 2181 1623 2252 ἀληθείας
1655 2185 1858 2252 ἀγωνι-

289 2277 414 2344 στῇ.
458 2274 679 2327 Ὁπόσοι
701 2274 810 2345 γὰρ
844 2273 1144 2343 τηνικαῦτα
1176 2275 1235 2327 ὲν
1266 2277 1333 2345 τῇ
1368 2275 1664 2345 περιφανεῖ
1702 2275 1855 2329 πόλει

288 2370 430 2441 Σηλυ
442 2369 614 2440 μϐρίᾳ
638 2369 733 2423 καὶ
757 2370 869 2431 τοῖς
896 2370 1023 2438 περὶ
1053 2367 1221 2438 αὐτὴν
1244 2367 1462 2438 χωρίοις
1493 2369 1743 2439 πονήρως
1764 2370 1857 2423 καὶ

287 2459 528 2522 ἀσθενῶς
556 2448 901 2524 κατέκειντο,
930 2458 1179 2521 ἐλθόντες
1213 2459 1279 2527 τῇ
1312 2458 1406 2512 τοῦ
1456 2460 1603 2511 θείου
1640 2460 1852 2530 μάρτυ-

290 2569 381 2624 ρος
399 2552 594 2606 τούτου
621 2551 767 2622 σορῷ
792 2548 1204 2622 ἀπηλλάττοντο
1236 2553 1331 2605 καὶ
1360 2551 1480 2606 οὐδὲ
1527 2554 1668 2623 ίχνος
1698 2554 1856 2609 ἀσθε-

288 2645 435 2707 νείας
460 2643 597 2706 ὅλως
618 2643 958 2713 κατείχοντο.
986 2641 1152 2696 ’Ὀθεν
1174 2643 1368 2712 καὶτῷ
1402 2644 1854 2717 μεγαλομάρτυρι

298 2735 633 2805 Ἀγαθονίκῳ
660 2737 757 2798 τὰς
806 2736 1161 2807 εὐχαριστίας
1205 2737 1297 2789 καὶ
1344 2738 1618 2808 ὑμνῳδίας
1654 2742 1853 2811 προσέ-

286 2845 475 2899 φερον.
505 2829 619 2898 Ούχ
643 2822 807 2898 ἦττον
834 2827 878 2880 δ’
901 2828 960 2892 ἐξ
984 2829 1193 2881 ἐκείνου
1218 2834 1312 2882 καὶ
1335 2831 1605 2902 ὁσημέραι
1627 2832 1853 2887 τοιαῦτα

283 2924 427 2974 ποιεῖ
452 2920 730 2989 θαυμάσια
759 2920 792 2989 ἡ
823 2920 941 2973 θεία
966 2920 1111 2983 κάρα
1133 2920 1321 2984 αὑτοῦ,
1354 2923 1505 2974 ἐσαεὶ
1534 2922 1705 2986 ίὰσεις
1732 2926 1852 2977 ἑπι-

246 3060 247 3063 η
283 3011 516 3066 τελοῦσα
546 3014 642 3066 καὶ
687 3013 1072 3082 θεραπεύουσα
1108 3014 1294 3065 πᾶσαν
1345 3013 1497 3065 νόσον
1543 3016 1636 3068 καὶ
1668 3017 1851 3071 πᾶσαν

285 3104 583 3174 μαλακίαν·
612 3102 674 3157 τὸ
701 3102 807 3173 γὰρ
841 3101 1028 3172 ἕτερον
1062 3103 1242 3171 σῶμα,
1274 3104 1434 3166 ἄλλος
1477 3105 1608 3159 ἄλλο
1659 3109 1848 3178 μέρος,

282 3197 378 3249 καὶ
410 3195 596 3265 ἕτερος
618 3195 806 3266 ἕτερον
853 3194 960 3246 τῶν
989 3195 1233 3248 εὐσεϐῶν
1286 3196 1393 3248 τῶν
1428 3213 1487 3249 τε
1538 3198 1730 3268 πόρρω
1754 3201 1849 3252 καὶ

279 3286 389 3340 τῶν
418 3285 585 3353 ἐγγὺς
609 3284 670 3350 ἐξ
710 3283 932 3353 ἀγάπης
965 3285 1425 3355 διαμερισάμενος
1473 3289 1601 3357 παρ’
1633 3288 1846 3352 ἑαυτοῖς

280 3376 597 3446 κατείχοντο
624 3374 998 3444 φυλακτήριον
1016 3390 1028 3402 ’
1064 3374 1197 3427 ἔνιοι
1242 3375 1299 3428 δέ
1332 3391 1502 3442 φασιν
1528 3376 1599 3440 ὡς
1625 3378 1847 3431 Λατίνοι

1965 2178 2287 2235 cxaltantes.
2322 2181 2441 2237 Non
2471 2186 2651 2241 minus
2682 2200 2863 2247 autem
2893 2195 3017 2251 inde
3045 2199 3112 2252 ab
3146 2200 3253 2257 isto
3287 2214 3533 2276 tempore

1960 2280 2210 2324 sanctum
2269 2274 2442 2343 ipsius
2482 2289 2645 2347 caput
2679 2284 2923 2351 quotidie
2957 2290 3215 2346 miracula
3245 2274 3528 2364 Opera—tur,

1967 2362 2189 2417 morbos
2244 2380 2309 2420 ac
2358 2370 2540 2423 omnia
2600 2371 2977 2433 inﬁrmitalutn
3026 2398 3220 2452 genera
3266 2394 3526 2448 sanando.

1959 2448 2167 2505 Caetera
2230 2455 2375 2511 enim
2430 2463 2677 2530 corporis
2727 2464 2891 2536 hujus
2940 2477 3115 2528 sancti
3164 2482 3408 2535 membra
3443 2487 3529 2552 pia

1963 2556 2187 2611 corpora
2219 2545 2376 2618 longe
2403 2550 2619 2621 lateque
2642 2567 2832 2613 sortita
2860 2571 2918 2615 ut
2946 2565 3138 2621 salutis
3163 2570 3529 2631 instrumenta

1920 2694 1923 2695 ν
1960 2646 2314 2693 venerantur.
2369 2640 2509 2699 Sunt
2540 2647 2628 2715 qui
2664 2648 2846 2705 dicant
2880 2657 3024 2722 quod
3065 2657 3239 2714 Latini
3277 2676 3399 2731 post
3436 2684 3529 2721 cx-

1960 2738 2251 2797 pugnatam
2304 2736 2505 2804 regiam
2569 2740 2793 2808 urbem,
2847 2743 2970 2817 Sely
3022 2765 3239 2821 quoque
3284 2770 3396 2809 sure
3443 2760 3529 2812 di-

1962 2816 2128 2875 tionis
2166 2820 2328 2888 facta,
2367 2830 2624 2899 martyris
2659 2847 2863 2903 corpus
2900 2838 2953 2891 in
2987 2843 3267 2912 antiquam
3301 2846 3528 2905 Romani

1959 2914 2101 2964 sicut
2154 2913 2417 2983 plurimas
2475 2922 2610 2975 alias
2660 2924 2921 2993 reliquias
2975 2944 3348 3000 asportarunt.
3411 2942 3527 2996 Itali

1958 3004 2103 3058 enim
2126 3007 2327 3076 regiam
2357 3011 2544 3065 urbem
2570 3029 2668 3081 per
2687 3017 3083 3091 quinquaginta
3114 3039 3322 3096 septem
3351 3048 3528 3088 annos

1960 3096 2070 3150 Deo
2143 3100 2360 3156 volente
2424 3120 2486 3158 ac
2552 3110 2948 3177 permittente,
3015 3125 3302 3176 tenuerant
3364 3136 3527 3194 atque

1956 3200 2119 3255 opera
2154 3191 2287 3245 artis
2320 3199 2537 3264 egregia
2575 3214 2638 3252 ac
2671 3203 2980 3270 magniﬁca.
3006 3207 3216 3266 Phidia:
3244 3229 3306 3268 ac
3339 3217 3528 3271 Praxi—

1957 3277 2079 3331 telis
2108 3279 2269 3346 dico;
2310 3297 2503 3336 aurum
2541 3302 2705 3354 porro
2735 3302 2789 3344 et
2836 3305 3145 3365 argentum,
3209 3310 3527 3372 margaritas

1954 3376 2011 3421 et
2045 3368 2254 3438 lapides
2288 3374 2579 3441 pretiosos,
2607 3382 2935 3439 vestimenta
2968 3387 3152 3443 divina
3182 3400 3236 3445 et
3268 3368 3523 3451 sacerdo-

278 3469 412 3524 αὐτὸ
438 3436 807 3539 ῖφευρηκότες
846 3436 1050 3537 μαλλον
1073 3436 1357 3530 ἐνταυθοῖ..
1376 3469 1540 3536 ἡνίκα
1567 3436 1665 3540 τὴν
1694 3468 1847 3539 βασι-

1957 3457 2082 3512 talia
2128 3473 2159 3513 e
2213 3463 2427 3531 templis
2484 3482 2547 3520 ac
2588 3468 2845 3528 domibus
2897 3479 3062 3546 regiis
3109 3497 3172 3535 ac
3232 3491 3524 3546 senatoriis

280 3562 546 3616 λεύουσαν
575 3561 733 3614 πόλιν
788 3560 1072 3630 κατέσχον,
1126 3560 1220 3613 καὶ
1258 3560 1467 3631 ταύτην
1501 3563 1594 3614 τοῦ
1647 3562 1849 3625 Σήλυος

282 3656 493 3726 πρόαγε
536 3657 658 3719 ταῖς
703 3651 916 3719 ἄλλαις,
972 3652 1257 3719 ἀφείλοντο
1309 3652 1368 3705 τὸ
1418 3653 1515 3707 τοῦ
1570 3654 1849 3724 μάρτυρος

279 3745 456 3813 σῶμα,
480 3744 576 3797 καὶ
609 3744 749 3813 πρὸς
771 3745 867 3814 τὴν
890 3743 1267 3813 πρεσϐυτέραν
1298 3742 1522 3813 Ῥώμην
1541 3744 1846 3815 ἐπήγαγον,

276 3835 533 3905 καθάπερ
554 3836 645 3888 καὶ
671 3834 807 3889 ἄλλα
842 3834 1067 3888 πλεῖστα
1090 3833 1197 3887 τῶν
1225 3835 1397 3903 ἁγίων
1419 3834 1708 3905 λειψάνων.
1736 3835 1848 3907 Τὴν

275 3931 382 3996 γὰρ
414 3927 683 3995 βασιλίδα-
705 3927 815 3982 τῶν
873 3926 1082 3979 πόλεων
1129 3927 1496 3996 κατασχόντες
1544 3929 1593 3981 οἱ
1657 3928 1847 3983 Ἰταλοὶ

275 4016 501 4085 χρόνους
529 4016 668 4068 ἑπτὰ
702 4017 843 4086 πρὸς
871 4018 978 4079 τοῖς
1012 4015 1349 4086 πεντήκοντα
1375 4016 1583 4081 τούτοις
1624 4017 1845 4072 δουλεύ-

272 4124 439 4161 ουσαν
476 4109 644 4179 ἀνοχῇ
677 4110 770 4162 xci.
804 4109 1196 4178 παραχωρήσει
1229 4108 1386 4172 Θεοῦ,
1417 4111 1466 4163 οί
1501 4112 1594 4165 καὶ
1627 4113 1846 4183 ἀφῃρη-

273 4198 425 4265 μένοι
451 4200 629 4251 πάντα
658 4200 727 4251 τὰ
760 4200 1034 4267 προσόντα
1064 4200 1199 4269 αύτῇ
1231 4200 1499 4255 κᾶλλιστα
1538 4201 1677 4272 ἔργα
1712 4204 1841 4257 θαύ-

273 4308 441 4360 ματος
476 4294 567 4344 καὶ
600 4292 919 4362 ἐκπλήξεως
953 4292 1194 4361 γέμοντα
1226 4295 1322 4346 καὶ
1350 4295 1546 4364 ἡδονῆς
1573 4297 1840 4366 ἀρρήτου,

268 4384 478 4437 Φειδίου
511 4386 653 4455 φημὶ
698 4384 795 4437 καὶ
842 4384 1225 4454 Πραξιτέλουςδ
1254 4386 1332 4438 ἔτι
1384 4386 1442 4439 δὲ
1488 4387 1690 4457 χρυσὸν
1748 4391 1840 4441 καὶ

272 4476 515 4545 ἄργυρον
544 4478 636 4527 καὶ
668 4475 910 4544 διαυγεῖς
946 4475 1263 4545 μαργάρους
1294 4476 1385 4528 καὶ
1411 4476 1594 4540 λίθους
1622 4478 1839 4547 τιμίους

272 4571 368 4621 καὶ
401 4568 717 4630 πολυτελεῖς
750 4568 842 4620 καὶ
884 4567 1068 4620 πέπλα
1099 4566 1215 4620 θεῖα
1246 4566 1340 4620 καὶ
1379 4569 1502 4635 ίερά
1533 4567 1597 4623 ἐκ
1630 4587 1688 4622 τε
1730 4570 1838 4625 τῶν

272 4662 433 4714 θείων
462 4660 629 4726 ναῶν,
657 4658 719 4712 ἐκ
747 4675 805 4711 τε
835 4659 943 4711 τῶν
984 4658 1271 4727 βασιλείων
1297 4661 1482 4726 οἴκων,
1527 4662 1593 4714 ἐκ
1638 4679 1698 4716 τε
1727 4661 1838 4715 τῶν

1950 3546 2193 3617 ejusdem
2227 3552 2375 3607 urbis
2406 3555 2785 3628 abstulerunt;
2820 3558 2958 3633 quos
2983 3578 3260 3636 postremo
3288 3573 3520 3633 Michael

1948 3636 2285 3712 Palaeologus
2310 3643 2550 3716 Angelus
2578 3648 2595 3702 Ι
2624 3649 2919 3721 imperator
2959 3673 3118 3712 manu
3162 3662 3520 3737 fortissimus,

1949 3730 2178 3800 expulit.
2213 3734 2283 3788 At
2322 3748 2610 3808 pOStquam
2657 3741 2713 3795 in
2748 3745 2923 3813 primo
2956 3749 3075 3804 loco
3106 3757 3436 3815 constitutus
3465 3774 3518 3817 et

1948 3823 2192 3879 omnium
2223 3838 2351 3882 ante
2385 3829 2561 3897 ipsum
2610 3833 2999 3903 imperatorum
3052 3844 3289 3902 honores
3320 3865 3381 3905 ac
3412 3855 3520 3921 pri-

1948 3915 2141 3988 vilegia
2190 3919 2420 3989 adeptus
2450 3935 2617 3988 esset,
2655 3940 2952 3998 postremo,
3000 3936 3263 4007 gliscente
3310 3943 3514 4001 invidia

1944 4008 2159 4066 civibus
2211 4011 2371 4068 bonis
2424 4014 2654 4072 infestus
2706 4031 2762 4076 et
2810 4027 2950 4079 mala
3009 4041 3191 4084 tuente
3236 4034 3377 4088 sicut
3438 4039 3525 4090 illi.

1944 4116 2066 4158 esse
2089 4104 2273 4175 coepit,
2303 4123 2412 4177 quo
2454 4109 2654 4166 factum
2695 4125 2778 4169 est
2826 4102 2885 4171 ut
2918 4120 3165 4189 gloriam,
3198 4125 3306 4179 imo
3330 4133 3521 4185 omnia.

1944 4194 2213 4252 amiserit.
2264 4198 2478 4265 Corpus
2510 4218 2641 4257 vero
2670 4206 2790 4275 ejus
2830 4211 2883 4264 in
2939 4213 3101 4283 hujus
3157 4219 3329 4287 Selyis
3382 4226 3514 4278 urbe

1943 4286 2001 4340 in
2061 4293 2397 4347 monasterio
2442 4293 2737 4353 Salvatoris
2796 4309 2851 4355 ct
2895 4304 3262 4366 misericordis
3309 4313 3513 4373 Christi

1944 4378 2299 4436 tumefactum
2341 4383 2489 4453 jacet
2532 4398 2753 4456 propter
2776 4407 3158 4463 angescentem
3203 4405 3508 4477 doguiatum

1941 4475 2333 4545 corruptelam,
2365 4493 2431 4533 ex
2465 4496 2577 4550 quo
2604 4492 2827 4541 sanctus
2855 4503 2919 4544 ac
2950 4490 3169 4548 divinus
3201 4500 3509 4565 patriarcha

1940 4567 2207 4623 Arscnius
2262 4568 2442 4639 ipsum
2490 4577 2977 4637 anathematizavit
3026 4586 3150 4655 quia
3202 4604 3425 4660 regnum
3477 4612 3507 4647 a

1940 4659 2051 4713 [ilio
2133 4660 2407 4718 Theodori
2460 4664 2713 4725 Lascaris
2800 4677 3104 4743 usurpavit.
3164 4659 3287 4735 llaec
3342 4684 3509 4753 igitur

272 4750 884 4822 συγκλητικῶνάνδρῶν
915 4750 1134 4803 καὶτῶν
1155 4751 1455 4820 οἰκητόρων
1480 4753 1710 4821 ταυτησὶ
1739 4753 1839 4823 τῆς

1955 4753 2205 4809 miracula
2234 4771 2449 4812 sacrum
2492 4764 2747 4833 martyris
2798 4767 2967 4819 nostri
3014 4779 3179 4832 caput
3228 4786 3504 4841 operatur,

267 4842 495 4903 πόλεως.
529 4836 691 4903 Αὖθις
726 4839 864 4892 Θεοῦ
897 4838 1223 4907 βουλομένου
1257 4842 1284 4891 ὁ
1318 4840 1832 4909 στρατηγικώτατος

266 4933 521 5003 βασιλεὺς
570 4933 788 5002 Μιχαὴλ
842 4930 1204 4998 Παλαιολόγος
1233 4931 1447 5000 πρῶτος
1484 4933 1512 4984 ό
1545 4932 1829 5001 Ἄγγελος,

262 5026 481 5085 τούτους
510 5024 761 5090 ἐξέωσενο
798 5024 856 5085 ὃς
884 5024 940 5074 ὲν
965 5024 1077 5083 τοῖς
1105 5020 1341 5091 πρώτοις
1371 5023 1705 5092 ἀριστεύσας
1738 5026 1830 5075 καὶ

262 5119 331 5170 τὰ
364 5116 626 5185 πρεσϐεῖα
663 5114 878 5167 πάντων
921 5113 1032 5165 τῶν
1088 5113 1173 5165 πώ
1220 5128 1347 5165 ποτε
1395 5113 1658 5180 βασιλέων
1688 5118 1828 5168 ἀνει-

264 5207 491 5277 ληφὼς,
542 5208 600 5259 ὲν
639 5208 747 5267 τοῖς
805 5204 1134 5267 τελευταίοις
1190 5204 1335 5271 οἴμοι
1394 5206 1573 5275 φθόνῳ
1616 5208 1825 5271 τούτοις

1942 4846 2161 4901 morbos
2211 4850 2456 4903 sanando
2513 4853 2858 4919 multifarios,
2897 4865 2955 4908 ut
3014 4861 3209 4927 capitis
3260 4863 3500 4929 dolores,

1941 4937 2141 5001 febres,
2180 4942 2420 4994 membra
2457 4944 2579 5011 gelu
2627 4948 2945 5001 constricta.
2979 4947 3155 5014 Quare
3192 4954 3281 5009 hic
3322 4971 3502 5011 sermo

1940 5028 2044 5084 tria
2066 5029 2281 5083 illorum
2314 5032 2705 5088 miraculorum
2742 5037 3160 5107 demonstrabit,
3186 5055 3292 5100 tam
3321 5059 3499 5103 vetera

1936 5135 2097 5189 quam
2126 5124 2396 5189 recentia;
2424 5134 2618 5179 czetera
2650 5142 2889 5197 namque
2911 5131 3161 5189 lubenter
3191 5140 3496 5207 prieteribo.

1936 5207 2235 5279 Imperator
2274 5210 2489 5266 Manuel
2517 5216 3080 5289 Porphyrogenitus...

262 5303 447 5366 καλοῖς
480 5301 888 5372 βασκαίνοντος,
940 5299 1006 5350 τὰ
1039 5298 1262 5350 ἐκείνων
1313 5301 1526 5363 φρονῶν
1578 5301 1798 5372 εὑρέθη·
1832 5303 1927 5355 καὶ
1967 5303 2141 5376 ταύτῃ
2168 5322 2230 5373 γε
2267 5308 2505 5377 μάλιστα
2555 5316 2613 5365 τὸ
2662 5316 2914 5372 πλεῖστον
2943 5321 3053 5388 ιτῆς
3084 5321 3265 5392 δόξης,
3308 5326 3339 5394 ἤ
3372 5330 3495 5396 τάγε

263 5398 627 5425 .n..nz-----..
665 5398 841 5425 ..ι-,τη
896 5398 1114 5425 ...ιη-..η
1148 5392 1399 5425 ,τηρηςφλ
1437 5411 1493 5425 ρ.-
1546 5400 1634 5425 ..ηι
1674 5396 1976 5425 ...ληιηαωι
2002 5414 2019 5425 .
2074 5400 2161 5425 ...Α
2225 5401 2371 5425 1..-:
2406 5404 2492 5425 --τ
2545 5406 2639 5425 ιαμ
2890 5414 2899 5425 .
3076 5416 3105 5425 ,ς
3330 5422 3335 5425 .
3441 5423 3447 5425 .

260 5398 627 5470 ἀληθέστερον
663 5398 859 5462 είπεῖν,
895 5398 1114 5468 σύμπαν
1145 5392 1399 5465 ἀφείλετό
1437 5411 1495 5445 τε
1546 5400 1639 5449 καὶ
1674 5396 1977 5467 περιῄρητο
2002 5414 2019 5430 ο
2074 5400 2167 5451 καὶ
2224 5401 2282 5451 ὲν
2310 5403 2374 5471 τῇ
2404 5404 2495 5454 τοῦ
2544 5406 2743 5476 Σήλυος
2805 5414 2974 5485 ταύτῃ
3020 5416 3174 5467 πόλει
3212 5392 3350 5471 κατᾷ
3400 5392 3496 5492 dp,

259 5498 354 5550 τοῦ
385 5496 640 5566 Σωτῆρος
684 5497 780 5551 καὶ
820 5498 1223 5565 πανελεήμονος
1268 5498 1504 5566 Χριστοῦ
1558 5497 1729 5565 μονὴν
1775 5498 1834 5549 τὸ
1877 5497 2040 5550 αὐτοῦ
2107 5500 2267 5569 σῶμα
2312 5504 2745 5572 κατακείμενον,
2791 5508 3090 5580 καθορᾶται
3139 5515 3493 5587 όγκούμενος,

259 5593 344 5626 Μ.
391 5595 494 5626 -.ι...
533 5592 815 5626 ..ηραν-τη...
845 5593 954 5626 υτ...
987 5592 1271 5626 smmi...“
1298 5592 1595 5626 κηρυκι...
1628 5592 1845 5626 ..κυνέη
1892 5610 1951 5626 ν.
1987 5594 2093 5626 ηε...
2151 5598 2238 5626 ..-ι
2278 5596 2365 5626 Μ.
2406 5600 2497 5626 ,λη
2530 5605 2898 5626 _-__.--...--n1,
2927 5623 2973 5626 ,ν
3028 5625 3050 5626 η
3131 5610 3143 5625 .
3216 5614 3225 5625 .
3308 5611 3331 5620 -
3374 5612 3385 5626 .

258 5593 345 5647 διὰ
391 5595 494 5665 τὴν
533 5592 815 5663 προϐἄσαν
845 5593 954 5647 τῶν
985 5592 1271 5661 δογμάτων
1298 5592 1595 5661 διαφοράν
1628 5592 1850 5662 προσέτι
1892 5610 1954 5661 γε
1986 5594 2114 5666 μὴν,
2151 5598 2244 5651 καὶ
2277 5596 2365 5652 διὰ
2406 5600 2497 5652 τὸν
2529 5605 2989 5674 προσφωνηθέντα
3025 5610 3143 5661 κατ’
3168 5611 3333 5664 αὑτοῦ
3362 5612 3491 5680 ἀρφ,
