3904 6216
455 241 593 307 12³9

1877 244 2267 311 ADDENDA.

3509 247 3607 312 mil

454 356 652 427 ρισμδν
683 354 834 426 παρὰ
866 354 963 409 τοῦ
1016 354 1327 425 ἁγιωτάτου
1373 356 1471 408 καὶ
1523 354 1805 410 θειοτάτου
1842 354 2185 426 πατριάρχου
2222 355 2523 425 Ἀρσενίου·
2581 354 2656 421 ὡς
2702 356 3167 428 σφετερισάμενον
3197 356 3288 424 ξὺν
3326 358 3441 429 δόλῳ
3474 378 3521 413 τε
3545 364 3611 431 τῆς

454 453 732 522 βασςλείας
787 456 965 526 ἀρχὴν
993 454 1054 518 ἐξ
1105 451 1222 506 υἱοῦ
1277 451 1558 523 Θεοδώρου
1593 452 1689 506 τοῦ
1743 453 2065 523 Δασκάρης.
2120 452 2331 507 Οὐκοῦν
2364 452 2597 505 τοιαῦτα
2648 452 2793 506 ποιεῖ
2836 450 3123 523 θαυμάσια
3167 453 3201 522 ἡ
3249 451 3359 507 θεία
3394 454 3517 524 κάρα
3547 456 3614 510 τοῦ

455 547 738 619 μάρτυρος
785 547 1070 618 διηνεκῶς,
1122 546 1296 609 ἰάσεις
1328 542 1655 599 ὲπιτελοῦσα
1685 547 1767 609 είς
1818 546 1969 618 πάθη
2014 545 2355 601 παντοδαπά·
2389 545 2470 609 εἷς
2497 563 2557 599 τε
2600 545 2904 615 ἀλγηδόνας
2936 545 3213 614 κεφαλῶν
3242 546 3332 598 καὶ
3373 546 3616 617 ἀρρωστίας

454 642 763 705 σωμάτων’
802 644 881 707 είς
938 643 1183 706 διακαείς
1242 642 1512 712 πυρετούς
1544 659 1603 695 τε
1635 641 1732 696 καὶ
1778 641 2106 713 ῥιγώσεις..
2133 683 2147 695 .
2196 643 2442 711 Δηλώσει
2488 644 2545 697 δὲ
2588 643 2684 697 νῦν
2728 646 2757 697 ὁ
2807 642 2967 711 λόγος
3014 644 3144 715 τρία
3172 645 3290 697 τινὰ
3331 646 3427 699 τῶν
3464 645 3618 699 ἐκείνου

454 739 753 808 θαυμάτων
783 739 892 793 τῶν
938 740 1110 794 πάλαι
1141 741 1237 793 καὶ
1277 739 1373 793 νῦν
1397 757 1412 772 ⁸
1438 740 1509 793 τὰ
1530 740 1574 793 δ’
1608 740 1746 794 ἄλλα
1776 740 1917 794 ἑκὼν
1949 740 2361 811 ὑπερϐήσομαι.
2398 739 2665 802 Βασιλεὺς
2711 738 2975 809 Μανουὴλ
2999 741 3026 793 ό
3059 740 3549 812 Πορφυρογέννητος.
3572 782 3585 797 .
3608 783 3619 798 .

527 832 749 887 Huncce
776 832 975 903 capitis
1025 832 1213 888 dolore
1267 832 1326 888 S.
1354 832 1679 901 Agathonici
1723 833 1984 902 precibus
2014 832 2335 899 liberatum,
2369 834 2449 887 ait
2480 832 2783 889 aediﬁcasse
2816 833 2876 886 in
2904 831 3027 903 ejus
3055 832 3319 888 honorem
3350 833 3432 887 τὸν
3452 834 3615 888 καθολι-

452 929 550 981 κδν
582 927 711 981 ναδν
736 927 977 993 τουτονὶ,
997 936 1052 982 et
1069 927 1129 992 ἐξ
1156 929 1599 999 ἁρχιεπισκοπῆς
1630 928 2066 1000 πατριαρχικῆς,
2098 929 2472 1000 προεϐίϐασεν
2497 930 2579 990 είς
2608 926 2951 998 μητρόπολιν
2996 925 3379 996 προσηκόντως
3396 926 3478 996 τὴν
3501 927 3623 981 αὑτοῦ

452 1016 764 1087 ἐκκλησίαν
796 1020 896 1072 καὶ
926 1019 1084 1072 πόλιν
1124 1017 1512 1090 (Selymbriae).
1534 1020 1783 1075 Alterum
1831 1021 2039 1076 miracu

2147 1037 2184 1075 ι.
2222 1020 2467 1085 ’Δλέξιος
2494 1021 2522 1072 ό
2553 1021 2728 1091 μέγας
2765 1019 2985 1085 δοὺξ,δς
3013 1014 3084 1091 ἦν
3119 1013 3202 1083 εἷς
3227 1019 3335 1073 τῶν
3362 1019 3625 1073 «incitatius!

452 1115 548 1166 xui.
573 1115 844 1184 κρείττων
876 1112 971 1168 τοῦ
1005 1113 1222 1180 γένους,
1264 1130 1295 1168 a
1326 1114 1384 1169 S.
1419 1125 1657 1185 martyre
1684 1131 1715 1171 e
1741 1117 1976 1186 quodam
2014 1131 2044 1186 ρ

2147 1116 2261 1171 :ulo
2317 1117 2582 1172 liberatus
2614 1116 3047 1186 pulcherrimum
3089 1114 3237 1169 aliud
3267 1115 3502 1185 templum
3529 1117 3625 1170 rdi-

453 1207 657 1263 ﬁcavit.
688 1208 845 1261 Κατὰ
869 1207 971 1270 τὰς
1002 1208 1281 1277 ’Δμμους,
1311 1209 1368 1261 ὲν
1401 1202 1445 1277 ᾧ
1468 1210 1496 1262 ὁ
1532 1209 1689 1278 ἅγιος
1727 1210 2044 1264 τετελείωτα

2147 1211 2206 1263 ὸν
2248 1208 2593 1281 μαρτυρικδν
2622 1208 2863 1274 δίαυλον,
2892 1209 3038 1279 quod
3064 1208 3322 1279 templum
3352 1207 3425 1260 ἑτι
3448 1208 3626 1278 περιεώ-

454 1298 607 1365 ζεται
661 1300 756 1353 καὶ
809 1300 1134 1369 καθορᾶται.
1177 1301 1422 1355 Tertium
1473 1312 1555 1357 est
1594 1321 1608 1356 :
1646 1310 1739 1355 καὶ
1773 1303 1879 1372 πρὸ
1918 1303 2151 1374 βραχέος
2182 1306 2210 1357 ὁ
2240 1304 2400 1358 πάντ’
2433 1303 2659 1374 ἄριστος
2694 1303 2950 1374 βασιλεὺς
2986 1300 3248 1372 Ἰωάννης
3280 1299 3627 1367 Παλαιολόγοςι

456 1398 650 1449 morbo
683 1392 952 1449 liberatus
982 1403 1089 1461 est,
1121 1409 1244 1449 cum
1280 1395 1536 1466 martyris
1566 1396 1747 1465 κάραν
1771 1396 1837 1451 ad
1869 1411 1927 1451 se
1958 1397 2165 1452 deferri
2195 1407 2465 1454 curasset.

1564 1694 2309 1871 ADDEN
2317 1696 2618 1872 DA

1907 1949 2074 2030 (Col.
2131 1951 2301 2032 825.)

1012 2101 1790 2242 PHILOTHEI
1884 2016 2113 2215 (ΞΡ.
2202 2016 3179 2219 P'ATRIARCH/E

1829 2304 2358 2370 PRIVILEGIUM

1361 2472 1597 2565 PRO
1668 2469 2255 2565 EPISCOPO
2326 2474 2859 2565 HIEBISSI
2974 2561 2989 2574 .

1156 2648 1317 2728 Ejus
1368 2647 1437 2709 in
1480 2646 1979 2731 Monte‘Sancto
2013 2650 2173 2729 jura
2224 2650 2603 2731 episcopalia
2645 2656 2992 2735 conﬁrmat.

1599 2774 1770 2841 (Ralli,
1796 2776 2049 2828 Canonum
2078 2779 2333 2842 collectio,
2354 2781 2414 2841 V,
2440 2782 2573 2844 151.)

3322 1542 3618 1555 ..η-..η-ι--ι

532 3043 888 3109 Philotheus,
960 3037 1338 3094 misericordia
1413 3035 1508 3091 Dei
1580 3038 2029 3108 archiepiscopus

2202 3048 2452 3114 Φιλόθεος
2475 3050 2612 3124 ἐλέῳ
2636 3052 2773 3108 Θεοῦ
2794 3052 3234 3124 ἀρχιεπίσκοπος
3282 3053 3638 3108 Κωνσταντινου-

459 3132 999 3205 Constantinopolis,
1068 3146 1223 3187 nova:
1296 3130 1513 3195 Romae,
1581 3140 1638 3185 et
1708 3129 2039 3186 universalis

462 3228 793 3297 patriarcha.

534 3318 632 3375 Die
664 3317 871 3372 mensis
899 3315 1102 3386 Aprilis
1140 3314 1326 3379 tertio,
1359 3313 1660 3368 indictione
1696 3320 1871 3382 sexta,
1900 3327 2039 3383 prmo

461 3411 678 3467 sidente
718 3418 908 3463 nostra
950 3405 1263 3462 humilitate
1302 3406 1358 3460 in
1398 3404 1797 3460 catechumenii
1832 3403 2042 3459 dextris

462 3500 822 3558 sanctissima:
861 3513 1071 3570 magna:
1110 3496 1206 3552 Dei
1250 3496 1545 3563 Ecclesiae,
1577 3498 1901 3554 sedentibus
1942 3512 2044 3552 no-

461 3595 675 3650 biscum
715 3590 1024 3646 illustribus
1057 3587 1495 3657 archiepiscopis
1531 3587 1802 3651 Cesareas,
1834 3586 2040 3657 Cyzici,

462 3683 859 3749 Chalcedonis,
912 3682 1086 3753 Byzta:
1150 3689 1205 3735 et
1262 3682 1478 3743 Brusae,
1525 3679 1685 3733 allata
1746 3689 1877 3733 sunt
1930 3677 2042 3733 Deo

467 3776 778 3832 charissimi
817 3773 1064 3844 episcopi
1102 3770 1328 3826 Hierissi
1368 3780 1423 3826 et
1456 3769 1605 3826 Sacri
1643 3769 1841 3825 Montis
1871 3771 2043 3824 docu-

464 3877 645 3924 menta
686 3878 742 3923 et
778 3868 1021 3937 cpistolm
1060 3881 1126 3920 ex
1168 3865 1366 3935 quibus
1406 3871 1587 3935 patet,
1618 3864 1763 3934 quod
1812 3863 2044 3917 tribula-

465 3964 644 4019 tiones
671 3971 727 4017 et
751 3961 1068 4015 vexationes
1100 3958 1306 4028 patitur
1336 3974 1365 4010 a
1399 3957 1578 4028 primo
1605 3956 1802 4011 Montis
1854 3954 2040 4011 Sancti

463 4057 833 4116 moderatore.
863 4053 956 4123 qui
1001 4051 1407 4123 episcOpalibus
1448 4050 1777 4121 quibusdam
1826 4048 2045 4118 privile-

464 4151 567 4221 giis
597 4150 747 4203 illum
776 4145 1010 4217 spoliare
1043 4143 1331 4214 praesumit
1361 4158 1377 4198 :
1410 4141 1527 4197 vult
1558 4141 1726 4206 enim,
1753 4140 1953 4209 inquit,
1988 4140 2041 4194 in

464 4244 705 4298 Montem
760 4239 1023 4295 Sanctum
1072 4235 1419 4307 presbyteros
1460 4251 1489 4288 a
1532 4233 1721 4289 Serbis
1758 4232 2043 4288 ordinatos

2144 3139 2375 3208 πόλεως,
2409 3144 2536 3206 νέας
2588 3142 2830 3215 Ῥώμης,
2869 3143 2965 3196 καὶ
3009 3144 3393 3215 οίκουμενικδς
3431 3142 3637 3214 πατριάρο

2143 3250 2267 3303 χηςο

2216 3326 2366 3396 Μηνὶ
2422 3328 2721 3398 ’Δπριλλίῳ
2770 3329 2956 3399 τρίτῃ,
2992 3329 3333 3394 ίνδικτιῶνος
3362 3329 3520 3397 ἕκτης,
3542 3340 3637 3393 προ-

2144 3412 2468 3485 καθημένης
2500 3416 2601 3486 τῆς
2635 3416 2793 3487 ἡμῶν
2843 3418 3211 3490 μετριότητος
3244 3423 3300 3475 ὲν
3331 3422 3431 3481 τοῖς
3469 3413 3638 3474 κελλίοις

2142 3502 2315 3574 αὐτῆς
2336 3506 2448 3569 τοῖς
2471 3506 2531 3560 ἑν
2550 3508 2661 3571 τοῖς
2690 3508 2887 3573 δεξιοῖς
2909 3512 3395 3583 κατηχουμενείοις
3416 3508 3500 3577 τῆς
3516 3508 3638 3571 ἁγιω-

2140 3596 2312 3664 τάτης
2351 3594 2447 3649 τοῦ
2483 3596 2620 3651 Θεοῦ
2664 3599 2912 3670 μεγάλης
2952 3602 3307 3674 Ἐκκλησίας,
3341 3595 3637 3669 συνεδρισζόν-

2142 3701 2252 3737 των
2281 3686 2419 3758 αὐτῇ
2457 3689 2555 3742 καὶ
2582 3688 2689 3742 τῶν
2722 3691 3038 3760 ίερωτάτων
3066 3694 3373 3764 ἀρχιερέων
3402 3690 3483 3745 καὶ
3513 3689 3640 3753 omp-

2144 3776 2343 3847 τίμων,
2386 3778 2484 3831 τοῦ
2539 3781 2901 3851 Καισαρείας,
2940 3781 3037 3836 τοῦ
3083 3784 3330 3849 Κυζίκου
3362 3781 3443 3836 διὰ
3472 3776 3638 3847 γνώμης

2150 3868 2289 3938 πρὸς
2327 3869 2430 3939 τὴν
2471 3870 2633 3940 ἡμῶν
2680 3871 3037 3949 μετριότητα,
3078 3874 3180 3927 τοῦ
3226 3872 3546 3943 Χαλκηδόνος,
3570 3864 3635 3918 τοῦ

2148 3957 2373 4030 Βιζύης,
2400 3961 2499 4014 καὶ
2540 3960 2634 4014 τοῦ
2674 3960 2957 4033 Βρύσεως,
2985 3964 3410 4034 διεκομίσθησαν
3434 3954 3637 4026 ἀναφοραὶ

2145 4051 2239 4105 τοῦ
2276 4051 2693 4122 θεοφιλεστάτου
2738 4054 3041 4107 ἐπισκόπου
3084 4055 3351 4127 Ἰερισσοῦ
3393 4056 3473 4108 καὶ
3505 4048 3636 4114 ’Δτίσν

2151 4141 2353 4214 Ὄρους
2408 4144 2680 4215 ἔγγραφοι
2725 4145 3226 4217 διαλαμϐάνουσαι,
3276 4148 3416 4209 ὅπως
3454 4142 3636 4211 εὑρίσκει

2147 4237 2491 4307 πειρασμοδς
2520 4242 2615 4292 καὶ
2642 4238 2897 4308 ὀχλήσεις
2926 4240 3080 4310 παρὰ
3109 4242 3205 4295 τοῦ
3236 4240 3507 4296 όσιωτάτου
3528 4231 3635 4301 πρῶ·

464 4336 769 4400 addncere;
814 4343 867 4389 et
901 4334 1080 4403 ipsum
1119 4346 1149 4384 a
1182 4330 1371 4386 Carese
1402 4327 1532 4383 sede
1564 4327 1795 4398 expulit,
1825 4340 2040 4382 sacrum

2147 4345 2240 4382 του
2266 4329 2377 4383 τῶν
2407 4332 2465 4384 ιν
2494 4331 2573 4402 τῷ
2612 4330 2783 4403 ’Δγίῳ
2815 4333 2973 4411 Ὀρει
3005 4333 3327 4405 σεόασμίων
3356 4329 3525 4402 μονῶν,
3549 4325 3634 4395 βων

465 4428 667 4497 pedum
725 4426 904 4493 ipsum
964 4424 1038 4477 ibi
1093 4434 1343 4491 portare,
1385 4430 1441 4475 et
1492 4433 1647 4475 sacra
1697 4418 1912 4484 facere,
1952 4425 2046 4472 aut

465 4518 769 4575 antistitem
821 4514 1006 4570 vocari
1068 4512 1401 4582 prohibens;
1445 4512 1539 4567 sed
1594 4521 1725 4565 sunt
1767 4511 2045 4567 contraria

465 4610 673 4667 omnia.
708 4607 972 4663 Sanctum
1016 4602 1251 4658 Montem
1286 4618 1508 4673 quoque
1548 4604 1667 4658 sine
1702 4603 1873 4673 ipsius
1918 4616 2046 4673 per-

466 4706 641 4760 missu
675 4718 739 4757 ac
766 4698 924 4755 venia
958 4698 1130 4763 adire,
1164 4705 1221 4751 et
1249 4695 1626 4751 ordinationes
1656 4695 1835 4751 facere
1870 4698 2046 4749 inter-

466 4796 641 4851 dicit.
672 4793 796 4848 llacc
832 4791 1015 4846 omnia
1057 4787 1241 4844 attulit
1277 4787 1388 4841 Deo
1426 4786 1785 4842 cbarissimus
1821 4784 2046 4842 Hierissi

467 4906 532 4945 ac
559 4889 711 4944 Sacri
740 4885 939 4941 Montis
968 4885 1259 4956 episcopus
1289 4882 1358 4938 ad
1384 4892 1627 4936 nostram
1656 4881 2045 4947 humilitatem,

467 4980 734 5038 auxilium
772 4995 800 5032 a
836 4979 998 5034 nobis
1029 4978 1326 5047 petiturus,
1352 4991 1459 5045 quo
1489 4990 1579 5030 res
1614 4975 2043 5041 examinaretur,

468 5074 755 5143 ipsiusque
785 5073 908 5142 jnra
941 5070 1106 5127 illaesa
1138 5081 1511 5126 servarentur.
1538 5069 1729 5138 Igitur,
1758 5080 2047 5139 postquam

468 5181 585 5221 rem
618 5181 786 5221 sacrae
817 5179 881 5219 ac
909 5179 1116 5233 magna:
1147 5162 1354 5233 synodo
1377 5162 1813 5218 venerandorum
1841 5162 2051 5232 episco-

470 5272 667 5327 porum
738 5254 1224 5331 exposuissemus,
1275 5251 1675 5308 declaravimus
1743 5251 2047 5307 secundum

472 5352 755 5405 decretum
788 5347 929 5403 sacri
954 5355 1009 5401 et
1028 5345 1353 5401 mcumenici
1378 5343 1840 5400 Chalcedonensis
1863 5342 2049 5398 conci-

472 5442 551 5505 lii,
588 5443 689 5497 hoc
731 5442 892 5496 modo
926 5438 992 5494 ad
1030 5438 1255 5494 verbum
1298 5440 1352 5492 in
1394 5446 1587 5493 octavo
1626 5437 1801 5506 ipsius
1838 5450 2051 5491 canone

473 5535 809 5589 statuentis:
858 5552 877 5585 ι
910 5531 1416 5596 Xenodocbiorum,
1457 5545 1563 5586 nec
1608 5544 1719 5584 non
1772 5537 2051 5584 monaste-

474 5628 681 5681 riorum
742 5625 960 5695 clerici,
1011 5625 1113 5681 sub
1170 5624 1555 5695 jurisdictione
1616 5622 2051 5694 uniuscujusque

2144 4421 2379 4491 λομινου
2413 4427 2640 4494 κρατεῖν
2675 4441 2795 4478 τινα
2841 4425 2952 4478 τῶν
3001 4425 3402 4497 ἀρχιερατικῶν
3428 4416 3562 4475 αὐτοῦ
3581 4415 3634 4465 δι·

2146 4512 2355 4566 καίων·
2382 4513 2633 4584 βούλεται
2680 4514 2810 4587 γὰρ,
2860 4518 3050 4587 φησιν,
3102 4519 3186 4581 είς
3235 4518 3296 4570 τὸ
3321 4515 3491 4582 Ἀγιον
3521 4507 3634 4575 ὀρς

2146 4605 2391 4674 εἰσάγειν
2419 4605 2545 4670 τοὺς
2574 4606 2726 4677 παρὰ
2759 4607 2871 4661 τῶν
2920 4607 3147 4677 Σέρὸων
3176 4601 3634 4679 χειροτονουμένους.

2147 4698 2446 4770 ἀφήρπασέ
2475 4716 2535 4754 τε
2564 4700 2626 4753 τὸ
2658 4704 2716 4753 ὲν
2760 4702 2878 4762 ταῖς
2928 4702 3175 4772 Rapiat;
3222 4698 3383 4755 αὐτοῦ
3425 4693 3630 4757 κάθωμαι

2149 4794 2242 4847 καὶ¹
2262 4793 2387 4847 οὔτε
2426 4793 2809 4866 πνευματικὴν
2835 4792 3030 4863 ῥάϐδον
3054 4794 3279 4864 ἀφίησιν
3304 4783 3451 4847 αὑτὸν
3471 4782 3637 4855 κρατεῖν

2147 4888 2207 4941 ὲν
2246 4888 2456 4952 αὑταῖς,
2490 4886 2615 4942 οὕτε
2648 4888 2977 4959 ἱερουργεῖν,
3007 4887 3131 4941 οὔτε
3176 4888 3426 4957 πρότερον
3471 4890 3633 4949 μνημο-

2149 4978 2403 5032 νεύεσθαι
2455 4978 2548 5031 τὸν
2608 4979 2930 5044 ἐπίσκοπον,
2982 4974 3103 5032 εἶτα
3159 4979 3247 5032 τὸν
3291 4974 3501 5046 πρῶτον,
3540 4960 3635 5017 ἀλλὰ

2148 5071 2462 5126 τούναντίον
2497 5071 2701 5140 μᾶλλον
2720 5087 2736 5104 θ
2765 5071 2901 5125 ἀλλὰ
2931 5070 3068 5142 μηδὲ
3099 5066 3429 5139 είσέρχεσθαι
3451 5061 3560 5120 ὅλως
3582 5054 3635 5112 εἰς

2150 5165 2210 5217 τὸ
2244 5164 2438 5232 Ἀγιον
2473 5164 2643 5233 Ὄρος
2671 5162 2803 5216 ἄνευ
2854 5162 2959 5232 τῆς
2993 5161 3209 5222 ἐκείνου
3262 5151 3543 5228 προτροπῆς
3570 5142 3635 5197 καὶ

2150 5256 2431 5322 ἐνδόσεως,
2469 5255 2605 5324 μηδὲ
2650 5254 3000 5324 χειροτονίας
3051 5256 3246 5306 ποιεῖν.
3299 5248 3466 5304 Ταῦτα
3506 5239 3635 5294 πάντα

2152 5346 2450 5418 ὲγγράφως
2478 5345 2789 5415 ἀνενεγκὼν
2813 5347 2841 5398 ὁ
2862 5345 3273 5415 θεοφιλέστατος
3296 5342 3549 5395 ἐπίσκοπος
3571 5328 3637 5418 Ίξο

2156 5416 2344 5505 ρισσοῦ
2373 5435 2469 5487 καὶ
2504 5434 2687 5502 Ἀγίου
2723 5436 2944 5505 Ὄρους,
2971 5434 3164 5503 ἐδεήθη
3189 5436 3286 5504 τῆς
3313 5430 3450 5501 ἡμῶν
3471 5416 3633 5495 μετρίθ

2152 5542 2314 5596 τητος
2346 5526 2527 5595 εὑρεῖν
2548 5525 2680 5596 παρ’
2698 5526 2874 5596 αὐτῆς
2904 5524 3178 5596 βοήθειαν,
3195 5524 3330 5578 ὥστε
3349 5511 3633 5590 capessam

2153 5619 2347 5684 ταῦτα,
2376 5612 2504 5674 καῖ’
2526 5616 2672 5687 ἔχειν
2727 5617 2887 5673 αὐτὸν
2921 5618 2991 5674 τὰ
3025 5618 3208 5673 δίκαια
3243 5614 3415 5674 αὐτοῦ.
3465 5608 3516 5663 Ἥ
3540 5598 3632 5673 γοῦν
