3904 6216
322 317 455 382 1241

1741 321 2128 383 ADDENDA.

3418 323 3560 385 1262

323 435 619 508 μετριότης
664 433 823 503 ἡμῶν
868 434 1284 505 διισκεψαμένη
1319 436 1390 490 τά
1423 437 1555 506 περὶ
1582 436 1791 490 τούτων
1814 439 1874 507 τῇ

1987 432 2226 489 civitatis
2267 432 2509 502 episcopi
2551 446 2618 486 ex
2655 441 2967 487 sanctorum
3004 432 3222 487 Patrum
3263 435 3556 492 traditione

318 529 414 587 καὶ
433 530 555 599 ίερᾷ
574 528 784 597 μεγάλῃ
806 526 1008 597 συνόδῳ
1018 528 1130 582 τῶν
1148 531 1193 582 is
1202 529 1455 598 ρωτάτων
1468 530 1772 598 ἀρχιερέων
1786 530 1883 583 καί

317 619 661 689 ὑπερτὶμων,
691 614 886 684 διέγνω
917 617 1013 670 καί
1042 619 1379 687 ἀπεφήνατο.
1409 618 1488 682 ὡς
1516 618 1584 672 ἂν
1613 620 1754 672 κατά
1782 619 1882 689 τὴν

315 710 575 779 διαταγὴν
604 709 703 778 τῆς
734 709 898 777 ἁγίας
944 708 1040 763 καὶ
1082 711 1467 779 οίκουμενικῆς
1492 712 1548 763 ἐν
1576 711 1880 782 Χαλκηδόνι

319 801 560 864 συνόδου,
577 798 1000 869 διαγορευούσης
1027 800 1226 853 οὑτωσί
1264 800 1404 854 κατά
1448 800 1602 871 ῥῆμα
1625 802 1683 854 ἐν
1707 801 1881 872 ὀγδόῳ

315 892 485 960 αὐτῆς
520 890 757 943 κανόνι·
797 908 816 940 ι
862 889 923 942 Ol
957 888 1210 959 κληρικοὶ
1255 888 1369 942 τῶν
1415 891 1736 962 πτωχείων,
1784 894 1881 946 καὶ

319 982 726 1052 μοναστηρίων,
751 979 857 1033 ὑπὸ
888 979 987 1049 τὴν
1033 980 1287 1043 ἐξουσίαν
1311 981 1422 1035 τῶν
1448 982 1507 1037 ὲν
1535 983 1746 1055 ἑκάστῃ
1775 984 1879 1037 πό-

313 1075 396 1127 λει
425 1072 739 1127 ίπισκόπων
766 1070 910 1125 κατὰ
935 1070 1033 1141 τὴν
1062 1070 1173 1125 τῶν
1203 1072 1376 1139 άγίων
1406 1075 1668 1146 Πατέρων
1705 1074 1882 1144 παρά-

313 1166 462 1219 δοσιν
508 1162 938 1234 διαμενέτωσαν,
964 1163 1060 1216 καὶ
1109 1163 1185 1234 μὴ
1221 1165 1361 1218 κατά
1416 1165 1713 1219 αὐθάδειαν
1740 1168 1881 1237 ἀφη-

314 1258 587 1311 νιάτωσαν
606 1253 702 1307 τοῦ
723 1255 1047 1307 ἐπισκόπουσ
1068 1256 1118 1308 οί
1138 1255 1195 1307 δὲ
1224 1254 1533 1325 τολμῶντες
1554 1256 1882 1325 ἀνατρέπειν

312 1349 413 1418 τὴν
438 1344 696 1416 τοιαύτην
719 1344 1081 1410 διατύπωσιν,
1112 1348 1163 1399 εί
1194 1348 1297 1417 μὲν
1322 1343 1434 1401 εἷεν
1462 1347 1742 1417 κληρικοὶ,
1765 1350 1880 1412 τοῖς

312 1441 421 1493 τῶν
451 1438 722 1504 κανόνων,
752 1437 1172 1503 ὑποκείσθωσαν
1202 1439 1525 1508 ἐπιτιμίοις,
1552 1442 1601 1493 εἰ
1627 1440 1684 1494 δὲ
1718 1441 1882 1510 μονά-

316 1530 527 1593 ζοντες,
554 1529 588 1597 ἢ
617 1526 820 1591 λαῖκοὶ,
848 1525 1095 1581 ἔστωσαν
1144 1527 1507 1598 ἀκοινώνητοι
1526 1546 1543 1564 ·
1584 1548 1603 1582 ι
1640 1529 1737 1599 ἔχῃ
1787 1532 1881 1584 καὶ

314 1623 341 1673 ό
386 1618 649 1689 δηλωθεὶς
686 1616 1103 1684 θεοφιλέστατος
1154 1618 1455 1684 ἐπίσκοπος
1484 1622 1544 1674 ἐν
1571 1621 1652 1691 τῷ
1708 1621 1879 1691 Ἀγίῳ

320 1712 475 1777 Ὀρει
525 1709 688 1763 παντὶ
738 1709 917 1763 πάντα
947 1709 1014 1762 τὰ
1059 1711 1427 1780 ἀρχιερατικὰ
1471 1711 1641 1765 αὐτοῦ
1670 1711 1874 1776 δίκαια,

1990 534 2370 593 permaneant.
2409 540 2511 579 nec
2561 524 2631 578 ab
2670 525 2930 594 episcopo
2968 540 3033 579 ex
3076 525 3331 594 superbia
3370 526 3554 581 disce-

1987 613 2148 679 dant;
2189 614 2322 669 illud
2371 630 2499 670 vero
2539 623 2803 669 statutum
2854 614 3077 669 eludere
3130 624 3552 684 praesumentes,

1989 705 2035 759 si
2079 705 2263 760 clerici
2299 706 2523 769 fuerint,
2550 719 2821 758 canonum
2863 704 3044 774 penis
3081 704 3429 772 subiaceant;
3470 704 3556 759 sin

1988 797 2267 861 monachi,
2297 805 2390 850 aut
2422 796 2571 858 laici.
2598 810 2629 850 a
2662 796 2899 851 ﬁdelium
2941 796 3329 850 communione
3368 796 3560 865 sejun-

1988 895 2207 956 gantur.
2231 903 2250 936 ›
2278 885 2576 940 Conservet
2600 900 2766 953 porro
2787 872 3045 955 praefatus
3072 885 3180 940 Deo
3203 886 3560 942 charissimus

1987 978 2279 1047 episcOpus
2307 977 2361 1030 in
2393 984 2506 1031 toto
2536 976 2708 1031 Sacro
2736 976 2916 1031 Monte
2940 977 3265 1047 episcopalis
3293 992 3388 1031 sua
3409 979 3555 1048 jura,

1986 1085 2108 1140 quae
2136 1070 2205 1125 ab
2230 1068 2486 1124 omnibus
2520 1068 2867 1138 pontiﬁcibus
2897 1068 2951 1122 in
2979 1068 3226 1123 ecclesiis
3255 1070 3369 1125 suis
3392 1085 3557 1125 exer-

1987 1172 2201 1228 centur,
2234 1170 2290 1216 et
2331 1163 2444 1229 ipse
2482 1175 2582 1230 pro
2620 1160 2847 1214 arbitrio
2886 1174 2987 1215 suo
3024 1171 3303 1228 exerceat,
3330 1165 3557 1219 nemine

1985 1255 2042 1309 iu
2093 1256 2260 1309 Sacro
2316 1252 2496 1311 ﬂoute
2544 1253 2845 1307 obsistente
2892 1261 2989 1306 aut
3041 1254 3392 1312 reclamante.
3443 1255 3551 1311 Sed

1986 1347 2104 1402 haec
2122 1343 2328 1409 omnia,
2350 1352 2541 1412 utpote
2572 1343 2848 1419 legitimus
2872 1342 3023 1398 Sacri
3051 1344 3251 1399 Montis
3284 1346 3548 1414 pontifex,

1986 1434 2145 1490 faciat
2169 1434 2321 1505 juxta
2346 1446 2629 1488 sacrorum
2657 1446 2928 1486 canonum
2964 1442 3249 1498 tenorem;
3281 1450 3384 1489 nos
3405 1437 3551 1489 enirn

1987 1528 2134 1582 illius
2168 1525 2409 1598 regionis
2441 1539 2530 1579 res
2564 1525 2725 1595 plane
2754 1533 2913 1579 notas
2946 1524 3239 1593 habemus;
3274 1526 3367 1581 diu
3402 1531 3550 1584 enim

1986 1619 2058 1674 ibi
2109 1617 2365 1673 viximus.
2407 1615 2542 1671 lude
2584 1626 2641 1671 et
2685 1616 2875 1687 synodi
2927 1618 3147 1671 nomine
3195 1630 3448 1673 monetur
3492 1631 3553 1676 ut

1985 1710 2212 1767 Sacrum
2271 1710 2510 1764 Montem
2564 1709 2777 1774 libere,
2841 1717 3004 1778 prout
3054 1709 3328 1775 voluerit,
3382 1708 3551 1768 veluti

314 1804 526 1870 ὅσαπερ
560 1798 775 1870 ἔχουσιν
810 1800 859 1852 οί
888 1799 1168 1868 ἀρχιερεῖς
1201 1800 1404 1864 πάντες
1437 1802 1495 1854 ὲν
1525 1802 1646 1863 ταῖς
1699 1802 1874 1856 αὐτῶν

1987 1802 2266 1871 proprium
2327 1800 2703 1869 episcopatum
2766 1798 2961 1863 adeat,
3010 1808 3066 1855 et
3119 1799 3174 1853 in
3232 1799 3351 1869 ipso
3394 1816 3548 1856 sacra

316 1892 680 1962 ἐκκλησίαις,
735 1892 833 1945 καὶ
883 1891 1133 1962 διενεργῇ
1186 1890 1360 1945 ταῦτα
1414 1892 1749 1955 ἀκωλύτως,
1805 1893 1884 1964 μὴ

315 1983 584 2053 εὑρίσκων
615 1981 767 2051 παρά
794 1997 939 2042 τινος
972 1982 1312 2051 ὲμποδισμὸν
1351 1981 1460 2034 τῶν
1505 1984 1564 2037 ὲν
1596 1982 1673 2053 τῷ
1712 1983 1882 2053 ’Δγίῳ

320 2073 501 2142 Ὄρει,
529 2074 666 2141 μήτε
700 2070 1016 2141 ἀνάκρισιν,
1056 2070 1196 2125 ἀλλά
1228 2071 1451 2143 πράττῃ
1496 2076 1672 2127 ταῦτα
1705 2074 1883 2126 πάντα

314 2168 390 2228 ὡς
422 2166 644 2234 γνήσιος
696 2164 984 2233 ἀρχιερεὺς
1022 2163 1116 2217 τοῦ
1164 2162 1351 2233 ’Δγίου
1386 2165 1585 2234 Ὄρους
1613 2165 1756 2217 κατά
1780 2164 1881 2237 τὴν

311 2256 421 2309 τῶν
453 2253 613 2325 ίερῶν
659 2255 902 2308 κανόνων
941 2253 1299 2321 διατύπωσιν,
1327 2255 1423 2309 καὶ
1452 2256 1635 2319 καθὼς
1668 2252 1812 2309 οἶδεν
1843 2258 1877 2327 ὴ

317 2346 609 2414 μετριότης
652 2347 685 2415 ὴ
696 2344 835 2414 μῶν,
882 2343 1056 2407 οὕτως
1094 2346 1212 2398 ἐκεῖ
1238 2347 1308 2400 τὰ
1336 2347 1563 2401 τοιαῦτα
1590 2349 1874 2418 γινόμενα,

312 2439 407 2489 ἐπὶ
434 2436 604 2490 πολὺν
632 2437 824 2506 χρόνον
856 2436 973 2489 ἐκεῖ
1022 2435 1355 2507 διατρίψασα
1380 2439 1474 2491 καὶ
1502 2438 1681 2501 καλῶς
1713 2437 1876 2507 γινώ-

313 2545 523 2581 σκουσα
546 2526 721 2580 ταῦτα
742 2542 757 2558 ·
783 2526 933 2579 ἐνθεν
957 2543 1042 2580 τοι
1064 2527 1158 2580 καὶ
1183 2527 1479 2591 συνοδικῶς
1501 2530 1876 2598 παρακελεύεο

310 2634 423 2680 ται,
468 2616 763 2679 ἀκωλύτως
814 2615 1159 2685 είσέρχεσθαι
1205 2615 1395 2671 τοῦτον
1445 2618 1527 2680 είς
1576 2619 1636 2671 τὺ
1682 2619 1873 2687 ’Δγιον

315 2708 502 2779 Ὄρος,
528 2709 689 2761 ὁπότε
724 2706 993 2776 βούλεται,
1023 2708 1097 2770 ὡς
1132 2708 1268 2761 ίδίαν
1317 2709 1645 2781 ἐπισκοπὴν,
1670 2713 1763 2765 καὶ
1782 2713 1873 2765 ,ιε-

316 2807 570 2875 ρουργεῖν
614 2805 675 2856 ὲν
711 2801 881 2872 αὐτῷ,
917 2804 1052 2856 ὅπου
1086 2805 1179 2856 καὶ
1229 2804 1319 2856 ὅτε
1351 2802 1622 2873 βούλεται,
1648 2808 1873 2875 κρατεῖν

310 2915 368 2949 τε
395 2897 494 2965 τὴν
526 2892 895 2964 ποιμαντικῆν
926 2893 1143 2963 ράὅδον,
1175 2893 1365 2964 ῶσπερ
1387 2896 1445 2947 ὲν
1480 2898 1644 2951 παντὶ
1672 2897 1867 2967 τούτῳ,

308 2987 451 3040 οὕτω
477 2987 570 3038 καὶ
604 2987 660 3037 ὲν
690 2985 811 3047 ταῖς
836 2984 1102 3053 Καρέαις,
1129 2985 1224 3037 καὶ
1254 2987 1693 3056 μνημονεύεσθαι
1717 2989 1871 3059 πρῶ-

1983 1893 2166 1957 faciat,
2196 1891 2288 1946 ubi
2329 1906 2393 1948 ac
2431 1891 2650 1961 quando
2684 1891 2926 1957 libuerit,
2956 1898 3010 1946 et
3043 1895 3314 1960 pastorale
3349 1893 3549 1962 pedum

1981 1977 2166 2054 gerat,
2185 1992 2245 2037 ut
2270 1998 2371 2053 per
2399 1998 2617 2038 omnem
2648 1990 2915 2049 montem,
2941 1982 3020 2038 sic
3045 1984 3208 2038 etiam
3236 1982 3454 2049 Careae;
3491 1993 3551 2038 ut

1980 2074 2152 2143 ipsius
2205 2088 2401 2128 nomen
2450 2082 2577 2147 ante
2626 2071 2888 2127 antistitis
2931 2072 3236 2129 vocitetur:
3264 2082 3323 2128 ut
3358 2072 3548 2128 Carere

1978 2181 2133 2221 suam
2178 2175 2408 2234 occupet
2449 2166 2657 2230 sedem,
2686 2181 2848 2234 quam
2900 2179 2929 2218 a
2989 2164 3259 2235 principio
3292 2175 3350 2219 ut
3395 2164 3547 2221 Sacri

1978 2257 2177 2312 Montis
2225 2256 2465 2327 pontifex
2510 2264 2891 2333 occupaverat.
2923 2253 3309 2311 Ordinationes
3350 2257 3546 2313 deinde

1978 2348 2094 2403 ﬁeri
2133 2363 2232 2418 pro
2270 2348 2491 2417 antiqua
2530 2347 2925 2401 consuetudine
2967 2363 2983 2401 :
3026 2347 3266 2401 ordinari
3309 2363 3439 2402 vero
3489 2350 3542 2403 in

1976 2441 2185 2511 magnis
2216 2438 2563 2494 monasteriis
2585 2438 2785 2493 debere
2820 2439 2886 2491 ab
2918 2437 3163 2506 ipsorum
3194 2440 3542 2507 praesulibus,

1975 2540 2031 2587 et
2064 2530 2274 2585 caeteris
2312 2528 2605 2599 episcOpis,
2634 2539 2689 2584 et
2722 2529 2789 2583 ub
2819 2528 2952 2598 ipsis
2970 2527 3273 2583 examinari
3311 2538 3369 2583 et
3400 2530 3539 2583 desi-

1974 2623 2127 2694 gnari
2154 2631 2209 2678 et
2234 2624 2305 2676 ita
2335 2622 2403 2676 ab
2428 2620 2685 2692 episcopo
2708 2620 3051 2675 ordinatione
3084 2619 3392 2689 promoveri
3429 2620 3541 2674 cle-

1975 2716 2141 2771 ricos.
2174 2712 2328 2780 Quod
2362 2726 2491 2769 vero
2516 2712 2581 2766 ad
2610 2721 2899 2767 extraneas
2929 2711 3089 2765 sedes
3116 2721 3171 2765 et
3206 2710 3539 2765 monasteria

1970 2816 2203 2871 spectat,
2230 2820 2353 2860 cum
2383 2803 2632 2874 praesulis
2660 2802 2978 2857 assensione
3015 2802 3344 2856 ordinandus
3364 2819 3379 2868 ;
3402 2802 3540 2870 ipse,

1973 2914 2082 2953 uno
2096 2898 2280 2964 verbo,
2295 2896 2627 2967 episcopalia
2648 2895 2771 2963 jura
2788 2896 2840 2947 in
2862 2904 2976 2948 toto
2998 2894 3177 2948 Monte
3189 2909 3343 2949 sacro
3359 2894 3534 2948 libere

1971 2992 2266 3055 exercebit,
2300 2990 2355 3044 in
2399 3004 2508 3059 quo
2560 3002 2736 3058 neque
2772 2987 2841 3042 ab
2886 2988 3155 3049 antistite.
3183 2996 3277 3041 aut
3317 2988 3387 3041 ab
3428 2987 3537 3041 alio

309 3094 401 3131 τον
448 3075 630 3140 αὑτὸν,
662 3074 853 3128 ἔπειτα
892 3074 984 3127 τὸν
1036 3075 1271 3145 πρῶτον,
1299 3078 1446 3148 ἔχειν
1474 3097 1534 3132 τε
1567 3082 1662 3133 καὶ
1707 3082 1768 3134 τὸ
1808 3084 1868 3134 έν

1977 3095 2301 3152 quocunque
2332 3079 2715 3151 impediendus
2745 3088 2846 3133 est.
2877 3078 3066 3144 Quoad
3099 3079 3293 3133 deinde
3318 3078 3536 3149 presby-

308 3171 431 3231 ταῖς
465 3167 707 3238 Καρέαις
735 3166 899 3220 αὑτοῦ
926 3167 1191 3237 κάθισμα,
1216 3170 1377 3238 εἴπερ
1410 3167 1523 3240 εἷχε
1550 3171 1708 3224 τοῦτο
1737 3172 1863 3225 ἀνέ-

310 3258 478 3312 καθεν
530 3258 636 3320 πᾶς
672 3257 963 3327 ἀρχιερεὺς
992 3257 1084 3309 τοῦ
1129 3257 1316 3325 Ἀγίου
1353 3260 1570 3327 Ὅρους.
1620 3261 1731 3324 Τὰς
1769 3261 1869 3327 μέν

305 3369 388 3404 τοι
452 3352 786 3420 χειροτονίας
838 3348 1107 3416 γίνεσθαι,
1162 3350 1346 3413 καθὼς
1422 3353 1537 3404 ἐστι
1596 3353 1864 3421 σύνηθες·

309 3441 628 3509 ἐκλέγεσθαι
664 3440 763 3508 μὶν
805 3441 933 3501 τοὺς
964 3442 1481 3510 χειροτονουμένους
1529 3443 1587 3495 ἑν
1620 3445 1738 3504 ταῖς
1773 3461 1869 3513 με·

305 3531 499 3601 γάλαις
539 3532 729 3600 μοναῒς
762 3530 915 3600 παρά
940 3547 997 3583 τε
1044 3529 1155 3584 τῶν
1186 3530 1617 3601 καθηγουμένων
1663 3534 1865 3599 αὐτῶν,

307 3623 401 3674 καί
429 3620 538 3674 τῶν
580 3619 781 3673 λοιπῶν
817 3620 1025 3688 ἱερέων,
1060 3621 1152 3672 καὶ
1186 3620 1582 3689 δοκιμάζεσθαι
1612 3623 1743 3693 παρ’
1768 3625 1867 3675 αύ-

304 3712 435 3775 τῶν,
480 3715 573 3763 καὶ
627 3712 1051 3781 μαρτυρεῖσθαι,
1090 3714 1185 3766 κα)⁸
1240 3712 1385 3766 οὕτω
1437 3716 1867 3784 χεῳοτονεῖσθαι

305 3803 457 3873 παρά
480 3802 575 3855 τοῦ
605 3803 908 3857 ἐπισκόπου
934 3818 948 3833 ο
983 3805 1110 3867 τοὺς
1135 3804 1191 3857 δὲ
1217 3806 1274 3857 ὲν
1295 3808 1407 3868 τοῖς
1433 3805 1538 3871 ἔξω
1567 3807 1867 3877 καθίσμασι

304 3898 404 3948 καὶ
448 3898 561 3957 τοῖς
606 3894 838 3957 κελλίοις
889 3897 1319 3966 χειροτονεῖσθαι
1352 3899 1447 3950 καὶ
1480 3899 1675 3962 αὐτοὺς
1729 3902 1866 3971 παρ’

301 3988 466 4041 αὐτοῦ
512 3989 649 4059 μετὰ
683 3989 776 4041 xa‘t
814 3988 1073 4058 είδήσεως
1116 3988 1211 4043 τοῦ
1252 3990 1494 4060 πρώτου,
1538 3992 1635 4044 καὶ
1682 3992 1869 4057 ἁπλῶς

302 4083 483 4135 πᾶσαν
543 4080 939 4152 ἀρχιερατικὴν
986 4082 1190 4153 πρᾶξιν
1225 4084 1320 4137 καὶ
1356 4083 1520 4137 αὐτὸν
1565 4085 1866 4155 διενεργεϊν

298 4169 594 4233 ἀκωλύτως
644 4174 703 4223 ὲν
747 4170 827 4241 τῷ
877 4171 1047 4242 Ἀγίῳ
1090 4174 1247 4244 Ὄρει
1296 4176 1479 4241 παντί,
1505 4177 1600 4230 καὶ
1632 4177 1709 4246 μὴ
1736 4179 1868 4232 ἀνα-

1972 3183 2117 3227 teros
2152 3188 2181 3226 a
2219 3171 2404 3226 Serbis
2437 3171 2737 3233 ordinatos,
2764 3169 3015 3223 hortatur
3039 3180 3223 3223 nostra
3256 3169 3535 3223 humilitas

1969 3264 2331 3334 praesentibus
2353 3261 2629 3331 synodicis
2666 3260 2884 3323 litteris,
2900 3277 2969 3314 ne
2996 3262 3141 3315 Atho
3176 3263 3379 3315 montis
3422 3278 3529 3317 ntoo

1970 3354 2159 3407 nachis
2198 3360 2621 3416 accenseantur,
2644 3352 2820 3405 donec
2851 3352 3084 3420 delegati
3122 3352 3295 3405 nostri
3332 3355 3532 3409 reversi

1967 3447 2099 3507 sint,
2134 3444 2468 3506 nuntiantes,
2502 3451 2683 3496 utrum
2731 3440 2917 3495 unioni
2995 3439 3370 3505 adlimrentes,
3406 3456 3518 3495 san-

1969 3537 2227 3593 ctissima:
2261 3524 2580 3591 nostraeDei
2609 3548 2818 3603 magnae
2846 3532 3098 3587 Ecclesiae
3122 3543 3367 3603 pareant.
3397 3533 3534 3587 Tum

1969 3630 2114 3686 enim
2141 3629 2286 3699 quod
2310 3628 2468 3683 decet
2490 3627 2779 3682 faciemus.
2801 3626 2924 3682 Haec
2949 3627 3131 3682 omnia
3158 3626 3322 3697 igitur
3344 3642 3532 3681 secun-

1968 3725 2096 3777 dum
2123 3721 2437 3776 mandatum
2464 3728 2709 3773 nostrum
2733 3718 2846 3772 fieri
2873 3732 3098 3772 necesse
3124 3727 3225 3771 est.
3246 3715 3323 3771 Ne
3348 3727 3529 3771 autem

1968 3814 2086 3883 ipse
2113 3813 2266 3867 nullo
2301 3827 2525 3881 prorsus
2556 3810 2940 3879 impedimento
2966 3810 3049 3863 vel
3082 3809 3238 3863 obice
3280 3823 3533 3863 coerces-

1969 3915 2079 3970 tur,
2107 3903 2204 3959 sed
2236 3914 2433 3957 cuncta
2470 3902 2639 3955 libere
2678 3915 2834 3971 agere
2873 3900 3067 3969 possit,
3098 3899 3534 3954 excommunica-

1970 3999 2134 4053 tionis
2170 4010 2385 4067 poenam
2432 3997 2538 4050 hoc
2572 3996 2690 4063 ipso
2728 3994 3144 4065 pronuntiamus
3179 4001 3366 4047 contra
3405 4006 3529 4045 eum

1966 4088 2059 4158 qui
2101 4087 2337 4157 legitima
2376 4086 2545 4156 ipsius
2575 4084 2697 4153 jura
2737 4099 3061 4153 quacunque
3094 4082 3304 4136 ratione
3340 4080 3531 4135 laedere

1965 4179 2218 4235 voluerit.
2249 4180 2329 4232 Ad
2363 4178 2525 4247 hujus
2554 4177 2712 4230 [idem
2751 4177 2913 4229 missa
2951 4184 3033 4228 est
3063 4173 3172 4227 Deo
3206 4172 3531 4228 charissimo

298 4264 585 4333 κρίνεσθαι
619 4265 753 4334 μήτε
788 4265 938 4334 παρά
963 4264 1056 4317 τοῦ
1088 4266 1328 4336 πρώτου,
1363 4269 1503 4338 μήτε
1548 4271 1684 4339 παρ’
1700 4271 1862 4324 ἄλλου

1977 4273 2194 4327 Hierissi
2245 4272 2385 4325 sacri
2442 4271 2638 4323 Montis
2684 4271 2942 4336 episcopo
2983 4266 3241 4337 synodica
3287 4281 3527 4334 presens

296 4354 463 4417 τινός.
504 4356 637 4423 Περὶ
663 4355 765 4424 μέν
811 4372 893 4407 τοι
922 4354 1031 4408 τῶν
1062 4358 1549 4427 χειροτονουμένων
1579 4360 1730 4429 παρὰ
1752 4360 1863 4412 τῶν

1977 4362 2283 4419 :ertiflcatio
2328 4372 2382 4415 et
2430 4359 2723 4416 declaratio
2774 4373 2805 4411 a
2855 4357 3045 4423 nobis,
3096 4372 3285 4412 mense
3330 4357 3527 4427 Aprili,

297 4446 535 4514 Σέρδων,
562 4444 1000 4514 παρακελεύεται
1044 4448 1076 4515 ἠ
1116 4449 1405 4518 μετριότης
1433 4450 1591 4519 ἡμῶν
1618 4451 1709 4503 διὰ
1760 4451 1855 4503 τοῦ

1977 4463 2115 4510 sexto
2142 4452 2455 4507 indictionis
2485 4450 2623 4504 6876
2651 4449 2801 4503 anni.

295 4537 564 4607 παρόντος
627 4536 993 4605 σιγιλλιώδους
1052 4540 1401 4611 γράμματος,
1457 4544 1533 4611 μὴ
1587 4542 1837 4613 δέχεσθαι
1861 4548 2059 4609 αὐτοὺς
2105 4547 2231 4600 τινὰ
2258 4546 2364 4599 τῶν
2398 4543 2751 4614 Ἀγιορειτῶν
2789 4542 2934 4596 κατὰ
2981 4540 3041 4594 τὸ
3098 4541 3293 4613 παρὸν,
3325 4541 3430 4605 ἕως
3458 4542 3526 4596 ἂν

292 4636 343 4687 οί
379 4635 510 4705 παρ’
536 4635 693 4705 ἡμῶν
743 4637 1001 4706 πρέσϐεις
1056 4638 1458 4700 ἀποσταλέντες
1508 4640 1626 4691 ἐκεῖ
1688 4639 2122 4711 ὑποστρέψωσιν,
2173 4640 2262 4693 ῐνα
2315 4637 2559 4707 γνῶμεν,
2588 4637 2746 4705 εῐπερ
2792 4633 3082 4706 ήνώθησαν
3113 4637 3207 4687 καὶ
3241 4634 3525 4685 ὑπείκουσι

290 4714 359 4793 τῇ
392 4726 682 4797 καθ’ήμᾶς
736 4727 1014 4800 ἁγιωτάτῃ
1045 4727 1139 4781 τοῦ
1188 4729 1324 4782 Θεοῦ
1372 4730 1937 4805 μεγάλῃἚκκλησίᾳ,
1962 4733 2056 4785 καὶ
2098 4731 2221 4785 τότε
2254 4732 2483 4800 γένηται
2529 4734 2591 4782 τὸ
2632 4729 2792 4781 δέονο
2846 4726 3154 4793 ὀφείλουσιν
3205 4724 3300 4779 οὖν
3350 4726 3523 4777 ταῦτα

292 4819 471 4872 πάντα
525 4821 771 4888 γίνεσθαι
809 4824 948 4875 κατά
985 4822 1083 4892 τὴν
1134 4822 1415 4889 παροῦσαν
1449 4826 1852 4893 παρακέλευσιν
1900 4828 1999 4894 τῆς
2048 4824 2208 4895 ἡμῶν
2252 4825 2633 4894 μετριότητος.
2669 4822 2834 4873 Ὥστε
2878 4820 2934 4871 δὲ
2989 4821 3196 4888 μηδένα
3240 4818 3523 4887 εὑρίσκειν

246 4902 251 4903 ί
290 4912 452 4963 αὐτὸν
506 4913 923 4985 ίμποδισμὸν,ἢ
978 4916 1284 4982 ἀνάκρισιν,
1310 4914 1447 4967 ἀλλά
1477 4917 1653 4971 πάντα
1707 4921 1880 4971 ποιεῖν
1928 4918 2244 4985 ἀκωλύτως,
2276 4920 2368 4970 καὶ
2408 4916 2573 4986 βάρος
2623 4912 2903 4980 ἐπιτιμίου
2936 4911 3251 4981 ἁφορισμοῦ
3281 4910 3522 4977 ἐκφωνεῖ

274 5007 432 5079 -αὖτη
476 5009 618 5062 κατὰ
650 5009 742 5063 τοῦ
793 5010 1263 5080 βουληθησομένου
1312 5010 1656 5082 διενοχλῆσαι
1704 5015 1854 5084 αὐτῷ
1886 5015 1947 5067 τὸ
2008 5014 2229 5066 σύνολον
2264 5013 2356 5064 έπί
2402 5028 2507 5063 τινι
2554 5011 2662 5061 τῶν
2702 5007 3015 5078 ἀνηκόντων
3066 5005 3216 5075 αύτῷ
3272 5004 3516 5058 δικαίων.

290 5104 385 5165 Εἰς
424 5104 529 5173 γὰρ
581 5102 680 5173 τήν
738 5104 867 5172 περὶ
902 5103 1092 5157 τούτου
1140 5106 1444 5173 ἀσφάλειαν
1477 5106 1803 5160 ἀπολέλυται
1833 5108 1908 5176 τῷ
1936 5107 2336 5175 θεοφιλεστάτῳ
2372 5103 2660 5173 ὲπισκόπῳ
2692 5102 2956 5173 Ἰερισσοῦ
2984 5106 3075 5156 καὶ
3109 5101 3294 5168 Ἀγίου
3323 5100 3520 5168 Ὀρους

291 5199 387 5251 καὶ
424 5197 457 5266 ἡ
502 5196 751 5265 παροῦσα
808 5198 1061 5269 συνοδικὴ
1087 5199 1381 5267 διάγνωσις
1400 5204 1495 5255 καὶ
1522 5202 1796 5273 ἀπόφασις
1817 5204 1918 5275 τῆς
1949 5202 2109 5274 ήμῶν
2162 5202 2515 5272 μετριότητος
2549 5198 2694 5252 κατά
2749 5199 2898 5268 μῆνα
2936 5197 3245 5268 Ἀπρίλλιον
3273 5199 3370 5266 τῆς
3415 5197 3523 5249 ὲνιο

292 5288 569 5358 σταμένης
604 5290 769 5360 ἕκτης
798 5291 1125 5353 ίνδικτιῶνος
1152 5291 1244 5343 τοῦ
1270 5290 1461 5355 ,ςωος⁹
1486 5292 1659 5355 ἔτους.

372 5378 439 5430 Ἦ
468 5381 757 5449 μετριότης
786 5382 964 5451 ἡμῶν,
996 5382 1180 5446 καθὼς
1200 5383 1437 5452 είρηται,
1467 5386 1636 5438 πολὺν
1663 5386 1855 5454 χρόνον

2034 5385 2321 5439 ilumililas
2366 5394 2573 5448 nostra.
2617 5396 2677 5439 ut
2715 5386 2920 5441 dictum
2964 5393 3069 5448 est,
3109 5384 3200 5439 diu
3247 5385 3298 5436 in
3342 5382 3519 5436 Monte

289 5471 349 5521 ὲν
380 5469 459 5537 τῷ
495 5469 663 5540 ’Δγίῳ
696 5472 853 5540 "Ops:
903 5472 1254 5541 διατρίψασα,
1280 5474 1465 5535 καθὼς
1496 5475 1591 5527 καὶ
1619 5475 1669 5527 οί
1695 5492 1855 5545 περι-

1977 5473 2128 5530 Sacro
2158 5486 2510 5536 cenimorata,
2545 5486 2602 5531 ut
2633 5476 2814 5530 Sancti
2847 5475 3045 5529 Montis
3075 5489 3251 5528 mouai
3271 5474 3373 5528 hos
3408 5488 3518 5526 non

290 5563 446 5623 όντες
471 5562 551 5615 ἔτι
582 5562 693 5614 τῶν
736 5562 1088 5635 ’Δγιορειτῶν
1122 5562 1504 5645 γινώσκουσιν,
1529 5563 1667 5619 οἶδεν
1692 5568 1854 5637 ἀκρι-

1977 5567 2116 5637 ’ugit,
2143 5567 2365 5621 istarum
2396 5582 2577 5621 rerum
2603 5576 2801 5622 statum
2826 5569 2993 5638 probe
3012 5568 3192 5631 novit;
3212 5567 3351 5620 bene
3374 5567 3519 5620 enim

292 5648 401 5711 εῶς
430 5651 530 5719 τὴν
566 5652 683 5704 ἐκεῖ
718 5652 890 5717 τάξιν,
925 5653 1016 5706 καί
1041 5655 1123 5708 ὅτι
1154 5655 1275 5708 τότε
1304 5656 1446 5717 τινὲς
1476 5654 1582 5709 τῶν
1608 5654 1851 5709 δυνατῶν

1977 5661 2160 5714 ιεὶιηυε
2215 5660 2356 5728 quod
2427 5659 2632 5723 aliquot
2693 5675 2950 5731 proceres
3014 5660 3339 5729 episc‘opalia
3396 5662 3518 5731 jura
