3904 6216
284 385 420 452 1301

1582 383 2006 449 PltOFESSlO
2041 386 2276 448 FIDEL

3409 385 3555 454 1302

279 500 448 554 αὐτοῦ
483 498 540 549 ὲν
575 496 751 567 τούτῳ
791 494 867 565 τῷ
909 495 1065 564 μέρει
1104 496 1530 564 ἀποταχθὲντων
1577 498 1878 566 ἐπιγνωσό-

1993 504 2335 570 catholicam,
2373 517 2539 572 quam
2580 511 2933 558 sacrosancta
2971 502 3215 557 Romana
3246 515 3311 556 ac
3335 504 3557 559 univer-

286 608 446 662 μενος
482 589 579 641 καὶ
622 587 981 657 ὁμολογήσων
1013 586 1110 653 τὴν
1148 585 1448 654 καθολικὴν
1483 587 1683 652 πίστιν,
1723 589 1790 655 ἦν
1834 590 1869 658 ὴ

286 680 533 749 ίεροαγία
570 677 860 748 Ῥωμαῖκὴ
894 675 1214 747 Ἐκκλησία,
1236 677 1331 730 καὶ
1359 678 1714 749 οίκουμενικὴ
1742 683 1872 749 ὁμο.

284 772 451 842 λογεῖ,
486 771 698 841 κρατεῖ,
732 775 828 823 καὶ
864 770 1133 828 διδάσκει,
1167 771 1261 823 καὶ
1311 777 1440 836 περὶ
1502 772 1601 839 τὴν
1646 771 1871 842 διηνεκῆ

287 867 620 937 συντήρησιν
673 862 774 931 τῆς
823 861 995 931 αὐτῆς
1030 862 1271 924 πίστεως
1323 864 1417 914 τοῦ
1463 865 1874 934 προρρηθέντος

283 958 542 1012 αύθέντου
571 958 796 1019 πάππα,
848 955 945 1007 καὶ
981 953 1094 1007 τῶν
1125 955 1292 1008 αὐτοῦ
1323 954 1586 1025 διαδόχων
1625 956 1870 1029 Ῥωμαῖ-

285 1053 399 1106 κῶν
448 1052 767 1123 ἀρχιερέων
804 1053 919 1113 τοῖς
960 1050 1354 1119 προστάγμασι
1398 1052 1871 1121 πεπληρωμένως.

286 1148 382 1200 καὶ
410 1146 748 1213 ἐμπράκτως
790 1144 1248 1213 ὑποκεισόμενος.
1292 1143 1401 1195 Καὶ
1439 1144 1527 1197 διὰ
1560 1142 1718 1197 τοῦτο
1746 1142 1878 1197 ὲνώ-

285 1255 410 1291 πιον
442 1238 597 1306 ὑμῶν
626 1238 734 1288 τῶν
764 1237 1065 1307 αἰδεσίμων
1098 1235 1361 1305 Πατέρων
1396 1233 1722 1302 Γουλιέλμου
1757 1238 1875 1289 ἑπι-

288 1330 493 1381 σκόπου
541 1329 854 1391 Ὀστιένση,
904 1326 1232 1395 Βερνάρδουρ
1267 1325 1363 1394 τῆς
1411 1325 1711 1394 ἐκκλησίας
1765 1327 1877 1380 τῶν

287 1420 505 1472 Δώδεκα
541 1421 903 1485 Ἀποστό).ων,
936 1419 1032 1471 καὶ
1056 1416 1430 1485 Φραντζίσκου
1458 1418 1559 1485 τῆς
1580 1418 1875 1487 ἐκκλησίας

285 1511 383 1580 τῆς
426 1512 617 1579 Ἀγίας
644 1512 881 1581 Σαϐίνης
930 1509 1341 1580 πρεσϐυτέρων,
1379 1512 1476 1561 κα)⁸
1519 1505 1876 1579 Ῥαῖμούνδου

286 1602 382 1655 τοῦ
423 1603 581 1668 ἁγίου
634 1601 914 1671 ’Λδριανοῦ
945 1601 1197 1654 διακόνου
1246 1601 1613 1671 καρδιναλίων
1662 1604 1880 1673 ἐπιτρό-

287 1709 405 1744 πων
438 1694 532 1743 ἐπὶ
561 1694 774 1754 τούτοις
799 1692 910 1745 ἀπὸ
933 1693 1026 1745 τοῦ
1054 1692 1353 1761 εἰρημένου
1377 1693 1642 1745 αύθέντου
1678 1694 1877 1748 πάππα

291 1786 773 1853 ἁποτεταγμένων,
808 1788 903 1838 καὶ
944 1784 1038 1837 τοῦ
1076 1786 1359 1853 αἰδεσίμσυ
1402 1786 1595 1853 ἀνδρὸς
1650 1787 1749 1856 τῆς
1780 1789 1879 1840 αύ-

1976 594 2109 650 salis
2150 594 2393 649 Ecclesia
2450 593 2772 662 proﬁtetur,
2827 600 2977 645 tenet
3020 601 3079 646 et
3110 591 3293 653 docet,
3319 603 3375 646 et
3410 595 3555 648 circa

1977 692 2300 752 perpetuam
2354 684 2764 738 observantiam
2818 683 3069 753 ejusdem
3126 684 3293 744 fidei,
3347 683 3555 753 praefati

1976 771 2186 825 domini
2230 788 2402 842 papae,
2428 788 2490 827 ac
2520 786 2747 827 suorum
2776 788 3161 827 successorum
3187 774 3557 828 Romanorum

1977 864 2299 933 pontificum
2349 865 2622 920 mandatis
2652 866 2901 935 plenarie
2927 876 2983 920 et
3017 867 3310 921 eilicacitcr
3354 865 3563 934 paritu-

1980 972 2096 1010 rus.
2125 957 2363 1026 ideoque
2393 958 2446 1011 itt
2484 960 2773 1025 prtrsetttia
2804 969 3074 1022 vestrum,
3113 959 3556 1014 reverendissimi

1976 1046 2186 1111 Patres,
2238 1048 2445 1103 domini
2490 1048 2778 1106 Guilielute
2832 1052 3089 1119 episcopo
3138 1050 3447 1113 Ostiensis,
3506 1058 3563 1102 et

1978 1138 2254 1194 Bernartle
2274 1140 2517 1195 basilica:
2551 1141 2847 1196 Duodecim
2872 1145 3287 1213 Apostolorum.
3309 1162 3372 1198 ac
3392 1145 3565 1199 Fran-

1979 1231 2123 1285 cisce
2150 1225 2290 1286 tituli
2327 1232 2543 1288 Sanctae
2574 1236 2815 1297 Sabinze,
2843 1238 3169 1307 presbyteri,
3198 1247 3255 1290 et
3285 1238 3562 1308 Raynaldc

1981 1322 2169 1379 Sancti
2226 1326 2451 1381 Adriani
2510 1328 2765 1394 diacone,
2818 1330 3157 1393 cardinales,
3194 1329 3560 1384 commissarii

1981 1432 2145 1487 super
2176 1418 2279 1473 hoc
2310 1435 2338 1473 a
2374 1420 2601 1489 praefato
2622 1421 2849 1475 domino
2879 1437 3017 1491 papa
3051 1423 3322 1491 deputati,
3360 1438 3426 1478 ac
3466 1437 3564 1474 ve-

1981 1511 2261 1565 nerabiles
2321 1512 2425 1565 viri
2461 1512 2709 1580 ejusdem
2753 1512 2904 1567 sedis
2947 1513 3173 1577 notarii,
3224 1525 3281 1568 et
3339 1514 3562 1567 testium

1982 1601 2456 1674 infrascriptorum
2501 1606 2872 1674 personaliter
2907 1607 3267 1669 constitutus,
3302 1607 3566 1674 profiteor

1980 1704 2037 1748 et
2066 1696 2233 1750 credo
2262 1706 2512 1751 sanctam
2549 1697 2904 1762 Trinitatem,
2939 1698 3157 1752 Patrem
3187 1706 3245 1752 et
3287 1698 3480 1751 Filium
3512 1707 3570 1751 et

1983 1784 2249 1854 Spiritum
2275 1801 2549 1851 sanctum,
2580 1806 2750 1844 unum
2782 1791 2951 1844 [)eum
2980 1792 3446 1860 omnipotentem,
3481 1799 3564 1842 to-

293 1878 393 1943 τῆς
428 1878 691 1948 καθέδρας
722 1879 999 1949 νοταρίου,
1041 1882 1136 1933 καὶ
1173 1879 1471 1949 μαρτύρων
1503 1879 1880 1949 ὑποτεταγμέ-

1993 1886 2211 1947 tamque
2275 1880 2329 1933 in
2383 1880 2658 1935 Triuitate
2708 1884 2997 1947 deitatem,
3039 1882 3454 1937 cocssentialem
3507 1893 3564 1935 et

298 1984 424 2031 νων,
457 1967 896 2036 αύτοπροσὼπως
932 1968 1326 2032 κατασταθεὶς,
1370 1969 1623 2037 ὁμολογῶ
1670 1971 1761 2021 καί⁸
1794 1989 1881 2023 πι-

296 2059 472 2109 στεύω
504 2057 601 2127 τὴν
639 2061 807 2127 ἁγίαν
833 2060 1061 2128 Τριάδα,
1097 2060 1189 2112 τὸν
1224 2059 1445 2130 Πατέρα
1480 2062 1577 2113 καὶ
1600 2060 1693 2112 τὸν
1724 2062 1877 2125 Υίὺν,

289 2152 386 2203 καὶ
425 2152 491 2230 τὸ.
512 2152 668 2219 ἆγιον
702 2153 945 2221 Πνεῦμα,
979 2154 1074 2205 ἕνα
1111 2153 1244 2206 Θεὸν
1274 2153 1709 2223 παντοδύναμον,
1753 2156 1882 2226 ὅλην

289 2258 349 2293 τε
393 2244 453 2294 ὲν
484 2245 699 2313 θεότητι
731 2246 830 2311 τὴν
860 2246 1091 2312 Τριάδα,
1127 2245 1573 2315 ὁμοοΰπαρκτον,
1615 2248 1710 2299 καὶ
1745 2249 1876 2314 ὁμο-

293 2333 491 2399 ούσιον,
520 2336 811 2400 emtam,
844 2340 938 2390 καὶ
971 2338 1417 2408 παντοκράτορα,
1449 2341 1580 2406 μιᾶς
1605 2339 1880 2409 θελήσεως

294 2426 386 2475 καὶ
429 2425 703 2489 ἐξουσίας,
752 2430 844 2480 καὶ
905 2431 1355 2500 μεγαλειότητος,
1407 2433 1594 2500 πάσης
1647 2432 1880 2493 κτίσεως

293 2520 541 2587 ποιητὴν,
575 2521 633 2580 ἐξ
660 2515 721 2573 οὗ
756 2522 822 2573 τὰ
857 2523 1053 2580 πάντα,
1083 2522 1151 2574 δι’
1177 2519 1238 2576 οὗ
1274 2523 1341 2575 τὰ
1375 2525 1557 2576 udam
1589 2523 1658 2575 τὰ
1687 2523 1745 2575 ὲν
1783 2524 1874 2575 ούα

300 2616 444 2687 ρανῷ
473 2617 564 2669 καὶ
615 2616 686 2671 τὰ
728 2617 783 2669 ἐν
812 2620 876 2686 τῇ
909 2620 1004 2688 γῇ,
1058 2617 1253 2688 ὁρατὰ,
1292 2618 1605 2689 σωματικὰ,
1651 2618 1745 2671 καὶ
1776 2616 1959 2688 νοερά.

297 2711 472 2779 ἀληθῆ
505 2710 637 2762 Θεὸν
666 2704 892 2773 τέλειον,
927 2713 1019 2763 καὶ
1056 2710 1265 2782 πλήρη.

369 2866 390 2899 ι
427 2849 675 2902 Πιστεύω
700 2852 861 2902 αὐτὸν
885 2851 976 2913 τῖιν
1012 2850 1106 2904 τοῦ
1137 2851 1273 2903 Θεοῦ
1307 2850 1436 2904 Υίδν
1463 2852 1556 2904 τὸν
1581 2850 1756 2917 Λόγον
1781 2850 1877 2904 τοῦ

254 2993 259 2998 _
296 2941 434 2993 Θεοῦ
465 2942 555 2993 τὸν
586 2945 819 2995 αίων’ω;
854 2946 915 2995 ἐκ
944 2943 1033 2996 τοῦ
1061 2943 1273 3012 Πατρὸς
1296 2943 1644 3012 γεννηθέντα,
1679 2943 1874 3011 ὁμοσύ-

297 3052 431 3090 σιον.
468 3037 597 3100 μιᾶς
618 3038 708 3109 καὶ
730 3036 828 3099 τῆς
848 3036 1019 3104 αὐτῆς
1049 3038 1355 3104 δυνάμεως,
1394 3036 1489 3088 καὶ
1513 3035 1709 3088 ταυτὸν
1744 3036 1885 3090 κατὰ

296 3127 477 3181 πάντα
503 3127 579 3195 τῷ
599 3128 771 3196 Πατρὶ
806 3128 865 3179 ἐν
899 3130 964 3195 τῇ
1000 3127 1235 3196 θεότητι,
1262 3128 1319 3179 ὲν
1355 3128 1532 3198 χρόνῳ
1562 3127 1886 3196 γεννηθέντι

298 3221 362 3272 ὲκ
382 3218 703 3290 Πνεύματος
733 3221 912 3287 ἁγίου,
947 3222 1039 3271 καί
1072 3221 1291 3287 Μαρίας
1314 3220 1411 3287 τῆς
1436 3218 1713 3287 Παρθένου
1750 3218 1885 3288 μετᾶ
1912 3233 1958 3296 C

297 3314 476 3382 ψυχῆς
543 3313 799 3377 λογικῆς,
848 3310 943 3362 δύο
993 3312 1282 3379 γεννήσεις
1346 3312 1576 3381 ἔχοντα,
1631 3312 1762 3379 μίαν
1818 3314 1881 3362 ἐκ

298 3404 391 3455 τοῦ
444 3402 657 3464 name;
718 3402 960 3461 αίὼνιον.
998 3403 1195 3470 ἑτέραν
1245 3405 1310 3457 ὲκ
1341 3404 1441 3473 τῆς
1476 3404 1701 3471 Μητρὸς
1758 3420 1883 3470 χρο-

305 3493 492 3563 νικὴν,
552 3492 683 3546 Θεὸν
746 3492 1033 3560 ἀληθινὸν,
1081 3494 1178 3548 καὶ
1248 3496 1541 3563 ἄνθρωπον
1606 3492 1883 3563 ἀληθινὸν,

305 3584 437 3635 ίδιον
502 3584 559 3637 ὲν
622 3584 867 3655 ἑκατέρᾳ
926 3586 1111 3654 φύσει,
1161 3587 1256 3639 καὶ
1300 3587 1531 3653 τέλειον,
1583 3588 1643 3639 οὐ
1698 3586 1885 3656 χάριτι

302 3678 425 3728 οὐδὲ
468 3678 608 3729 κατὰ
639 3679 965 3745 φαντασίαν,
1002 3678 1121 3731 ἀλλ’
1148 3680 1326 3748 ἀληθῆ
1366 3682 1460 3734 καὶ
1489 3681 1586 3732 ἕνα
1616 3680 1746 3733 Υίδν
1792 3680 1888 3732 τοῦ

303 3771 460 3833 Θεοῦ,
498 3767 679 3823 ἐν’δύο
710 3771 930 3839 φύσεσι,
964 3774 1060 3824 καὶ
1094 3772 1157 3826 ἐκ
1184 3773 1296 3840 δύο,
1332 3773 1430 3838 τῆς
1466 3774 1639 3837 θείας,
1671 3774 1765 3826 καὶ
1797 3775 1892 3828 ἁν-

306 3862 585 3931 θρωπίνης
640 3863 879 3931 φύσεως,
913 3862 1028 3915 ἁλλ’
1062 3866 1119 3916 ὲν
1151 3864 1365 3934 ἐνότητι
1405 3865 1523 3924 ἑνὸς
1565 3865 1889 3935 ⁴προσώπου,

307 3958 491 4025 ἀπαθῆ
530 3957 629 4024 μὲν
660 3957 755 4008 καὶ
788 3956 1058 4009 ἀθάνατον
1088 3960 1153 4025 τῇ
1187 3956 1423 4026 θεότητι.
1458 3957 1572 4009 ἀλλ’
1596 3959 1654 4009 ὲν
1692 3960 1756 4029 τῇ
1794 3959 1890 4010 ἀν-

307 4050 553 4118 θρωπίνῃ
606 4047 746 4116 ὑπὲρ
784 4047 943 4117 ἡμῶν
996 4047 1089 4099 καὶ
1136 4049 1234 4115 τῆς
1278 4048 1561 4116 ἡμετέρας
1612 4048 1893 4117 σωτηρίας

308 4142 547 4196 παθόντα
576 4139 770 4208 ἀληθεῖ
816 4139 977 4193 πάθει
1014 4140 1238 4205 σαρκὸς,
1271 4140 1644 4208 νεκρωθέντα,
1674 4144 1769 4195 καὶ
1800 4159 1895 4193 τα-

306 4235 499 4301 φέντα,
554 4232 650 4284 καὶ
705 4230 1023 4284 καταὸἀντα
1068 4233 1149 4294 είς
1186 4231 1277 4283 τὸν
1309 4230 1465 4302 ᾅδην,
1500 4232 1595 4284 καὶ
1625 4234 1689 4301 τῇ
1733 4234 1894 4304 τρίτῃ

291 4327 491 4395 ,ἡμέρᾳ
522 4326 836 4378 ἀναστάντα
878 4322 988 4375 ἀπὸ
1028 4323 1136 4373 τῶν
1180 4322 1416 4392 νεκρῶν,
1448 4324 1643 4393 ἀληθεῖ
1690 4327 1893 4394 σαρκὸς

308 4417 625 4478 ἀναστάσει,
664 4414 759 4467 καὶ
788 4415 969 4485 ἡμέρᾳ
1004 4418 1422 4485 τεσσαρακοστῇ
1464 4417 1605 4485 μετά
1639 4418 1737 4487 τὴν
1767 4420 1896 4471 ἀνά-

310 4528 519 4568 στασιν,
556 4508 680 4561 καθ’
708 4508 773 4576 ἢν
812 4509 1041 4575 ἀνέστη,
1075 4507 1372 4560 ἀνελθόντα
1414 4510 1494 4571 είς
1520 4510 1613 4562 τὸν
1641 4512 1891 4578 οὐρανῖιν,

1986 1970 2540 2036 consubsmntialem,
2567 1985 2902 2029 coaeternam
2936 1982 3005 2030 et
3028 1974 3563 2043 eoomnipotentem,

1988 2061 2152 2115 unius
2178 2062 2503 2128 voluntatis,
2541 2066 2852 2134 potestali~,
2880 2075 2936 2120 et
2967 2067 3295 2136 tnajestatis,
3340 2066 3565 2120 Grcam-

1986 2168 2101 2207 rem
2123 2154 2369 2208 omnium
2438 2144 2845 2219 creaturarum,
2915 2174 2983 2212 ex
3037 2176 3148 2227 quo
3209 2160 3416 2219 omnia,
3470 2173 3569 2225 per

1983 2260 2145 2313 quem
2182 2249 2389 2311 omnia,
2442 2250 2496 2302 in
2533 2265 2645 2318 quo
2682 2250 2887 2315 omnia,
2929 2267 3051 2320 qua:
3090 2259 3219 2305 sunt
3251 2252 3302 2303 in
3338 2251 3478 2304 malo
3510 2259 3568 2302 et

1984 2338 2037 2391 in
2076 2347 2246 2399 terra,
2276 2340 2515 2394 visibilia
2551 2350 2607 2395 et
2648 2341 2974 2405 invisibilia,
3010 2344 3316 2411 corporalia
3353 2353 3408 2396 et
3455 2344 3569 2411 spi-

1982 2428 2220 2483 ritualia.
2258 2430 2389 2483 Item
2415 2431 2587 2485 credo
2609 2432 2884 2503 siugulam
2907 2450 3182 2502 quamque
3215 2435 3268 2487 in
3294 2433 3564 2489 Triuitate

1983 2537 2297 2591 personam,
2325 2540 2493 2577 unum
2516 2541 2716 2593 verum.
2728 2527 2894 2579 Deum
2923 2528 3143 2594 plenum
3162 2536 3218 2580 et
3238 2530 3562 2595 perfectum.

1993 2617 2115 2671 Ἔτι
2161 2620 2400 2672 πιστεύω
2422 2620 2669 2690 ιὲκαστον
2711 2622 2768 2672 ὲν
2803 2625 2867 2692 τῇ
2903 2621 3089 2691 Τριάδι
3124 2621 3436 2690 πρόσωπον,
3469 2621 3567 2677 ἕνα

2064 2844 2271 2900 «Credo
2303 2845 2480 2912 ipsum
2504 2847 2699 2901 Filium
2718 2847 3077 2907 Dci.Verbum
3101 2848 3216 2913 Dei,
3233 2850 3571 2904 teternahter

1988 2947 2176 2991 natum
2211 2953 2276 2991 ex
2316 2937 2497 3004 Patre,
2542 2939 3098 3001 consubstantialem,
3132 2941 3299 2994 unius
3329 2951 3383 2995 ct
3419 2941 3569 3010 ejus-

1988 3026 2112 3081 dem
2161 3014 2581 3097 omnipotenlia:
2604 3039 2659 3083 et
2690 3030 3027 3098 con-qualem
3068 3046 3164 3098 per
3195 3030 3383 3083 omnia
3421 3029 3565 3083 Patri

1990 3120 2045 3173 in
2080 3120 2374 3173 divinitate
2406 3137 2420 3174 :
2450 3123 2504 3173 in
2560 3130 2811 3188 tempore
2865 3129 3191 3189 conceptum
3242 3121 3311 3175 de
3358 3120 3575 3190 Spiritu

1990 3221 2207 3271 sancto,
2250 3222 2438 3267 natum
2467 3230 2530 3267 ex
2553 3215 2715 3268 Maria
2748 3231 2968 3285 semper
2994 3217 3203 3285 virgine
3224 3232 3349 3270 cum
3389 3215 3571 3269 anima

1992 3303 2283 3367 rationali;
2336 3305 2476 3359 duas
2536 3306 2829 3360 habentem
2893 3309 3252 3361 nativitates:
3300 3323 3464 3360 unam
3506 3324 3579 3360 ex.

1991 3393 2153 3446 Patre
2205 3403 2490 3456 :cteruam,
2545 3395 2772 3448 alteram
2823 3411 2888 3448 cx
2954 3395 3125 3448 Matre
3184 3399 3573 3463 corporalem;

1990 3487 2164 3541 Deum
2219 3503 2407 3541 verum
2449 3497 2504 3540 et
2554 3488 2832 3541 hominem
2898 3504 3113 3551 verum,
3172 3488 3456 3557 prOprium
3515 3488 3571 3540 in

1994 3593 2226 3651 utraque
2257 3592 2451 3633 natura
2484 3593 2649 3648 atque
2683 3579 2990 3649 perfectum
3021 3598 3035 3645 ;
3075 3594 3182 3633 non
3224 3580 3570 3647 adoptivum,

1993 3691 2173 3745 neque
2198 3677 2497 3728 sucundum
2528 3672 2896 3742 phantasiam,
2929 3672 3024 3727 sed
3048 3687 3242 3727 verum
3275 3683 3329 3726 et
3350 3672 3579 3725 unicum

1994 3769 2192 3824 Filium
2239 3767 2356 3827 Dei.
2393 3768 2447 3820 in
2478 3765 2696 3819 duabus
2724 3773 2780 3819 et
2804 3780 2872 3819 ex
2910 3765 3146 3831 duabus,
3192 3766 3379 3818 divina
3427 3765 3583 3819 scili-

1993 3872 2081 3917 cet
2111 3873 2160 3915 et
2196 3862 2456 3922 humana,
2493 3860 2729 3925 naturis,
2759 3859 2857 3913 sed
2898 3859 2952 3912 in
2991 3858 3159 3912 unius
3187 3858 3575 3924 singularitate

1996 3971 2273 4025 persmnc;
2324 3953 2717 4020 impassibilem
2756 3962 2807 4007 et
2863 3951 3233 4006 immortalem
3261 3950 3587 4014 divinitate,

1994 4050 2090 4103 sed
2126 4049 2177 4101 in
2210 4048 2552 4101 humanitate
2583 4062 2682 4116 pro
2710 4045 2871 4100 nobis
2900 4054 2957 4100 et
3004 4044 3182 4100 salute
3216 4055 3409 4098 nostra
3450 4057 3579 4111 pas-

1994 4155 2141 4204 sum,
2178 4155 2304 4193 vera
2329 4138 2511 4192 carnis
2544 4138 2839 4207 passione;
2871 4146 3151 4191 mortuum
3183 4144 3240 4189 et
3271 4134 3583 4204 sepultum;

1994 4243 2051 4288 et
2070 4233 2424 4288 descendisse
2448 4233 2515 4285 ad
2546 4233 2789 4296 inferos;
2811 4242 2867 4287 ct
2897 4231 3058 4286 tertia
3082 4229 3173 4284 die
3204 4228 3578 4283 resorrexisse

1994 4338 2027 4379 a
2056 4324 2312 4386 mortuis,
2359 4340 2485 4377 vera
2512 4322 2695 4377 carnis
2728 4320 3141 4375 resurrectione
3169 4335 3184 4385 ;
3224 4317 3313 4372 die
3342 4315 3581 4385 quadra-

1997 4419 2207 4489 gesimo
2247 4428 2371 4486 post
2424 4415 2914 4473 resurrectionem,
2956 4426 3080 4465 cum
3134 4424 3326 4475 carne,
3355 4423 3464 4478 qua
3498 4423 3593 4461 re-~

1999 4509 2261 4572 surrexit,
2292 4518 2348 4561 et
2374 4508 2580 4568 anima,
2612 4505 2928 4559 ascendisse
2945 4502 3014 4557 ad
3048 4501 3275 4565 caelum,
3306 4509 3363 4552 et
3389 4500 3597 4553 sedere

314 4603 405 4653 καὶ
435 4600 802 4667 καθεζόμενον
834 4602 901 4652 ἐκ
945 4598 1136 4663 δεξιῶν
1171 4599 1265 4653 τοῦ
1314 4600 1546 4670 Πατρλις,
1575 4604 1699 4654 ὅθεν
1743 4604 1885 4655 ὲλεύ-

1999 4604 2064 4657 ad
2096 4604 2375 4655 dexteram
2435 4598 2533 4653 Dei
2572 4597 2788 4660 Patris;
2834 4595 2963 4649 inde
3001 4603 3297 4647 venturum
3326 4591 3597 4660 judicare

313 4710 467 4745 σεται
494 4696 674 4761 κρῖναι
700 4693 910 4757 ζῶντας
938 4694 1032 4744 καὶ
1064 4695 1314 4763 νεκροὺς,
1338 4695 1639 4747 ἀποδώσων
1670 4698 1749 4749 ἑνὶ
1770 4697 1896 4749 ἑκά-

309 4805 420 4855 στῳ
448 4786 586 4839 κατὰ
616 4786 684 4837 τὰ
718 4785 855 4854 ἔργα
892 4784 1083 4845 αὑτοῦ.
1126 4786 1235 4837 εἴτε
1266 4787 1452 4853 ἁγαθᾶ
1486 4787 1755 4854 ἐγένοντο,
1788 4790 1897 4842 εἴτε

307 4883 474 4934 κακά.
511 4878 762 4932 Πιστεύω
792 4878 887 4930 καὶ
934 4878 994 4930 τὸ
1033 4878 1259 4947 Πνεῦμα
1304 4877 1364 4931 τὺ
1404 4879 1561 4946 ἅγιον
1589 4881 1771 4950 πλήρη
1803 4883 1899 4933 καὶ

303 4973 509 5024 τέλειον
540 4972 677 5023 Θεὸν
701 4968 981 5038 ἀληθινὸν,
1011 4971 1075 5021 ὲκ
1100 4972 1318 5041 Πατρὸς
1342 4970 1438 5023 καὶ
1458 4970 1588 5023 Υίοῦ
1609 4973 1901 5038 ἐκπορευό-

307 5081 493 5133 μενον.
523 5064 725 5116 ταυτὸν
782 5064 879 5116 καὶ
923 5064 1342 5133 ὸμοΰπαρκτον,
1385 5069 1481 5119 καὶ
1528 5065 1896 5134 ὁμοδύναμον,

307 5156 401 5205 καὶ
438 5155 713 5206 συναῖδιον
752 5153 894 5205 κατὰ
925 5153 1106 5213 πάντα
1136 5155 1314 5223 Πατρὶ
1349 5158 1443 5207 καὶ
1476 5155 1616 5222 Υἱῴ.
1654 5156 1902 5207 Πιστεύω

304 5249 513 5314 ταύτην
544 5246 644 5315 τὴν
666 5246 828 5312 ἁγίαν
864 5246 1058 5315 τριάδα
1066 5296 1081 5320 ,
1110 5245 1170 5297 οὐ
1205 5248 1355 5316 τρεῖς
1387 5241 1526 5299 εἶναι
1561 5247 1716 5308 θεοὺς
1736 5286 1751 5309 ,
1784 5246 1902 5299 ἀλλ’

305 5338 401 5390 ἕνα
435 5338 569 5391 Θεὸν
601 5340 1021 5409 παντοκράτορα
1050 5380 1065 5405 ,
1119 5339 1375 5402 αἰώνιον,
1429 5342 1695 5411 ἀόρατον,
1740 5341 1904 5394 ἀναλο

308 5450 367 5487 ΑΟ
375 5453 553 5489 ιωτον.

382 5590 403 5623 ι
451 5574 703 5628 Πιστεύω
733 5576 830 5646 τὴν
860 5576 1023 5641 ἁγίαν
1051 5576 1367 5645 καθολικὴν,
1402 5576 1497 5629 καὶ
1537 5573 1904 5641 ἁποστολικὴν

314 5664 442 5731 μίαν
466 5666 643 5735 ἁληθῆ
672 5665 813 5721 εἶναι
832 5669 1184 5737 Ἐκκλησίαν,
1210 5669 1267 5719 ὲν
1358 5670 1415 5721 ἓν
1445 5668 1646 5719 δίδοται
1676 5666 1906 5735 βάπτισ-

319 5774 417 5823 μα,
451 5759 545 5811 καὶ
578 5759 788 5827 ἀληθὴς
823 5763 1020 5829 ἄφεσις
1062 5762 1284 5813 πάντων
1323 5761 1433 5811 τῶν
1466 5759 1902 5829 ἁμαρτημάτων.

319 5849 563 5905 “(suam
592 5853 767 5924 ἀληθῆ
802 5858 1102 5908 ἀνάστασιν
1146 5853 1244 5923 τῆς
1278 5854 1444 5922 αὐτῆς
1480 5851 1677 5922 σαρκὸς
1716 5852 1782 5921 ἢν
1812 5851 1903 5904 νῦν

2002 4696 2156 4748 vivos
2191 4703 2245 4746 ct
2274 4702 2543 4754 mortuos,
2575 4701 2630 4744 et
2662 4688 3008 4744 redditurum
3044 4686 3344 4752 unicuique
3378 4697 3587 4737 sccun-e

2002 4789 2132 4843 dum
2155 4803 2319 4856 Opera
2354 4801 2477 4849 sua,
2502 4784 2622 4839 sive
2649 4783 2791 4837 bona
2824 4780 3032 4836 fuerint
3055 4778 3172 4831 sive
3206 4776 3368 4830 mala.
3401 4774 3597 4827 Credo-
3626 4792 3633 4799 -

2004 4885 2168 4939 etiam
2205 4882 2473 4950 Sp‘ritum
2506 4887 2787 4939 sanctum,
2811 4874 3035 4943 plenum
3063 4881 3120 4924 et
3150 4868 3456 4939 perlectum
3489 4882 3593 4918 ve-

2006 4990 2242 5042 rumque
2282 4973 2477 5032 Deum,
2514 4984 2581 5023 cx
2645 4966 2810 5020 Patre
2860 4972 2919 5016 et
2965 4961 3106 5015 Filio
3152 4960 3597 5029 procedentem;

2004 5065 2361 5134 coaequalem,
2401 5072 2458 5115 et
2483 5056 2935 5121 coesseutialem,
2956 5064 3015 5109 et
3045 5051 3593 5119 coomuipoteutem,

2003 5168 2059 5213 et
2086 5168 2419 5214 consternunt
2449 5171 2547 5225 per
2571 5153 2756 5208 omnia
2780 5150 2929 5206 Patri
2959 5157 3017 5204 et
3048 5147 3210 5203 Filio.
3242 5144 3423 5201 Credo
3444 5145 3598 5196 hanc

2004 5262 2251 5307 sanctam
2278 5249 2629 5311 Trinitatem,
2647 5262 2754 5300 non
2778 5254 2889 5300 tres
2909 5246 3065 5307 deos,
3093 5240 3191 5297 sed
3223 5254 3389 5295 unuut
3412 5237 3583 5289 Deum

2005 5343 2467 5411 omnipotentem,
2490 5349 2783 5403 aeternum,
2821 5335 3182 5401 invisibilem,
3201 5344 3260 5389 et
3280 5332 3586 5387 incommu-

2009 5435 2252 5489 labilem.

2085 5589 2104 5623 ι
2141 5571 2319 5625 Credo
2393 5579 2639 5623 sanctam
2714 5568 3040 5623 catholicam
3116 5576 3173 5621 et
3233 5563 3589 5635 apostolicam

2010 5682 2173 5720 unam
2209 5679 2329 5718 esse
2378 5678 2563 5716 veram
2610 5661 2936 5722 Ecclesiam,
2974 5661 3026 5713 in
3068 5672 3181 5727 qua
3222 5673 3391 5710 unum
3429 5656 3595 5708 datur

2010 5757 2308 5825 baptisma,
2371 5764 2428 5808 ct
2463 5770 2592 5807 vera
2620 5752 2868 5807 omnium
2914 5748 3169 5804 remissio
3212 5757 3587 5829 peet'atorum.

2008 5851 2184 5907 Credo
2210 5863 2394 5904 veram
2434 5846 2902 5903 resurrectionem
2926 5842 3173 5916 ejusdem
3206 5841 3629 5908 caruis,quamz-
