3932 6298
498 244 560 299 11

1478 234 1813 321 _HUGONIS
1846 232 2139 290 ABBATIS
2176 230 2745 288 FLAVINIACEN‘SIS

3711 244 3787 300 12

494 359 562 417 «ψ
595 357 752 415 initio
777 354 955 428 gratia
987 364 1040 410 et
1074 353 1429 410 benevolentia
1455 352 1569 423 ejus
1597 368 1745 419 usus,
1780 367 1905 404 mox
1931 357 2081 420 post-
2109 352 2156 407 Α
2183 364 2355 402 mense
2380 330 2673 418 septembri
2697 366 2749 402 a.
2774 346 2913 402 1096
2940 364 3103 420 usque
3124 349 3196 404 ad
3228 348 3454 407 Pontem
3479 354 3651 411 Arlite
3683 375 3786 412 co—

493 466 656 518 quant
676 465 783 503 una
811 464 930 502 cum
951 447 1138 501 abbate
1171 455 1222 501 et
1250 445 1461 516 reliquis
1483 442 1738 514 fratribus
1760 442 2078 497 monasterio

493 540 806 597 Divionensi
846 538 1195 594 obedientiam
1220 536 1481 607 promisit,
1524 536 1580 589 in
1618 535 1923 589 societatem
1956 533 2079 586 vita:

492 646 545 689 et
598 632 940 688 consiliorum
989 631 1221 685 adscitus
1255 636 1353 694 est,
1397 629 1475 681 ita
1503 634 1561 680 ut
1586 643 1725 692 cum,
1760 625 2076 679 Theoderico

492 726 737 795 episcopo
764 730 994 790 mortuo,
1020 719 1281 789 Rodulfus
1316 717 1480 772 abbas
1524 733 1662 770 anno
1694 714 1832 769 1092
1877 713 2076 768 Virdu-

494 834 622 871 num
650 817 862 882 rediret,
900 814 1051 885 Hugo
1076 812 1357 867 Jarentoni
1386 807 1764 864 adhwrendum
1798 815 2070 861 statueret.

494 907 647 963 Inter
674 909 812 963 viros
843 907 1004 977 igitur
1048 902 1445 974 pontiﬁciarum
1492 898 1729 970 partium
1782 899 2073 968 pracipuos

491 1002 680 1072 quibus
722 998 947 1054 innotuit
992 1005 1188 1059 noster,
1231 993 1507 1063 Hugonem
1548 988 2075 1045 abbatem‘Cluniaci

490 1089 793 1145 Jarentonis
822 1104 991 1142 comes
1019 1085 1275 1149 visitavit,
1320 1091 1371 1136 et
1424 1081 1637 1151 Hugoni
1685 1081 2073 1150 archiepiscopo

488 1179 825 1251 Lugdunensi
855 1179 912 1232 in
943 1184 1149 1230 tantum
1177 1172 1401 1243 placuit,
1426 1180 1483 1226 ut
1509 1170 1574 1224 ab
1602 1187 1660 1225 eo
1686 1171 1741 1224 in
1770 1170 2072 1224 ministrum

486 1280 807 1341 assumptus,
834 1266 1056 1337 negotiis
1082 1262 1441 1327 adhiberetur,
1471 1269 1719 1331 tantaque
1753 1260 1865 1330 ejus
1912 1260 2074 1329 fami-

484 1360 721 1414 liaritate
766 1374 894 1412 usus
930 1365 1028 1422 est,
1070 1362 1128 1407 ut
1167 1370 1285 1408 eum
1326 1353 1427 1407 sibi
1464 1351 1821 1406 indissolubili
1862 1350 2071 1405 vinculo

473 1453 723 1521 junctum
762 1456 994 1520 putaret.
1046 1445 1259 1500 Talium
1281 1446 1513 1499 virorum
1541 1442 1774 1515 exemplo
1808 1444 2070 1498 excitatus

483 1551 533 1596 et
561 1557 734 1594 rerum
756 1555 980 1611 quarum
1007 1538 1269 1609 particeps
1298 1537 1471 1607 factus
1504 1544 1617 1590 erat
1650 1538 1909 1608 gravitate
1932 1552 2071 1589 com-

483 1641 657 1687 motus
673 1631 882 1702 juvenis
907 1630 1148 1685 historice
1176 1628 1465 1684 scribendis
1498 1627 1739 1694 accessit,
1775 1643 1835 1680 eo
1865 1625 2066 1680 scilicet

2180 440 2398 492 mitatus
2426 448 2523 505 est,
2553 449 2603 492 et
2632 438 2909 492 Divionem
2952 439 3137 507 redux,
3173 441 3465 515 Haganone
3501 445 3786 518 Augusto-

2178 530 2399 585 dunensi
2431 532 2672 601 episcopo
2697 541 2912 584 auctore
2957 539 3008 585 et
3054 534 3325 588 canonicis
3363 534 3620 608 laicisque
3679 538 3785 593 eli-

2177 622 2439 691 gentibus,
2479 622 2749 676 abbatiam
2779 621 3233 679 Flaviniacensem
3256 627 3520 697 suscipere
3552 646 3783 684 consen-

2175 712 2266 766 sit.
2304 712 2383 766 Ab
2414 711 2635 784 Hugone
2668 715 3060 785 archiepiscopo
3092 717 3182 770 vix
3203 733 3340 788 wgre
3371 718 3624 773 dimissus
3672 720 3779 793 (7),

2175 803 2261 857 die
2292 803 2363 857 22
2395 803 2709 861 Novembris
2743 823 2796 860 α.
2835 805 2972 861 1096
3007 806 3383 863 Flaviniacum
3425 811 3679 877 intravit,
3727 823 3780 866 et

2174 904 2384 964 postera
2413 895 2499 949 die
2527 907 2863 951 consecratus
2891 908 2989 952 est.
3030 898 3199 954 Annis
3238 901 3351 971 fere
3381 902 3551 956 tribus
3577 904 3778 973 quibus

2175 986 2404 1040 abbatite
2452 989 2690 1058 praefuit,
2746 990 2897 1044 rebus
2937 991 3153 1061 agendis
3189 1008 3399 1061 operam
3435 993 3583 1046 dedit
3613 1004 3670 1048 et
3721 997 3777 1049 in

2173 1093 2302 1147 opus
2321 1077 2555 1134 ecclesia:
2584 1080 2687 1134 duo
2711 1081 2886 1136 millia
2911 1082 3204 1136 solidorum
3228 1084 3504 1154 expendit;
3535 1086 3629 1138 sed
3659 1085 3709 1138 Η
3717 1105 3778 1139 a-

2172 1185 2374 1240 ganone
2398 1173 2638 1242 episcopo
2665 1173 2959 1227 diwcesano
3009 1191 3062 1229 α.
3111 1174 3250 1231 1098
3296 1176 3569 1246 defuncto,
3624 1177 3771 1232 Nor-

2171 1262 2404 1332 gaudum
2435 1280 2785 1318 successorem
2828 1265 3194 1320 adversarium
3240 1276 3426 1321 nactus
3467 1277 3565 1323 est.
3615 1269 3774 1324 Anno

2172 1350 2312 1407 1099
2360 1353 2415 1407 d.
2465 1354 2536 1409 28
2588 1354 2776 1409 Martii
2813 1356 3077 1427 Rodulfus
3119 1357 3281 1412 abbas
3320 1359 3485 1425 obiit;
3521 1362 3771 1416 morienti

2173 1441 2329 1515 Hugo
2369 1444 2553 1501 aderat
2586 1455 2638 1503 et
2677 1448 2976 1518 passione»:
3021 1448 3356 1504 Dominicam
3392 1450 3542 1521 legit,
3581 1453 3772 1522 defun—

2169 1536 2343 1607 ctique
2385 1538 2543 1606 funus
2604 1538 2900 1593 Virdunum
2941 1550 3249 1610 prosecutus
3296 1550 3375 1595 est
3432 1542 3532 1614 (8).
3584 1544 3769 1600 Mense

2170 1625 2463 1697 Septembri
2495 1631 2608 1699 ejus
2631 1632 2757 1685 anni
2788 1631 3101 1686 Flaviniaco
3120 1636 3365 1699 excessit,
3388 1635 3623 1688 inimicis
3653 1653 3765 1690 mo-

483 1725 683 1789 animo,
720 1731 779 1776 ut
800 1724 848 1777 si
877 1724 985 1793 ipse
1015 1723 1178 1793 fortia
1200 1721 1385 1775 audire
1416 1721 1669 1791 nequiret,
1707 1718 1898 1772 saltem
1926 1718 2065 1771 viro-
2096 1724 2139 1779 B
2166 1719 2347 1773 nachis
2376 1722 2691 1791 quibusdam
2715 1732 2764 1778 et
2797 1721 3087 1793 Norgaudo
3119 1723 3297 1778 locum
3330 1725 3499 1793 dedit,
3552 1736 3605 1780 et
3648 1728 3762 1796 fru-

481 1833 601 1872 rum
634 1816 853 1886 fortium
890 1816 1013 1869 bene
1056 1823 1177 1868 acta
1202 1812 1498 1884 exploraret
1533 1820 1583 1867 et
1609 1810 1858 1865 oblivioni
1893 1810 2065 1880 eripe—
2164 1819 2279 1865 stra
2301 1828 2394 1882 per
2427 1812 2645 1883 aliquod
2689 1822 2888 1883 tempus
2915 1814 3060 1884 apud
3093 1814 3445 1886 Norgaudum
3487 1826 3539 1871 et
3573 1816 3760 1889 Hugo-

481 1916 558 1961 ret
584 1907 683 1979 (5).
725 1905 998 1963 Chronica:
1037 1906 1203 1977 igitur
1245 1897 1621 1959 concinn‘anda:
1650 1919 1862 1975 operam
1896 1902 2063 1969 dedit,

478 2017 583 2071 qua
614 2016 694 2054 res
716 2006 889 2070 gestas
914 1999 1034 2052 inde
1054 2015 1086 2052 a
1115 1996 1315 2053 Christi
1350 1996 1650 2050 Nativitate
1684 1994 1753 2049 ad
1778 2011 1875 2048 sua
1903 2010 2063 2064 usque

480 2100 715 2161 tempora
740 2089 1049 2154 deduceret;
1075 2096 1124 2143 et
1151 2088 1403 2143 subsidiis
1436 2086 1841 2158 quamplurimis
1879 2101 2063 2156 conge-

477 2185 576 2237 stis
616 2183 761 2237 circa
807 2198 1003 2235 annum
1042 2179 1179 2236 1090
1226 2179 1301 2250 (6)
1351 2196 1565 2234 manum
1609 2179 1754 2249 operi
1808 2177 2058 2231 admovit.

477 2273 695 2329 Duobus
721 2289 850 2344 quos
896 2272 1207 2342 conscripsit
1249 2270 1422 2337 libris,
1466 2271 1640 2340 priore
1681 2269 1957 2323 historiam
1990 2268 2060 2323 ad

443 2396 451 2406 η
475 2364 691 2419 initium
715 2363 896 2419 seaculi
926 2381 1002 2430 ιι,
1033 2363 1198 2417 altero
1232 2362 1300 2416 ad
1323 2379 1421 2416 sua
1456 2378 1617 2431 usque
1644 2368 1878 2431 tempora
1903 2360 2063 2413 dedu-

473 2458 576 2524 xit,
601 2457 658 2511 in
678 2458 975 2511 universum
1011 2456 1222 2526 quidem
1251 2463 1541 2525 temporum
1571 2453 1807 2507 ordinem
1827 2460 2056 2519 secutus,

473 2550 565 2603 sed
587 2565 706 2603 cum
739 2556 903 2619 coepto
929 2563 1079 2618 opere
1107 2546 1346 2601 subsidia
1392 2546 1593 2617 passim
1633 2552 1940 2611 crescerent,
1972 2560 2056 2598 se-

471 2640 603 2695 dula
622 2640 902 2713 diligentia
925 2640 1123 2711 scripta
1155 2646 1463 2706 retractare,
1487 2639 1683 2692 omissa
1707 2637 1920 2705 addere,
1960 2653 2059 2706 pop

471 2734 717 2804 ginarum
765 2733 995 2802 margini
1038 2740 1192 2786 notas
1238 2730 1485 2800 adjicere,
1523 2730 1653 2800 folia
1688 2730 1891 2801 integra
1918 2730 2057 2784 inse-

472 2840 584 2878 rere
619 2839 721 2877 non
747 2823 968 2878 destitit.
1010 2820 1264 2876 Subsidia
1307 2820 1494 2892 quibus
1519 2822 1749 2890 primum
1790 2837 1916 2874 usus
1955 2829 2055 2887 est,

2164 1918 2282 1957 nem
2315 1904 2763 1976 archiepiscopum
2788 1921 2882 1974 pro
2913 1906 3087 1959 reditu
3115 1906 3398 1962 laboravit.
3438 1907 3580 1961 Anni
3618 1909 3759 1962 1100

2162 1994 2317 2049 initio
2340 1998 2531 2050 iterum
2552 1997 2609 2050 in
2634 1996 2883 2067 Angliam
2913 1998 3176 2067 profectus
3206 2007 3307 2065 est,
3328 2015 3501 2053 mense
3514 1999 3755 2071 Augusto

2161 2086 2482 2142 adversariis
2514 2088 2626 2142 suis
2649 2087 3143 2143 Flaviniacensibus
3165 2090 3369 2159 frustra
3392 2091 3582 2145 iterum
3608 2092 3755 2146 litte-

2162 2193 2250 2231 ras
2281 2179 2515 2249 scripsit,
2557 2187 2606 2233 et
2652 2177 2944 2249 Septembri
2988 2181 3197 2234 demum
3236 2190 3457 2236 exeunte
3487 2200 3521 2236 a
3563 2183 3751 2254 legatis

2157 2271 2423 2341 pontificis
2445 2272 2501 2325 in
2520 2271 2744 2325 concilio
2769 2270 3046 2326 Valentino
3060 2271 3288 2327 abbatiw
3310 2274 3603 2343 restitutus,
3616 2275 3752 2329 Fla-

2158 2364 2422 2418 viniacum
2438 2364 2616 2422 rediit.
2631 2362 2734 2419 Sed
2757 2374 2878 2418 tunc
2891 2381 3091 2436 quoque
3109 2365 3366 2434 offensum
3393 2366 3617 2435 fratrum
3631 2367 3751 2419 ani-

2159 2472 2323 2523 mum,
2358 2457 2447 2527 qui
2471 2442 2741 2510 abbatiam
2767 2456 3070 2510 Divibnensi
3097 2454 3483 2525 subjiciendum
3511 2458 3750 2527 suspica-

2159 2545 2370 2613 bantur,
2395 2546 2496 2600 sibi
2526 2547 2812 2602 conciliare
2838 2549 3088 2618 nequivit,
3112 2548 3189 2600 ita
3212 2556 3269 2601 ut
3294 2547 3585 2618 Norgaudo
3608 2564 3751 2602 anno

2160 2635 2292 2691 1101
2335 2637 2557 2692 alterius
2586 2639 2794 2693 abbatis
2820 2639 3174 2693 constituendi
3195 2639 3342 2693 locus
3363 2640 3599 2707 daretur,
3625 2640 3749 2694 Huc

2156 2744 2286 2799 gone
2312 2729 2475 2799 ejecta
2502 2738 2552 2784 et
2577 2731 2781 2800 frustra
2809 2730 3032 2785 Romam
3057 2730 3373 2801 appellante.

2229 2819 2361 2874 Htec
2387 2820 2578 2875 ultima
2613 2830 2736 2875 sunt
2769 2838 2886 2894 qua:
2911 2823 2974 2877 de
2994 2840 3048 2877 se
3086 2824 3195 2893 ipse
3234 2824 3484 2892 scripsit;
3518 2823 3751 2879 Divione

468 2912 851 2986 Lotharingica
878 2913 1078 2968 scilicet
1107 2922 1157 2967 et
1182 2912 1634 2984 Burgundica,e:c
1653 2928 1787 2982 penu
1817 2910 2060 2966 abbatia-
2157 2911 2323 2982 igitur
2371 2929 2490 2966 cum
2535 2911 2824 2968 Jarentone
2865 2915 3070 2969 stetisse
3107 2914 3332 2982 videtur,
3379 2931 3532 2985 quem
3584 2932 3749 2970 unum

471 3022 591 3061 rum
611 3003 669 3060 S.
705 3004 881 3059 Vitoni
904 3013 954 3059 et
982 3003 1314 3059 Divionensis
1351 3003 1641 3073 acceperit;
1676 3002 1788 3056 alia
1811 3018 1857 3056 e.
1886 3018 1937 3073 g.
1966 3019 2057 3056 ca-
2159 3003 2393 3056 omnium
2430 3004 2720 3058 amicorum
2757 3014 3080 3059 constantem
3117 3014 3166 3059 et
3199 3005 3406 3075 ﬁdelem
3436 3006 3539 3060 sibi
3562 3023 3750 3077 exper-

472 3097 639 3169 talogi
684 3097 1195 3169 archiepiscoporum
1242 3094 1674 3167 Lugdunensium
1709 3102 1759 3149 et
1786 3095 2055 3165 episcopo-
2079 3077 2122 3135 Ο
2155 3101 2237 3147 tus
2267 3094 2460 3164 fuerat.
2501 3094 2721 3149 Librum
2753 3112 2907 3150 suum
2947 3113 3039 3166 per
3063 3095 3201 3149 vices
3225 3096 3446 3166 passim,
3479 3095 3626 3150 nullo
3653 3112 3748 3150 or-

469 3207 590 3245 rum
636 3188 1169 3245 Claromontanorum
1219 3196 1401 3258 postea
1454 3196 1813 3252 accesserunt;
1865 3185 2052 3240 ultimo

469 3280 584 3334 loco
634 3279 1065 3334 Flaviniacensia
1114 3278 1439 3350 marginibus
1485 3286 1535 3333 et
1578 3278 1789 3348 paginis
1839 3277 2051 3331 insertis

468 3372 658 3428 addita
699 3379 925 3439 constat,
955 3386 1074 3425 cum
1098 3370 1208 3442 ipse
1225 3370 1345 3442 jam
1370 3370 1676 3424 monasterii
1721 3369 1877 3423 istius
1917 3369 2054 3440 regi-

469 3480 588 3518 men
615 3464 943 3535 suscepisset.
981 3463 1134 3518 Anno
1182 3461 1320 3518 1095
1361 3460 1439 3517 vel
1490 3461 1627 3517 1096
1677 3462 1885 3516 ineunte
1934 3478 2053 3515 cum

467 3556 693 3612 Jarento
717 3557 780 3612 ab
814 3556 1025 3612 Urbano
1039 3573 1177 3628 papa
1202 3572 1297 3626 pro
1327 3555 1651 3609 restituenda
1680 3554 1934 3609 Ecclesia:
1955 3571 2053 3607 au-

468 3648 716 3702 ctoritate
731 3656 779 3702 et
792 3646 1198 3702 reconciliandis
1211 3644 1494 3701 Wilhelmo
1507 3662 1621 3717 rege
1629 3655 1678 3700 et
1688 3645 1912 3699 Roberto
1925 3644 2053 3699 duce

469 3737 727 3808 fratribus
748 3739 805 3793 in
818 3738 1231 3793 Nortmanniam
1241 3737 1340 3792 etA
1350 3735 1549 3807 ngliam
1564 3737 1879 3803 mitteretur,
1896 3734 2050 3805 Hugo

468 3830 711 3886 abbatem
741 3848 894 3885 suum
927 3831 1209 3885 comitatus
1232 3836 1331 3884 est.
1360 3828 1428 3883 Re
1462 3837 1639 3883 autem
1672 3828 1890 3898 infecta,
1931 3842 2051 3879 cum

466 3923 690 3978 Jarento
719 3932 872 3995 atque
884 3920 1039 3993 Hugo
1053 3921 1301 3988 redirent,
1314 3921 1369 3975 in
1380 3920 1518 3974 mari
1546 3927 1849 3989 tempestate
1872 3918 2049 3973 valida

467 4016 539 4071 ad
572 4015 758 4069 mortis
795 4014 1079 4068 discrimen
1100 4012 1342 4084 producti
1376 4012 1586 4066 tandem
1609 4010 1839 4081 Bajocas
1875 4026 2051 4080 perve-

466 4112 677 4173 nerunt,
708 4104 797 4159 ubi
840 4103 1017 4175 Hugo,
1048 4102 1226 4158 morbo
1251 4101 1476 4157 violento
1515 4117 1810 4173 oppressus,
1857 4102 2049 4155 iterum

467 4211 643 4251 necem
668 4196 754 4250 vix
774 4196 957 4250 evasit.
1001 4193 1233 4250 Sanatus
1266 4201 1459 4260 tamen,
1507 4202 1784 4265 postquam
1824 4191 2046 4247 Iorento

467 4286 804 4340 concordiam
826 4287 963 4341 inter
985 4284 1265 4340 Robertum
1292 4284 1478 4339 ducem
1498 4294 1547 4338 et
1569 4285 1791 4354 fratrem
1817 4284 1931 4355 ejus
1959 4301 2045 4339 re-

465 4380 664 4446 stituit,
694 4395 799 4432 una
831 4395 949 4432 cum
977 4378 1164 4432 abbate
1186 4377 1371 4431 ducem
1399 4375 1821 4446 Hierosolymam
1844 4376 2047 4429 iturum

581 4575 616 4631 ii
656 4575 721 4631 A.
755 4575 914 4631 1100.

542 4575 617 4728 {[3
1084 4661 1211 4728 pars
1247 4644 1360 4728 iam
1409 4645 1714 4728 conscripta
1757 4654 1879 4728 erat
1916 4646 2046 4702 dum

467 4714 658 4770 δυοῖσι·
685 4733 736 4771 a.
769 4717 905 4772 1096
931 4714 1100 4772 abbas
1125 4714 1548 4773 Flaviniaccnsis
1576 4714 1780 4772 electus
1803 4725 1919 4779 est;
1947 4733 2049 4772 nec

465 4801 589 4857 quae
616 4786 682 4857 de
724 4786 850 4857 fuga
894 4803 992 4843 sua
1046 4794 1102 4857 et
1144 4786 1449 4841 obedientia
1505 4788 1705 4857 abbati,
1734 4786 2049 4857 Divionensi

466 4855 710 4926 praestita
743 4855 925 4924 trudit,
960 4855 1150 4911 multis
1191 4859 1358 4926 annis,
1399 4866 1521 4926 post
1558 4873 1609 4911 a.
1652 4855 1791 4926 1085
1838 4858 2039 4926 scripta

467 4924 624 4998 sunt;
650 4925 745 4983 fol.
773 4927 841 4983 97
866 4936 988 4998 post
1012 4942 1063 4980 a.
1097 4925 1255 4992 1086,
1288 4924 1517 4982 {01.129
1562 4934 1687 4996 post
1711 4925 1889 4998 71087,
1929 4924 2033 4998 ,fol.

468 4994 579 5067 124A
594 5006 721 5067 post
741 5014 791 5052 a.
818 4994 950 5053 1090
974 5004 1259 5067 exaratum
1280 5005 1396 5067 est;
1435 4994 1680 5052 nosti-um
1706 4997 1867 5067 igitur
1892 4997 2041 5052 circa

468 5011 573 5049 1:4
670 5011 721 5053 st
741 5014 791 5052 a.
818 5011 950 5053 ww
974 5011 1259 5052 exaratum
1287 5011 1396 5062 esn;
1435 5011 1680 5052 nosu-um
1706 5013 1751 5067 ιε

467 5080 520 5120 a.
558 5011 703 5123 1830
723 5068 993 5123 scribendi
1024 5066 1240 5121 initium
1266 5066 1459 5122 fecisse
1480 5067 1751 5123 existimo.

540 5135 620 5206 (7)
658 5138 1112 5208 Arcbiepiscepus
1148 5137 1223 5208 ita
1275 5138 1466 5192 scribit
1509 5155 1524 5192 :
1570 5136 1722 5207 cujus
1766 5134 2041 5192 sedulitati

467 5208 805 5278 credebamus
832 5206 990 5278 immo
1008 5206 1172 5276 cujus
1197 5206 1379 5278 lingua
1409 5222 1507 5262 vos:
1533 5216 1715 5278 nostra
1729 5214 1876 5278 erat.

541 5276 621 5348 (8)
657 5277 734 5348 D.
762 5278 799 5333 2
833 5277 1031 5348 Aprilis
1060 5274 1363 5333 tumulatus
1410 5292 1497 5348 ep.
1542 5274 1828 5344 Roduifus,
1871 5276 1924 5331 d.
1972 5274 2040 5331 10

466 5343 673 5418 Aprilis
693 5346 844 5418 Hugo
865 5343 1160 5404 Flaviniaci
1186 5348 1390 5402 aderat.

539 5416 619 5489 (9)
658 5414 1077 5488 Haec'prodeunt
1103 5434 1169 5473 ex
1195 5417 1391 5489 litteris
1422 5416 1713 5489 Laurentii
1730 5416 1939 5471 abbatis
1979 5414 2037 5470 S.

467 5484 665 5560 νηοὶιί⁸
689 5484 1166 5560 ριριὶιείμίιυίδυε
1198 5487 1416 5560 scriptis
1443 5487 1880 5560 adversariorum
1907 5500 2040 5560 suo-

466 5573 612 5631 tum.
645 5556 875 5631 fouisse
916 5556 1160 5631 ῌιῑεοηίε
1188 5556 1703 5631 insilisdqsponslet
1740 5557 1882 5631 aliud
1924 5556 2039 5631 ila.-

466 5627 580 5684 bill.
617 5646 667 5687 .9
689 5628 883 5694 Annal.
916 5626 1112 5687 Betied.
1146 5638 1184 5684 t.
1207 5626 1281 5696 Ὗ,
1305 5645 1358 5699 p.
1385 5626 1519 5695 685,
1541 5629 1644 5684 col.
1679 5627 1728 5681 1.
1774 5626 1878 5692 Qui
1923 5626 2026 5696 (Ri.

2029 4509 2034 4514 _
2076 4433 2122 4488 D

2154 3188 2277 3243 dine
2303 3197 2506 3244 servato
2531 3196 2580 3244 et
2608 3199 2763 3260 prout
2788 3191 2997 3244 animus
3026 3188 3247 3260 ferebat,
3263 3205 3425 3261 usque
3443 3190 3514 3244 ad
3547 3205 3748 3246 annun

2156 3279 2295 3334 1102
2320 3281 2593 3351 produxit.
2639 3280 2780 3346 Quid
2812 3282 2876 3335 de
2896 3282 3009 3352 ipso
3036 3291 3249 3335 auctore
3275 3291 3459 3352 postea
3475 3292 3653 3336 actum
3673 3284 3746 3337 sit

2153 3372 2468 3438 dubitatur;
2522 3382 2724 3427 certum
2765 3383 2942 3427 tamen
2981 3391 3090 3428 esse
3124 3374 3329 3427 videtur
3354 3390 3472 3428 eum
3502 3375 3746 3445 partibus

2151 3462 2388 3519 ecclesiae
2421 3482 2454 3518 a
2479 3464 2668 3536 quibus
2711 3473 2819 3518 tam
2856 3464 2950 3518 diu
2990 3472 3208 3518 steterat
3249 3466 3599 3532 renuntiasse,
3640 3464 3741 3519 Di-

2152 3555 2384 3610 vionensi
2407 3557 2728 3610 monasterio
2766 3557 3067 3623 excessisse,
3104 3556 3168 3610 ab
3208 3555 3396 3610 abbate
3433 3557 3742 3611 Divionensi

2151 3646 2684 3711 excommunicatum,
2714 3653 2909 3699 etcum
2941 3662 2993 3698 a.
3035 3644 3164 3698 1111
3202 3643 3503 3699 Richardus
3546 3644 3744 3698 Virdu-

2151 3736 2324 3791 nensis
2349 3738 2640 3807 episcopus,
2676 3734 2919 3791 Heinrici
2957 3735 3004 3791 V
3028 3736 3252 3802 assecla,
3278 3736 3523 3791 abbatem
3554 3735 3744 3791 Sancti

2162 3825 2338 3882 Vitoni
2361 3828 2616 3882 Paschali
2638 3828 2844 3899 fidelem
2860 3837 2909 3882 et
2932 3828 3123 3882 iterum
3153 3827 3224 3881 ad
3249 3825 3590 3882 Jarentonem
3612 3840 3743 3898 pro-

2150 3919 2436 3992 fugientem
2477 3920 2741 3990 ejecisset,
2786 3921 2843 3974 in
2885 3919 2999 3989 ejus
3038 3918 3211 3972 locum
3243 3917 3309 3972 ab
3345 3921 3585 3989 episcopo
3624 3935 3744 3972 esse

2147 4010 2492 4065 substitutum
2523 4011 2629 4083 (9);
2658 4011 2801 4083 quod
2827 4010 3037 4081 quidem
3069 4010 3124 4063 in
3156 4010 3266 4063 viro
3301 4010 3535 4064 ardentis
3567 4009 3741 4063 animi

2147 4111 2198 4158 et
2238 4119 2446 4156 summa
2503 4103 2703 4173 injuria
2743 4103 2968 4171 affecto,
3018 4100 3141 4154 bene
3186 4100 3328 4154 credi
3382 4108 3580 4170 potest,
3631 4101 3739 4155 etsi

2147 4210 2334 4249 nomen
2368 4192 2608 4266 Hugonis
2652 4193 2799 4248 haud
2835 4201 3011 4263 aperte
3050 4192 3331 4247 indicetur.
3374 4191 3526 4258 Quod
3546 4192 3594 4245 si
3623 4193 3741 4263 ipse

2147 4286 2249 4356 fuit
2264 4303 2415 4357 quem
2431 4286 2748 4341 Laurentius
2765 4285 2926 4339 abbas
2948 4284 3004 4340 S.
3030 4283 3207 4338 Vitoni
3233 4283 3446 4353 Rodul/i
3463 4300 3739 4339 successor

2145 4378 2341 4443 innuit,
2357 4378 2584 4434 abbatiaz
2607 4379 2773 4433 tribus
2787 4386 2991 4432 tantum
3014 4377 3165 4431 annis
3186 4376 3425 4447 prtefuit,
3440 4374 3735 4431 Laurentio

2144 4574 2516 4645 chardus).....
2557 4576 2788 4630 adimere
2809 4579 3106 4646 pt'azsumit,
3137 4574 3270 4646 dans
3296 4572 3377 4627 vel
3405 4573 3649 4646 auferens
3675 4592 3728 4629 a.

2142 4662 2196 4717 p.
2235 4662 2287 4717 p.
2320 4644 2882 4717 d.'ubbatias,quibus
2912 4644 3042 4717 vult,
3075 4644 3332 4717 qualibus
3373 4644 3560 4717 vultet
3596 4660 3732 4717 quo-

2144 4714 2298 4771 modo
2324 4715 2551 4788 vult.iln
2577 4716 2764 4788 quibus
2784 4716 2976 4788 estqille
2994 4714 3173 4788 quiab
3197 4714 3416 4788 abbatia
3445 4714 3732 4788 lavinia-

2144 4788 2286 4848 censi
2312 4784 2636 4856 repudiatus,
2680 4785 2749 4856 ab
2774 4784 3355 4856 ecclesia‘Divionensi,
3396 4786 3482 4856 cui
3508 4784 3730 4856 jubente

2144 4854 2471 4910 dominv‘suo
2505 4857 2690 4911 abbate
2714 4854 2988 4926 Rodulpho
3015 4855 3391 4926 professionem
3418 4854 3731 4926 fe‘cit,fugi-

2147 4926 2305 4992 tivus,
2330 4926 2393 4979 ab
2418 4927 2605 4981 abbate
2635 4925 2941 4979 Divionensi
2980 4925 3486 4990 excommunicatus,
3526 4925 3729 4993 virgam

2143 4995 2464 5065 pastoralem
2513 4997 2712 5067 quain
2760 5006 3014 5050 wternum
3053 4993 3423 5067 verberandus,
3466 4994 3728 5067 suscipere

2144 5064 2498 5135 prwsumpsit.
2526 5064 2712 5136 'Cujus
2759 5064 3182 5135 praesumptionis
3216 5065 3501 5134 participes
3545 5079 3598 5116 se
3633 5064 3725 5136 fe-

2144 5131 2326 5190 cerunt
2353 5131 2439 5189 illi
2470 5137 2561 5207 qui
2585 5131 2903 5207 taminfami
2929 5131 3164 5207 persona:
3197 5131 3724 5207 curainqpastoralent

2144 5201 2517 5261 commiserunt
2542 5215 2591 5260 et
2616 5206 2708 5276 qui
2730 5201 2784 5259 se
2810 5205 2860 5259 ei
2892 5201 3150 5276 committi
3167 5201 3414 5276 perpessi
3435 5210 3577 5276 sunt.
3617 5201 3724 5266 Qui

2143 5276 2253 5347 ipse
2284 5292 2485 5347 quoque
2512 5272 2694 5347 contra
2718 5292 2803 5330 eos
2825 5276 2915 5345 qui
2936 5274 3187 5328 Romana:
3202 5272 3445 5347 ecclesia:
3475 5273 3724 5347 resistunt

2140 5341 2335 5400 librum
2358 5341 2763 5400 auctoritatibus
2788 5341 3049 5399 munitum
3086 5343 3331 5413 confecit,
3373 5352 3422 5396 et
3463 5341 3723 5413 credimus

2178 5417 2266 5470 uia
2300 5416 2474 5487 modo,
2496 5416 2658 5487 juxta
2685 5415 2825 5487 quod
2865 5415 3053 5468 rustici
3094 5410 3279 5487 dicunt
3320 5410 3720 5487 cultrum_duas

2160 5479 2274 5556 eges
2309 5479 2515 5553 habere,
2537 5479 2708 5540 alium
2737 5486 2931 5538 librum
2954 5483 3301 5556 _compilabit,
3346 5491 3451 5538 etc.
3472 5479 3721 5556 -μδει-

2138 5549 2242 5611 iste
2276 5572 2307 5609 a
2345 5549 2637 5614 Laurentio
2661 5557 2913 5611 laudatus
2939 5549 3250 5609 Cbroixicon
3277 5560 3524 5609 nostrum
3547 5549 3723 5605 fuisse

2137 5628 2370 5682 videtur.
