3932 6298
258 306 338 363 15

1488 309 1900 370 CHRONICON.
1927 349 1997 357 ——-
2029 315 2400 376 PIKEMIUM.
3456 338 3543 398 ’14

251 418 440 478 exsule
467 436 561 491 per
596 418 923 481 Richardum
968 432 1208 478 revocato
1254 423 1387 496 (10).
1427 422 1560 491 Qua:
1583 428 1676 496 qui
1705 429 1849 482 circa
1881 431 1925 487 A
1952 430 2158 499 multae,
2185 434 2517 491 collectiones
2550 454 2834 510 canonum,
2859 444 2996 501 Acta
3032 449 3401 521 conciliorum,
3431 458 3546 527 epi-

251 530 457 568 annum
486 512 624 567 1140
651 514 896 581 tradidit,
914 514 1232 571 Laurentius
1253 515 1851 585 Leodiensis,Gestorum

262 604 686 660 Virdunensium
718 608 1074 675 continuator,
1110 624 1165 663 se
1194 608 1387 663 librum
1414 625 1568 664 suum
1596 610 1748 664 valde
1768 612 1853 665 in-

250 699 449 763 vitum,
469 696 560 751 sed
582 698 682 751 viri
705 698 1015 754 venerabilis
1040 697 1283 771 Hugonis
1307 702 1549 755 monachi
1571 700 1629 757 S.
1674 701 1853 757 Vitoni

253 790 429 847 nimia
464 790 726 843 instantia
765 791 1112 862 compulsum,
1143 792 1372 847 scribere
1390 795 1689 864 proﬁtetur.
1727 794 1854 849 Non

251 883 541 954 defuerunt
566 883 655 953 qui
685 880 960 953 Hugonem
991 884 1155 938 istum
1178 892 1416 939 nostrum
1442 900 1553 940 esse
1579 896 1847 956 putarent.

255 975 377 1031 Nec
407 984 538 1031 tetas
570 982 692 1028 tunc
728 976 1052 1045 superstitis,
1098 975 1298 1030 scilicet
1327 976 1396 1032 75
1436 993 1719 1046 annorum,
1759 978 1854 1033 ob-

170 1088 189 1096 ·
251 1074 451 1134 staret,
483 1074 534 1121 et
562 1065 898 1137 aliquantum
922 1069 1206 1135 succurrit,
1238 1068 1378 1139 quod
1407 1071 1636 1140 scriptor
1665 1087 1852 1127 nomen

157 1144 165 1150 ’
250 1158 470 1213 abbatis
520 1156 811 1213 Laurentio
857 1161 1130 1231 subrogati
1175 1168 1345 1215 tacere
1386 1161 1571 1229 voluit,
1618 1172 1668 1218 et
1713 1164 1853 1235 quod

253 1249 504 1321 Hugonis
540 1248 736 1304 librant
770 1253 973 1306 novisse
1012 1253 1237 1307 videtur.
1278 1252 1411 1318 Quae
1456 1255 1503 1309 si
1550 1256 1629 1310 ita
1667 1273 1722 1310 se
1754 1256 1853 1311 ha-

255 1342 402 1408 bent,
433 1340 710 1412 Hugonem
739 1352 856 1413 post
882 1344 1089 1398 abbatis
1130 1343 1410 1400 Laurentii
1441 1347 1670 1401 reditum
1695 1349 1854 1403 abba-

253 1434 393 1486 tiam
428 1432 700 1487 abdicasse
727 1442 779 1488 et
801 1432 923 1490 una:
965 1437 1128 1490 tantis
1165 1437 1409 1507 procellis
1436 1439 1657 1510 agitata:
1686 1457 1850 1496 annos

252 1524 474 1578 ultimos
510 1524 565 1578 in
592 1525 719 1579 nido
774 1527 861 1580 cui
896 1544 1027 1597 puer
1071 1527 1343 1582 coaluerat
1396 1531 1569 1600 quiete
1621 1534 1852 1603 exegisse

251 1617 467 1688 opinari
500 1615 702 1673 liceret.
745 1616 850 1673 Sed
886 1619 997 1675 hcec
1033 1636 1209 1675 revera
1246 1621 1580 1692 ignorantur.

328 1728 400 1783 In
423 1727 559 1784 libro
579 1732 859 1801 superstite
883 1742 1004 1787 ante
1026 1735 1203 1789 omnia
1223 1735 1480 1808 insignem
1500 1738 1850 1810 indefessam-

249 1836 355 1892 que
395 1837 584 1875 curam
616 1839 723 1895 qua
772 1824 1012 1879 subsidia
1053 1827 1200 1896 operi
1239 1827 1575 1899 amplissima
1614 1832 1849 1903 undique

249 1914 593 1984 conquisivit,
617 1924 668 1970 et
692 1916 921 1971 addendi
953 1918 1347 1990 corrigendique
1364 1936 1584 1990 perenne
1609 1922 1847 1979 studium

239 2004 372 2074 jure
408 2003 716 2061 laudamus.
760 2006 843 2061 Ad
875 2024 1062 2064 manus
1085 2010 1133 2063 ei
1153 2017 1307 2063 erant
1329 2009 1454 2065 libri
1476 2011 1776 2085 chartasque
1796 2024 1848 2069 et

247 2095 494 2167 epistolae
516 2097 798 2152 tabulariis
818 2107 869 2153 et
891 2098 1219 2155 bibliothecis
1266 2099 1700 2171 Virdunensibus,
1742 2105 1845 2160 Di-

248 2186 609 2254 vionensibus,
622 2185 1056 2259 Lugdunensibus
1072 2191 1380 2262 desumpta,
1392 2208 1616 2263 quorum
1625 2196 1674 2249 ei
1694 2197 1847 2267 copia

250 2294 290 2332 α
322 2278 556 2349 Rodulfo
574 2287 627 2335 et
648 2278 936 2335 Jarentone
974 2280 1252 2338 abbatibus
1294 2293 1451 2356 atque
1493 2284 1715 2358 Hugone
1755 2304 1846 2344 ar-

250 2369 583 2441 chiepiscopo
642 2372 788 2442 facta
841 2381 999 2439 erat,
1052 2373 1241 2444 quibus
1286 2375 1509 2449 denique
1563 2378 1845 2436 Flavinia-

250 2462 435 2515 censia
484 2472 835 2529 accesserunt,
893 2464 1097 2520 scilicet
1153 2465 1502 2539 Hieronymi,
1565 2470 1841 2544 Prosperi,

251 2549 450 2618 Idatii,
512 2552 738 2609 Victoris
778 2554 1168 2624 _Tununensis,
1217 2557 1379 2613 Beda:
1437 2561 1505 2616 de
1555 2580 1649 2618 sex
1703 2578 1842 2621 ceta-

254 2643 423 2710 tibus,
460 2643 736 2717 Reginonis
770 2645 1053 2716 Chronica,
1104 2648 1357 2705 Ait/zicus
1398 2669 1517 2707 cum
1563 2655 1842 2712 itinerario

247 2734 532 2801 Antonini,
569 2735 807 2804 Orosius,
851 2737 1049 2807 Victor,
1094 2738 1347 2809 Vitensis,
1369 2741 1650 2812 Iordanis,
1686 2746 1841 2802 Nen-

252 2826 398 2892 nius,
433 2825 778 2898 Fortunatus,
806 2828 1088 2902 Gregorius
1119 2830 1457 2903 Turonensis,
1498 2834 1657 2891 Gesta
1676 2847 1727 2892 et
1749 2856 1841 2894 ca-

254 2917 425 2989 talogi
456 2921 767 2991 pontiﬁcum
796 2921 1173 2992 Romanorum,
1218 2924 1422 2981 Isidori
1461 2927 1835 3001 Etymologiw,

264 3009 403 3067 Viue
426 3010 530 3067 SS.
555 3010 799 3068 Sanctini
821 3014 1044 3083 inedita,
1060 3015 1348 3085 Mansueti,
1375 3018 1679 3089 Maximini,
1703 3021 1839 3077 Pul-

1957 523 2112 577 stolae
2134 524 2357 581 Ilenrici
2382 526 2487 596 IV,
2513 529 2730 601 Agnetis
2759 538 2947 592 matris
2975 539 3110 608 ejus,
3141 540 3420 600 Hathildis
3456 523 3546 604 co-

1959 616 2203 685 mitissre,
2231 619 2442 691 aliaque
2475 624 2748 679 nonnulla.
2776 625 2980 692 Quibus
3003 630 3083 684 ita
3110 648 3237 688 usus
3257 645 3355 703 est,
3386 646 3445 691 ut
3480 656 3543 694 ea

1956 706 2037 760 vel
2064 721 2358 779 excerperet
2403 713 2480 767 vel
2515 717 2807 772 maximam
2841 729 3047 789 partem
3086 724 3165 778 vel
3197 727 3402 799 integra
3445 746 3546 785 ex-

1956 798 2158 869 scripta
2187 817 2295 854 una
2314 819 2443 859 cum
2472 806 2541 859 iis
2568 822 2686 876 qua:
2722 809 2832 879 ipse
2871 828 3100 881 praesens
3136 817 3341 872 viderat
3371 820 3451 874 vel
3475 822 3541 877 ab

1955 890 2080 946 aliis
2116 909 2293 947 rerum
2328 896 2547 951 testibus
2577 900 2820 956 audierat
2861 903 3100 962 historia:
3125 924 3236 964 sua:
3262 910 3541 978 insereret;

1955 981 2047 1036 sed
2088 990 2262 1037 textus
2290 984 2613 1056 negligenter
2645 1006 2780 1061 stupe
2808 998 3163 1066 transcriptus
3186 1000 3299 1072 (12)
3330 1002 3541 1073 plenam

1955 1072 2059 1126 sibi
2078 1073 2237 1143 ﬁdem
2267 1074 2411 1129 haud
2440 1078 2715 1136 conciliat.
2760 1081 3014 1140 Ordinem
3049 1093 3296 1159 temporis
3329 1072 3385 1147 in
3416 1095 3542 1149 uni-

1954 1180 2159 1219 versum
2181 1167 2392 1237 quidem
2414 1179 2623 1226 secutus
2652 1182 2752 1241 est,
2780 1176 2871 1230 sed
2896 1194 2997 1232 non
3026 1196 3149 1234 raro
3175 1182 3252 1237 vel
3284 1187 3436 1256 copia
3460 1204 3542 1242 re-

1954 1272 2073 1309 rum
2104 1255 2363 1313 abductas
2391 1260 2469 1315 vel
2497 1263 2673 1317 animo
2709 1281 2805 1319 suo
2838 1267 3111 1341 indulgens
3138 1272 3304 1329 latius
3347 1255 3542 1348 exspa-

1955 1348 2142 1416 tiatur,
2178 1360 2369 1407 etcum
2403 1353 2637 1425 plurima
2660 1374 2834 1413 recens
2860 1374 3063 1432 reperta
3098 1368 3391 1438 antiquiori
3423 1379 3541 1425 tea:-

1955 1440 2034 1494 tui
2072 1441 2342 1511 insereret,
2381 1445 2679 1518 librumque
2718 1466 2811 1520 per
2850 1452 3020 1508 multa
3057 1463 3345 1526 temporum
3380 1462 3546 1517 inter-

1952 1531 2095 1587 valla
2121 1535 2412 1604 smpissime
2442 1547 2777 1607 retractaret,
2806 1560 2896 1596 nec
2928 1554 3102 1600 tamen
3131 1549 3392 1620 integrant
3424 1570 3546 1608 rur-

1950 1638 2043 1676 sus
2071 1624 2470 1680 describendum
2491 1639 2723 1698 curaret,
2746 1647 2850 1686 non
2872 1634 2991 1703 ﬁeri
3016 1645 3225 1706 poterat
3264 1641 3390 1709 quin
3418 1657 3547 1695 nar-

1950 1715 2211 1769 rationem
2240 1717 2393 1787 copiu
2421 1735 2595 1774 rerum
2618 1722 2869 1793 refertam
2894 1726 2986 1779 sed
3016 1728 3324 1798 (equalitate
3351 1740 3400 1785 et
3425 1748 3546 1802 per-

1950 1806 2233 1876 spicuitate
2263 1820 2526 1865 carentem
2551 1813 2882 1885 relinqueret,
2903 1818 3029 1871 dum
3063 1836 3108 1874 e.
3133 1838 3183 1890 g.
3217 1822 3374 1877 unius
3400 1824 3545 1894 ejus-

1949 1895 2167 1968 demque
2188 1900 2288 1953 viri
2315 1900 2489 1956 obitus
2528 1904 2640 1975 (15)
2667 1905 2836 1961 tribus
2866 1909 2922 1962 in
2950 1909 3079 1964 locis
3106 1913 3350 1981 refertur.
3375 1914 3545 1971 Carte-

1947 2004 2068 2043 rum
2091 1990 2172 2044 vir
2192 1990 2378 2047 doctus
2424 2003 2476 2048 et
2508 1995 2722 2051 sedulus
2755 2000 3178 2073 minnsgsagacis
3219 2007 3388 2060 animi
3417 2009 3543 2078 fuit,

1947 2081 2275 2138 mirabilium
2308 2086 2574 2156 credulus,
2615 2089 2772 2160 falsis
2795 2109 3003 2165 quoque
3035 2099 3336 2153 rumoribus
3354 2109 3543 2171 patens

1949 2173 2063 2246 (14)
2096 2184 2145 2229 et
2174 2176 2230 2230 in
2264 2177 2604 2249 disponendis
2648 2183 2800 2238 rebus
2839 2186 3057 2256 fallens,
3083 2189 3278 2262 loquax
3307 2210 3543 2250 nonnun—

1944 2281 2105 2337 quam
2129 2277 2180 2323 et
2199 2269 2352 2340 justo
2391 2272 2676 2344 verbosior,
2724 2279 3039 2351 scripsitque
3066 2293 3222 2353 prout
3249 2288 3544 2357 exspectari

1943 2368 2152 2431 poterat
2175 2363 2353 2419 animo
2393 2366 2449 2420 in
2484 2366 2659 2422 hostes
2699 2368 2955 2426 Ecclesia:
2982 2373 3122 2429 irato
3161 2376 3252 2430 sed
3289 2380 3539 2448 candido,

1945 2468 2036 2506 nec
2072 2453 2345 2509 hominum
2371 2473 2483 2512 suae
2511 2460 2684 2528 partis
2708 2461 2839 2516 vitia
2864 2465 3064 2530 tacuit;
3088 2474 3137 2519 et
3173 2484 3291 2521 cum
3323 2486 3425 2524 non
3454 2487 3542 2525 so—

1943 2544 2053 2597 lum
2080 2545 2137 2599 in
2155 2547 2224 2600 iis
2252 2563 2371 2618 qua:
2403 2557 2605 2620 tempus
2636 2568 2791 2607 suum
2815 2564 3226 2626 antecesserunt,
3255 2560 3542 2617 documen-

1944 2635 2014 2687 tis
2035 2634 2190 2690 hodie
2215 2637 2431 2693 abolitis
2466 2641 2635 2709 nisus,
2662 2646 2906 2713 quwdam
2928 2649 3196 2704 memoria:
3235 2651 3397 2723 digna
3425 2669 3538 2707 ser-

1943 2729 2161 2796 vaverit,
2182 2729 2272 2782 sed
2292 2730 2346 2783 in
2366 2730 2595 2786 historia
2617 2737 2701 2788 sui
2718 2740 2967 2806 temporis
2988 2748 3039 2791 et
3058 2742 3321 2811 prcecipue
3338 2743 3536 2799 Letha-

1940 2821 2131 2893 ringias
2168 2821 2402 2892 plurima
2443 2827 2650 2879 creteris
2686 2829 2957 2899 incognita
2996 2832 3320 2902 prodiderit,
3364 2850 3537 2906 primo

1939 2914 2110 2983 operis
2130 2913 2346 2982 editori,
2367 2916 2459 2987 qui
2481 2915 2679 2972 librum
2700 2919 2945 2977 historia:
2963 2924 3351 2982 ecclesiasticae
3364 2929 3537 2985 unde-

1938 3003 2067 3058 cimi
2108 3006 2411 3074 praesertim
2456 3009 2643 3063 saeculi
2679 3010 3001 3068 thesaurum
3049 3014 3531 3089 incomparabilem

250 3103 459 3158 chronii
483 3104 710 3171 inedita,
755 3103 1108 3177 Sigismundi,
1145 3107 1504 3178 Chrothildis,
1537 3110 1674 3169 Lupi
1706 3113 1826 3170 Tre-

1944 3096 2267 3165 prardicavit,
2316 3098 2373 3152 in
2408 3100 2711 3157 universum
2752 3105 2964 3175 quidem
3015 3123 3119 3162 non
3156 3111 3532 3181 astipulamur,‘

249 3196 443 3262 censis,
472 3194 704 3263 Antidii,
735 3194 1068 3270 Leodegarii,
1101 3198 1372 3271 Prcejecti,
1416 3202 1620 3272 Boniti,
1667 3204 1836 3260 Lam-

249 3287 407 3353 berti,
437 3286 576 3358 Lupi
603 3285 941 3357 Senonensis,
988 3289 1217 3359 Goerici,
1265 3293 1577 3362 Balthildis,
1623 3297 1835 3369 Agerici

249 3377 474 3445 inedita,
521 3378 762 3451 Carileﬁ,
814 3380 1115 3452 Magdalvei
1174 3384 1397 3453 inedita,
1445 3388 1728 3443 translatio
1772 3388 1833 3447 S.

247 3465 527 3539 Gargonii,
554 3466 928 3543 Fredegarius,
954 3471 1112 3528 Gesta
1133 3473 1486 3545 Francorum,
1512 3477 1677 3561 Bauli
1705 3480 1839 3537 Dia-

248 3561 368 3614 coni
393 3559 639 3616 Historia
672 3561 1147 3635 Langobardorum
1192 3577 1242 3623 et
1283 3566 1440 3624 Gesta
1471 3559 1835 3643 episcoporum

248 3650 904 3728 Hetensium,genealogia
929 3655 1264 3727 Carolorum,
1285 3660 1549 3717 Einhardi
1584 3663 1708 3720 Vita
1737 3663 1839 3722 Ga-

246 3741 371 3808 ruli,
398 3743 631 3799 Annales
660 3744 963 3815 Petaviani,
989 3748 1275 3818 Einhardi,
1307 3751 1622 3823 Fuldenses,
1662 3755 1834 3812 Veda-

246 3831 399 3897 stini,
414 3830 809 3903 Lugdunenses,
835 3835 1063 3905 fortasse
1083 3846 1131 3892 et
1153 3838 1606 3911 Flaviniacenses,
1628 3844 1832 3901 Adonis

246 3920 566 3989 Chronicon,
612 3923 894 3981 Hiucmari
941 3929 1166 3999 epistola
1219 3931 1284 3986 de
1331 3931 1455 3989 Vita
1502 3933 1752 3991 Sanctini
1781 3946 1836 3995 et

254 4010 379 4066 Vita
404 4012 654 4083 Remigii.
679 4016 918 4072 Bertarii
944 4018 1103 4075 Gesta
1136 4023 1498 4094 episcoporum
1544 4027 1839 4086 Virdunen-

240 4120 384 4158 stum
412 4122 532 4159 cum
578 4109 1084 4178 continuationibus,
1123 4110 1418 4168 Flodoardi
1451 4118 1706 4177 Annales.
1739 4120 1837 4177 Ri-

241 4199 449 4263 cherus,
482 4195 618 4252 Vita:
669 4201 943 4255 Deoaerict
993 4200 1241 4257 Metensis
1272 4206 1497 4273 inedita,
1545 4209 1829 4282 Simeonis,

240 4287 457 4357 Rodulﬁ
482 4286 670 4344 Glabri
704 4288 951 4347 Historia
978 4300 1029 4347 et
1070 4292 1189 4348 Vita
1219 4293 1494 4351 Wilhelrni
1534 4297 1827 4355 Divionen-

240 4379 341 4445 sis,
380 4377 675 4434 Chronicon
701 4380 759 4436 S.
795 4381 1020 4455 Benigni
1052 4384 1408 4456 Divionensis,
1459 4387 1580 4445 Vita
1611 4390 1826 4448 Roberti

1939 3188 2067 3242 dum
2096 3188 2453 3259 Lambertum,
2479 3192 2826 3249 Bertholdum
2845 3205 2897 3251 et
2926 3197 3270 3269 Bernoldum,
3295 3202 3530 3272 ejusdem

1937 3279 2034 3333 aevi
2061 3279 2360 3348 historicos,
2400 3280 2616 3353 Hugoni
2645 3286 2895 3355 prceferre
2932 3303 3039 3343 non
3078 3290 3401 3360 dubitamus,
3438 3293 3530 3347 sed

1934 3384 2054 3423 eum
2078 3376 2254 3422 tamen
2290 3370 2354 3424 de
2394 3370 2623 3426 historia
2645 3374 2841 3443 optime
2877 3377 3124 3431 meritum
3152 3387 3203 3433 et
3230 3379 3361 3434 bono
3391 3398 3530 3451 sirpe

1937 3476 2056 3513 cum
2081 3460 2257 3530 fructu
2284 3462 2664 3517 consulendum
2688 3467 3015 3536 proﬁtemur.
3035 3501 3104 3511 -—
3124 3470 3334 3525 Annum
3355 3483 3532 3527 noster

1938 3568 2057 3605 cum
2081 3551 2204 3606 aliis
2226 3551 2567 3625 Lotnaringis
2595 3570 2627 3609 a
2650 3556 2736 3610 die
2772 3556 3171 3616 Incarnatianis
3198 3563 3253 3617 d.
3277 3563 3351 3620 25
3375 3563 3529 3619 Mar-

1937 3643 2001 3697 tii
2036 3641 2113 3696 vel
2139 3646 2317 3712 potius
2351 3661 2384 3698 a
2413 3644 2676 3701 Paschate
2694 3648 2942 3705 inchoare
2961 3652 3171 3707 videtur
3191 3652 3327 3726 (15).

2007 3732 2187 3805 Stglus
2211 3735 2500 3805 dilucidus,
2526 3744 2696 3794 seruio
2726 3741 2783 3796 in
2808 3742 3078 3813 rhythmos
3111 3744 3400 3817 aliquando
3435 3766 3521 3804 re-

1934 3828 2157 3883 solvitur
2179 3831 2313 3903 (16),
2332 3833 2469 3903 quod
2489 3833 2546 3886 in
2569 3833 2926 3904 compluribus
2947 3836 3131 3891 διεσαΙὶ
3162 3854 3217 3893 χι
3241 3841 3522 3911 scriptori-

1936 3917 2030 3973 bus
2049 3920 2167 3990 ﬁeri
2191 3920 2310 3990 jam
2350 3922 2757 3980 observavimus.

2005 4031 2163 4087 Liber
2191 4031 2431 4105 Hugonis
2463 4036 2694 4107 difficilis
2720 4037 2879 4100 lectu.
2914 4039 3203 4096 Laurentio
3243 4029 3522 4102 Leodicnri

1936 4123 2162 4193 fortasse
2196 4125 2337 4179 haud
2364 4127 2575 4197 ignotus
2611 4129 2746 4200 fuit;
2775 4140 2830 4184 at
2868 4131 2923 4185 in
2960 4135 3259 4189 universum
3298 4135 3522 4193 latuisse

1933 4216 2042 4269 dici
2063 4224 2232 4285 potest
2256 4234 2419 4287 usque
2439 4217 2566 4271 dum
2601 4238 2653 4275 a.
2693 4221 2831 4276 1657
2855 4240 2887 4276 a
2910 4222 3160 4295 Philippo
3182 4225 3357 4282 Labbe
3380 4239 3519 4284 tomo

1936 4303 1968 4359 Ι
2010 4305 2176 4360 Nova:
2220 4307 2561 4364 Bibliothecte
2601 4313 3085 4383 manuscriptorum
3114 4319 3255 4387 typis
3293 4321 3515 4389 prodiit.

1939 4397 2077 4453 Usus
2103 4408 2180 4453 est
2210 4401 2384 4454 editor
2405 4402 2584 4457 codice
2608 4408 2937 4477 autographa
2958 4410 3167 4481 collegii
3188 4415 3292 4477 sui,
3313 4416 3519 4470 scilicet

241 4469 451 4524 abbatis
468 4468 764 4539 Casa-Dei,
787 4460 1020 4547 catalogi
1030 4477 1827 4554 episcoporumArvernensium,
1861 4475 1907 4530 Ῑ)
1932 4489 2334 4547 Claromontani
2354 4495 2623 4550 societatis
2644 4460 2773 4551 les;
2794 4460 2934 4570 quod

238 4560 754 4633 archiepiscoporum
800 4563 1251 4637 Lugdunensium,
1283 4571 1482 4631 charta-
1513 4573 1572 4629 S.
1624 4574 1821 4645 Vitoni,

240 4651 605 4719 Dirionenses,
635 4652 1068 4714 Flaviniacenses
1092 4659 1229 4732 (11),
1261 4662 1472 4717 decreta
1501 4674 1553 4719 et
1587 4668 1825 4737 epistola:

235 4743 551 4814 pontiﬁcum
587 4743 977 4817 Romanorum,
1019 4751 1380 4822 episcoporum
1417 4764 1469 4809 et
1511 4756 1823 4814 clericorum

314 4944 427 5017 (10)
472 4945 756 5004 Laurentii
788 4950 866 5007 de
905 4951 1109 5008 Leodio
1152 4955 1490 5011 continuatio
1533 4957 1824 5015 Gestorum

236 5016 552 5083 cpiscorum
607 5018 1046 5077 Virduuensium.

315 5086 426 5167 (11)
464 5087 729 5144 Memorat
768 5099 823 5145 et
875 5094 1176 5148 armarium
1223 5093 1679 5167 Rotbomagense.
1724 5099 1819 5155 fol.

230 5156 435 5312 89(12)-
590 5227 798 5312 Nicotai
827 5230 872 5284 ῐῐ
894 5232 1172 5312 decretum
1215 5236 1283 5290 de
1318 5237 1566 5312 eligendo
1596 5253 1736 5309 papa
1768 5250 1822 5296 et

231 5312 363 5367 quze
400 5299 476 5352 ibi
513 5300 701 5355 monui
730 5300 895 5427 Legg.
940 5312 992 5386 ι..
1023 5302 1088 5369 ll,
1120 5320 1361 5361 canones
1393 5299 1815 5389 Lateraneuses,

230 5366 469 5454 a.1078,
495 5367 591 5454 to].
763 5372 831 5426 10
871 5415 886 5440 ,
909 5375 1168 5444 epistolas
1195 5378 1659 5447 quamplurimum
1686 5390 1816 5438 nota

232 5441 501 5508 temporis
527 5441 834 5498 destitutas.
873 5513 885 5526 .

311 5508 423 5569 (15)
463 5508 679 5565 Rodulﬁ
707 5513 939 5569 abbatis.

340 5511 403 5563 15
463 5511 679 5565 Rodulﬁ
707 5513 939 5569 abbatis.

309 5511 423 5651 (14)
459 5578 522 5656 Ε.
545 5597 603 5656 Β.
634 5581 946 5656 Ganradum
983 5583 1039 5656 ξι
1081 5585 1460 5656 imperatorem
1499 5588 1714 5647 Ottonis
1744 5591 1812 5646 III

229 5650 410 5726 ﬁlium
454 5650 937 5726 facitA;‘_Wilheimi
980 5650 1343 5726 Trajeétensis
1397 5660 1603 5714 obitum
1665 5679 1809 5718 anno

231 5720 517 5779 107610εο
541 5722 678 5778 1080
698 5724 922 5781 ascribit
946 5743 961 5794 ;
985 5720 1163 5798 neq'ue
1190 5744 1277 5785 res
1305 5745 1574 5786 annorum
1601 5732 1808 5786 1077-

1930 4581 2104 4649 bat,et
2126 4591 2328 4638 textum
2346 4602 2499 4655 quem
2518 4587 2662 4642 dedit
2683 4588 2742 4642 in
2767 4591 3070 4647 universum
3093 4593 3218 4650 bene
3232 4602 3511 4665 expressit,

1928 4673 2018 4727 sed
2049 4674 2304 4729 nonnulla
2334 4692 2437 4730 non
2474 4694 2572 4732 suo
2606 4678 2722 4734 loco
2764 4684 2962 4752 posuit,
2992 4684 3136 4739 haud
3168 4704 3339 4757 pauca
3370 4689 3509 4745 lectu

1928 4764 2227 4835 difﬁciliora
2262 4768 2460 4835 omisit,
2502 4770 2615 4824 alia
2633 4789 2752 4843 qua:
2787 4774 2890 4844 ipsi
2934 4777 3151 4832 inutilia
3187 4787 3237 4833 et
3266 4781 3513 4853 vulgaria

1931 4957 2069 5047 1079
2093 4958 2244 5047 justo
2271 4962 2463 5047 ordine
2510 4964 2693 5020 refert.
2726 4967 3055 5047 AlexanndroA
3070 4974 3316 5047 secundo
3354 4992 3507 5047 papas

1925 5028 2537 5113 Alexandrumtertium
2562 5039 2895 5113 successisse
2914 5039 3010 5113 fol.
3030 5042 3115 5113 95"
3134 5028 3508 5113 scribit,'loiio

1924 5100 2173 5221 seguenti
2203 5109 2347 5156 recte
2370 5101 2678 5160 Aiexandro
2709 5106 3032 5180 Gregorium
3066 5110 3153 5167 Vll
3176 5100 3506 5173 successisse

1924 5184 1982 5221 re
2008 5177 2108 5221 ert.

1924 5184 2108 5222 I‘Clel‘t.

1996 5238 2107 5314 (15)
2130 5237 2435 5314 concilium
2468 5242 2774 5301 Romanum
2793 5264 2849 5304 a.
2880 5250 3018 5305 1074
3039 5255 3264 5310 ascribit
3284 5255 3377 5312 fol.
3407 5258 3497 5314 97.

1922 5310 2066 5396 quod
2098 5310 2533 5396 celebratunrlnnest
2561 5326 2789 5396 exeunte
2819 5319 3116 5396 Februario
3135 5339 3186 5380 a.
3215 5310 3382 5396 107.5";
3412 5310 3502 5385 co;

1923 5388 2123 5463 metam
2152 5383 2340 5463 anno}
2500 5388 2815 5463 apparuisse
2844 5392 3052 5463 scribit,
3095 5397 3242 5463 quod
3271 5381 3501 5454 Bernui-

1920 5450 2023 5504 dus
2051 5450 2138 5504 die
2167 5467 2252 5528 IX“
2276 5450 2395 5506 Kal.
2431 5450 2584 5528 Maii,
2617 5459 2852 5528 scriptor
2893 5450 3185 5519 Annalium
3216 5450 3506 5523 BenevenJ

1917 5527 2172 5607 ta‘norum
2201 5520 2288 5607 die
2322 5539 2430 5607 xv;
2615 5520 2764 5607 Maii,
2790 5531 3032 5607 Agamus
3068 5520 3383 5594 Bremeusi—s
3404 5520 3495 5607 iii,

1918 5589 2349 5676 5.59,.neircan‘lies
2390 5592 2634 5676 Pascha,
2666 5589 2768 5652 alii
2796 5601 3011 5658 .diebus
3057 5589 3493 5676 sequentibus—ai:

1918 5659 2076 5724 1066,
2108 5661 2369 5719 accidisse
2393 5659 2654 5721 referunt.

1988 5731 2100 5801 (is)
2139 5730 2222 5786 cr.
2253 5748 2301 5787 ρ.
2328 5750 2378 5806 ε.
2414 5735 2507 5791 τοι.
2540 5737 2650 5807 52’,
2681 5739 2772 5808 55,
2811 5740 2898 5810 74,
2923 5742 3029 5799 96'.
