3932 6298
336 303 407 359 ιτ,
900 275 907 279 ’
1356 286 1660 345 avemus
1696 283 1985 341 seems
2026 258 2625 339 FLAVINIACENSIS‘
3536 286 3607 342 is

332 436 669 499 uidebantur,
698 439 756 486 ut
782 429 1091 501 pontificum
1132 435 1183 480 et
1221 424 1448 479 Patrum
1478 425 1825 478 auctoritates
1864 424 1920 475 in

333 528 705 599 defensionem.
721 521 962 593 Gregorii
1020 517 1153 585 VII,
1195 518 1437 581 resecuit,
1489 533 1579 569 nec
1625 532 1684 569 eo
1720 531 1922 585 quoque

336 620 556 674 crimine
588 614 788 671 absolvi
822 621 1011 685 potest,
1037 611 1177 682 quod
1216 609 1502 663 reverentia
1542 608 1797 662 Romana:
1823 624 1919 660 cu—

335 713 435 766 rias
463 711 654 764 ductus
695 714 898 762 textum
933 704 1213 775 aliquoties
1242 700 1586 766 adulteravit,
1614 700 1751 770 quod
1785 699 1920 752 duo-

336 821 456 858 rum
488 801 806 857 swculorum
835 797 1046 853 silentio
1078 804 1270 850 tectum
1300 795 1417 864 jam
1446 793 1680 863 primum
1721 791 1791 845 ad
1833 791 1921 844 lu-

338 912 450 951 cem
471 896 630 949 venit.
664 892 827 959 Nam,
863 899 921 945 ut
955 890 1005 945 b.
1039 906 1111 944 m.
1146 886 1409 941 Knustius
1450 893 1628 938 noster
1657 882 1785 937 olim
1806 899 1921 936 mo-

340 989 478 1054 nuit,
517 984 653 1040 nihil
675 1000 875 1055 semper
897 983 1046 1037 latet.

412 1098 710 1153 Editionem
758 1098 1045 1167 principem
1075 1096 1132 1147 in
1172 1109 1298 1146 usus
1331 1108 1451 1145 suos
1498 1098 1761 1144 verterunt
1799 1090 1920 1161 plu-

339 1190 464 1243 rimi
486 1190 719 1243 historirc
745 1187 1120 1241 ecclesiasticw
1160 1194 1207 1239 et
1230 1185 1470 1254 profana:
1492 1183 1797 1253 scriptores,
1834 1183 1921 1235 in-

341 1291 420 1335 ter
441 1298 568 1353 quos
595 1282 867 1335 nominare
879 1279 1033 1347 juvat
1058 1278 1286 1331 editores
1322 1275 1575 1328 Actorum
1605 1273 1922 1329 Sanctorum

340 1382 380 1428 t.
414 1372 479 1430 II
517 1372 691 1437 Junii,
729 1388 781 1441 p.
831 1371 935 1425 976
982 1386 1119 1439 sqq.,
1156 1368 1277 1422 Vita
1324 1367 1581 1421 Richardi
1628 1366 1833 1420 abbatis
1861 1363 1919 1420 S.

347 1464 547 1531 Vitoni,
583 1462 954 1516 Mabillonium
992 1460 1126 1516 δαῖε.
1173 1459 1269 1525 γι,
1315 1477 1367 1529 p.
1397 1477 1435 1526 ι,
1466 1459 1720 1513 Actorum
1751 1458 1814 1513 0.
1861 1457 1918 1513 S.

337 1556 610 1610 Benedicti
636 1572 689 1624 p.
722 1554 823 1607 185
845 1570 981 1624 sqq.,
1029 1552 1152 1606 Vita
1183 1552 1452 1605 Friderici
1477 1552 1750 1621 prwpositi
1768 1550 1925 1603 Atre-

339 1645 591 1711 batensis,
613 1663 665 1715 p.
706 1645 809 1699 368
831 1644 1147 1715 quibusdam
1172 1644 1235 1697 de
1264 1636 1507 1697 Simeone
1537 1642 1761 1709 recluso,
1785 1652 1833 1696 et
1867 1660 1919 1713 p.

1950 400 1996 458 Α
2024 400 2145 454 inde
2180 417 2212 453 a
2252 399 2348 469 fol.
2378 398 2448 453 69
2477 398 2740 469 paulatim
2782 398 2950 469 magis
2994 413 3268 470 magisque
3308 399 3606 468 decrescit;

2022 493 2286 561 scriptura
2314 492 2614 561 marginum
2659 498 2709 545 et
2749 491 3066 560 paginarum
3099 489 3409 544 additan
3450 502 3609 563 atque

2023 593 2379 639 correcturum
2412 583 2790 637 sententiarum
2831 590 2910 636 est
2944 582 3155 647 minor;
3179 581 3303 636 inde
3341 599 3376 635 a
3408 584 3609 653 pagina

2025 677 2148 743 123,
2176 677 2213 730 i.
2242 692 2288 730 e.
2322 692 2374 730 a.
2408 675 2566 741 1079,
2589 674 2770 728 littera
2798 675 2992 729 iterum
3011 673 3303 739 decrescit;
3324 674 3457 744 'qua:
3485 675 3611 730 inde

2025 785 2057 822 a
2082 769 2280 839 pagina
2304 767 2406 821 138
2445 766 2748 821 Flaviniaci
2778 767 2979 836 scripta
3011 773 3135 820 sunt
3162 782 3325 837 usque
3357 765 3428 827 ad
3449 766 3610 836 finem

2024 861 2148 915 libri
2201 861 2431 931 amplius
2480 861 2861 914 decrescentem
2916 858 3241 928 scripturam
3302 857 3609 921 ostendunt;

2024 953 2228 1014 ultimm
2274 954 2484 1023 pagime
2544 955 2806 1023 specimen
2871 951 3270 1020 exscripsimus.
3346 948 3613 1016 Quaecun-

2024 1061 2123 1117 que
2179 1045 2250 1099 ad
2293 1045 2574 1098 historiam
2621 1044 2924 1099 Flaviniaci
2973 1043 3105 1113 folio
3148 1040 3251 1096 138
3293 1045 3611 1099 anteriorem

2025 1138 2252 1206 faciunt,
2301 1146 2392 1190 aut
2430 1137 2485 1190 in
2534 1138 2771 1207 margine
2816 1144 2910 1190 aut
2958 1134 3016 1187 in
3065 1133 3274 1205 paginis
3311 1134 3513 1189 additis
3534 1134 3614 1189 le-

2025 1238 2237 1299 guntur.

2101 1362 2410 1417 Membrana
2452 1364 2741 1433 plurimum
2784 1362 3220 1441 quaternignibus
3268 1369 3477 1415 constat
3515 1361 3614 1415 hoc

2026 1458 2227 1510 scilicet
2270 1458 2493 1510 ordine:
2522 1456 2639 1526 foll.
2674 1456 2832 1523 1—6,
2873 1456 3071 1522 7—14,
3108 1453 3340 1519 15—22,
3376 1453 3611 1517 23—33,

2026 1549 2260 1616 st—M,
2293 1548 2527 1615 42—49,
2566 1547 2799 1615 50—65,
2829 1546 3062 1613 64—72,
3104 1544 3336 1611 75—85,
3376 1543 3611 1607 δεμ-92,

2028 1641 2266 1708 93—95,
2300 1639 2568 1707 96—110,
2613 1639 2919 1705 111—119,
2962 1635 3267 1704 120—128,
3307 1626 3614 1700 199—136,

338 1737 444 1792 557
464 1754 576 1808 sqq.
618 1736 739 1791 Vita
760 1736 1018 1790 Richardi
1042 1736 1248 1790 abbatis
1270 1736 1572 1806 expressis;
1608 1744 1657 1789 et
1682 1735 1923 1805 Bouque-
1955 1720 2327 1800 13137—112,
2378 1731 2681 1787 143-148.
2722 1731 2912 1785 Ternio
2961 1740 3011 1785 et
3048 1730 3327 1801 quaternio
3382 1728 3613 1783 initialis

340 1837 453 1884 tum
477 1846 595 1884 cum
617 1829 1073 1883 continuatoribus
1113 1828 1203 1898 qui
1242 1836 1479 1881 nostrum
1508 1837 1546 1882 t.
1581 1825 1702 1893 ΙΙΙ,
1727 1844 1779 1897 p.
1819 1827 1925 1881 353

338 1920 535 1987 —365,
560 1919 956 1988 V,372—374;
996 1919 1094 1986 VI,
1124 1919 1250 1986 231,
1270 1918 1405 1986 232;
1449 1917 1526 1973 VI
1534 1917 1560 1970 Ι
1568 1918 1920 1986 ,246—3218;

351 2010 837 2078 V111,286—297;
864 2011 935 2077 X,
953 2010 1268 2077 205—2910;
1294 2009 1401 2077 XI,
1418 2011 1616 2065 142.4
1630 2010 1718 2077 47;
1743 2008 1922 2076 XIII,

339 2100 622 2157 617—628
648 2120 663 2169 ;
688 2102 773 2156 XI
788 2102 849 2171 V,
887 2102 1167 2157 797—804
1194 2111 1586 2172 excerpserunt,
1609 2110 1659 2156 et
1682 2102 1926 2156 animad-

339 2195 663 2249 uersionibus
690 2196 892 2265 passim
922 2194 1196 2249 illustrare
1226 2196 1404 2248 conati
1424 2204 1568 2248 sunt.

412 2325 525 2381 Nos
547 2335 824 2398 postquam
842 2328 1075 2398 primum
1098 2328 1162 2382 de
1187 2345 1320 2383 nova
1360 2328 1486 2383 libri
1527 2329 1757 2384 editione
1784 2330 1929 2402 cogi-

340 2419 587 2486 tavimus,
600 2420 658 2473 in
675 2421 843 2489 fontes
865 2422 1035 2490 operis
1057 2420 1425 2491 inquirendum
1445 2422 1930 2492 statuimus,eaque

340 2526 396 2564 re
414 2527 447 2564 α
467 2512 611 2565 socio
638 2520 817 2565 nostro
840 2511 899 2565 V.
918 2511 1002 2567 Cl.
1030 2511 1260 2582 Rudotfo
1275 2512 1481 2583 Koepke
1502 2524 1758 2585 quantum
1782 2524 1927 2569 textu

339 2603 559 2672 antiquo
595 2611 645 2657 et
667 2603 920 2657 subsidiis
963 2603 1244 2658 litterariis
1284 2606 1541 2660 adhibitis
1576 2607 1695 2676 fieri
1722 2616 1928 2677 poterat

339 2692 747 2764 diligentissime
784 2704 974 2750 exacta
1012 2696 1148 2768 (17),
1179 2713 1232 2751 a.
1272 2698 1409 2752 18M
1431 2698 1487 2751 in
1518 2698 1772 2769 Angliam
1799 2717 1927 2770 pro-

341 2782 510 2853 fectus
535 2803 673 2852 sum,
692 2787 783 2840 ubi
800 2789 1031 2842 codicem
1055 2790 1441 2858 autographum
1463 2806 1527 2844 ex
1546 2790 1759 2860 publica
1781 2793 1930 2846 codi-

342 2890 462 2929 cum
514 2876 724 2947 collegii
763 2876 1164 2933 Claromontani
1194 2882 1489 2935 venditione
1533 2883 1590 2935 in
1631 2882 1929 2937 Meerman-

342 2965 559 3020 nianam
584 2967 972 3037 bibliothecam,
1017 2971 1237 3042 indeque
1265 2981 1448 3026 nostra
1477 2982 1633 3027 (etate
1671 2975 1727 3027 in
1753 2976 1930 3045 copio-

341 3058 614 3114 sissimum
648 3060 890 3114 codicum
921 3061 1227 3116 thesaurum
1256 3066 1356 3117 viri
1389 3064 1746 3120 illustrissimi
1792 3066 1931 3121 Tho-

342 3166 444 3205 mas
465 3149 706 3221 Philipps
722 3152 833 3222 (18)
847 3154 1038 3223 equitis
1053 3154 1290 3209 baroneti
1318 3154 1737 3211 Mediomontani
1754 3166 1930 3212 trans-

340 3236 545 3306 latum,
590 3243 851 3295 asservari
907 3258 1282 3313 compereram.
1333 3243 1637 3316 Flagitanti
1686 3248 1815 3303 mihi
1849 3251 1932 3303 vir

341 3332 512 3385 animi
536 3331 878 3399 liberalitate,
902 3334 1205 3389 litterarum
1227 3353 1424 3402 umore,
1453 3355 1656 3392 morum
1681 3341 1931 3396 comitate

342 3423 592 3494 insignis,
615 3440 718 3478 non
738 3424 911 3480 solum
945 3435 1004 3480 ut
1032 3427 1265 3482 codicem
1289 3428 1575 3483 evolverem
1606 3433 1812 3500 annuit,
1838 3432 1928 3486 sed

342 3513 508 3580 ultro,
532 3523 591 3568 ut
615 3514 840 3587 reliquos
863 3516 1190 3572 bibliothecae
1214 3519 1494 3574 ditissima:
1520 3521 1790 3577 thesauros
1813 3523 1930 3577 Mo-

344 3606 606 3660 numentis
636 3604 934 3662 Germania:
950 3607 1166 3662 edendis
1201 3610 1359 3665 utiles
1380 3610 1712 3680 inspicerem,
1737 3614 1930 3667 invita-

341 3696 439 3750 vit.
473 3695 685 3751 Codicis
714 3698 880 3768 igitur
904 3699 1056 3769 capia
1092 3701 1256 3770 facta,
1282 3718 1395 3767 vere
1417 3704 1648 3757 auctoris
1673 3713 1927 3775 autogra-

344 3785 506 3856 phum
530 3787 711 3842 adesse
737 3790 1088 3859 conspicatus,
1117 3792 1283 3845 textui
1319 3790 1595 3846 Labbeano
1620 3795 1928 3865 corrigendo

344 3878 541 3945 institi,
566 3880 775 3934 nonnisi
801 3880 933 3934 locis
952 3883 1142 3952 quibus
1177 3892 1300 3937 tunc
1336 3884 1694 3939 exscribendis
1726 3895 1928 3957 tempus

345 3985 452 4029 non
486 3969 772 4040 sufficiebat
795 3970 1013 4045 relictis,
1048 3988 1177 4044 quos
1204 3982 1387 4043 postea
1419 3992 1451 4027 a
1474 3975 1583 4027 viro
1613 3975 1696 4029 ill.
1723 3977 1927 4030 exscri-

345 4068 463 4130 ptos
484 4062 690 4131 accepi;
728 4079 830 4134 quo
860 4063 921 4133 ﬁt
944 4076 1000 4117 ut
1031 4064 1187 4119 hodie
1214 4082 1327 4120 vere
1349 4064 1647 4120 absolutum
1667 4066 1792 4121 libri
1815 4076 1930 4123 tex-

348 4159 462 4206 tum
482 4150 763 4207 lectoribus
783 4170 1069 4225 proponere
1098 4154 1277 4210 liceat.

415 4286 578 4344 Liber
607 4289 1034 4346 membranaceus
1084 4291 1142 4345 in
1180 4291 1310 4361 folio
1344 4292 1539 4346 minori
1576 4293 1926 4363 conscriptus,

346 4393 564 4436 manum
607 4380 792 4436 steculi
825 4382 1092 4437 undecimi
1125 4385 1363 4437 exeuntis
1405 4385 1639 4454 praefert.
1687 4384 1929 4454 Scriptus

2027 1827 2144 1897 foll.
2177 1826 2334 1880 1—3.
2360 1823 2749 1879 Kalendurium
2775 1823 3201 1889 Flaviniacense,
3235 1822 3352 1893 foll.
3385 1822 3439 1877 5.
3461 1820 3495 1875 6
3524 1828 3614 1875 ta-

2027 1917 2208 1972 bulam
2256 1926 2569 1986 temporum,
2623 1915 2741 1986 foll.
2783 1915 2924 1970 3—5
2966 1924 3212 1985 excerpta
3257 1929 3517 1968 canonum
3560 1923 3619 1968 et

2025 2017 2287 2079 prcecepta
2327 2007 2555 2074 medica,
2593 2014 2643 2061 et
2673 2006 2791 2076 foll.
2826 2006 2877 2073 7,
2909 2006 2966 2074 8,
2993 2007 3047 2073 9,
3075 2007 3141 2061 9b
3180 2015 3427 2076 excerpta
3451 2022 3615 2060 cano-

2027 2116 2153 2153 num
2195 2099 2437 2154 exhibent
2468 2098 2667 2153 charla:
2694 2098 2925 2168 primum
2963 2114 3143 2151 vacuae
3188 2097 3389 2152 relicta:
3433 2106 3615 2167 postea

2026 2191 2315 2260 inscripta;
2355 2188 2451 2259 fol.
2478 2187 2544 2242 10
2568 2188 2866 2244 Chronicon
2909 2190 3096 2259 incipit
3125 2197 3175 2243 et
3204 2189 3464 2260 reliquum
3486 2189 3613 2242 libri

2026 2278 2218 2348 explet.
2262 2276 2487 2347 Pagina:
2530 2277 2788 2331 Chronico
2835 2277 3169 2332 intercalatte
3197 2286 3321 2331 sunt
3366 2278 3453 2344 9b,
3486 2276 3611 2341 ηδ,

2027 2370 2119 2436 26,
2158 2370 2249 2435 27,
2281 2368 2489 2435 28,29,
2513 2368 2637 2435 29b,
2661 2368 2785 2436 50b,
2807 2369 2931 2436 εδδ,
2955 2369 3081 2435 55b,
3109 2369 3199 2436 57,
3228 2370 3318 2436 58,
3342 2368 3467 2435 58b,
3485 2366 3615 2434 60b,

2019 2462 2153 2541 ωδ,
2181 2461 2415 2527 81—85,
2448 2460 2573 2525 εδδ,
2602 2461 2694 2527 93,
2725 2460 3080 2529 94,95,100,
3109 2460 3234 2529 101,
3268 2460 3425 2528 195b,
3453 2459 3614 2530 «sub;

2030 2554 2256 2623 fortasse
2285 2561 2333 2605 et
2360 2554 2415 2604 in
2436 2552 2777 2618 quaternione
2798 2552 2929 2621 folia
2954 2551 3165 2606 50—63
3180 2553 3447 2621 complexa
3473 2566 3616 2621 pra!-

2030 2657 2109 2700 ter
2129 2647 2220 2711 57,
2249 2644 2341 2712 58,
2377 2645 2500 2711 58b,
2523 2644 2624 2698 60b
2656 2645 2912 2699 nonnulla
2952 2645 3066 2699 alia
3089 2645 3368 2699 historiam
3403 2643 3620 2699 Madal-

2028 2740 2106 2793 vei
2155 2737 2455 2792 exhibentia
2492 2737 2811 2792 intercalata
2853 2748 2996 2792 sunt.
3048 2738 3247 2793 Desunt
3287 2746 3463 2792 autem
3493 2755 3616 2810 qua:

2029 2828 2268 2882 Labbeus
2314 2815 2574 2882 Chronico
2621 2829 2845 2899 praeﬁxa
2878 2830 3041 2899 fuisse
3084 2830 3241 2900 refert
3265 2830 3399 2899 folia
3436 2830 3590 2892 ωειὶ

2030 2935 2175 2974 mam
2208 2928 2416 2989 partem
2466 2928 2735 2975 vetustate
2766 2920 2966 2975 detrita
3009 2937 3129 2973 cum
3175 2919 3308 2973 serie
3357 2918 3616 2974 abbatum

2032 3009 2537 3077 Flaviniacensium,
2585 3027 2745 3082 quam
2794 3020 2845 3066 et
2883 3010 2949 3065 ab
3001 3009 3222 3083 Hugone
3261 3010 3614 3081 conscriptam

1956 3119 1999 3177 ο
2029 3117 2139 3155 esse
2169 3101 2380 3171 opinari
2415 3100 2557 3167 licet,
2603 3101 2742 3171 quod
2783 3101 2967 3155 eadem
3007 3103 3064 3155 in
3096 3101 3318 3155 diversis
3362 3098 3616 3156 Chronici

2031 3192 2158 3246 locis
2182 3193 2504 3248 inseruntur.
2520 3191 2655 3246 Dein
2673 3202 2789 3264 post
2818 3200 3047 3264 quatuor
3068 3194 3290 3264 paginas
3312 3192 3615 3261 interjectas

2034 3283 2408 3355 Necrologium
2435 3285 2559 3355 legit
2585 3283 2847 3352 Labbeus,
2872 3285 3010 3356 quod
3036 3301 3101 3339 ex
3125 3283 3479 3338 anterioribus
3511 3284 3616 3337 do—

2031 3378 2288 3431 cumentis
2322 3394 2425 3430 non
2450 3386 2696 3431 accurate
2740 3386 3041 3448 congestum
3070 3376 3225 3431 hodie
3249 3377 3305 3429 in
3329 3377 3500 3446 capite
3523 3391 3616 3429 co-

2030 3469 2166 3524 dicis
2189 3479 2385 3535 exstat,
2428 3468 2639 3540 Hugoni
2668 3469 2843 3523 deberi
2869 3486 2935 3524 ex
2955 3468 3222 3539 scriptura
3258 3467 3530 3537 colligitur
3560 3476 3614 3520 et

2030 3576 2063 3612 a
2092 3560 2241 3613 nobis
2268 3576 2471 3630 quoque
2496 3559 2756 3614 Chronico
2783 3561 3166 3630 prwmittetur,
3190 3574 3311 3612 cum
3351 3557 3618 3628 hucusque

2032 3653 2170 3721 typis
2218 3651 2452 3705 nondum
2492 3651 2750 3721 prodierit
2791 3651 2927 3723 (19),
2985 3652 3120 3705 serie
3168 3649 3420 3704 abbatum
3445 3650 3516 3702 ad
3545 3649 3615 3718 fi-

2031 3761 2147 3798 nem
2189 3743 2441 3799 Chronici
2467 3744 2810 3797 demandata.
2845 3742 3109 3813 Excerpta
3138 3742 3447 3796 chartan
3475 3739 3613 3793 Fla—

2028 3836 2409 3891 viniacensium
2468 3852 2501 3889 a
2547 3835 2755 3890 Labbeo
2803 3851 2869 3890 ex
2924 3836 3129 3889 schedis
3170 3833 3444 3889 Sirmundi
3487 3848 3614 3903 pag.

2028 3927 2315 3983 269—273
2347 3928 2614 3999 descripta
2674 3930 2868 3983 iterum
2918 3928 3234 3999 proferenda
3294 3942 3399 3981 non
3454 3924 3616 3980 duxi-

2031 4037 2166 4074 mus.

2099 4134 2482 4212 Adnotationes
2529 4159 2674 4227 operi
2705 4166 2815 4211 tam
2846 4156 3057 4227 prolixo
3084 4155 3435 4226 paucissimas
3465 4154 3612 4224 adji»

2030 4264 2144 4302 cere
2170 4248 2393 4318 placuit,
2427 4265 2653 4319 quarum
2678 4265 2767 4304 eas
2792 4265 2909 4319 quae
2941 4247 3176 4320 Koepkio
3215 4255 3397 4302 nostra
3425 4245 3616 4317 deben-

2032 4351 2139 4409 tur,
2164 4341 2346 4396 littera
2368 4340 2413 4394 K
2442 4340 2690 4395 distinxi.

347 4476 425 4523 est
449 4484 554 4522 non
575 4485 678 4523 uno
700 4470 980 4542 eodemque
1011 4480 1258 4543 tempore,
1280 4473 1370 4527 sed
1401 4473 1612 4527 calamo
1641 4477 1926 4545 swpissime

2106 4466 2387 4538 Reliquum
2427 4474 2506 4520 est
2569 4476 2627 4520 ut
2683 4482 2928 4522 moneam
2980 4468 3040 4522 in
3080 4464 3398 4537 Necrologio
3442 4480 3616 4536 pauca

346 4560 586 4630 deposito
606 4561 899 4632 iterumque
919 4574 1183 4634 resumpto
1215 4572 1370 4635 prout
1397 4564 1659 4619 scribendi
1685 4568 1930 4622 materies

347 4651 658 4727 sufﬁciebat.
694 4650 889 4708 Textus
917 4662 1034 4726 post
1057 4672 1222 4710 annos
1255 4655 1458 4726 aliquot
1496 4656 1706 4726 elapsos
1735 4659 1931 4713 iterum

347 4741 643 4813 iterumque
665 4745 980 4817 recognitus,
1005 4748 1207 4819 passim
1236 4747 1460 4815 deletus,
1489 4750 1689 4818 passim
1720 4759 1929 4804 senten-

349 4833 441 4886 tiis
464 4842 525 4887 et'
545 4833 763 4906 integris
786 4838 994 4907 paginis
1041 4838 1240 4892 additis
1286 4847 1338 4893 et
1378 4839 1711 4895 intercalatis
1740 4850 1926 4895 auctus

347 4930 447 4977 est.
471 4921 679 4979 Littera
704 4926 907 4981 minuta
945 4944 1107 5000 usque
1128 4928 1198 4982 ad
1223 4928 1319 4998 fol.
1357 4929 1426 4984 69
1448 4946 1747 5001 annumque
1776 4931 1931 4985 chror

350 5013 485 5069 uicta
506 5013 612 5071 950
633 5031 697 5071 ea
725 5025 987 5089 estquam
1020 5019 1078 5072 in
1110 5019 1308 5090 pagina
1350 5018 1560 5088 adjecta
1602 5021 1928 5090 exhibemus,

419 5253 534 5381 (1x7)
571 5255 705 5315 Vide
731 5260 1246 5318 commentationem
1287 5262 1344 5318 in
1372 5261 1676 5319 Annalibus
1722 5264 1927 5321 nostris

348 5333 391 5381 ι.
500 5369 515 5381 .
547 5343 601 5381 ι).
626 5329 733 5381 240
756 5331 868 5381 ubi-
911 5335 1081 5381 multa
1110 5333 1344 5381 amnlins
1385 5333 1766 5381 nxnlanantnr-
1804 5351 1927 5381 mum

392 5329 515 5403 _IX,
547 5343 601 5399 p.
626 5329 733 5406 240
756 5331 868 5406 ubi,
911 5335 1084 5388 multa
1110 5333 1344 5406 amplius
1385 5333 1768 5405 explanantur,
1804 5351 1928 5406 quae

348 5395 443 5453 hic
464 5395 803 5471 praetermitti
835 5395 1086 5473 possunt.

2036 4560 2146 4615 alio
2173 4568 2470 4614 atramento
2491 4557 2557 4612 ab
2594 4557 2816 4630 Hugone
2843 4559 3032 4613 addita
3052 4559 3271 4629 reperiri
3299 4566 3349 4612 et
3373 4555 3618 4627 catalogo

2037 4652 2548 4721 archiepiscoporum
2594 4649 3028 4722 Lugdunensium
3073 4664 3396 4705 successores
3432 4646 3618 4718 Πειθο-

2036 4746 2119 4799 nis
2155 4760 2317 4814 usque
2361 4742 2430 4796 ad
2490 4742 2842 4796 Humbertum
2890 4743 3113 4812 subjici;
3166 4742 3257 4814 qui
3297 4757 3416 4795 cum
3461 4741 3618 4794 annis

2037 4834 2388 4891 1147—1153
2400 4835 2696 4905 praefuerit,
2725 4833 3001 4905 Hugonem
3020 4834 3076 4888 id
3095 4833 3341 4904 temporis
3353 4832 3615 4903 attigisse,

2032 4934 2083 4981 et
2122 4925 2244 4997 plus
2301 4925 2695 4997 octogenarium
2754 4933 3019 4980 senectam
3069 4925 3302 4995 exegisse
3357 4924 3615 4994 conjicere

2026 5018 2204 5072 liceat.

2100 5256 2212 5329 (l8)
2251 5255 2314 5311 D.
2347 5253 2587 5312 Thomas
2622 5253 2847 5327 Phillips
2875 5254 2990 5327 ipse
3019 5254 3308 5328 exscripsit
3337 5253 3435 5313 fol.
3462 5255 3603 5312 17-—

2030 5328 2216 5471 ﬂ(19)
2253 5395 2436 5453 Pauca
2457 5396 2582 5455 inde
2613 5396 2962 5454 Mabillonius
2987 5397 3281 5479 excerpsit.
