3932 6298
559 296 634 352 95
1584 290 1886 349 11116οΝ18
1922 291 2217 348 ABBATIS
2252 287 2820 348 FLAVINIACENSIS
3696 293 3754 351 ει

559 415 756 476 scitur,
785 422 932 464 anno
971 405 1195 464 Cesaris
1235 405 1467 478 Augusti
1509 406 1580 460 42
1619 415 1675 461 et
1720 404 1951 464 Herodis
1991 407 2135 479 regis
2162 408 2208 465 Α
2236 404 2536 462 Salvatorrs
2591 419 2761 461 sanus
2814 418 2846 458 a
2905 404 3059 474 plaga
3107 401 3312 474 srringii
3348 402 3455 472 (50)
3479 402 3637 464 factus
3666 421 3737 465 est

556 500 858 560 Judeorum
912 503 1015 572 51,
1060 503 1281 560 Carnllo
1326 512 1379 558 et
1423 501 1759 569 Quintiliano
1794 505 2136 561 consulibus.
2308 499 2470 555 Anno
2497 498 2652 552 Dom.
2677 497 2787 554 inc.
2814 497 2904 552 54.
2936 496 3233 552 secundum
3268 495 3502 568 Latinos,
3535 500 3753 569 quiala-

559 592 841 667 [11133011.]
868 594 1030 651 Anno
1076 609 1106 650 a
1142 593 1343 650 Christi
1371 593 1654 649 nativitate
1677 595 1734 661 5,
1777 594 2009 667 Augusti
2045 597 2136 663 45,
2238 593 2434 648 nuario
2468 607 2676 648 annum
2702 590 2989 662 incipiunt,
3018 588 3223 646 Paulus
3261 606 3382 647 cum
3414 603 3635 663 pergeret
3673 594 3751 649 Da.

555 681 802 741 Herodes
823 684 893 739 54
914 684 1064 756 regni
1090 683 1175 739 sui
1215 698 1378 750 anno,
1409 698 1534 738 cum
1558 683 1765 741 Christi
1798 685 2134 741 nativitatem
2237 698 2509 750 mascum,
2550 698 2581 739 a
2623 682 2846 739 Christo
2879 683 2947 739 de
2975 684 3093 739 celo
3119 691 3343 739 vocatus
3364 692 3461 739 est.
3487 684 3751 742 Secundum

540 760 845 846 'magorum
881 775 1091 836 indiciis
1120 773 1485 844 cognovisset,
1527 766 1818 831 universos
1862 774 2135 832 Bethleem

552 868 815 938 parvulos
831 868 996 940 jussit
1028 867 1281 936 interﬁci,
1303 877 1358 924 et
1398 867 1519 939 ipse
1558 883 1705 924 anno
1730 871 1974 941 sequenti
2009 887 2132 928 sca-

552 959 794 1016 tentibus
826 968 937 1015 toto
960 973 1189 1030 corpore
1230 958 1514 1016 vermibus
1548 958 1934 1019 miserabiliter
1957 962 2133 1019 mori-

554 1058 646 1107 tur
680 1051 829 1124 regni
858 1051 943 1107 sui
974 1065 1121 1107 anno
1151 1049 1243 1107 56.

618 1147 775 1202 Anno
795 1146 866 1202 ab
894 1146 1005 1203 inc.
1034 1146 1194 1202 Dom.
1224 1147 1313 1213 15,
1346 1161 1380 1202 a
1410 1146 1603 1202 mundi
1625 1145 1937 1203 conditione
1965 1146 2128 1217 5215,

544 1237 831 1310 Augustus
862 1239 951 1295 76.
996 1239 1159 1296 etatis
1190 1254 1305 1295 suae
1329 1255 1475 1296 anno
1504 1240 1768 1306 moritur;
1809 1239 1900 1295 cui
1939 1255 2130 1295 succe-

540 1327 677 1385 dens
700 1328 972 1401 Tyberius
993 1329 1241 1399 regnavit
1265 1345 1316 1385 a.
1349 1330 1441 1384 22.
1459 1329 1564 1402 [Cll
1591 1328 1844 1403 [lienem]
1867 1328 2044 1402 Hujus
2071 1346 2123 1386 a.

539 1420 629 1476 15.
655 1419 866 1477 factum
894 1428 982 1477 est
1001 1420 1227 1476 verbum
1257 1419 1353 1477 Dei
1388 1437 1552 1493 super
1584 1420 1890 1478 .lohannem
1916 1421 2127 1478 Zacha-

538 1511 639 1566 riae
677 1511 854 1566 tilium
892 1511 948 1566 in
976 1512 1211 1580 deserto,
1248 1520 1303 1567 et
1337 1512 1593 1568 dominus
1636 1512 1797 1568 Jesus
1840 1511 2125 1583 trigesimo
2294 1511 2456 1567 Anno
2478 1511 2588 1567 inc.
2622 1510 2780 1567 Dom.
2806 1509 2895 1564 44.
2927 1507 3137 1564 Pilatus
3167 1523 3334 1563 manu
3372 1522 3468 1563 sua
3496 1505 3748 1577 perimitur.

537 1603 702 1659 etatis
728 1618 845 1660 sua:
867 1618 1012 1659 anno
1028 1604 1143 1674 jam
1165 1613 1408 1674 peracto,
1434 1619 1485 1659 a.
1513 1604 1598 1659 15.
1630 1602 1847 1675 Tyberii
1875 1604 2121 1675 baptiza-
2294 1602 2455 1657 Anno
2477 1602 2586 1657 inc.
2622 1600 2779 1658 Dom.
2813 1600 2904 1656 45.
2928 1598 3194 1656 Claudius
3225 1609 3481 1670 regnata.
3506 1599 3585 1654 15.
3614 1613 3677 1652 m.
3708 1596 3747 1650 7.

539 1703 630 1750 tur
650 1710 683 1750 a
710 1694 982 1763 Johanne,
1013 1697 1117 1753 sub
1140 1697 1311 1752 altero
1331 1695 1543 1752 Herode
1563 1694 1863 1752 Judeorum
1891 1711 2040 1768 rege,
2063 1696 2116 1751 8.
2154 1765 2184 1768 _
2225 1694 2280 1750 d.
2309 1692 2399 1748 28.
2435 1692 2719 1748 Addamus
2739 1690 2881 1747 his-7
2905 1690 3192 1746 mensibus
3216 1691 3250 1745 4
3276 1690 3368 1762 qui
3398 1706 3555 1761 supra
3576 1704 3750 1745 reman-

537 1782 665 1841 ldus
686 1785 954 1856 Januarii,
988 1788 1137 1859 quod
1174 1787 1276 1844 fuit
1300 1787 1351 1843 7.
1385 1787 1544 1855 feria,
1586 1786 1886 1844 indictione
1911 1765 1977 1857 5,
1989 1788 2116 1844 luna
2151 1765 2194 1820 Β
2222 1791 2432 1851 serunt,
2455 1783 2596 1838 ﬁunt
2616 1782 2677 1837 11
2711 1790 2767 1838 et
2798 1781 2829 1836 7
2854 1781 3000 1850 dies;
3025 1780 3186 1838 dabis
3216 1781 3304 1839 his
3323 1781 3393 1836 28
3420 1781 3533 1837 dies
3554 1790 3604 1838 et
3621 1787 3748 1835 erunt

536 1876 627 1945 15,
652 1885 707 1934 et
728 1878 847 1948 ipse
872 1893 1020 1935 anno
1048 1887 1315 1950 sequente
1338 1878 1514 1949 capite
1537 1885 1844 1933 truncatur.
2220 1875 2310 1944 57,
2362 1875 2416 1931 id
2440 1883 2524 1931 est
2565 1889 2745 1931 annus
2787 1882 2844 1930 et
2889 1889 2987 1930 sex
3021 1873 3164 1943 dies,
3199 1873 3295 1947 qui
3340 1874 3427 1930 bis
3463 1872 3748 1945 temporibus

605 1968 769 2025 Anno
794 1970 962 2042 igitur
999 1986 1032 2026 a
1063 1970 1251 2026 mundi
1291 1970 1606 2043 conditione
1647 1968 1810 2037 5252,
1853 1968 1924 2023 ab
1970 1965 2119 2025 Urbe
2218 1966 2666 2023 adnumerandus
2690 1966 2925 2021 videtur.

532 2067 715 2117 autem
744 2065 969 2118 condita
1000 2061 1124 2129 784,
1148 2069 1511 2118 concurrente
1540 2060 1591 2114 7.
1623 2060 1808 2116 terciae
1835 2060 2014 2127 lineae,
2046 2060 2117 2116 ab
2284 2057 2445 2114 Anno
2478 2059 2587 2114 inc.
2619 2056 2778 2113 Dom.
2807 2057 2898 2114 47.
2946 2055 3188 2115 Iacobus
3213 2055 3380 2113 frater
3415 2054 3656 2112 Johannis
3675 2052 3748 2110 de-

528 2150 641 2209 inc.
664 2151 824 2207 Dom.
851 2154 939 2209 55.
970 2153 1087 2225 ipse
1109 2153 1267 2210 Jesus
1287 2152 1541 2210 Christus
1564 2152 1660 2207 Dei
1694 2151 1865 2209 Filius
1891 2168 1993 2223 pro
2020 2168 2114 2209 sa-
2215 2151 2468 2218 collatur,
2513 2149 2708 2207 Petrus
2758 2150 2816 2206 in
2845 2166 3122 2208 carcerem
3155 2151 3407 2206 mittitur.
3455 2147 3669 2205 Herodes
3693 2145 3747 2200 ab

2236 774 2476 832 Hebreos
2499 784 2702 841 autem,
2733 774 2888 845 quia
2930 773 3126 829 Martio
3168 773 3296 829 anni
3320 784 3534 831 sumunt
3556 776 3751 844 initium,

2233 865 2426 923 eodem
2464 881 2611 921 anno
2650 863 2925 936 passionis
2958 863 3176 919 Domini
3210 864 3489 921 undecimo
3528 881 3691 926 mense
3709 870 3750 924 8.

2233 957 2461 1015 Kalend.
2485 957 2771 1014 Februarii
2792 957 2816 990 ⁸
2838 955 3114 1031 [REGINO].

2301 1051 2463 1107 Auno
2484 1051 2592 1108 inc.
2616 1050 2776 1106 Dom.
2798 1051 2887 1107 59.
2920 1050 3088 1107 Gaius
3110 1049 3353 1122 regnavit
3371 1049 3521 1107 annis
3542 1049 3591 1118 4,
3610 1065 3750 1107 mens.

2233 1143 2322 1212 10,
2348 1144 2542 1201 diebus
2562 1144 2615 1200 8.
2638 1141 2737 1200 His
2758 1159 2889 1215 ergo
2909 1142 3193 1199 mensibus
3214 1141 3262 1202 ri
3283 1142 3537 1198 addamus
3560 1157 3660 1209 sex,
3679 1143 3752 1212 qui

2230 1234 2618 1306 superfuerunt
2646 1235 2735 1292 56.
2757 1250 2904 1291 anno
2920 1231 3205 1291 Octaviani
3221 1275 3238 1302 ,
3281 1241 3440 1290 erunt
3464 1249 3658 1290 menses
3682 1233 3748 1288 lli.

2228 1325 2310 1382 Ex
2335 1326 2536 1398 quibus
2568 1337 2810 1398 quatuor
2842 1326 3102 1383 detractis
3125 1340 3304 1381 annus
3330 1324 3530 1398 integer
3554 1333 3753 1381 remanet

2227 1419 2321 1492 qui
2346 1420 2451 1476 hoc
2483 1419 2540 1475 in
2561 1419 2682 1476 loco
2710 1418 3035 1475 inserendus
3059 1417 3295 1473 videtur.

528 2244 642 2300 lute
658 2247 860 2310 mundi
890 2248 1037 2303 venit
1057 2248 1124 2303 ad
1160 2246 1499 2317 passionem,
1533 2261 1585 2301 a.
1628 2246 1714 2301 18.
1751 2244 1969 2318 Tyberii
1996 2245 2115 2302 (Σεξ-
2212 2243 2406 2314 angelo
2436 2242 2760 2319 percutitur.
2787 2241 2993 2299 Paulus
3016 2252 3073 2298 et
3104 2242 3383 2299 Barnabas
3418 2258 3449 2298 a
3471 2240 3652 2313 Spiritu
3680 2252 3747 2293 se-

526 2335 692 2404 saris,
731 2337 787 2392 8.
810 2336 1081 2394 Kalendas
1106 2338 1330 2408 Aprilis,
1375 2338 1427 2394 5.
1457 2335 1615 2404 feria,
1658 2335 1789 2393 luna
1835 2336 1924 2404 14,
1976 2335 2112 2392 Gaio

525 2425 742 2483 Ctesare
764 2439 959 2500 quater
978 2438 1034 2484 et
1059 2428 1224 2484 Junio
1254 2427 1553 2484 Saturnino
1582 2413 1932 2496 consulibus,
1964 2443 2111 2484 anno

524 2517 650 2572 cicli
674 2520 1130 2585 decennovenalis
1159 2521 1247 2587 15,
1280 2528 1334 2576 et
1355 2520 1537 2592 typico
1576 2535 1746 2590 pasca
1788 2534 1915 2575 cum
1943 2519 2110 2577 disci-

520 2610 668 2680 pulis
697 2611 971 2668 celebrato
1017 2613 1253 2668 traditur
1287 2628 1318 2667 a
1360 2628 1462 2669 suo
1503 2612 1775 2682 discipulo
1811 2610 2000 2668 Judcis
2048 2611 2107 2668 in

521 2710 707 2770 nocte,
726 2711 783 2757 et
812 2703 959 2759 circa
996 2719 1158 2759 mane
1181 2704 1402 2760 ducitur
1446 2703 1513 2758 ad
1555 2702 1829 2776 Pylatum,
1873 2704 2108 2760 traditur

521 2792 791 2848 militibus
837 2801 893 2849 et
930 2792 1153 2864 ﬂagellis
1204 2810 1398 2862 cesus,
1443 2795 1617 2864 sputis
1657 2794 1846 2863 illitus,
1884 2804 2106 2867 gestans

521 2899 861 2956 purpureum
922 2886 1307 2943 vestimentum
1347 2895 1402 2943 et
1438 2902 1702 2943 coronam
1745 2890 1991 2959 spineam
2044 2890 2102 2946 in

517 2975 715 3046 capite,
731 2976 950 3032 ducitur
969 2978 1037 3033 ad
1058 2978 1488 3050 cruciﬁgendum
1511 2978 1561 3034 7.
1583 2977 1854 3037 Kalendas
1877 2980 2099 3053 Aprilis,

516 3066 646 3125 luna
678 3068 766 3136 15,
791 3079 847 3126 et
879 3070 931 3125 6.
957 3069 1094 3127 feria
1128 3073 1373 3129 ascendit
1398 3090 1618 3131 crucem
1656 3090 1755 3145 pro
1786 3077 1975 3132 mundi
2006 3093 2098 3134 sa-

514 3158 650 3215 lute.
671 3158 1321 3237 [Hienox.]'l'erremotus
1344 3164 1523 3222 factus
1550 3167 1710 3222 estin
1734 3175 1849 3223 toto
1871 3169 2096 3236 mundo,

513 3258 572 3307 et
595 3251 728 3309 solis
769 3251 912 3310 facta
943 3263 1029 3312 est
1055 3250 1309 3324 defectio,
1341 3257 1417 3312 ita
1464 3265 1525 3312 ut
1571 3258 1735 3314 etiam
1771 3260 1941 3315 stella:
1969 3260 2101 3317 visae

514 3342 626 3399 sint
650 3343 707 3398 in
750 3345 904 3412 caelo,
929 3352 1083 3401 sexta
1110 3345 1267 3414 hora,
1299 3348 1356 3401 in
1390 3362 1536 3403 nona
1563 3356 1717 3418 parte
1742 3348 1965 3406 Arietis.
1992 3349 2099 3406 Re-

511 3430 752 3486 surrexit
778 3446 811 3488 a
844 3433 1076 3490 mortuis
1110 3434 1163 3489 5.
1190 3433 1312 3489 Kal.
1342 3433 1564 3505 Aprilis,
1593 3436 1724 3492 luna
1751 3437 1819 3491 17
1840 3438 1882 3492 ⁷.

496 3520 501 3523 “
581 3519 790 3579 Pilatus
814 3540 911 3595 per
941 3523 1298 3582 Volusianum
1319 3525 1551 3582 Romam
1572 3527 1859 3597 adductus,
1883 3544 2009 3586 cum
2030 3545 2097 3585 eo

510 3609 781 3670 Veronica
824 3623 1012 3671 sancta
1031 3658 1045 3683 ,
1070 3632 1193 3687 quae
1217 3615 1397 3674 fuerat
1423 3633 1523 3688 per
1547 3617 1830 3675 Christum
1876 3635 1909 3676 a
1945 3620 2092 3678 ﬂuxu

508 3710 794 3780 sanguinis
817 3721 1030 3781 sanata,
1054 3712 1381 3785 dampnatus
1417 3722 1502 3770 est
1530 3729 1559 3769 a
1588 3712 1823 3786 Tybezio
1853 3723 1916 3771 ut
1943 3718 2092 3772 omni

506 3809 754 3872 tempore
797 3802 925 3859 vita:
965 3819 1080 3860 suae
1122 3821 1234 3861 non
1266 3806 1410 3876 igne,
1454 3819 1565 3860 non
1612 3821 1775 3876 aqua,
1827 3822 1929 3862 nec
1969 3805 2094 3879 igne

507 3900 667 3950 cocto
686 3892 961 3951 frueretur
978 3906 1199 3969 propter
1227 3913 1416 3953 necem
1439 3897 1648 3954 domini
1681 3896 1842 3966 Jesu;
1878 3907 1935 3955 et
1960 3900 2090 3955 reli-

505 3990 666 4053 gatus
686 3983 851 4041 exilio
894 3986 953 4041 in
989 3987 1213 4043 Amaria
1248 3987 1469 4044 civitate
1511 3987 1743 4045 Tusciae.
1784 3988 1940 4047 Unde
1967 4001 2092 4062 post

504 4085 795 4134 revocatus
813 4093 847 4134 a
871 4076 1108 4147 Nerone,
1130 4080 1330 4136 iterum
1370 4087 1589 4151 propter
1614 4081 2087 4138 circumcisionem

503 4183 670 4238 quam
696 4169 749 4224 in
782 4186 841 4227 se
869 4180 1190 4228 exercuerat
1211 4173 1541 4243 dampnatus
1567 4173 1794 4229 interiit.
1820 4172 2086 4229 Veronica

502 4273 634 4316 vero
676 4261 1004 4335 locupletata
1047 4263 1398 4321 facultatibus
1446 4273 1501 4320 et
1545 4266 1770 4333 divitiis,
1813 4275 1866 4321 et
1905 4266 2086 4338 imago

503 4350 724 4408 Domini
758 4371 926 4426 quam
973 4357 1091 4428 ipsa
1144 4358 1484 4427 depinxerat,
1533 4366 1587 4413 et
1636 4374 1802 4429 quam
1853 4357 2087 4430 Tyberio

2210 2342 2508 2407 gregantur
2544 2334 2600 2390 in
2627 2335 3069 2405 praedicationem
3098 2336 3388 2407 evangelii.

2278 2426 2439 2482 Anno
2467 2426 2578 2483 inc.
2616 2426 2773 2483 Dom.
2800 2427 2890 2483 48.
2926 2427 3133 2484 Paulus
3163 2437 3218 2484 et
3236 2411 3511 2482 Barnabas
3533 2422 3747 2481 aswnde-

2206 2526 2339 2574 runt
2366 2518 2831 2592 Hierosolymam,
2884 2529 2947 2577 ut
2994 2521 3112 2591 ipse
3139 2520 3335 2577 scribit
3375 2520 3443 2576 ad
3488 2516 3742 2574 Galathas:

2206 2607 2340 2665 Post
2368 2626 2535 2664 annos
2562 2611 2741 2682 inquit
2769 2612 2836 2667 14
2864 2612 3079 2667 ascendt'
3109 2610 3550 2683 Hierosolymam.
3576 2607 3746 2664 Recoli-

2205 2710 2393 2758 seatur
2416 2717 2548 2774 ergo
2572 2712 2837 2759 numerus
2871 2720 3169 2759 annorum.
3214 2693 3433 2760 Scimus
3471 2701 3669 2756 Petrum
3690 2694 3746 2750 25

2204 2793 2365 2848 annis
2387 2790 2576 2849 Romae
2605 2794 2760 2850 urbis
2789 2795 3158 2867 episcopalem
3189 2797 3429 2853 tenuisse
3452 2792 3743 2850 cathedram.

2205 2881 2467 2955 Sequitur
2487 2880 2638 2957 ergo,
2654 2895 2716 2942 ut
2737 2887 2980 2942 secundo
3001 2903 3150 2943 anno
3178 2887 3390 2945 Claudii
3407 2902 3525 2943 eum
3553 2883 3744 2938 Romam

2201 2974 2419 3032 venisse
2445 2975 2765 3046 credamus,
2798 2979 2894 3049 qui
2936 2987 3056 3034 erat
3096 2994 3129 3034 a
3172 2981 3429 3051 passione
3452 2974 3647 3033 Domini
3673 2972 3743 3037 15,

2201 3083 2314 3138 quo
2334 3083 2481 3124 anno
2509 3077 2566 3125 et
2591 3068 2797 3127 Paulus
2820 3071 2971 3127 venit
2994 3081 3119 3142 post
3140 3088 3350 3130 annum
3382 3068 3637 3146 passionis
3658 3065 3744 3119 Do-

2201 3162 2337 3217 mini
2387 3163 2475 3231 14,
2522 3171 2578 3220 et
2624 3164 2729 3220 hac
2772 3166 3163 3237 supputatione
3211 3168 3517 3225 invenimus
3545 3162 3744 3220 Paulum

2198 3254 2391 3309 eodem
2426 3271 2572 3311 anno
2599 3257 2876 3327 passionis
2916 3257 3133 3314 Domini
3161 3262 3233 3316 ad
3264 3262 3422 3317 tidem
3449 3258 3662 3314 venisse.
3689 3251 3746 3305 14

2197 3345 2364 3417 igitur
2385 3355 2440 3402 et
2458 3348 2529 3403 25
2549 3348 2688 3404 ﬁunt
2703 3347 2792 3415 59,
2807 3349 2901 3420 qui
2921 3360 3039 3406 erat
3052 3367 3236 3409 annus
3258 3369 3289 3408 a
3308 3339 3552 3425 passione
3564 3341 3747 3403 Domini

2197 3439 2419 3508 quando
2432 3438 2629 3497 Petrus
2650 3449 2705 3496 et
2725 3439 2930 3499 Paulus
2950 3443 3101 3514 passi
3126 3454 3283 3515 sunt,
3304 3445 3430 3517 quia
3450 3445 3502 3499 2.
3517 3435 3743 3499 annoNe-

2197 3530 2350 3585 ronis
2369 3529 2573 3588 Paulus
2618 3532 2838 3590 vinctus
2863 3534 3071 3591 missus
3095 3546 3198 3603 est,
3231 3546 3290 3593 et
3335 3539 3395 3592 11
3430 3534 3581 3592 annis
3610 3531 3745 3587 Petro

2196 3637 2298 3677 con
2298 3623 2523 3694 junctus
2533 3640 2632 3694 pro
2645 3624 2749 3681 ﬁde
2757 3627 3074 3696 decertavit,
3086 3637 3140 3683 et
3150 3629 3231 3684 l2.
3254 3646 3378 3686 cum
3394 3641 3647 3700 eopassus
3656 3629 3740 3678 est.

2257 3713 2842 3789 (Fol.10'.)Postquam
2866 3718 3034 3790 igitur
3058 3718 3205 3775 Deus
3226 3730 3285 3777 et
3312 3721 3560 3776 dominus
3588 3719 3745 3770 noster

2192 3803 2357 3862 Iesus
2406 3806 2664 3865 Christus
2713 3809 3030 3879 hominem,
3081 3827 3249 3883 quem
3311 3812 3546 3878 fecerat,
3594 3811 3745 3862 ωοηθ

2192 3912 2292 3953 sua
2316 3913 2349 3953 a
2377 3906 2553 3955 morte
2571 3900 2822 3957 liberavit
2848 3910 3075 3971 aeterna,
3099 3911 3154 3959 et
3175 3905 3540 3975 captivitatem
3571 3905 3744 3956 nostra

2190 3989 2397 4059 carnis,
2427 4007 2593 4063 quam
2630 3996 2986 4051 resuscitarat
3027 4012 3059 4051 a
3080 3997 3339 4066 mortuis,
3366 3995 3564 4052 invexit
3599 3987 3741 4052 caelis.

2189 4081 2381 4137 eodem
2412 4099 2559 4140 anno
2587 4100 2688 4156 pro
2708 4085 3056 4144 confessione
3087 4089 3338 4145 veritatis
3358 4088 3619 4160 lapidatus
3639 4093 3744 4153 pro-

2188 4179 2456 4247 tomartyr
2504 4173 2814 4247 Stephanus
2851 4179 3139 4247 occubuit,
3188 4170 3379 4238 mense
3401 4181 3454 4247 5,
3496 4175 3642 4233 tertia
3668 4170 3743 4226 die

2189 4262 2415 4331 mensis,
2445 4267 2590 4336 quod
2616 4277 2700 4323 est
2728 4267 2781 4323 4.
2826 4266 3014 4324 Nonas
3043 4269 3308 4341 Augusti,
3336 4281 3392 4328 et
3415 4271 3646 4340 dispersa
3672 4269 3743 4317 εει

2186 4353 2432 4410 accclesia
2461 4355 2723 4424 ﬁdelium,
2751 4373 2874 4429 qua:
2899 4369 3020 4415 erat
3041 4358 3443 4430 Hierosolimis,
3470 4370 3527 4416 ut
3542 4356 3742 4413 verbum

498 4443 718 4501 allatam
762 4446 878 4516 ipsa
916 4457 1251 4519 prosequuta
1293 4458 1443 4516 erat,
1499 4464 1637 4504 auro
1678 4449 1936 4506 conclusa
1975 4458 2078 4505 est.
2111 4459 2160 4516 ι)
2186 4445 2418 4514 salutis,
2453 4449 2603 4518 quod
2655 4451 2885 4506 missum
2937 4460 3056 4507 erat
3097 4451 3286 4510 Judeis
3330 4464 3384 4510 et
3429 4452 3741 4523 respuerani.

495 4534 620 4607 Ipsa
660 4546 846 4593 autem
892 4538 1149 4595 defuncta
1171 4581 1188 4607 ,
1246 4538 1434 4596 Romae
1494 4541 1879 4596 venerabiliter
1925 4540 2082 4612 quie-
2126 4604 2130 4609 η

2186 4546 2375 4607 gentes
2409 4540 2766 4610 susciperent.
2807 4541 2948 4597 Dum
2994 4559 3126 4617 ergo
3164 4546 3398 4616 apostoli
3444 4554 3498 4600 et
3523 4543 3741 4613 ipsorum

496 4625 602 4683 scit
650 4629 897 4688 humata.
946 4629 1214 4704 Tyberius
1254 4646 1385 4687 vero
1446 4632 1503 4687 in
1559 4631 1773 4689 visione
1808 4633 2078 4705 ymaginis
2187 4644 2451 4699 sequaces
2499 4632 2754 4705 discipuli
2787 4651 3007 4707 quaqua
3039 4646 3271 4707 possunt
3302 4637 3629 4708 demigrant,
3655 4627 3745 4683 Pe-

1753 4812 1761 4819 -
1790 4784 2024 4841 VARI/[‘3
2068 4783 2463 4841 LECTIONES.

492 4888 618 4930 mus
640 4877 943 4955 secundum
972 4875 1295 4955 Gregorium
1322 4877 1719 4955 Turonensem.
1764 4875 1824 4955 8Σ
1859 4874 2283 4955 Α-μδῑιεειξιοηξμε
2312 4876 2683 4955 Arvernorum
2714 4880 3260 4955 primusﬂepiscopus.
3303 4883 3554 4941 Urbicus.
3587 4880 3739 4955 [rego-

489 4943 990 5037 ξυεέὲιὲἰὲξίξίιιες
1005 4943 1452 5037 aderatfam-
1470 4946 2155 5037 Artemiuséswaié-
2170 4944 2565 5037 Warrenius;
2598 4943 3333 5037 κυεῖίειιξ-..δοᾙεειείιαεξυξι
3358 4955 3416 5037 S.-
3440 4943 3739 5037 Ερετοιξίῖιξ·

492 5013 551 5070 8.
591 5013 1430 5097 8χροηίυ8.ξυεᾲᾳρίἒεῑίθιιε.
1470 5018 2142 5097 S._Aprunculus,.primo
2172 5014 2496 5097 Linguonis,
2528 5023 3086 5097 temporerilperici
3112 5025 3150 5097 Ι.
3199 5027 3256 5081 8.
3291 5013 3595 5090 Eufrasius,
3618 5031 3739 5076 tem—

486 5084 900 5167 pgre’CLodovei
927 5088 968 5167 I_.
1001 5084 1148 5145 Obiit
1169 5090 1271 5167 25°
1298 5106 1444 5167 anno
1466 5084 1835 5167 episcopatus,
1864 5084 2045 5167 Qui—et
2067 5084 2423 5167 post_obitum
2450 5089 2570 5167 ejus
2597 5084 2734 5167 vixit
2760 5094 2793 5167 4
2822 5084 3004 5167 annis,
3030 5105 3085 5152 et
3124 5095 3455 5167 Apollinaris
3482 5084 3739 5167 sex'rnen-

485 5156 662 5237 sibus.
778 5156 1109 5225 Quintianus
1133 5159 1345 5237 primus
1389 5155 1621 5237 [intente
1655 5155 1978 5237 Episcopus:
2003 5155 2083 5212 Sf
2107 5156 2296 5237 Callus
2327 5155 2494 5237 quia
2518 5160 2619 5237 lu_e_
2642 5162 2948 5237 inguinaria
2978 5155 3255 5237 pupulum
3304 5182 3465 5221 suum
3513 5162 3741 5237 oratione

484 5227 743 5302 protexit,
775 5227 1205 5302 patruussancti
1234 5229 1480 5302 Gregorii
1532 5227 1872 5287 Turonensis
1889 5227 2528 5302 episcopi,_tempt_)ribus
2557 5227 2936 5289 Theodeberti.
2965 5227 3231 5293 Cautinus
3264 5237 3312 5292 1.
3341 5251 3487 5291 anno
3512 5231 3739 5288 Theode-

482 5296 869 5380 Σξηιρί-ιιθέίειι,ζ
898 5298 961 5380 S_1
986 5300 1275 5380 Genesius,
1308 5296 1861 5380 fécit_monasterium
1889 5296 2177 5380 hiagniloci
2201 5340 2217 5366 ,
2249 5296 2597 5380 Evodium
2643 5303 2886 5380 praefecit
2918 5306 3190 5380 abbatem.
3221 5305 3395 5380 Felix.
3438 5302 3739 5380 Garivuldus

479 5366 553 5420 20
585 5366 1204 5447 diebus._S.gPrejectus
1231 5366 1731 5447 martyrizatusest
1754 5385 1903 5447 anno
1923 5366 2080 5447 Dom.
2107 5369 2218 5424 inc.
2251 5369 2375 5423 580.
2406 5386 2555 5447 anno
2582 5366 2735 5447 regni
2755 5375 3050 5447 Chilperici
3083 5378 3182 5442 10;
3208 5377 3427 5447 praefuit
3445 5392 3558 5447 non
3576 5370 3737 5447 plenis

480 5437 642 5518 annis
672 5439 760 5518 1_1.
795 5438 852 5496 S.
883 5437 1077 5518 Avi_tus
1097 5443 1360 5518 _se_cundo
1378 5437 1547 5518 ’θηῃο
1577 5438 2166 5518 ῼΙιὶιιιθὺεηί-Ιυᾴροὶ
2179 5440 2475 5518 convertit;
2505 5437 2723 5512 prazl‘uit
2763 5437 3087 5518 non'plenis
3117 5437 3185 5504 15
3208 5437 3407 5505 'annis.
3442 5445 3499 5501 S.
3525 5437 3736 5500 Bonitus

476 5512 632 5592 pater
661 5508 784 5592 ejus
823 5512 928 5592 sub
967 5512 1263 5592 Teoderico
1284 5530 1430 5592 rege.
1465 5512 1771 5592 _Norbertus
1805 5509 2087 5592 annis
2129 5508 2413 5592 Proculus.

536 5578 802 5661 ’,τεζξᾳιια
831 5584 886 5637 in
916 5585 1153 5661 margine
1176 5578 1384 5661 paying};
1404 5585 1678 5661 aurarium
1701 5593 1842 5639 sunt.
1921 5580 1942 5612 ⁸
1973 5578 2224 5635 Tiberius
2254 5590 2380 5635 ante
2410 5584 2619 5640 obitum
2651 5602 2812 5642 suum
2834 5588 2887 5643 9.
2919 5600 3109 5646 mense
3140 5589 3446 5661 baptizatus
3459 5596 3513 5646 et
3533 5604 3564 5645 a
3593 5585 3735 5658 plaga

476 5648 947 5724 syringii'curatus
968 5648 1222 5712 occubuit
1247 5648 1402 5709 addit
1422 5655 1476 5710 2.
1977 5718 2114 5775 ΝΟΤ
2132 5719 2185 5773 Ε

545 5779 663 5835 (50)
701 5782 956 5842 Fistula}?
