3932 6298
183 365 262 425 25
1212 404 1215 407 λ
1428 356 1767 416 CHRONICG

1874 386 1943 399 ..-
1966 352 2092 407 Llll.
2126 351 2165 407 l.
3396 362 3470 419 26

184 488 310 535 trus
336 474 452 550 (5i)
473 475 757 534 descendit
775 473 1147 542 Antiochiam,
1174 481 1231 529 et
1255 489 1353 545 per
1379 473 1468 530 bis
1492 473 1780 545 septenos9
1811 476 1857 531 Α
1882 469 2062 525 brium
2085 470 2357 541 respirare
2377 467 2638 537 licuisset,
2663 469 2780 525 sola
2803 469 2885 525 illi
2906 485 3006 527 sua
3028 473 3262 541 vexatio,
3293 491 3363 531 ne
3387 485 3470 532 ta-

184 584 364 626 annos
389 568 786 625 Antiochenam
810 567 1058 623 fundavit
1078 575 1133 624 et
1162 567 1304 622 rexit
1344 567 1669 635 :ecelesiam,
1698 567 1771 622 ita

180 670 249 716 ut
273 661 794 734 cognominarentur
829 659 1068 730 primum
1099 658 1405 715 Antiochia:
1448 657 1768 715 Christiani.

180 746 329 806 Hinc
350 750 594 808 secundo
615 764 762 806 anno
782 747 1015 816 Claudii,
1041 747 1236 804 Vincio
1256 756 1311 803 et
1332 747 1609 816 Cornelio,
1623 748 1776 807 Asia-

181 843 297 899 tico
323 850 377 898 et
398 841 621 896 Silvano
641 839 985 906 consulibus,
1003 839 1236 895 Romam
1260 841 1428 909 venit,
1456 847 1511 896 et
1531 840 1625 911 qui
1650 849 1775 911 post

178 929 470 988 Christum
503 940 557 987 et
583 946 682 1001 per
706 930 989 985 Christum
1020 940 1185 1000 caput
1205 941 1293 986 est
1313 931 1564 1002 corporis
1586 932 1775 988 aaccle-

178 1021 303 1089 siae,
340 1020 606 1076 Romanis
631 1019 851 1076 arcibus
880 1020 1137 1076 vexillum
1163 1021 1350 1076 intulit
1368 1021 1773 1092 praedicationis

177 1112 385 1168 divinae
414 1110 509 1182 (cf.
535 1110 694 1167 Gesta
725 1120 872 1183 pont.
899 1111 1099 1181 Rom.).
1134 1112 1213 1167 lbi
1238 1110 1463 1168 fundata
1503 1112 1772 1181 tecclesia,

176 1203 525 1277 evangelium
554 1202 761 1259 Christi
785 1192 1050 1261 Romanis
1083 1205 1459 1272 annunciavit,
1486 1214 1541 1261 et
1570 1205 1770 1276 prsidi-

177 1295 361 1350 cando
382 1295 934 1367 praedicationemque
949 1295 1121 1367 signis
1137 1296 1512 1353 conﬁrmando
1522 1297 1594 1353 25
1614 1296 1774 1353 annis

178 1385 360 1456 ipsius
388 1384 555 1442 Urbis
581 1396 840 1458 papatum
862 1388 1057 1443 tenuit.
1082 1387 1383 1445 Mirabatur
1405 1387 1599 1457 Roma,
1625 1390 1773 1460 quod

175 1492 292 1533 non
329 1478 615 1545 didimrat,
649 1479 915 1536 unitatem
954 1478 1013 1536 in
1056 1479 1323 1538 Trinitatc
1348 1490 1402 1538 et
1447 1480 1771 1538 Trinitatem

176 1570 236 1625 in
272 1572 486 1627 unitate
507 1573 757 1628 venerari
790 1572 1019 1641 debere;
1052 1575 1148 1630 sed
1183 1574 1453 1647 frequenti
1475 1576 1770 1632 miraculo-

176 1675 305 1714 rum
334 1661 686 1716 attestatione
710 1661 779 1717 ad
805 1662 1063 1719 ultimum
1091 1663 1283 1720 didicit
1312 1665 1487 1722 unicae
1517 1663 1772 1721 Trinitati

175 1752 348 1807 corda
380 1760 435 1808 et
459 1753 601 1809 colla
626 1754 972 1811 submittere.

247 1841 631 1900 Destinaverat
658 1854 839 1901 autem
854 1847 998 1902 idem
1024 1846 1236 1919 primus
1256 1857 1445 1920 pastor
1469 1858 1523 1906 et
1543 1860 1766 1923 aposto-

174 1932 266 1989 lus
319 1933 512 1995 Petrus
564 1937 737 1992 totius
782 1939 1083 1996 occidentis
1135 1947 1314 1999 terras
1353 1958 1573 1999 vomere
1617 1944 1770 2001 verbi

174 2026 557 2096 proscindere,
601 2023 814 2086 semina
846 2032 1112 2090 doctrinae
1149 2034 1317 2092 sulcis
1360 2035 1626 2091 mentium
1652 2051 1772 2093 cre-

175 2116 330 2183 dere,
355 2125 417 2172 ut
461 2129 650 2189 posset
680 2122 995 2193 manipulos
1024 2123 1244 2197 frugum
1279 2128 1647 2198 centuplicato
1685 2127 1769 2186 fe-

174 2224 313 2264 nore
351 2209 408 2264 in
438 2226 567 2267 area
598 2210 818 2268 Domini
850 2216 1122 2275 venientis
1157 2221 1560 2293 reconsignare,
1588 2232 1642 2279 et
1666 2223 1771 2279 eli-

174 2313 311 2370 gens
359 2299 508 2358 viros
550 2302 607 2357 in
653 2302 758 2361 ﬁde
784 2306 1065 2376 probatos,
1101 2319 1350 2378 potentes
1409 2311 1463 2366 in
1505 2328 1667 2383 opere
1716 2321 1772 2369 ct

174 2406 454 2460 sermone,
497 2395 766 2464 patientes
808 2397 867 2453 in
913 2399 1285 2471 tribulatione,
1321 2403 1662 2476 longanimes
1713 2406 1769 2461 in

173 2497 293 2553 spe,
340 2486 588 2543 eruditos
651 2488 708 2543 in
748 2491 1007 2547 omnibus
1035 2508 1160 2564 qua:
1208 2492 1338 2551 fecit
1383 2495 1642 2552 dominus
1679 2495 1771 2552 Je-

173 2590 291 2643 sus,
344 2577 545 2634 direxit
599 2580 722 2637 urbi
768 2581 1092 2639 Metensium
1141 2596 1394 2642 sanctum
1432 2586 1768 2645 Clementem

176 2662 445 2725 Romanae
498 2671 579 2727 rei
632 2674 862 2743 publica:
912 2677 1215 2747 patritium,
1248 2696 1411 2735 suum
1455 2696 1584 2736 vero
1649 2681 1767 2737 dis-

175 2759 444 2830 cipulum,
499 2772 554 2819 et
592 2773 843 2821 sanctum
894 2766 1263 2838 Mansuetum,
1316 2770 1502 2826 inclita
1547 2769 1767 2827 Scotto-

174 2868 301 2908 rum
344 2856 605 2927 progenie
647 2868 965 2929 generatum
990 2903 1005 2927 ,
1046 2862 1151 2917 ﬁde
1195 2871 1251 2917 et
1297 2863 1544 2918 doctrina
1572 2864 1767 2934 praeci-

173 2959 368 3015 pnum,
398 2947 522 3003 urbi
554 2948 893 3005 Tullensium
923 2950 1079 3022 (Vita
1101 2952 1339 3025 Mans.);
1383 2952 1570 3010 Remis
1598 2955 1766 3011 etiam

173 3036 379 3093 direxit
420 3049 637 3098 sanctos
671 3040 885 3099 Sixtum
916 3052 1079 3115 atque
1120 3044 1411 3115 Sinicium,
1450 3047 1767 3105 Catalaunis

175 3139 431 3188 sanctum
461 3132 799 3204 Memmium,
829 3134 1083 3194 Treveris
1118 3154 1359 3209 quoque,
1388 3156 1511 3212 qua:
1543 3148 1629 3197 est
1651 3156 1766 3197 me-

176 3224 407 3295 tropolis
431 3233 486 3279 et
521 3241 628 3280 una
657 3227 724 3281 de
760 3229 1089 3298 primatibus
1120 3230 1418 3286 Galliarum
1461 3241 1516 3286 et
1544 3233 1594 3287 ei
1633 3232 1764 3288 vici—
1791 3268 1833 3326 Ο

174 3313 525 3370 “Coloniae
555 3326 778 3374 sanctos
802 3320 953 3374 misit
982 3320 1334 3390 Eucharium,
1372 3322 1648 3379 Valerium
1680 3332 1766 3380 at-

172 3421 277 3476 que
305 3402 632 3464 Maternum.
661 3409 799 3481 (F01.
844 3412 957 3484 ll.)
986 3412 1124 3469 Cum
1157 3415 1242 3472 his
1265 3426 1319 3472 et
1343 3417 1431 3472 alii
1453 3418 1608 3473 multi
1646 3418 1768 3475 fuc-

173 3504 333 3567 runt,
385 3499 480 3569 qui
527 3501 891 3558 occidentales
940 3505 1195 3562 tenebras
1240 3506 1355 3562 veri
1406 3508 1538 3564 solis
1591 3508 1768 3564 clare-

172 3600 359 3646 scente
381 3593 535 3647 radio
571 3594 641 3648 ab
680 3595 873 3650 eodem
911 3597 1157 3668 principe
1204 3601 1577 3670 apostolorum
1614 3601 1769 3656 missi

170 3682 535 3753 dispulerunt,
560 3692 615 3739 et
635 3701 837 3741 nomen
867 3688 1093 3756 Christi,
1111 3690 1257 3760 quod
1288 3691 1519 3746 necdum
1551 3693 1608 3746 in
1632 3692 1769 3749 loc‘s

174 3768 278 3826 illis
309 3772 684 3842 splenduerat,
718 3776 822 3830 ﬁde
848 3785 900 3831 et
928 3779 1378 3849 magnanimitate
1403 3781 1632 3851 praediti,
1665 3799 1767 3853 po—

171 3862 299 3933 pulo
333 3863 617 3920 incredulo
658 3867 1112 3937 praedicaverunt.
1144 3868 1264 3941 Ipse
1300 3870 1488 3928 Romae
1537 3874 1766 3929 verbum

174 3953 263 4010 Dei
298 3956 555 4024 docebat,
588 3966 644 4014 et
676 3975 897 4015 murum
925 3961 1261 4018 inﬁdelitatis
1302 3964 1543 4034 impulsu
1584 3980 1766 4021 acvan-

172 4047 288 4114 gelii
317 4048 619 4118 quatiebat,
667 4051 977 4123 turrimque
1018 4053 1363 4111 confusionis
1400 4064 1455 4112 et
1501 4057 1768 4115 idolatria:

170 4138 269 4207 pia:
296 4138 670 4199 confessionis
698 4152 753 4199 et
779 4144 1118 4201 credulitatis
1148 4146 1435 4218 dejiciebat
1463 4149 1654 4218 ariete,
1690 4151 1764 4206 ibi

170 4245 538 4302 seapponens
589 4243 645 4290 et
697 4237 989 4293 continens
1044 4238 1277 4308 obicem,
1332 4240 1427 4296 ubi
1472 4240 1765 4297 violentior

168 4319 346 4378 hostis
376 4324 720 4394 incubuerat,
766 4328 927 4399 cujus
961 4330 1297 4400 subvertere,
1338 4331 1560 4388 Christo
1602 4332 1761 4402 duce,

168 4412 447 4470 nitebatur
476 4418 840 4488 tyrannidem.
884 4416 887 4419 ’

234 4504 317 4561 Ad
352 4508 487 4562 tanti
520 4509 689 4579 igitur
709 4512 948 4580 pastoris
984 4513 1239 4570 solatium
1285 4522 1339 4569 et
1357 4514 1762 4585 praedicationis

1875 554 1950 616 lia
1972 561 2208 616 ulterius
2262 569 2637 632 praesumeret,
2686 561 3022 618 intellectum
3064 564 3320 622 dedisset.
3363 568 3467 624 Sed

1872 654 2003 725 quia
2048 670 2242 725 magus
2273 653 2409 709 obiit
2440 660 2496 708 et
2533 653 2862 724 dampnatus
2910 654 2968 709 in
3001 655 3272 727 profundo
3319 659 3467 730 putei

1873 742 2077 816 abyssi,
2101 751 2163 798 ut
2189 741 2333 798 Nero
2359 743 2633 814 sperabat,
2664 758 2775 798 non
2799 746 3118 814 resurrexit,
3144 747 3464 804 destitutum

1874 852 1933 893 se
1963 836 2106 892 idem
2135 833 2281 891 Nero
2305 834 2498 890 videns
2535 834 2730 890 solatio
2768 843 2877 890 tam
2905 836 3082 893 ﬁdelis
3118 838 3301 907 amici,
3328 856 3463 911 apo-

1875 927 2047 984 stolos
2076 926 2195 995 Dei,
2224 926 2374 982 hunc
2415 926 2597 982 crucis
2644 926 2933 999 supplicio,
2967 929 3118 985 illum
3149 931 3466 1003 dampnavit

1873 1018 2146 1076 sententia
2168 1018 2390 1091 capitali
2418 1018 2471 1073 ’5.
2494 1017 2762 1074 Kalendas
2784 1018 2933 1087 Julii,
2957 1020 3010 1076 5.
3038 1018 3192 1089 feria,
3216 1024 3345 1079 luna
3368 1024 3461 1092 25,

1873 1112 1944 1168 ab
2001 1111 2111 1167 inc.
2175 1126 2227 1166 a.
2293 1110 2383 1178 72,
2431 1125 2577 1165 anno
2635 1125 2665 1164 a
2703 1110 2958 1181 passione
3004 1111 3094 1180 '59,
3126 1112 3462 1185 Vespasiano

1874 1204 2075 1274 septies
2108 1212 2162 1260 et
2194 1200 2319 1258 Tito
2350 1202 2530 1258 sexies
2558 1202 2899 1270 consulibus,
2925 1201 3241 1276 Olympiade
3260 1206 3386 1262 212.

1943 1295 2077 1365 Post
2096 1294 2320 1353 Petrum
2344 1294 2414 1350 ab
2436 1294 2555 1366 ipso
2580 1292 2743 1350 Petro
2782 1304 3135 1353 consecratus
3156 1297 3461 1353 zecclesiam

1872 1388 2164 1459 regendam
2196 1386 2437 1456 suscepit
2471 1384 2724 1441 Clemens
2763 1385 3052 1456 cpiscopus
3082 1386 3263 1458 (Gesta
3310 1398 3457 1460 pont.

1875 1479 2075 1552 Rom.),
2104 1488 2165 1534 ut
2194 1479 2310 1550 ipse
2334 1477 2528 1535 beatus
2549 1477 2802 1535 Clemens
2830 1486 3059 1534 testatur
3079 1477 3149 1534 de
3171 1493 3230 1534 se
3260 1477 3315 1533 in
3346 1478 3461 1550 epi-

1874 1572 2010 1627 stola
2040 1570 2244 1627 Jacobo
2273 1570 2429 1626 fratri
2464 1569 2683 1626 Domini
2727 1569 2919 1638 missa,
2942 1568 3134 1625 dicens
3163 1568 3336 1640 (epist.
3371 1568 3459 1625 in-

1872 1671 2012 1733 terp.
2043 1662 2243 1718 Ruﬁno
2268 1661 2445 1719 Mansi
2477 1679 2515 1730 ι,
2544 1661 2635 1733 9i)
2671 1681 2684 1719 :
2717 1660 3060 1729 Clementem,
3092 1661 3291 1732 inquit,
3325 1661 3462 1716 hunc

1873 1756 2022 1812 nobis
2045 1756 2232 1811 ordino
2273 1757 2593 1827 episcopum,
2626 1756 2713 1810 cui
2752 1754 2854 1809 soli
2887 1771 3014 1810 mea:
3067 1754 3462 1825 praedicationis

1872 1858 1922 1905 et
1949 1848 2207 1904 doctrina:
2229 1849 2539 1904 cathedram
2581 1848 2757 1916 trado,
2788 1848 2878 1919 qui
2913 1847 3044 1902 mihi
3075 1846 3139 1902 ab
3177 1847 3333 1902 initio
3368 1863 3462 1900 us-

1872 1956 1971 2012 que
1997 1939 2070 1994 ad
2096 1940 2256 2010 finem
2280 1956 2450 1994 comes
2473 1940 2529 1993 in
2554 1938 2796 1995 omnibus
2821 1938 2947 2010 fuit,
2975 1956 3039 1994 ac
3073 1956 3166 2011 per
3193 1938 3290 1994 hoc
3325 1940 3463 1994 veri-

1874 2041 2037 2088 tatem
2067 2033 2231 2087 totius
2260 2048 2388 2088 meaz
2414 2032 2456 2064 ¹⁰
2493 2032 2727 2105 agnovit.
3440 2022 3443 2029 ’

1944 2123 2084 2197 (Fel.
2120 2124 2250 2197 Μ’.)
2277 2123 2418 2193 Quid
2443 2133 2627 2181 autem
2649 2131 2838 2181 contra
2863 2125 2968 2181 hoc
2996 2123 3341 2181 sentiendum
3370 2123 3465 2190 sit,

1871 2216 2018 2286 quod
2041 2224 2170 2271 sunt
2192 2216 2442 2272 nonnulli
2466 2216 2561 2289 qui
2602 2223 2873 2273 conantur
2910 2222 3183 2285 astruere,
3211 2224 3339 2288 post
3357 2214 3463 2271 Pe-

1871 2315 2018 2363 trum
2048 2309 2357 2379 suscepisse
2381 2308 2581 2364 Linum
2604 2308 2979 2382 gubernacula
3004 2306 3267 2364 Romanae
3292 2308 3467 2364 eccle-

1871 2397 1967 2454 sia:
2009 2406 2065 2454 et
2111 2399 2249 2456 Lino
2292 2398 2508 2457 Cletum
2553 2401 2904 2470 successisse,
2954 2400 3261 2457 videamus.
3322 2400 3469 2458 Dicit

1868 2488 2147 2548 Iohannes
2172 2509 2310 2565 papa
2330 2494 2579 2550 scribens
2604 2495 2877 2551 universis
2904 2495 3177 2566 episcopis
3207 2509 3305 2565 per
3335 2492 3466 2549 Gal-

1869 2583 1998 2639 liam
2027 2594 2081 2642 et
2106 2585 2456 2643 Germaniam
2489 2607 2502 2642 :
2538 2586 2597 2642 Si
2626 2587 2819 2642 Petrus
2841 2588 3083 2659 princeps
3106 2586 3467 2657 apostolorum

1868 2680 2139 2749 adjutores
2178 2680 2282 2734 sibi
2328 2682 2515 2735 ascivit
2545 2678 2739 2734 Linum
2781 2688 2833 2734 et
2868 2679 3097 2747 Cletum,
3135 2695 3239 2732 non
3291 2688 3466 2731 tamen

1866 2779 2125 2841 potestate
2167 2772 2428 2842 pontiﬁcii
2477 2771 2682 2843 ligandi
2719 2769 2798 2826 vel
2827 2770 3060 2825 solvendi
3101 2785 3340 2825 normam
3388 2768 3466 2824 eis

1870 2862 2119 2931 tradidit,
2147 2863 2237 2917 sed
2270 2865 2561 2918 successori
2583 2881 2680 2918 suo
2713 2861 2995 2932 Clementi,
3018 2862 3109 2933 qui
3135 2861 3309 2917 sedem
3338 2877 3468 2932 apo-

1866 2953 2116 3008 stolicam
2160 2964 2278 3025 post
2332 2972 2453 3010 eum
2508 2964 2560 3011 et
2606 2964 2923 3027 potestatem
2967 2952 3328 3026 pontiﬁcalem
3360 2962 3469 3007 tra-

1864 3044 2019 3098 dente
2067 3044 2172 3098 sibi
2204 3045 2355 3099 beato
2402 3044 2566 3100 Petro
2616 3055 2789 3102 tenere
2824 3047 3150 3117 promeruit;
3193 3044 3361 3099 Linus
3413 3052 3466 3100 et

1867 3134 2045 3190 Cletus
2069 3138 2449 3193 ministrabant
2471 3141 2760 3207 exteriora,
2786 3140 3028 3210 princeps
3039 3148 3228 3193 °autem
3254 3148 3465 3209 aposto‘

1865 3227 2038 3282 lorum
2072 3229 2267 3285 Petrus
2311 3230 2464 3285 verbo
2515 3240 2567 3286 et
2601 3232 2834 3286 orationi
2879 3230 3177 3286 insistebat.
3225 3229 3293 3286 Et
3343 3237 3468 3301 post

1869 3335 2045 3392 pauca
2083 3340 2096 3376 :
2131 3321 2329 3376 Linum
2380 3332 2431 3377 et
2471 3321 2680 3379 Cletum
2736 3322 2902 3377 nichil
2948 3339 3197 3395 umquam
3245 3321 3465 3393 legimus

1869 3412 2036 3482 egisse
2056 3429 2121 3467 ex
2144 3413 2446 3484 pontiﬁcali
2472 3415 2772 3469 ministerio
2807 3414 3140 3484 potestative,
3170 3412 3262 3468 sed
3290 3429 3464 3484 quan-

1871 3511 1983 3557 tum
2010 3505 2086 3558 eis
2116 3524 2147 3559 a
2175 3505 2327 3560 beato
2349 3505 2512 3561 Petro
2539 3507 2966 3579 prwcipiebatur,
2991 3515 3198 3560 tantum
3219 3506 3462 3576 agebant.

1941 3594 2112 3652 Linus
2140 3597 2325 3669 igitur,
2357 3599 2579 3655 natione
2620 3599 2787 3655 Italus
2826 3598 3069 3671 regionis
3102 3597 3339 3665 Tusciae,
3371 3614 3467 3668 pa-

1868 3696 1949 3743 tre
1979 3686 2272 3757 Erculano,
2315 3691 2600 3748 ordinatus
2645 3707 2676 3746 a
2718 3690 2901 3758 Petro,
2938 3690 3076 3751 sedit
3107 3688 3317 3757 Romae,
3345 3689 3469 3759 ipso

1868 3777 2030 3837 Petro
2052 3782 2285 3848 vivente,
2320 3797 2373 3839 a.
2409 3784 2495 3852 ll,
2529 3802 2601 3840 m.
2630 3786 2683 3853 ὅ,
2710 3785 2765 3844 d.
2798 3785 2882 3839 l2.
2916 3784 3102 3841 Cletus
3147 3784 3334 3852 etiam,
3367 3799 3467 3838 na-

1870 3872 2015 3929 tione
2040 3873 2325 3932 Romanus
2355 3877 2422 3931 de
2445 3876 2664 3949 regione
2707 3875 2840 3932 Vico
2872 3875 3115 3943 Patricii,
3145 3885 3297 3946 patre
3316 3873 3467 3929 Emi-

1866 3963 2034 4031 liano,
2079 3967 2366 4024 ordinatus
2408 3968 2478 4024 ab
2518 3969 2639 4040 ipso
2680 3968 2863 4034 Petro,
2909 3967 3030 4040 ipso
3077 3968 3292 4023 vivente
3326 3967 3467 4023 sedit

1866 4071 1917 4111 a.
1944 4058 2031 4125 12,
2070 4075 2145 4114 m.
2187 4061 2239 4127 l,
2269 4061 2324 4116 d.
2357 4061 2442 4116 ll.
2491 4059 2634 4116 Inter
2663 4060 2876 4115 Cletum
2897 4075 3028 4132 ergo
3057 4058 3466 4116 etClementcm

1865 4160 2235 4219 conputantur
2255 4153 2373 4209 dies
2401 4154 2473 4207 20
2505 4152 2687 4227 (Gesta
2712 4153 2956 4224 pontif.).

1937 4237 2190 4310 Suscepit
2236 4242 2424 4312 igitur,
2458 4253 2518 4298 ut
2564 4244 2770 4299 dictum
2811 4253 2917 4310 est,
2972 4242 3309 4300 sacerdotale
3347 4240 3465 4298 olli-

1865 4329 2010 4385 cium
2039 4330 2292 4388 Clemens
2312 4334 2506 4389 tertius
2553 4348 2584 4388 a
2633 4333 2817 4402 Petro,
2857 4350 2925 4390 eo
2972 4336 3211 4402 vivente,
3243 4335 3467 4390 natione

1865 4420 2168 4489 Romanus,
2210 4423 2278 4479 de
2322 4425 2546 4496 regione
2597 4424 2748 4481 Celio
2798 4434 3003 4493 monte,
3032 4434 3188 4495 patre
3236 4424 3461 4480 Fausto.

1867 4512 2018 4570 Sedit
2051 4516 2213 4572 annis
2248 4517 2345 4585 .ll,
2390 4518 2673 4573 mensibus
2728 4518 2785 4587 2,
2825 4519 3018 4575 diebus
3054 4519 3090 4573 2
3133 4518 3173 4549 ¹¹
3214 4547 3285 4557 -
3319 4534 3465 4574 armo

166 4606 522 4668 augmentum
560 4599 781 4669 Paulus,
800 4611 937 4681 post
983 4606 1155 4660 multa
1201 4605 1438 4674 viarum,
1475 4606 1680 4661 laboris
1707 4616 1762 4662 et
1791 4614 1836 4669 D
1861 4604 2019 4660 Dom.
2073 4607 2181 4663 inc.
2235 4608 2322 4676 70,
2356 4608 2569 4680 imperii
2600 4624 2821 4681 quoque
2854 4610 3088 4667 Neronis
3132 4612 3219 4679 ll,
3254 4609 3462 4681 Vespa-

167 4687 363 4745 inedia:
390 4691 656 4759 pericula,
687 4678 905 4750 vinctus
939 4695 1168 4751 Romam
1198 4696 1431 4755 mittitur
1475 4712 1621 4752 anno
1654 4697 1763 4754 Ne-

166 4779 317 4836 ronis
351 4783 572 4838 caesaris
593 4785 858 4851 secundo,
883 4785 971 4841 ab.
1004 4787 1111 4841 inc.
1143 4785 1302 4844 Dom.
1327 4788 1417 4857 Gl,
1443 4806 1477 4845 a
1499 4790 1761 4859 passione

162 4867 252 4936 28,
282 4871 584 4928 indictione
614 4872 670 4939 ιι,
696 4871 921 4931 Silvano
946 4884 1001 4931 et
1026 4875 1255 4932 Paulino
1278 4879 1620 4945 consulibus,
1647 4897 1759 4936 non

166 4962 310 5031 quod
339 4960 515 5018 Judzei
547 4971 603 5018 et
628 4965 857 5035 gentiles
881 4967 954 5023 ita
991 4968 1286 5037 voluerint,
1318 4971 1414 5026 sed
1443 4971 1572 5041 quia
1599 4971 1759 5026 Chri-

164 5060 300 5120 stus,
341 5061 404 5108 ut
422 5055 560 5110 alter
581 5064 730 5111 esset
758 5057 917 5112 alteri
939 5059 1155 5127 solatio,
1181 5061 1256 5116 ita
1284 5063 1674 5132 praeordinavit
1702 5071 1758 5119 et

162 5145 356 5199 voluit.
383 5144 480 5201 llis
510 5147 738 5203 tonitrui
761 5149 888 5206 ﬁliis
919 5151 1048 5222 quis
1087 5163 1435 5225 repugnaret,
1460 5155 1586 5225 quis
1605 5155 1757 5219 obsi-

161 5244 327 5294 steret
344 5237 371 5292 ?
391 5236 595 5310 Symon
617 5250 735 5297 erat
770 5242 860 5297 ille
889 5259 1102 5316 magus,
1127 5244 1222 5316 qui
1248 5246 1400 5303 solus
1425 5246 1640 5301 veritati
1672 5262 1752 5302 re-

162 5339 409 5398 pugnare
432 5329 728 5398 videretur,
759 5333 849 5388 cui
872 5334 920 5388 si
964 5344 1090 5405 post
1127 5337 1465 5407 triumphum
1495 5337 1758 5408 apostoli-

158 5430 287 5473 cum
311 5428 370 5475 et
395 5435 512 5477 sua:
535 5421 860 5495 dejectionis
889 5434 945 5482 ct
968 5426 1226 5483 inauditae
1257 5428 1527 5499 superbia:
1554 5420 1757 5499 obpro-

1866 4696 2024 4752 siano
2052 4698 2347 4771 quinquies
2371 4710 2424 4755 et
2452 4700 2575 4761 Tito
2599 4711 2796 4773 quater
2826 4703 3166 4759 consulibus.
3197 4701 3318 4758 Non
3362 4702 3467 4758 fuit

1862 4805 1929 4845 ex
1952 4799 2086 4847 tunc
2114 4802 2167 4847 et
2189 4809 2335 4849 nunc
2358 4793 2413 4848 in
2436 4795 2588 4849 omni
2618 4794 2993 4850 Romanorum
3023 4795 3342 4866 pontiﬁcum
3371 4810 3464 4860 ca,-

1862 4882 2104 4954 thalogo,
2142 4883 2236 4954 qui
2271 4884 2326 4939 in
2354 4886 2464 4940 vita
2496 4902 2598 4941 sua
2654 4885 2843 4957 viginti
2870 4886 3114 4957 quinque
3148 4886 3309 4943 annis
3333 4884 3463 4953 lum

1857 4981 1978 5028 ctus
2006 4975 2311 5031 sacerdotio
2336 4976 2456 5047 ipso
2482 4992 2754 5032 annorum
2784 4993 3018 5033 numero
3046 4978 3465 5049 equipararetug

1860 5063 2103 5135 pontiﬁci
2134 5067 2329 5136 primo.
2362 5066 2464 5123 llic
2490 5069 2656 5141 igitur
2694 5069 2887 5125 beatus
2923 5068 3167 5140 pontifex
3195 5068 3341 5134 Petri
3378 5070 3463 5139 in:

1858 5156 2084 5213 stitutus
2117 5159 2403 5230 regimine,
2436 5161 2525 5216 cui
2567 5176 2784 5231 semper
2812 5161 3103 5221 adheserat
3135 5170 3190 5224 et
3228 5162 3350 5232 ejus
3378 5161 3463 5217 in-

1860 5247 2117 5305 dividuus
2141 5266 2329 5307 comes
2357 5251 2557 5320 fuerat,
2589 5263 2881 5325 postquam
2908 5251 3177 5329 Symonis~
3194 5253 3341 5325 magi
3367 5254 3464 5309 de-

1860 5338 2149 5396 liramenta
2191 5353 2523 5414 cognoverat
2567 5353 2623 5401 et
2672 5354 2976 5417 spreverat,
3012 5346 3160 5417 quod
3203 5344 3464 5417 magister

1869 5446 2005 5487 suus
2034 5432 2331 5505 inceperat,
2364 5436 2645 5496 destinare
2671 5438 2882 5497 scilicet
2905 5439 3027 5496 orbi
3055 5437 3287 5497 occiduo
3317 5453 3459 5510 pra:-

1411 5539 1646 5595 VAlll/E
1678 5539 2080 5600 LECTIONES.

239 5624 263 5657 ’
288 5634 520 5697 septem.
546 5643 687 5685 corr.
716 5638 972 5701 septenos
995 5647 1041 5687 ε.
1126 5633 1170 5666 ι’
1196 5633 1459 5690 doctrinm
1491 5633 1709 5688 excidit.
1755 5633 1794 5664 “
1819 5649 1871 5688 a.
1904 5634 1958 5702 9,
1984 5650 2058 5692 m.
2091 5638 2229 5705 2,’d.
2264 5642 2329 5698 10
2354 5644 2412 5699 in
2433 5643 2496 5701 G.
2525 5655 2674 5718 pont.

238 5805 358 5880 (31)
391 5808 474 5866 Cf.
507 5809 691 5868 Vitam
715 5811 814 5870 SS.
849 5812 1109 5871 Eucharii
1134 5813 1336 5874 Valerii
1358 5816 1614 5888 Materni;
1638 5727 2062 5881 Aelf'gggidan.
2094 5821 2159 5894 ll,
2190 5822 2315 5881 9l8.
