3932 6298
468 380 541 437 27
1492 372 1794 431 nucoms
1829 370 2124 428 ABBATIS
2158 371 2726 434 FLAVINIACENSIS
3671 344 3743 435 ἐς

472 496 745 551 dicatores
768 490 1016 548 veritatis
1038 490 1285 556 idoneos,
1312 486 1570 559 quatinus
1593 489 1688 543 lux
1712 487 2053 560 praedicatio-
2084 486 2131 542 A
2157 503 2271 542 rem
2296 489 2548 547 instituit.
2576 491 2714 564 (F01.
2733 489 2863 563 12’.)
2880 489 2998 547 Non
3022 492 3170 564 quod
3193 491 3309 565 jam
3334 502 3467 551 tunc
3499 493 3744 552 Melden-

473 587 562 643 nis
610 586 864 659 gentibus
913 583 1238 655 splenderet,
1290 589 1349 636 ut
1388 580 1689 651 perﬁceret,
1728 578 2059 635 omnimodis

473 673 920 748 procurabat(cf.
973 693 1053 746 ep.
1100 670 1425 740 Hincmari).
1460 671 1599 743 (Fol.
1648 671 1761 741 12.)
1806 670 1944 726 Hinc
1977 678 2062 726 est

473 770 620 841 quod
644 778 894 825 sanctum
942 765 1240 821 Dionisium
1289 764 1583 820 destinavit
1620 763 1917 819 Galliarum
1966 780 2063 834 po-

472 862 641 934 pulis,
695 862 791 934 qui
843 859 1184 932 praedicando
1236 866 1291 914 et
1342 857 1717 929 prwdimtioni
1783 855 2063 912 miraculis

474 953 637 1009 ﬁdem
657 954 835 1009 dando
856 951 1119 1018 Parisius,
1132 949 1367 1006 Domino
1387 951 1637 1018 ducente,
1654 950 1898 1021 pervenit
1925 949 2061 1020 (52),

477 1047 661 1102 socios
687 1047 735 1100 ei
758 1060 921 1116 quam
952 1045 1139 1115 plures
1163 1043 1435 1111 adhibuit,
1464 1043 1612 1099 viros
1636 1042 1692 1096 in
1724 1042 1841 1114 lege
1880 1041 2064 1097 divina

458 1138 821 1205 exercitatos,
847 1152 1045 1208 genere
1090 1136 1325 1203 nobiles,
1361 1150 1617 1191 sermone
1649 1134 1935 1203 facundos,
1960 1134 2066 1191 ﬁde

473 1230 801 1300 praecipuos,
832 1237 887 1284 et
915 1228 1090 1301 gratia
1117 1227 1213 1283 Dei
1238 1228 1448 1298 plenos.
1486 1226 1565 1282 Ex
1593 1228 1680 1283 his
1709 1226 1812 1283 fuit
1843 1236 2066 1284 sanctus

475 1317 773 1377 Sanctinus
808 1319 950 1392 (Vit.
980 1318 1269 1393 Sanctini),
1297 1319 1652 1376 Meldensium
1678 1330 1729 1375 et
1758 1319 2067 1375 Virdunen-

476 1411 619 1467 sium
648 1420 840 1483 pastor
879 1412 1114 1483 primus,
1167 1413 1262 1485 qui
1312 1412 1543 1485 egregiae
1580 1412 1879 1468 nobilitatis
1913 1420 2067 1468 ortus

474 1504 774 1570 natalibus,
829 1517 955 1559 cum
1006 1502 1231 1574 prmfato
1283 1503 1581 1559 Galliarum
1637 1503 1884 1573 apostolo
1930 1501 2068 1558 ﬁnes

477 1595 633 1665 petiit
663 1593 869 1661 Galliae,
916 1593 1135 1650 futurus
1176 1595 1400 1651 lucerna
1451 1594 1665 1667 fungens
1717 1594 1772 1649 in
1815 1593 2067 1661 ecclesia,

480 1702 605 1757 quae
640 1702 752 1742 non
781 1687 1149 1744 occultaretur
1194 1688 1398 1757 modio,
1441 1689 1537 1745 sed
1574 1690 1779 1744 luceret
1813 1686 2069 1743 omnibus

479 1778 905 1850 superimposita
956 1780 1303 1835 candelabro.
1368 1780 1611 1836 Tradidit
1655 1781 1802 1836 enim
1851 1788 2069 1850 patrum

482 1871 750 1926 memoria
797 1887 922 1927 eum
961 1888 1131 1927 unum
1169 1871 1339 1928 fuisse
1365 1872 1432 1928 de
1475 1872 1543 1926 72
1587 1871 1890 1941 discipulis,
1923 1879 1977 1927 et
2017 1871 2073 1926 in

481 1977 640 2017 cmna
664 1963 1001 2033 deputatum,
1027 1974 1086 2019 ut
1130 1981 1327 2035 aquam
1357 1964 1601 2020 lavandis
1625 1963 1855 2035 pedibus
1875 1972 1928 2018 et
1957 1978 2075 2017 ma-

484 2054 646 2111 nibus
679 2056 1073 2128 discipulorum
1096 2057 1345 2129 preberet
1374 2067 1427 2113 et
1454 2057 1682 2113 linteum
1715 2064 1934 2127 pararet
1956 2054 2076 2111 Sal-

481 2148 680 2203 vatori.

559 2240 793 2299 Sanctus
837 2244 1019 2315 itaque
1063 2243 1355 2318 Dyonisius
1397 2253 1458 2299 ut
1498 2243 1648 2299 venit
1685 2242 1951 2312 Parisius,
1979 2259 2077 2315 per

489 2332 738 2392 diversas
764 2345 948 2407 partes
979 2352 1109 2393 suos
1139 2337 1339 2393 direxit
1363 2336 1544 2393 socios
1573 2336 1640 2391 ad
1674 2336 1832 2392 dolos
1874 2334 2077 2391 diaboli

488 2425 850 2485 destruendus
893 2439 948 2485 et
986 2430 1216 2501 populos
1268 2429 1503 2484 Domino
1550 2428 1918 2499 adquirendos
1971 2428 2073 2499 (ep.

492 2516 758 2591 Hincm.).
796 2519 1092 2578 Sanctinus
1121 2522 1287 2594 igitur
1313 2522 1440 2592 quia
1464 2520 1815 2592 praeminebat
1841 2519 2078 2591 pruden—

486 2611 562 2667 tia
593 2620 645 2668 et
670 2614 949 2684 pudicitia,
973 2631 1004 2670 a
1034 2614 1353 2671 beatissimo
1375 2612 1634 2686 Dyonisio
1663 2612 1903 2680 telectus,
1927 2627 2079 2667 sum-

486 2720 641 2759 mum
666 2707 873 2777 accepit
903 2707 1289 2775 sacerdotium,
1310 2716 1364 2762 et
1390 2714 1749 2762 consecratus
1770 2705 1829 2759 in
1864 2704 2078 2775 episco—

484 2813 637 2869 pum,
682 2800 942 2856 divinitus
976 2799 1330 2856 constituitur
1376 2799 1434 2855 in
1473 2799 1652 2855 lucem
1686 2795 1904 2869 populis
1947 2811 2080 2869 gen-

487 2891 625 2946 tium
658 2889 795 2964 (Vit.
832 2890 1121 2964 Sanctini).

561 2981 665 3038 Cui
694 2984 858 3040 etiam
910 2985 979 3039 ad
1016 2984 1271 3040 solatium
1301 2982 1509 3039 laboris
1549 2990 1603 3038 et
1630 2980 1791 3037 ofﬁcii
1821 2979 2081 3052 praefatus

492 3073 787 3147 Dyonisius
817 3075 1152 3131 Antoninum
1201 3075 1348 3131 dedit
1378 3074 1556 3129 virum
1605 3084 1857 3130 sanctum
1887 3085 1941 3132 et
1977 3076 2080 3132 bo-

2162 596 2250 635 ses
2278 580 2421 636 viam
2444 584 2689 640 veritatis
2717 594 3093 656 agnoscerent,
3121 586 3216 657 qui
3251 586 3442 643 omnes
3484 589 3747 645 teneban-

2161 681 2252 727 tur
2279 675 2486 731 astricti
2519 676 2729 748 laqueis
2760 677 3044 745 idolatriae,
3069 678 3166 735 sed
3188 687 3249 733 ut
3269 696 3365 751 per
3388 680 3606 736 ﬁdelem
3636 698 3750 738 ser-

2164 781 2290 820 vum
2316 783 2476 823 suum
2501 769 2817 842 dignaretur
2864 771 2973 827 illis
3006 770 3273 828 Dominus
3318 774 3533 843 aperire
3562 784 3750 844 portas

2159 856 2405 929 justitiae,
2430 877 2570 932 quas
2612 862 2845 935 ingressi
2887 863 3159 919 credendo
3208 864 3383 934 ipsius
3409 865 3748 921 divinitatem

2163 960 2217 1005 et
2250 950 2667 1022 humanitatem,
2686 955 3074 1010 conﬁterentur
3094 955 3303 1009 nomini
3324 955 3462 1026 ejus,
3489 957 3753 1027 quoniam

2162 1041 2363 1112 bonus,
2393 1045 2653 1116 quoniam
2683 1046 2741 1101 in
2772 1046 3034 1104 saeculum
3058 1046 3434 1102 misericordia
3461 1047 3609 1117 ejus.

2236 1134 2437 1193 Beatus
2478 1137 2661 1209 itaque
2705 1137 2999 1195 Sanctinus
3047 1147 3273 1210 paratus
3325 1139 3394 1195 ad
3434 1140 3627 1195 omnia
3656 1154 3754 1211 pro

2169 1226 2468 1285 Salvatoris
2489 1230 2711 1287 nomine
2734 1231 3076 1299 sustinenda,
3098 1247 3200 1287 nec
3220 1230 3588 1288 reformidans
3621 1247 3751 1305 gen-

2165 1319 2344 1376 tilium
2380 1319 2677 1378 furentium
2710 1324 2888 1380 minas
2935 1332 2989 1379 et
3008 1324 3253 1390 verbera,
3289 1323 3524 1379 eandem
3560 1324 3752 1379 urbem

2167 1428 2477 1487 aggressus,
2503 1414 2631 1487 quia
2656 1415 2713 1470 in
2758 1415 2992 1472 Domino
3020 1426 3137 1473 erat
3172 1415 3371 1472 ﬁducia
3410 1417 3554 1488 ejus,
3582 1416 3753 1473 insta-

2166 1505 2261 1562 bat
2312 1507 2814 1580 praedicationibus,
2870 1509 3084 1581 rigabat
3136 1519 3347 1566 mentes
3415 1510 3754 1566 audientium

2170 1599 2329 1670 aquis
2357 1600 2424 1657 de
2449 1609 2640 1657 ventre
2671 1601 2714 1632 “
2750 1600 2910 1657 Jesus
2940 1601 3309 1669 manantibus,
3332 1609 3387 1658 et
3425 1603 3508 1658 sic
3545 1603 3755 1659 instans

2170 1698 2459 1759 oportune,
2487 1690 2799 1761 inportune,
2844 1691 3074 1747 docebat
3102 1707 3196 1747 eos
3231 1689 3421 1747 Jovem
3452 1692 3754 1763 despicere,

2175 1778 2496 1849 Saturnum,
2524 1781 2856 1838 Mercurium
2880 1790 2934 1837 et
2952 1780 3263 1853 Neptunum
3284 1791 3337 1837 et
3358 1782 3547 1837 omnia
3566 1781 3757 1838 demo—

2177 1887 2309 1927 num
2332 1887 2441 1927 non
2463 1873 2689 1928 deorum
2712 1882 2964 1944 portenta
2994 1872 3248 1943 abjicere,
3277 1881 3490 1929 statuas
3518 1872 3760 1928 confrin-

2177 1982 2322 2041 gere,
2359 1974 2413 2022 et
2441 1966 2570 2038 quia
2604 1966 2661 2021 in
2688 1967 2769 2022 eis
2798 1982 2908 2021 non
2932 1966 3112 2037 aliqua
3139 1966 3417 2033 divinitas,
3450 1966 3547 2020 sed
3582 1966 3761 2021 omnis

2175 2058 2379 2115 inesset
2418 2058 2630 2116 falsitas
2678 2068 2733 2115 et
2781 2058 3078 2114 ludiﬁcatio
3127 2056 3468 2125 demoniaca,
3504 2057 3763 2113 doctrina!

2174 2150 2439 2207 evidentis
2460 2151 2663 2206 indicio
2700 2151 3030 2207 declarabat.
3070 2148 3181 2204 Nec
3206 2158 3455 2220 poterant
3481 2159 3671 2222 gentes
3699 2149 3763 2203 ad

2174 2242 2277 2300 hec
2306 2243 2604 2314 quidquam
2633 2243 3027 2312 contradicere,
3054 2258 3178 2299 eum
3218 2242 3442 2297 novitati
3472 2242 3762 2297 verborum

2176 2345 2525 2393 attestaretur
2559 2336 2877 2408 magnitudo
2925 2336 3228 2408 signorum,
3276 2344 3330 2391 et
3375 2351 3520 2390 nova
3564 2334 3764 2393 faceret

2177 2429 2271 2500 qui
2307 2444 2450 2484 nova
2498 2429 2837 2499 praedicaret.
2884 2426 3040 2484 Unde
3083 2426 3289 2483 factum
3341 2435 3426 2483 est
3471 2437 3536 2482 ut
3576 2436 3634 2483 et
3665 2427 3764 2499 ipsi

2179 2522 2518 2593 susciperent
2547 2522 2775 2577 verbum
2804 2520 3045 2589 Domini,
3078 2530 3132 2577 et
3157 2529 3436 2591 pastorem
3464 2519 3767 2576 doctorem-

2178 2630 2287 2685 que
2308 2631 2470 2670 suum
2493 2615 2713 2671 beatum
2736 2614 2938 2681 virum,
2960 2629 3125 2685 quem
3156 2613 3451 2684 aliquando
3475 2613 3768 2684 exprobra—

2177 2706 2347 2774 tione,
2377 2707 2636 2763 irrisione
2681 2716 2736 2763 et
2780 2706 3083 2779 abjectione
3122 2705 3348 2777 dignum
3385 2705 3769 2776 judicaverant

2181 2798 2323 2872 (Vit.
2354 2797 2646 2872 Sanctini),
2664 2815 2811 2856 nunc
2839 2806 3231 2855 venerarentur
3252 2806 3306 2853 et
3324 2798 3659 2865 excolerent,
3686 2797 3769 2868 ip-

2180 2891 2297 2948 sius
2321 2891 2576 2947 manibus
2611 2892 2907 2964 gauderent
2935 2890 3208 2961 baptismo
3245 2888 3396 2945 ablui
3427 2899 3481 2945 et
3513 2890 3772 2946 crismate

2182 2992 2372 3039 saneto
2435 2982 2645 3055 inungi.
2712 2981 3114 3039 Humiliabatur
3164 2980 3403 3038 Gallicus
3467 2982 3772 3038 cothurnus

2183 3077 2491 3133 substratus
2520 3076 2697 3133 sancti
2731 3077 2833 3133 viri
2863 3077 3113 3148 pedibus,
3139 3084 3193 3132 et
3220 3074 3503 3131 Gallorum
3535 3074 3773 3130 cervico-

490 3185 645 3236 num,
673 3168 729 3222 in
759 3183 869 3238 quo
895 3167 1190 3223 declaravit
1222 3166 1367 3224 Deus
1392 3166 1583 3238 ingens
1621 3167 1762 3223 beati
1791 3168 1894 3223 viri
1938 3167 2079 3223 San-
2108 3186 2154 3249 ς
2184 3173 2318 3229 sitas
2343 3172 2541 3229 divina:
2564 3172 2771 3228 dudum
2826 3171 3074 3227 veritatis
3105 3170 3296 3242 ignara
3335 3169 3404 3225 ad
3437 3169 3774 3239 baptismum

488 3261 624 3318 οιἰηὶ
671 3262 926 3318 meritum
952 3277 1051 3333 per
1093 3260 1321 3333 egregia:
1362 3268 1416 3315 et
1463 3259 1697 3315 insolitae
1744 3260 2077 3332 operationis

492 3356 842 3423 miraculum,
870 3364 930 3412 ut
958 3355 1162 3426 patebit
1205 3355 1259 3409 in
1291 3363 1593 3425 posterum.
1622 3353 1688 3410 Et
1730 3354 1858 3425 quia
1892 3355 2080 3411 decre-

491 3453 645 3501 verat
692 3444 837 3502 Deus
880 3445 1174 3500 miriﬁcare
1218 3453 1468 3500 sanctum
1523 3460 1707 3511 suum,
1756 3445 2008 3516 dirigitur
2047 3461 2080 3501 a

491 3535 651 3591 beato
680 3536 940 3609 Dyonisio
973 3536 1274 3593 Carnotum
1309 3553 1435 3592 cum
1458 3540 1685 3607 praztato
1708 3537 1859 3592 socio
1884 3553 1986 3593 suo
2012 3538 2081 3594 ad

491 3628 911 3685 illuminandum
938 3630 1222 3705 populum,
1255 3629 1351 3700 qui
1398 3629 1621 3685 sedebat
1673 3629 1727 3683 in
1756 3630 1996 3687 tenebris
2029 3640 2083 3687 et

494 3721 688 3776 umbra
720 3722 933 3790 mortis,
965 3723 1094 3793 quia
1120 3723 1170 3778 ei
1212 3722 1296 3778 sol
1318 3721 1547 3793 justitize
1589 3738 1697 3777 non
1724 3723 1956 3791 luxerat,
1987 3739 2083 3780 ne-

493 3831 601 3887 que
624 3818 970 3888 splenduerat
990 3821 1040 3876 ei
1068 3821 1161 3876 lux
1185 3821 1448 3877 veritatis.
1474 3820 1595 3889 Quo
1616 3822 1810 3877 beatus
1836 3820 1928 3876 hic
1955 3835 2083 3891 perv

493 3910 740 3977 veniens,
771 3911 986 3992 dolebat
1004 3914 1263 3984 populum
1300 3914 1563 3970 idolatria
1583 3929 1705 3970 esse
1737 3914 2003 3982 deditum,
2031 3922 2086 3971 et

494 4014 740 4058 armatus
770 4002 872 4059 ﬁde
900 4013 1105 4061 sanctae
1133 4004 1436 4073 Trinitatis,
1473 4014 1865 4076 contempnens
1895 4020 2087 4076 super-

493 4106 726 4149 vacuam
762 4104 965 4151 sectam
1007 4096 1314 4167 principum
1362 4106 1523 4153 terrae
1566 4104 1622 4152 et
1664 4097 1843 4153 minas
1870 4112 2082 4164 eorum,

496 4185 823 4255 praedicabat
855 4185 1041 4243 Jesum
1071 4188 1247 4244 turbis
1272 4188 1698 4245 incredulorum.
1736 4187 2088 4243 Fundebatur

498 4278 811 4348 prredicatio
839 4279 1028 4350 juncta
1054 4281 1368 4350 virtutibus,
1402 4290 1457 4338 et
1490 4281 1869 4352 praelustratus
1913 4280 2087 4352 gratia

2179 3274 2234 3321 et
2276 3263 2679 3321 confessionem
2722 3262 2963 3319 nominis
3004 3261 3208 3318 Christi
3252 3262 3540 3318 humiliata
3582 3262 3775 3318 devote

2180 3356 2521 3412 convolabat.
2550 3355 2951 3427 Dejiciebantur
2979 3370 3089 3409 arae
3111 3353 3444 3422 daemonum,
3466 3364 3521 3409 et
3562 3369 3595 3408 a
3632 3368 3775 3409 novo

2183 3444 2496 3516 adeptionis
2536 3444 2739 3517 papulo
2782 3444 3030 3501 accelesia
3075 3442 3395 3512 aediﬁcatur,
3440 3451 3496 3499 ct
3536 3459 3569 3498 a
3614 3443 3776 3499 beato

2184 3536 2442 3594 Sanctino
2467 3537 2521 3592 in
2544 3538 2753 3593 honore
2779 3536 2876 3592 Dei
2899 3545 3275 3593 consecratur.

2251 3630 2605 3687 Domieianus
2631 3639 2761 3687 tunc
2786 3629 3016 3685 Romani
3034 3628 3250 3698 imperii
3270 3626 3489 3683 tenebat
3515 3624 3776 3697 insignia,

2183 3726 2414 3781 luxuria:
2438 3725 2678 3792 deditus,
2702 3723 2929 3779 avaritia
2951 3722 3170 3790 anxius,
3190 3736 3357 3792 opere
3383 3720 3649 3787 crudelis,
3682 3720 3779 3790 qui

2184 3819 2526 3888 majestatem
2556 3816 2891 3887 imperialem
2926 3814 3095 3869 nimia
3123 3812 3445 3870 crudelitate
3484 3811 3778 3882 polluerat.

2185 3911 2291 3978 Qui
2311 3910 2460 3966 velut
2486 3910 2571 3965 leo
2596 3909 2846 3980 inpastus
2867 3916 3182 3964 sanctorum
3207 3903 3531 3976 sanguinem
3560 3903 3780 3972 sitiens,

2186 4000 2485 4057 secundam
2519 4006 2644 4070 post
2684 3996 2955 4053 Neronem
2995 3995 3053 4051 in
3090 3993 3437 4050 Christianos
3472 4008 3784 4064 persequu-

2186 4094 2391 4148 tionem
2438 4092 2693 4147 excitavit
2743 4089 2859 4163 (fol.
2886 4072 2998 4160 15),
3028 4097 3082 4144 et
3128 4104 3227 4159 per
3252 4087 3321 4143 15
3348 4101 3548 4153 annos,
3576 4086 3784 4157 quibus

2187 4185 2497 4241 Romanum
2520 4184 2811 4255 imperium
2833 4182 3073 4238 indebite
3100 4180 3295 4247 tenuit,
3318 4179 3396 4234 ita
3430 4195 3550 4234 rem
3599 4178 3786 4248 publi-

2187 4294 2311 4334 cam
2344 4277 2571 4344 attrivit,
2611 4284 2672 4331 ut
2701 4275 2884 4331 nullus
2933 4274 3028 4329 illo
3065 4272 3339 4343 crudelior
3371 4271 3431 4326 in
3468 4270 3623 4326 omni
3669 4269 3787 4325 Ro-

496 4369 679 4426 divina
709 4369 918 4429 feroces
939 4373 1222 4446 gentilium
1252 4382 1463 4431 mentes
1502 4373 1731 4431 salutari
1768 4372 2090 4428 miteswbat
2189 4385 2481 4425 manorum
2509 4370 2902 4440 imperatorum
2923 4366 3231 4422 inveniatur
3253 4380 3508 4421 numero.
3529 4362 3788 4419 Meum»

494 4463 765 4519 doctrina.
799 4464 1136 4538 Factumque
1168 4476 1273 4534 est,
1320 4474 1649 4536 cooperante
1676 4464 1727 4519 ei
1754 4464 1941 4518 divina
1975 4462 2087 4517 cle-
2114 4526 2160 4538 __
2189 4460 2527 4532 probandam
2546 4474 2676 4532 erga
2696 4460 2927 4516 deorum
2948 4459 3221 4515 culturam
3247 4471 3406 4513 suam
3456 4455 3787 4526 sacrilegam

495 4556 723 4624 mentia,
748 4566 808 4613 ut
833 4558 1197 4617 Carnotenses
1218 4560 1365 4614 viam
1393 4557 1609 4612 Domini
1631 4564 2008 4629 agnoscerent,
2031 4563 2084 4611 et
2114 4526 2165 4587 θ
2188 4552 2530 4609 devotionem
2553 4552 2606 4608 5.
2636 4566 2781 4606 anno
2797 4550 2951 4622 regni
2977 4550 3064 4605 sui
3079 4549 3343 4619 templum
3368 4547 3487 4604 sine
3504 4547 3787 4617 lignorum

495 4650 622 4705 lene
640 4649 837 4724 jugum
879 4650 1097 4707 Domini
1143 4651 1406 4722 subjectis
1448 4651 1791 4705 voluntatum
1837 4647 2084 4704 humeris
2191 4646 2549 4702 ammixtione
2581 4643 2919 4709 construxit,
2949 4641 3098 4714 quod
3127 4640 3413 4696 Pantheon
3464 4638 3785 4708 appellavit.

496 4741 644 4799 ferre
687 4758 800 4799 non
832 4744 1215 4801 detrectarent.
1260 4743 1416 4812 Quod
1449 4744 1643 4800 beatus
1696 4740 1990 4814 Dyonisius
2025 4757 2089 4798 a-
2191 4737 2368 4793 Tanta
2389 4737 2566 4793 elatus
2586 4745 2672 4792 est
2698 4734 2976 4806 superbia,
3000 4742 3063 4789 ut
3101 4733 3267 4789 deum
3316 4747 3376 4787 se
3405 4738 3459 4786 et
3492 4730 3788 4785 dominum

502 4836 929 4906 nimadvertens,
958 4848 1013 4895 et
1037 4840 1268 4910 gratiam
1296 4837 1516 4894 virtutis
1531 4836 1729 4893 divina:
1745 4834 2086 4901 collaudans,
2188 4831 2450 4903 appellari
2481 4829 2727 4901 jusserit.
2754 4827 2854 4884 llic
2907 4826 3138 4883 audiens
3161 4826 3263 4897 (ep.
3302 4822 3546 4893 Hiucm.)
3574 4820 3786 4876 famam

502 4928 795 5001 ipsumque
821 4932 1120 5002 plurimum
1172 4931 1230 4988 in
1267 4945 1432 5002 opere
1471 4927 1878 5002 praedicationis
1906 4926 2090 4982 valere
2188 4923 2337 4980 beati
2379 4921 2626 4994 Dyonisii
2672 4921 2732 4975 in
2784 4916 3323 4975 destruendis'idolis
3363 4923 3419 4971 et
3447 4914 3667 4984 populis
3715 4912 3789 4967 ad

500 5022 862 5093 perpendens,
891 5023 1248 5083 Meldensium
1278 5020 1490 5081 civibus
1515 5030 1793 5093 pastorem
1821 5026 1876 5075 et
1903 5018 2089 5074 docto-
2187 5014 2470 5071 Christum
2525 5011 2926 5081 convertendis,
2970 5012 3208 5083 lyctorcs
3258 5006 3316 5064 in
3362 5006 3568 5062 Gallias
3608 5004 3789 5074 misit,

1820 5131 2053 5189 VARUS
2081 5129 2485 5188 LECTIONES.

571 5234 618 5267 "
652 5233 734 5288 ita
756 5249 805 5303 ο,
832 5241 1015 5290 mente
1037 5231 1233 5288 Labbe.
2015 5315 2225 5373 NOTAE

572 5409 688 5483 (‘52)
723 5408 1067 5483 Narrationis
1088 5424 1342 5483 magnam
1373 5416 1585 5483 partem
1609 5406 1713 5463 sibi
1738 5407 2083 5483 delibavitex
2186 5409 2388 5483 scriptu
2418 5396 3115 5483 {ueruntpeiledeletghde
3158 5394 3358 5483 ruiteft

497 5461 2085 5552 nih'ciéaﬁ'ésis'iéfs'ai“REESqu'ihiﬁéééiofgﬁjsISjs
2189 5461 2452 5552 Sua:ctini_
2481 5461 2698 5552 reperit.
2737 5467 3364 5552 Βεθνθντι-ἸἰὶῃςωιιιιιιεῐξΔ
3390 5461 3794 5552 tales-[iuges

497 5530 1461 5624 Eis}?Halifrﬁgjﬁegﬁ'éisiit
1480 5530 2085 5624 iniactis'SVS—ioﬁetgv,
2188 5530 2881 5624 advliaroluniﬂscrip‘sisse
2902 5538 3144 5624 'd'iserttis
3176 5530 3795 5624 verbisnprgbat:£lo:

496 5603 707 5695 593:1;
731 5603 1772 5695 gessissegessisse;vim
1794 5603 2089 5691 animus
2188 5603 2430 5695 doagdus
2454 5618 2511 5673 in
2536 5613 2684 5695 gis.
2705 5603 2866 5695 lieni.
2902 5608 2993 5692 ut,
3025 5607 3094 5695 t§
3111 5603 3797 5695 tuopnaudiendusig‘itur

498 5676 1358 5772 sinatis?iuéiiijpsé'jﬁéhié
1384 5676 1745 5772 descripserat
1782 5676 1829 5746 el
1858 5698 2081 5772 quater-
2192 5700 2276 5772 est
2299 5690 2509 5745 Calmet
2536 5685 2684 5772 Hist.‘
2702 5684 2777 5772 de
2790 5677 3110 5748 Lorrainel,
3140 5693 3195 5750 p.
3228 5676 3320 5745 52,
3342 5676 3441 5747 qui
3462 5688 3559 5731 eas
3576 5686 3796 5746 suppo-

498 5711 765 5762 aancum,
800 5711 967 5765 quam
994 5711 1009 5750 1
1050 5711 1109 5751 se
1160 5711 1353 5750 uvents
1384 5711 1745 5761 aescnpserat
1782 5711 1813 5746 θ
1858 5711 2081 5772 quater-
2192 5711 2276 5747 εει
2299 5711 2509 5745 υειιιιει
2537 5711 2675 5741 nim.
2702 5711 2801 5767 αξ]

496 5762 781 5844 niunculis
793 5782 941 5844 quos
970 5711 1389 5844 wanJelmarus
1414 5762 1584 5844 abbas
1613 5761 1671 5816 S.
1703 5761 1969 5844 Sanctrni.
2193 5762 2328 5819 sitas
2356 5774 2479 5817 esse
2505 5764 2708 5815 censet.
2736 5754 2801 5809 Β.

491 5835 557 5900 ill
584 5835 700 5893 loco
735 5833 838 5893 sibi
865 5838 1143 5893 commisso
1179 5835 1329 5891 valde
1364 5833 1619 5889 contritas
1666 5842 1715 5888 et
1755 5849 1873 5903 qua:
1918 5833 1974 5886 in
2016 5833 2084 5884 iis
