3932 6298
182 379 262 436 29
1473 371 1782 429 (ΣΗΒΟΝΙΟ

1883 414 1887 425 .
1919 403 1986 410 -
2013 369 2139 424 LlB.
2162 370 2200 424 ι.
3410 377 3482 434 50

186 496 288 568 qui
314 509 442 553 eum
483 493 766 550 inventum
785 499 843 550 et
867 490 1324 563 comprehensum
1353 500 1448 549 aut
1495 492 1656 548 idolis
1701 507 1792 548 sa-
1823 494 1870 551 A
1895 490 2313 547 Brittannicam.
2347 489 2521 547 Gallia
2577 506 2708 548 vero
2749 489 3152 564 Lugdunensis,
3191 499 3351 552 ducta
3379 509 3480 567 per

186 589 444 644 crilieare
489 595 767 658 cogerent,
791 592 888 640 aut
929 584 1160 641 diversis
1204 584 1485 656 suppliciis
1537 584 1791 641 allectum

185 680 525 736 occiderent.
558 679 710 746 Quos
733 679 826 734 ubi
845 679 1038 734 beatus
1064 676 1360 749 Dyonisius
1385 679 1523 734 lines
1547 677 1792 735 Parisio-

184 789 316 828 rum
347 772 789 844 appropinquare
810 771 1097 842 comperit,
1119 768 1442 826 Sanctinum
1479 778 1535 826 et
1556 770 1789 825 Antoni-

185 880 327 919 num
353 864 422 918 ad
457 878 516 919 se
551 863 809 919 accersiri
850 862 1134 919 mandavit
1173 861 1313 933 (Vit.
1342 861 1632 935 Sanctini),
1667 863 1793 933 qui-

185 953 298 1008 bus
333 951 742 1022 praedicationis
767 951 991 1008 tradens
1016 951 1276 1021 ollicium,
1299 954 1607 1008 ammonuit
1639 962 1702 1010 ut
1733 953 1792 1010 in

183 1043 297 1100 ﬁde
343 1044 490 1100 ﬁrmi
540 1044 920 1114 persisterent,
961 1052 1015 1101 et
1078 1053 1142 1101 ut
1191 1045 1512 1116 quantotius
1559 1045 1791 1103 Romam

181 1145 571 1209 properantes,
603 1152 635 1193 a
673 1137 907 1208 praesule
962 1137 1108 1194 sedis
1168 1137 1484 1208 apostolica:
1531 1153 1793 1210 coopera-

184 1238 344 1285 tores
362 1229 514 1284 verbi
545 1237 600 1284 et
636 1229 892 1285 doctores
933 1236 1271 1300 expeterent,
1314 1230 1444 1302 quia
1505 1230 1563 1286 in
1608 1246 1791 1288 messe

182 1322 364 1376 multa
398 1320 631 1377 sationis
662 1319 965 1378 Dominica:
1015 1322 1255 1392 operarii
1283 1314 1544 1394 perpauci
1582 1332 1788 1391 essent,

183 1414 286 1484 qui
325 1427 513 1468 semen
543 1413 696 1469 verbi
731 1411 902 1470 sulcis
932 1415 1200 1470 mentium
1231 1415 1533 1483 crederent,
1560 1431 1792 1486 prazser-

182 1505 289 1560 tim
313 1521 442 1560 cum
466 1513 522 1560 et
550 1506 672 1576 ipse
687 1505 804 1575 jam
828 1507 896 1561 ad
915 1506 1113 1578 gaudia
1136 1506 1352 1563 Domini
1371 1507 1457 1564 sui
1484 1507 1788 1578 festinaret,

185 1606 244 1652 et
273 1598 584 1652 mercedem
615 1597 822 1654 laboris
867 1607 923 1655 et
961 1600 1146 1656 oneris
1201 1614 1233 1656 a
1277 1600 1370 1672 pio
1407 1599 1641 1657 Domino
1683 1602 1789 1659 sibi

181 1689 308 1745 dari
333 1695 685 1759 praeoptaret.

256 1780 660 1836 Consummato
690 1781 857 1854 igitur
886 1798 984 1854 per
1035 1785 1287 1857 martyrii
1331 1785 1573 1856 palmam
1623 1787 1785 1844 beato

1895 587 2119 660 longum
2162 599 2216 644 et
2242 606 2338 660 per
2375 597 2669 662 angustum
2712 590 2868 659 llexa,
2923 591 3306 662 Aquitanicam
3349 606 3479 664 pro-

1891 679 2128 735 vinciam
2159 681 2496 752 semiciugit;
2525 681 2688 736 habet
2728 680 2773 713 "
2825 681 2895 736 ab
2923 682 3136 738 oriente
3182 681 3476 753 Belgicam,

1891 787 1924 827 a
1948 773 2174 828 meridie
2213 781 2421 843 partem
2454 773 2747 843 provinciae
2766 771 3156 841 Narbonensis,
3186 789 3295 845 qua
3338 773 3476 828 Are-

1890 868 1973 922 las
1994 867 2100 922 sita
2128 875 2232 932 est,
2271 875 2326 921 et
2351 882 2500 921 mare
2529 865 2736 922 Gallico
2765 866 3017 923 Rhodani
3043 866 3247 923 ﬂumen
3277 867 3479 937 accipi-

1892 971 2001 1018 tur.
2031 959 2403 1016 Narbonensis
2424 959 2707 1030 provincia
2730 958 2776 992 "
2804 960 2967 1014 habet
2981 960 3052 1015 ab
3079 961 3288 1016 oriente
3312 960 3477 1030 Alpes

1890 1051 2099 1119 Cotias,
2123 1051 2191 1106 ab
2212 1051 2492 1107 occidente
2503 1048 2854 1122 Hyspaniam,
2872 1066 2904 1105 a
2922 1050 3090 1106 circio
3105 1051 3476 1122 Aquitaniam,

1891 1159 1924 1198 a
1946 1142 2333 1214 septemtrione
2374 1140 2818 1212 Lugdunensem,
2843 1141 2914 1196 ab
2948 1141 3204 1212 aquilone
3245 1142 3477 1199 Galliam

1889 1233 2162 1306 Belgicam
2183 1235 2249 1302 ",
2265 1250 2296 1290 a
2315 1233 2542 1290 meridie
2568 1247 2720 1288 mare
2748 1232 3197 1305 Gallicum,quod
3222 1243 3308 1290 est
3333 1235 3479 1292 inter

1893 1321 2205 1380 Sardiniam
2245 1331 2300 1379 et
2360 1323 2570 1380 insulas
2591 1322 2867 1379 Baleares.
2893 1323 3187 1395 Aquitania
3228 1325 3394 1380 habet
3443 1340 3478 1380 a

1889 1417 2059 1474 circio
2085 1431 2386 1472 occeanum
2429 1415 2524 1486 qui
2548 1415 2911 1488 Aquitanicus
2959 1416 3112 1472 sinus
3140 1416 3367 1486 dicitur;
3405 1415 3477 1472 ab

1888 1525 2091 1566 occasu
2121 1507 2435 1580 Hispanias,
2460 1524 2490 1564 a
2513 1508 2903 1579 septemtrione
2939 1515 2995 1563 et
3015 1507 3223 1563 oriente
3251 1506 3477 1579 Lugdu-

1887 1617 2116 1658 nensem
2139 1603 2206 1669 ’⁷,
2230 1602 2299 1658 ab
2324 1617 2459 1658 euro
2480 1609 2535 1658 et
2576 1601 2802 1657 meridie
2820 1599 3231 1656 Narbonensem
3253 1599 3479 1669 provin-

1887 1694 2029 1751 ciam
2053 1693 2341 1766 contingit.
2365 1693 2659 1750 Provineia
2691 1701 2874 1748 autem
2908 1692 3068 1763 juxta
3097 1706 3298 1763 papam
3321 1689 3483 1746 Pela-

1888 1802 2037 1858 gnum
2053 1796 2202 1843 certa
2232 1794 2316 1842 est
2343 1801 2467 1858 qua:
2487 1785 2651 1841 habet
2675 1785 2860 1841 decem
2889 1785 2976 1840 vel
2997 1784 3042 1816 "
3064 1782 3315 1838 undecim
3351 1781 3481 1840 civi-

182 1869 476 1944 Dyonisio,
513 1889 565 1928 a.
591 1874 661 1930 ab
683 1875 790 1931 inc.
820 1874 977 1930 Dom.
1003 1876 1094 1945 97,
1119 1893 1151 1933 a
1193 1877 1453 1949 passione
1476 1887 1658 1935 autem
1691 1880 1783 1948 64,
1817 1863 1860 1920 Β
1888 1887 2028 1934 tates
2057 1887 2112 1933 et
2150 1894 2320 1934 unum
2344 1894 2547 1950 regem,
2582 1885 2636 1932 et
2659 1877 2882 1932 totidem
2913 1875 3156 1932 minores
3178 1882 3478 1946 potestates

178 1965 366 2021 aetatis
391 1975 576 2020 autem
598 1967 720 2037 ejus
769 1983 915 2024 anno
957 1969 1176 2026 circiter
1211 1969 1300 2038 90,
1325 1970 1541 2041 imperii
1596 1971 1785 2027 Domi-

178 2057 334 2114 ciani
361 2059 586 2114 caesaris
614 2059 899 2132 ingruente
931 2077 1076 2118 anno
1097 2063 1164 2117 16
1198 2062 1300 2134 (ep.
1343 2063 1613 2137 Hincm.),
1649 2064 1788 2120 San-

178 2151 372 2207 ctinus
396 2159 454 2206 et
482 2151 796 2209 Antoninus
825 2155 1111 2224 praeceptis
1135 2156 1384 2227 magistri
1413 2157 1788 2228 obtemperan-

179 2251 290 2310 tes,
318 2259 446 2299 cum
489 2245 934 2315 persequutionis
977 2249 1214 2317 procella
1264 2249 1556 2305 detonante
1605 2251 1787 2320 predi-

178 2335 365 2391 cando
394 2336 461 2390 de
485 2336 608 2392 loco
650 2337 718 2392 a'd
749 2339 929 2393 locum
955 2350 1283 2410 cogerentur
1311 2342 1585 2410 secedere,
1622 2357 1786 2398 vene-

179 2436 320 2480 runt
346 2427 402 2480 in
426 2427 562 2482 lines
601 2427 788 2484 Gallia:
832 2428 1080 2502 Relgicze,
1103 2440 1157 2488 et
1195 2434 1448 2503 praeduce
1494 2435 1667 2506 gratia
1696 2435 1784 2491 di-

177 2519 336 2584 vina,
389 2535 741 2592 quocumque
787 2523 1110 2592 veniebant,
1149 2524 1359 2582 Christi
1419 2527 1786 2598 10quebantur

179 2613 483 2684 magnalia.
514 2613 728 2685 Belgica
753 2614 797 2648 ¹³
825 2624 1008 2671 autem
1065 2615 1241 2672 Gallia
1288 2633 1419 2688 pars
1472 2627 1558 2674 est
1598 2617 1785 2674 Galliae
1826 2673 1830 2678 .

179 2704 303 2776 (τοι.
326 2706 456 2776 12⁸)
485 2707 629 2762 dicta
651 2724 683 2763 a
706 2709 925 2764 civitate
950 2725 1074 2781 qua:
1095 2709 1272 2782 Belgis
1298 2712 1519 2780 dicitur,
1550 2727 1673 2782 quae
1701 2722 1786 2770 est

179 2796 440 2854 Treveris
465 2798 693 2872 (53)[Cl’.
721 2799 941 2856 Rieber.
969 2801 1011 2868 l,
1041 2801 1116 2874 lj.
1145 2802 1317 2858 Gallia
1339 2819 1469 2858 vero
1498 2805 1784 2862 acandore

178 2888 378 2959 populi
411 2891 681 2960 appellata
717 2900 823 2958 est,
853 2893 973 2964 gala
997 2893 1042 2925 ⁸⁵
1067 2893 1214 2948 enim
1258 2894 1343 2949 lac
1383 2895 1584 2950 dicitur
1615 2894 1778 2968 [Isid.

184 2979 293 3034 Er.
317 2979 460 3048 XIV,
489 2982 545 3048 4,
575 2982 693 3056 25].
737 2983 947 3041 Montes
983 2985 1131 3040 enim
1157 2996 1211 3042 et
1242 2987 1392 3058 rigor
1445 2989 1570 3044 εωιί
1599 2989 1668 3044 ab
1716 3005 1782 3046 ea

176 3083 338 3143 parte
366 3073 497 3130 solis
526 3077 777 3132 ardorem
810 3062 1127 3134 excludunt.
1169 3073 1322 3135 lianc
1354 3080 1422 3135 ab
1443 3080 1650 3136 oriente
1683 3081 1780 3135 Al-

171 3165 334 3235 pium
364 3166 492 3238 juga
523 3177 767 3237 tuentur,
794 3171 862 3224 ab
889 3186 1092 3226 occasu
1125 3169 1412 3228 Oeceanus
1461 3173 1690 3228 includit
1714 3174 1776 3241 ",

174 3273 215 3313 ει
241 3259 467 3315 meridie
494 3272 767 3332 prazrupta
795 3262 1042 3335 Pyrenaei
1063 3305 1079 3330 ,
1117 3279 1148 3318 a
1173 3265 1579 3335 septemtrione
1599 3264 1776 3322 Rheni

171 3349 386 3405 ﬂuenta
425 3351 848 3410 et.Germania.
885 3354 1058 3425 Cujus
1117 3355 1343 3410 inicium
1389 3355 1628 3427 Belgica,
1651 3357 1775 3414 ﬁnis

168 3457 313 3496 vero
331 3442 748 3513 est-Aquitania.
777 3445 874 3501 Est
899 3446 941 3477 ¹⁶
965 3454 1147 3502 autem
1177 3447 1328 3518 regio
1359 3447 1513 3517 gleba
1545 3448 1699 3502 uberi
1723 3458 1778 3504 et

169 3535 444 3605 pabulosa
483 3545 537 3591 et
576 3536 646 3592 ad
703 3554 864 3593 usum
914 3539 1276 3594 animantium
1310 3549 1457 3610 apta,
1488 3548 1548 3594 ut
1593 3539 1777 3597 ferunt

167 3627 272 3695 qui
295 3627 436 3683 situs
466 3636 739 3683 terrarum
763 3630 1193 3700 descripserunt,
1230 3630 1548 3687 ﬂuminibus
1568 3641 1622 3687 et
1652 3631 1777 3688 l‘on-

170 3718 326 3774 tibus
347 3718 572 3790 irrigua,
594 3719 812 3789 perfusa
839 3722 880 3753 ¹⁷
909 3722 1124 3777 duobus
1145 3724 1358 3792 magnis
1382 3724 1561 3779 lluviis
1584 3723 1776 3780 Rheno

166 3818 224 3864 et
277 3807 567 3864 Rhodano.
609 3808 887 3880 Cisalpina
951 3820 1135 3866 autem
1185 3811 1358 3867 Gallia
1418 3822 1502 3869 est
1546 3815 1693 3869 circa
1732 3814 1774 3848 ¹⁶

167 3902 374 3972 Alpes,
414 3899 749 3972 transalpina
797 3912 951 3958 trans
987 3903 1152 3973 Alpes
1193 3914 1386 3960 contra
1428 3905 1774 3976 septemtrio-

166 4008 325 4058 nem,
363 3991 576 4048 Rlnetia
623 3995 664 4026 “
713 3995 871 4065 juxta
909 3995 1164 4050 Rhenum
1197 3997 1294 4065 (ib.
1321 3996 1434 4068 26).
1477 3998 1773 4068 Aquitania

169 4093 362 4139 autem
386 4085 457 4140 ab
503 4087 742 4156 obliquis
787 4087 948 4158 aquis
993 4086 1174 4160 Ligeri
1223 4087 1486 4154 ﬂuminis,
1513 4090 1610 4160 qui
1647 4106 1772 4146 eam

167 4192 316 4247 pene
361 4176 420 4230 in
463 4179 649 4233 orbem
692 4179 882 4250 cingit,
918 4187 1004 4234 est
1061 4179 1331 4250 appellata
1379 4181 1494 4250 (54)
1534 4181 1630 4251 (ib.
1654 4181 1769 4251 27).

167 4267 362 4324 Gallos
388 4268 573 4340 itaque
604 4279 799 4325 natura
835 4269 1049 4326 feroces
1074 4280 1130 4325 et
1155 4272 1200 4302 ²⁰
1229 4270 1474 4326 acriores
1520 4285 1644 4326 esse
1681 4273 1772 4326 in-

165 4363 335 4433 genio
368 4371 566 4418 natura
593 4363 875 4420 climatum
898 4362 1046 4420 facit.
1077 4362 1332 4419 Ethieus
1371 4363 1542 4419 situm
1582 4362 1773 4420 Gallia)

163 4455 492 4512 describens
553 4465 790 4526 quatuor
845 4456 968 4527 ejus
1023 4456 1224 4511 asserit
1270 4471 1394 4512 esse
1454 4454 1772 4526 provincias

1887 1971 1992 2028 sub
2017 1987 2098 2039 se,
2138 1979 2192 2027 et
2213 1987 2384 2026 unum
2436 1969 2949 2040 metropolitanum,
2988 1975 3045 2023 et
3095 1967 3473 2038 sull‘raganeos

1886 2063 2076 2119 decem
2118 2064 2203 2118 vel
2238 2062 2493 2118 undecim
2524 2061 2812 2131 episcopos
2839 2060 3081 2131 iudices;
3113 2059 3182 2115 ad
3236 2073 3475 2130 quorum

1881 2154 2150 2226 judicium
2179 2169 2370 2210 omnes
2398 2154 2780 2223 episcoporum
2807 2161 2860 2208 et
2882 2153 3226 2209 sacerdotum
3251 2167 3317 2207 ac
3338 2150 3475 2206 civi-

1888 2257 2062 2304 tatum
2090 2263 2271 2303 causa:
2293 2246 2620 2302 referantur.
2650 2245 2780 2301 Post
2802 2245 3234 2302 destructionem
3256 2257 3478 2314 quoque

1887 2339 2289 2405 Wand-alicam,
2339 2355 2464 2410 quae
2515 2338 2628 2394 fere
2671 2347 2847 2394 totum
2891 2337 3266 2411 pessumdedit
3321 2337 3472 2393 occi-

1884 2431 2066 2488 dentis
2109 2440 2164 2487 et
2199 2431 2425 2488 orientis
2460 2430 2773 2502 imperium,
2805 2429 2918 2486 Leo
2977 2445 3118 2501 papa
3165 2428 3478 2500 provincias

1884 2524 2184 2580 distribuit.
2207 2523 2370 2579 Juxta
2395 2524 2689 2580 modernos
2713 2539 2842 2579 vero
2872 2521 3154 2579 Gallorum
3177 2520 3476 2593 provinciae

1886 2626 2016 2672 sunt
2042 2617 2128 2671 17.
2159 2615 2340 2671 Prima
2394 2617 2552 2672 sedes
2583 2615 2886 2671 Galliarum
2945 2613 3330 2685 Lugdunensis
3389 2620 3477 2669 est

1884 2725 2010 2764 curn
2059 2709 2234 2764 tribus
2283 2708 2402 2765 suis
2481 2708 2803 2777 provinciis,
2857 2707 2914 2777 2)
2957 2704 3368 2777 Rotomagensi,
3416 2703 3476 2774 5)

1885 2801 2190 2856 Turonensi
2229 2810 2284 2855 et
2317 2801 2372 2870 ὧ)
2411 2799 2737 2866 Senonensi,
2769 2799 2826 2866 5)
2864 2798 3078 2870 Belgica
3125 2798 3300 2868 prima
3352 2811 3477 2868 qua:

1883 2903 1966 2948 est
1987 2892 2248 2959 Treviris,
2269 2893 2324 2955 6)
2354 2891 2571 2964 Belgica
2595 2891 2856 2958 secunda,
2886 2906 3009 2962 qua:
3041 2899 3126 2946 est
3155 2888 3404 2958 Rbemis,
3419 2889 3475 2960 7)

1884 2983 2175 3040 Germania
2228 2983 2424 3055 prima,
2474 2982 2895 3054 Magontiacum,
2929 2982 2984 3052 8)
3034 2980 3327 3036 Germania
3385 2995 3477 3036 se-

1883 3077 2084 3144 cunda,
2124 3075 2372 3142 Colonia,
2399 3075 2454 3145 9)
2482 3073 2714 3129 Maxima
2754 3072 3159 3144 Sequanorum,
3185 3070 3472 3138 Vcsontio,

1885 3169 1976 3240 10)
1998 3169 2163 3240 Alpes
2208 3168 2389 3224 Grata:
2425 3169 2492 3235 η,
2517 3166 2861 3232 Darentasia,
2888 3166 2977 3237 11)
3005 3165 3333 3222 Viennensis
3383 3164 3473 3236 12)

1879 3261 2252 3318 Narbonensis
2321 3261 2522 3332 prima,
2591 3260 2681 3329 15)
2754 3257 3129 3314 Narbonensis
3205 3255 3470 3323 secunda,

1877 3354 2170 3424 Aquensis,
2204 3354 2292 3422 14)
2330 3351 2625 3422 Aquitania
2647 3350 2844 3420 prima,
2869 3349 3162 3421 Bituriges,
3187 3347 3276 3418 15)
3298 3346 3474 3418 Aqui-

1880 3447 2027 3502 tania
2092 3446 2353 3513 secunda,
2405 3443 2731 3515 Burdeg‘ala,
2799 3443 2886 3512 16)
2930 3443 3096 3513 Alpes
3163 3439 3469 3508 Maritima,

1876 3540 2251 3606 Ebredunum,
2303 3538 2392 3607 17)
2434 3535 2638 3592 Novem
2691 3534 2998 3606 Populana,
3025 3529 3472 3603 Auxia(Notitia

1875 3633 2070 3703 prov.).
2094 3631 2154 3685 In
2187 3630 2469 3701 provincia
2510 3628 2677 3700 igitur
2711 3626 2941 3697 Belgica:
2974 3625 3166 3695 primae
3188 3623 3320 3680 urbs
3351 3630 3472 3679 erat

1875 3725 2055 3796 posita
2093 3724 2151 3779 in
2177 3722 2419 3778 conﬁnio
2441 3720 2710 3777 Neustrim
2743 3727 2798 3775 et
2823 3717 3123 3774 Austrasia:
3160 3715 3468 3772 Virdunum

1874 3817 2118 3884 nomine,
2141 3832 2305 3886 quam
2335 3814 2546 3884 antiqui
2573 3823 2630 3870 et
2655 3811 2820 3868 etiam
2858 3809 3106 3866 moderni
3135 3809 3324 3864 urbem
3349 3807 3473 3864 Cla-

1874 3925 2069 3966 verum
2120 3917 2524 3965 consueverunt
2564 3905 2856 3976 appellare.
2887 3901 3324 3975 Ethymologiam
3368 3917 3470 3956 au-

1877 4010 1984 4058 tem
2016 4001 2258 4058 nominis
2281 4000 2472 4071 hujus,
2495 3999 2642 4070 quod
2690 4007 2784 4058 est
2819 3996 2951 4052 urbs
3003 3993 3321 4062 Clavorum,
3349 3993 3470 4064 ipsa

1874 4095 2036 4150 nobis
2054 4110 2178 4165 quae
2203 4094 2317 4150 sola
2345 4092 2745 4164 prieteritarum
2774 4103 2961 4145 rerum
2983 4086 3148 4143 habet
3177 4085 3468 4142 scientiam

1874 4187 2110 4257 signavit
2143 4187 2464 4256 antiquitas,
2493 4183 2641 4255 quod
2677 4181 2886 4239 scilicet
2905 4181 2976 4236 ob
3000 4179 3054 4235 id
3083 4179 3159 4233 ita
3183 4178 3255 4234 sit
3284 4176 3470 4249 appel-

1873 4277 2005 4342 lata,
2029 4278 2176 4346 quod
2211 4293 2241 4330 a
2265 4276 2538 4344 lapidibus
2565 4273 2936 4345 pra3maximis
2959 4271 3104 4326 ferro
3133 4271 3470 4340 plumboque

1873 4368 2172 4437 compactis
2198 4379 2252 4421 et
2273 4367 2545 4422 consertis
2571 4365 2776 4436 ingenti
2797 4380 2930 4419 cura
2957 4371 3011 4417 et
3036 4361 3218 4416 studio
3249 4361 3320 4416 sit
3365 4377 3467 4416 ex-

1872 4467 2070 4515 tructa.
2101 4458 2214 4512 Cur
2249 4467 2429 4511 autem
2460 4463 2655 4511 vocata
2677 4453 2750 4510 sit
2776 4452 3151 4519 Verodunum,
3178 4466 3305 4507 cum
3344 4451 3469 4506 diu-

164 4544 517 4618 [.-l-31ntcus],
541 4546 772 4602 Galliam
802 4547 1074 4620 Belgicam
1102 4558 1156 4602 et
1177 4546 1408 4602 Galliam
1435 4546 1770 4619 Lugdunen-
1799 4571 1849 4632 ι)
1876 4550 1986 4605 tius
2008 4550 2064 4604 in
2087 4547 2373 4618 scripturis
2402 4547 2801 4617 quesissemus,
2827 4545 2930 4600 hoc
2961 4544 3138 4601 solum
3174 4543 3334 4598 nobis
3372 4557 3469 4598 oc—

163 4654 314 4696 Sum.
339 4636 756 4696 Narbonensem
791 4655 1014 4710 quoque
1070 4640 1412 4710 provinciam
1459 4649 1513 4695 et
1539 4640 1772 4711 Aquita-
1869 4657 2092 4702 currere
2116 4639 2310 4711 potuit,
2329 4640 2476 4710 quod
2499 4655 2626 4695 eum
2657 4639 2928 4694 delectum
2960 4637 3189 4692 militem
3219 4651 3315 4706 per
3337 4633 3467 4690 Gal-

165 4732 343 4782 niam.
386 4728 455 4783 Et
477 4729 706 4785 Galliam
737 4732 958 4801 quidem
986 4731 1259 4804 Belgicam
1285 4733 1420 4788 dicit
1447 4733 1517 4788 ab
1559 4734 1771 4790 oriente
1871 4739 1974 4807 l‘ias
1995 4733 2174 4789 Julius
2199 4742 2402 4802 ageret,
2428 4731 2659 4786 Verolus
2685 4730 2908 4800 quidam
2930 4728 3248 4800 praedictam
3271 4726 3465 4782 urbem

162 4821 378 4878 habere
421 4821 647 4877 limitem
681 4822 860 4878 Rheni
890 4824 1134 4879 ﬂuminis
1154 4833 1210 4881 et
1231 4826 1272 4856 ²¹
1303 4825 1676 4892 Germaniam,
1699 4827 1771 4882 ab
1871 4831 2241 4901 obpugnatam
2264 4824 2320 4878 in
2343 4823 2501 4880 ledus
2534 4825 2756 4893 recepit,
2779 4839 2812 4878 a
2852 4838 2962 4892 quo
2991 4830 3045 4876 et
3067 4835 3269 4875 nomen
3311 4833 3467 4875 sum-

159 4927 308 4967 cum
330 4912 496 4982 A1935
528 4913 805 4970 Penninas
837 4917 904 4982 ³⁸,
933 4931 965 4970 3
994 4916 1220 4972 meridie-
1251 4917 1595 4988 provinciam
1625 4915 1766 4972 Nar-
1869 4923 1999 4996 psit,
2025 4929 2090 4976 ut
2137 4927 2421 4974 vocaretur
2459 4916 2810 4971 Verodunum
2849 4913 3010 4984 quasi
3046 4911 3464 4978 Verolidunum,

159 5003 498 5071 bonensem,
541 5007 610 5060 ab
650 5022 851 5062 occasu
900 5005 1343 5077 Lugdunensem,
1385 5023 1416 5062 a
1455 5007 1625 5062 circio
1669 5022 1767 5064 oc-
1873 5015 2020 5070 sicut
2061 5021 2117 5068 et
2157 5011 2227 5066 ab
2265 5009 2512 5080 Augusto
2539 5007 2692 5063 Edua
2740 5015 2936 5061 vocata
2978 5013 3064 5062 est
3111 5003 3467 5076 Augustodu-

161 5111 409 5151 ccanum
469 5097 886 5168 Brittannicum,
933 5115 964 5155 a
1005 5100 1051 5132 ³⁵
1092 5101 1484 5170 septemtrione
1529 5093 1768 5156 insulam
1875 5115 2030 5155 num.
2053 5099 2252 5156 Postea
2276 5114 2404 5155 vero
2429 5114 2459 5152 ο
2481 5099 2657 5153 littera
2688 5105 2896 5152 mutata
2921 5095 2977 5151 in
3007 5111 3055 5162 ε,
3077 5095 3224 5150 (Παλ
3243 5102 3330 5149 est
3353 5090 3466 5149 Ve-

1483 5211 1721 5268 VARUE
1758 5211 2160 5268 LECTIONES.

241 5323 447 5405 T’Belg
463 5323 583 5405 join
611 5326 840 5405 deletum
868 5329 1146 5405 m__coc_lice.
1207 5328 1272 5405 βξ
1283 5327 1399 5397 jam
1424 5327 1674 5405 deletum.
1725 5399 1734 5405 _
1757 5329 1798 5405 ’ξ’
1826 5325 2111 5405 inclujmn
2135 5325 2433 5405 deletum.“
2466 5323 2507 5354 ¹⁰
2535 5323 2632 5405 Est
2667 5335 2846 5405 autem
2867 5340 2962 5405 reg
2987 5323 3181 5378 deleta.
3243 5319 3306 5404 .ίῖ
3320 5314 3460 5405 peri.

160 5397 426 5467 deletum.
507 5395 558 5467 ¹⁸Α
589 5400 726 5452 citra
768 5397 839 5450 Is.
919 5399 961 5430 ¹⁹
995 5401 1150 5454 rhaet
1183 5395 1434 5453 deletum.
1539 5399 1584 5429 ²⁰
1613 5407 1668 5453 et
1701 5398 1894 5454 deleta.
1972 5398 2016 5428 “
2059 5397 2327 5467 deletum:
2388 5397 2433 5467 9
2469 5396 2662 5467 addito
2686 5398 2731 5450 A
2757 5396 3070 5467 Appeniuas
3114 5395 3463 5467 βοτῆρι-αα-

159 5476 308 5539 ctor.
384 5465 433 5497 ⁸³
473 5465 726 5524 deletum.
802 5469 847 5501 ’δ
888 5469 924 5524 h
955 5473 1203 5525 deletum.
1283 5471 1327 5501 ³⁵
1363 5484 1462 5539 pro
1490 5468 1741 5524 deletum.
1820 5470 1866 5500 "
1891 5468 2143 5523 deletum.
2222 5468 2265 5498 ’τ
2305 5465 2349 5520 L
2390 5466 2639 5522 deletum.
2717 5467 2763 5499 ’°
2806 5459 2892 5522 vel
2931 5466 3181 5522 deletum.
3258 5459 3304 5493 δ’
3339 5459 3377 5514 i.
3408 5474 3458 5514 ε.

161 5538 206 5592 ti
217 5555 276 5591 ra
282 5539 368 5593 tua.

1690 5647 1920 5706 NOTAE.

1870 5761 1993 5816 dem
2027 5760 2210 5817 verbis
2246 5762 2397 5886 apud
2445 5759 2764 5832 Herigerum
2804 5761 2953 5820 Gest.
2994 5777 3117 5835 epp.
3160 5758 3328 5817 Leod.
3362 5757 3455 5814 4|.

1874 5831 1943 5885 Μ.
1979 5831 2041 5886 G.
2085 5829 2184 5886 SS.
2221 5831 2284 5886 \‘l
2315 5873 2326 5886 .
2357 5833 2728 5886 inveniuntur.
2766 5831 2829 5885 Κ.

242 5759 359 5829 (55)
399 5776 449 5829 q.
475 5777 521 5816 ε.
557 5761 618 5815 Τ.
652 5762 850 5818 desunt
880 5762 934 5818 in
963 5762 1192 5820 lsidoro.

2357 5831 2728 5890 inveniuntur.
2766 5831 2829 5885 Κ.

247 5830 360 5900 (5.1)
403 5832 537 5899 Qum
566 5833 656 5890 hic
694 5844 749 5890 et
776 5834 917 5890 inl'ra
948 5835 1015 5892 de
1047 5833 1339 5906 Aquitania
1365 5833 1624 5906 leguntur
1663 5831 1793 5888 iis».
1874 5831 1943 5885 Μ.
1979 5831 2041 5887 G.
2085 5829 2184 5887 SS.
2221 5831 2284 5887 Vl
