  <div class='ocr_page' id='page_1' title='image "/cluster/home/n/w/nwhite01/storage/ocr_20150623/154/hvd.32044015473820/021.png"; bbox 0 0 3932 6298; ppageno 0'>
   <div class='ocr_carea' id='block_1_1' title="bbox 492 360 3775 423">
    <p class='ocr_par' dir='ltr' id='par_1_1' title="bbox 492 360 3775 423">
     <span class='ocr_line' id='line_1_1' title="bbox 492 360 3775 423; baseline 0 -2"><span class='ocrx_word' id='word_1_1' title='bbox 492 362 560 421; x_wconf 70' lang='lat' dir='ltr'><strong>3i</strong></span> <span class='ocrx_word' id='word_1_2' title='bbox 1145 395 1157 407; x_wconf 66' lang='grc' dir='ltr'><strong>ι</strong></span> <span class='ocrx_word' id='word_1_3' title='bbox 1491 360 1795 419; x_wconf 86' lang='lat' dir='ltr'><strong>llUGONIS</strong></span> <span class='ocrx_word' id='word_1_4' title='bbox 1826 363 2119 419; x_wconf 79' lang='lat' dir='ltr'><strong>ABBATIS</strong></span> <span class='ocrx_word' id='word_1_5' title='bbox 2155 363 2721 423; x_wconf 78' lang='lat' dir='ltr'><strong>FLAVINIACENSIS</strong></span> <span class='ocrx_word' id='word_1_6' title='bbox 3709 366 3775 421; x_wconf 74' lang='lat'><strong>3&#39;2</strong></span> 
     </span>
    </p>
   </div>
   <div class='ocr_carea' id='block_1_2' title="bbox 498 472 3766 553">
    <p class='ocr_par' dir='ltr' id='par_1_2' title="bbox 498 472 3766 553">
     <span class='ocr_line' id='line_1_2' title="bbox 498 472 3766 553; baseline -0 -18"><span class='ocrx_word' id='word_1_7' title='bbox 498 478 792 545; x_wconf 83' lang='lat' dir='ltr'><strong>redunum,</strong></span> <span class='ocrx_word' id='word_1_8' title='bbox 822 484 886 534; x_wconf 92' lang='lat' dir='ltr'><strong>ut</strong></span> <span class='ocrx_word' id='word_1_9' title='bbox 905 485 1139 536; x_wconf 73' lang='lat' dir='ltr'><strong>testatur</strong></span> <span class='ocrx_word' id='word_1_10' title='bbox 1156 472 1491 534; x_wconf 83' lang='lat' dir='ltr'><strong>Fertunatus</strong></span> <span class='ocrx_word' id='word_1_11' title='bbox 1512 478 1647 549; x_wconf 76' lang='lat'><strong>(35).</strong></span> <span class='ocrx_word' id='word_1_12' title='bbox 1676 477 1922 533; x_wconf 78' lang='lat' dir='ltr'><strong>Muderni</strong></span> <span class='ocrx_word' id='word_1_13' title='bbox 1957 494 2087 534; x_wconf 87' lang='lat' dir='ltr'><strong>vero</strong></span> <span class='ocrx_word' id='word_1_14' title='bbox 2114 481 2159 536; x_wconf 79' lang='grc' dir='ltr'>Α</span> <span class='ocrx_word' id='word_1_15' title='bbox 2187 478 2376 536; x_wconf 86' lang='lat' dir='ltr'><strong>ﬁeatas</strong></span> <span class='ocrx_word' id='word_1_16' title='bbox 2422 481 2700 552; x_wconf 86' lang='lat' dir='ltr'><strong>quondam</strong></span> <span class='ocrx_word' id='word_1_17' title='bbox 2732 488 2789 537; x_wconf 90' lang='lat' dir='ltr'><strong>et</strong></span> <span class='ocrx_word' id='word_1_18' title='bbox 2823 479 2941 536; x_wconf 86' lang='lat' dir='ltr'><strong>suis</strong></span> <span class='ocrx_word' id='word_1_19' title='bbox 2971 479 3315 553; x_wconf 77' lang='lat' dir='ltr'><strong>temporibus</strong></span> <span class='ocrx_word' id='word_1_20' title='bbox 3359 478 3580 536; x_wconf 83' lang='lat' dir='ltr'><strong>dirutas</strong></span> <span class='ocrx_word' id='word_1_21' title='bbox 3609 495 3766 550; x_wconf 79' lang='lat' dir='ltr'><strong>repa-</strong></span> 
     </span>
    </p>
   </div>
   <div class='ocr_carea' id='block_1_3' title="bbox 497 569 2078 642">
    <p class='ocr_par' dir='ltr' id='par_1_3' title="bbox 497 569 2078 642">
     <span class='ocr_line' id='line_1_3' title="bbox 497 569 2078 642; baseline 0 -16"><span class='ocrx_word' id='word_1_22' title='bbox 497 570 917 628; x_wconf 76' lang='lat' dir='ltr'><strong>aviridantibus</strong></span> <span class='ocrx_word' id='word_1_23' title='bbox 938 569 1133 642; x_wconf 83' lang='lat' dir='ltr'><strong>pratis,</strong></span> <span class='ocrx_word' id='word_1_24' title='bbox 1157 571 1240 627; x_wconf 88' lang='lat' dir='ltr'><strong>vel</strong></span> <span class='ocrx_word' id='word_1_25' title='bbox 1264 570 1406 642; x_wconf 89' lang='lat' dir='ltr'><strong>quod</strong></span> <span class='ocrx_word' id='word_1_26' title='bbox 1433 570 1596 641; x_wconf 86' lang='lat' dir='ltr'><strong>quasi</strong></span> <span class='ocrx_word' id='word_1_27' title='bbox 1632 584 1851 641; x_wconf 83' lang='lat' dir='ltr'><strong>semper</strong></span> <span class='ocrx_word' id='word_1_28' title='bbox 1885 572 2078 639; x_wconf 80' lang='lat' dir='ltr'><strong>vireat,</strong></span> 
     </span>
    </p>
   </div>
   <div class='ocr_carea' id='block_1_4' title="bbox 497 659 2080 732">
    <p class='ocr_par' dir='ltr' id='par_1_4' title="bbox 497 659 2080 732">
     <span class='ocr_line' id='line_1_4' title="bbox 497 659 2080 732; baseline 0.002 -16"><span class='ocrx_word' id='word_1_29' title='bbox 497 660 693 717; x_wconf 89' lang='lat' dir='ltr'><strong>dicunt</strong></span> <span class='ocrx_word' id='word_1_30' title='bbox 719 676 844 716; x_wconf 87' lang='lat' dir='ltr'><strong>eam</strong></span> <span class='ocrx_word' id='word_1_31' title='bbox 873 659 1200 728; x_wconf 74' lang='lat' dir='ltr'><strong>Vit-donum,</strong></span> <span class='ocrx_word' id='word_1_32' title='bbox 1229 661 1386 732; x_wconf 89' lang='lat' dir='ltr'><strong>quasi</strong></span> <span class='ocrx_word' id='word_1_33' title='bbox 1406 661 1580 718; x_wconf 83' lang='lat' dir='ltr'><strong>viride</strong></span> <span class='ocrx_word' id='word_1_34' title='bbox 1621 663 1852 717; x_wconf 85' lang='lat' dir='ltr'><strong>donum.</strong></span> <span class='ocrx_word' id='word_1_35' title='bbox 1881 662 1992 719; x_wconf 84' lang='lat' dir='ltr'><strong>Has</strong></span> <span class='ocrx_word' id='word_1_36' title='bbox 2035 664 2080 696; x_wconf 81' lang='lat'>“</span> 
     </span>
    </p>
   </div>
   <div class='ocr_carea' id='block_1_5' title="bbox 496 752 2083 826">
    <p class='ocr_par' dir='ltr' id='par_1_5' title="bbox 496 752 2083 826">
     <span class='ocr_line' id='line_1_5' title="bbox 496 752 2083 826; baseline 0.002 -20"><span class='ocrx_word' id='word_1_37' title='bbox 496 759 685 807; x_wconf 85' lang='lat' dir='ltr'><strong>autem</strong></span> <span class='ocrx_word' id='word_1_38' title='bbox 710 766 903 815; x_wconf 87' lang='lat' dir='ltr'><strong>omnes</strong></span> <span class='ocrx_word' id='word_1_39' title='bbox 922 755 1288 825; x_wconf 74' lang='lat' dir='ltr'><strong>coniectiones</strong></span> <span class='ocrx_word' id='word_1_40' title='bbox 1310 752 1565 810; x_wconf 63' lang='lat' dir='ltr'><strong>Ethicus</strong></span> <span class='ocrx_word' id='word_1_41' title='bbox 1586 755 1644 808; x_wconf 91' lang='lat' dir='ltr'><strong>in</strong></span> <span class='ocrx_word' id='word_1_42' title='bbox 1665 755 2083 826; x_wconf 85' lang='lat' dir='ltr'><strong>cosmographia</strong></span> 
     </span>
    </p>
   </div>
   <div class='ocr_carea' id='block_1_6' title="bbox 494 842 2083 909">
    <p class='ocr_par' dir='ltr' id='par_1_6' title="bbox 494 842 2083 909">
     <span class='ocr_line' id='line_1_6' title="bbox 494 842 2083 909; baseline 0.003 -13"><span class='ocrx_word' id='word_1_43' title='bbox 494 842 820 909; x_wconf 75' lang='lat' dir='ltr'><strong>excludens,</strong></span> <span class='ocrx_word' id='word_1_44' title='bbox 844 844 898 898; x_wconf 88' lang='lat' dir='ltr'><strong>in</strong></span> <span class='ocrx_word' id='word_1_45' title='bbox 920 843 1205 899; x_wconf 83' lang='lat' dir='ltr'><strong>itinerario</strong></span> <span class='ocrx_word' id='word_1_46' title='bbox 1236 844 1429 900; x_wconf 83' lang='lat' dir='ltr'><strong>mundi</strong></span> <span class='ocrx_word' id='word_1_47' title='bbox 1475 853 1640 900; x_wconf 89' lang='lat' dir='ltr'><strong>vocat</strong></span> <span class='ocrx_word' id='word_1_48' title='bbox 1684 859 1807 900; x_wconf 88' lang='lat' dir='ltr'><strong>eam</strong></span> <span class='ocrx_word' id='word_1_49' title='bbox 1846 844 2083 901; x_wconf 76' lang='lat' dir='ltr'><strong>Virodu-</strong></span> 
     </span>
    </p>
   </div>
   <div class='ocr_carea' id='block_1_7' title="bbox 496 934 2084 1010">
    <p class='ocr_par' dir='ltr' id='par_1_7' title="bbox 496 934 2084 1010">
     <span class='ocr_line' id='line_1_7' title="bbox 496 934 2084 1010; baseline 0.004 -22"><span class='ocrx_word' id='word_1_50' title='bbox 496 948 654 1002; x_wconf 86' lang='lat' dir='ltr'><strong>num,</strong></span> <span class='ocrx_word' id='word_1_51' title='bbox 679 935 751 990; x_wconf 88' lang='lat' dir='ltr'><strong>ob</strong></span> <span class='ocrx_word' id='word_1_52' title='bbox 776 937 1019 990; x_wconf 89' lang='lat' dir='ltr'><strong>virorum</strong></span> <span class='ocrx_word' id='word_1_53' title='bbox 1046 934 1272 991; x_wconf 80' lang='lat' dir='ltr'><strong>fortium</strong></span> <span class='ocrx_word' id='word_1_54' title='bbox 1296 937 1626 993; x_wconf 80' lang='lat' dir='ltr'><strong>industriam</strong></span> <span class='ocrx_word' id='word_1_55' title='bbox 1666 937 1828 1010; x_wconf 86' lang='lat' dir='ltr'><strong>longe</strong></span> <span class='ocrx_word' id='word_1_56' title='bbox 1870 939 2084 1009; x_wconf 86' lang='lat' dir='ltr'><strong>lateque</strong></span> 
     </span>
    </p>
   </div>
   <div class='ocr_carea' id='block_1_8' title="bbox 495 1025 2085 1104">
    <p class='ocr_par' dir='ltr' id='par_1_8' title="bbox 495 1025 2085 1104">
     <span class='ocr_line' id='line_1_8' title="bbox 495 1025 2085 1104; baseline 0.003 -22"><span class='ocrx_word' id='word_1_57' title='bbox 495 1026 843 1104; x_wconf 77' lang='lat' dir='ltr'><strong>celebratam.</strong></span> <span class='ocrx_word' id='word_1_58' title='bbox 879 1025 1032 1083; x_wconf 87' lang='lat' dir='ltr'><strong>Situs</strong></span> <span class='ocrx_word' id='word_1_59' title='bbox 1055 1028 1212 1084; x_wconf 85' lang='lat' dir='ltr'><strong>urbis</strong></span> <span class='ocrx_word' id='word_1_60' title='bbox 1233 1028 1410 1099; x_wconf 85' lang='lat' dir='ltr'><strong>ipsius</strong></span> <span class='ocrx_word' id='word_1_61' title='bbox 1433 1029 1552 1099; x_wconf 90' lang='lat' dir='ltr'><strong>ipsa</strong></span> <span class='ocrx_word' id='word_1_62' title='bbox 1584 1029 1670 1084; x_wconf 90' lang='lat' dir='ltr'><strong>sui</strong></span> <span class='ocrx_word' id='word_1_63' title='bbox 1696 1030 1966 1100; x_wconf 87' lang='lat' dir='ltr'><strong>positione</strong></span> <span class='ocrx_word' id='word_1_64' title='bbox 1988 1031 2085 1087; x_wconf 78' lang='lat' dir='ltr'><strong>de—</strong></span> 
     </span>
    </p>
   </div>
   <div class='ocr_carea' id='block_1_9' title="bbox 497 1117 2085 1194">
    <p class='ocr_par' dir='ltr' id='par_1_9' title="bbox 497 1117 2085 1194">
     <span class='ocr_line' id='line_1_9' title="bbox 497 1117 2085 1194; baseline 0.007 -23"><span class='ocrx_word' id='word_1_65' title='bbox 497 1117 781 1185; x_wconf 88' lang='lat' dir='ltr'><strong>lectabilis,</strong></span> <span class='ocrx_word' id='word_1_66' title='bbox 815 1135 982 1190; x_wconf 91' lang='lat' dir='ltr'><strong>quam</strong></span> <span class='ocrx_word' id='word_1_67' title='bbox 1031 1121 1353 1190; x_wconf 65' lang='lat' dir='ltr'><strong>praeterﬂuit</strong></span> <span class='ocrx_word' id='word_1_68' title='bbox 1382 1120 1531 1176; x_wconf 83' lang='lat' dir='ltr'><strong>Mosa</strong></span> <span class='ocrx_word' id='word_1_69' title='bbox 1581 1120 1782 1179; x_wconf 83' lang='lat' dir='ltr'><strong>ﬂuvius</strong></span> <span class='ocrx_word' id='word_1_70' title='bbox 1828 1123 1948 1194; x_wconf 89' lang='lat' dir='ltr'><strong>ipsa</strong></span> <span class='ocrx_word' id='word_1_71' title='bbox 1998 1123 2085 1182; x_wconf 85' lang='lat' dir='ltr'><strong>sui</strong></span> 
     </span>
    </p>
   </div>
   <div class='ocr_carea' id='block_1_10' title="bbox 494 1209 2086 1289">
    <p class='ocr_par' dir='ltr' id='par_1_10' title="bbox 494 1209 2086 1289">
     <span class='ocr_line' id='line_1_10' title="bbox 494 1209 2086 1289; baseline 0.004 -23"><span class='ocrx_word' id='word_1_72' title='bbox 494 1209 766 1266; x_wconf 71' lang='lat' dir='ltr'><strong>fertilitate</strong></span> <span class='ocrx_word' id='word_1_73' title='bbox 792 1221 849 1267; x_wconf 90' lang='lat' dir='ltr'><strong>et</strong></span> <span class='ocrx_word' id='word_1_74' title='bbox 872 1212 1233 1273; x_wconf 80' lang='lat' dir='ltr'><strong>viridantium</strong></span> <span class='ocrx_word' id='word_1_75' title='bbox 1250 1223 1531 1283; x_wconf 84' lang='lat' dir='ltr'><strong>pratorum</strong></span> <span class='ocrx_word' id='word_1_76' title='bbox 1552 1214 1831 1287; x_wconf 79' lang='lat' dir='ltr'><strong>graminea</strong></span> <span class='ocrx_word' id='word_1_77' title='bbox 1852 1215 2086 1289; x_wconf 85' lang='lat' dir='ltr'><strong>plauicie</strong></span> 
     </span>
    </p>
   </div>
   <div class='ocr_carea' id='block_1_11' title="bbox 485 1302 2083 1377">
    <p class='ocr_par' dir='ltr' id='par_1_11' title="bbox 485 1302 2083 1377">
     <span class='ocr_line' id='line_1_11' title="bbox 485 1302 2083 1377; baseline 0.004 -20"><span class='ocrx_word' id='word_1_78' title='bbox 485 1302 762 1373; x_wconf 87' lang='lat' dir='ltr'><strong>jocuudus</strong></span> <span class='ocrx_word' id='word_1_79' title='bbox 799 1303 941 1375; x_wconf 85' lang='lat' dir='ltr'><strong>(Vit.</strong></span> <span class='ocrx_word' id='word_1_80' title='bbox 971 1303 1265 1376; x_wconf 80' lang='lat' dir='ltr'><strong>Sanctini).</strong></span> <span class='ocrx_word' id='word_1_81' title='bbox 1302 1304 1448 1363; x_wconf 87' lang='lat' dir='ltr'><strong>Gens</strong></span> <span class='ocrx_word' id='word_1_82' title='bbox 1491 1306 1644 1363; x_wconf 87' lang='lat' dir='ltr'><strong>urbis</strong></span> <span class='ocrx_word' id='word_1_83' title='bbox 1686 1307 1861 1377; x_wconf 87' lang='lat' dir='ltr'><strong>ipsius</strong></span> <span class='ocrx_word' id='word_1_84' title='bbox 1896 1307 2083 1375; x_wconf 82' lang='lat' dir='ltr'><strong>eﬁ‘era,</strong></span> 
     </span>
    </p>
   </div>
   <div class='ocr_carea' id='block_1_12' title="bbox 490 1397 2083 1472">
    <p class='ocr_par' dir='ltr' id='par_1_12' title="bbox 490 1397 2083 1472">
     <span class='ocr_line' id='line_1_12' title="bbox 490 1397 2083 1472; baseline 0.003 -21"><span class='ocrx_word' id='word_1_85' title='bbox 490 1397 664 1452; x_wconf 88' lang='lat' dir='ltr'><strong>cultui</strong></span> <span class='ocrx_word' id='word_1_86' title='bbox 724 1397 1024 1453; x_wconf 89' lang='lat' dir='ltr'><strong>demonum</strong></span> <span class='ocrx_word' id='word_1_87' title='bbox 1089 1398 1271 1454; x_wconf 89' lang='lat' dir='ltr'><strong>dedita</strong></span> <span class='ocrx_word' id='word_1_88' title='bbox 1296 1440 1311 1466; x_wconf 94' lang='lat'><strong>,</strong></span> <span class='ocrx_word' id='word_1_89' title='bbox 1363 1398 1533 1457; x_wconf 85' lang='lat' dir='ltr'><strong>totius</strong></span> <span class='ocrx_word' id='word_1_90' title='bbox 1580 1400 1828 1457; x_wconf 80' lang='lat' dir='ltr'><strong>veritatis</strong></span> <span class='ocrx_word' id='word_1_91' title='bbox 1872 1401 2083 1472; x_wconf 79' lang='lat' dir='ltr'><strong>ignara.</strong></span> 
     </span>
    </p>
   </div>
   <div class='ocr_carea' id='block_1_13' title="bbox 489 1487 2088 1562">
    <p class='ocr_par' dir='ltr' id='par_1_13' title="bbox 489 1487 2088 1562">
     <span class='ocr_line' id='line_1_13' title="bbox 489 1487 2088 1562; baseline 0.006 -18"><span class='ocrx_word' id='word_1_92' title='bbox 489 1487 687 1545; x_wconf 80' lang='lat' dir='ltr'><strong>Nullus</strong></span> <span class='ocrx_word' id='word_1_93' title='bbox 706 1490 776 1544; x_wconf 88' lang='lat' dir='ltr'><strong>ad</strong></span> <span class='ocrx_word' id='word_1_94' title='bbox 803 1505 924 1548; x_wconf 88' lang='lat' dir='ltr'><strong>eam</strong></span> <span class='ocrx_word' id='word_1_95' title='bbox 959 1490 1202 1547; x_wconf 77' lang='lat' dir='ltr'><strong>veritatis</strong></span> <span class='ocrx_word' id='word_1_96' title='bbox 1258 1507 1439 1562; x_wconf 75' lang='lat' dir='ltr'><strong>prtrco</strong></span> <span class='ocrx_word' id='word_1_97' title='bbox 1476 1503 1717 1562; x_wconf 84' lang='lat' dir='ltr'><strong>venerat,</strong></span> <span class='ocrx_word' id='word_1_98' title='bbox 1760 1511 1886 1550; x_wconf 89' lang='lat' dir='ltr'><strong>cum</strong></span> <span class='ocrx_word' id='word_1_99' title='bbox 1924 1496 2088 1553; x_wconf 81' lang='lat' dir='ltr'><strong>urbes</strong></span> 
     </span>
    </p>
   </div>
   <div class='ocr_carea' id='block_1_14' title="bbox 492 1581 2091 1657">
    <p class='ocr_par' dir='ltr' id='par_1_14' title="bbox 492 1581 2091 1657">
     <span class='ocr_line' id='line_1_14' title="bbox 492 1581 2091 1657; baseline 0.005 -21"><span class='ocrx_word' id='word_1_100' title='bbox 492 1581 553 1636; x_wconf 84' lang='lat' dir='ltr'><strong>in</strong></span> <span class='ocrx_word' id='word_1_101' title='bbox 578 1582 814 1638; x_wconf 82' lang='lat' dir='ltr'><strong>circuitu</strong></span> <span class='ocrx_word' id='word_1_102' title='bbox 838 1582 1043 1653; x_wconf 86' lang='lat' dir='ltr'><strong>positas</strong></span> <span class='ocrx_word' id='word_1_103' title='bbox 1076 1583 1294 1642; x_wconf 87' lang='lat' dir='ltr'><strong>divinus</strong></span> <span class='ocrx_word' id='word_1_104' title='bbox 1335 1585 1449 1657; x_wconf 88' lang='lat' dir='ltr'><strong>jam</strong></span> <span class='ocrx_word' id='word_1_105' title='bbox 1499 1586 1752 1657; x_wconf 82' lang='lat' dir='ltr'><strong>splendor</strong></span> <span class='ocrx_word' id='word_1_106' title='bbox 1773 1586 2091 1644; x_wconf 86' lang='lat' dir='ltr'><strong>irradiasset</strong></span> 
     </span>
    </p>
   </div>
   <div class='ocr_carea' id='block_1_15' title="bbox 496 1669 1356 1743">
    <p class='ocr_par' dir='ltr' id='par_1_15' title="bbox 496 1669 1356 1743">
     <span class='ocr_line' id='line_1_15' title="bbox 496 1669 1356 1743; baseline 0 -17"><span class='ocrx_word' id='word_1_107' title='bbox 496 1669 621 1743; x_wconf 92' lang='lat' dir='ltr'><strong>(fol.</strong></span> <span class='ocrx_word' id='word_1_108' title='bbox 648 1671 774 1741; x_wconf 71' lang='grc' dir='ltr'><strong>ιδ’).</strong></span> <span class='ocrx_word' id='word_1_109' title='bbox 1351 1673 1356 1677; x_wconf 85' lang='grc'><em>’</em></span> 
     </span>
    </p>
   </div>
   <div class='ocr_carea' id='block_1_16' title="bbox 566 1762 2089 1839">
    <p class='ocr_par' dir='ltr' id='par_1_16' title="bbox 566 1762 2089 1839">
     <span class='ocr_line' id='line_1_16' title="bbox 566 1762 2089 1839; baseline 0.007 -24"><span class='ocrx_word' id='word_1_110' title='bbox 566 1762 651 1817; x_wconf 85' lang='lat' dir='ltr'><strong>Ad</strong></span> <span class='ocrx_word' id='word_1_111' title='bbox 676 1763 818 1820; x_wconf 85' lang='lat' dir='ltr'><strong>hanc</strong></span> <span class='ocrx_word' id='word_1_112' title='bbox 844 1779 973 1836; x_wconf 82' lang='lat' dir='ltr'><strong>ergo</strong></span> <span class='ocrx_word' id='word_1_113' title='bbox 1000 1766 1191 1821; x_wconf 90' lang='lat' dir='ltr'><strong>urbem</strong></span> <span class='ocrx_word' id='word_1_114' title='bbox 1219 1781 1347 1823; x_wconf 90' lang='lat' dir='ltr'><strong>cum</strong></span> <span class='ocrx_word' id='word_1_115' title='bbox 1375 1767 1530 1825; x_wconf 91' lang='lat' dir='ltr'><strong>socio</strong></span> <span class='ocrx_word' id='word_1_116' title='bbox 1549 1768 1874 1839; x_wconf 82' lang='lat' dir='ltr'><strong>perveniens</strong></span> <span class='ocrx_word' id='word_1_117' title='bbox 1896 1767 2089 1825; x_wconf 81' lang='lat' dir='ltr'><strong>beata8</strong></span> 
     </span>
    </p>
   </div>
   <div class='ocr_carea' id='block_1_17' title="bbox 498 1848 2161 1932">
    <p class='ocr_par' dir='ltr' id='par_1_17' title="bbox 498 1848 2161 1932">
     <span class='ocr_line' id='line_1_17' title="bbox 498 1848 2161 1932; baseline 0.005 -23"><span class='ocrx_word' id='word_1_118' title='bbox 498 1852 798 1912; x_wconf 88' lang='lat' dir='ltr'><strong>Sanctinus</strong></span> <span class='ocrx_word' id='word_1_119' title='bbox 835 1857 929 1926; x_wconf 80' lang='lat' dir='ltr'><strong>(cf.</strong></span> <span class='ocrx_word' id='word_1_120' title='bbox 963 1857 1177 1915; x_wconf 83' lang='lat' dir='ltr'><strong>Bertar.</strong></span> <span class='ocrx_word' id='word_1_121' title='bbox 1205 1876 1254 1917; x_wconf 90' lang='lat' dir='ltr'><strong>c.</strong></span> <span class='ocrx_word' id='word_1_122' title='bbox 1286 1861 1364 1932; x_wconf 76' lang='lat'><strong>2),</strong></span> <span class='ocrx_word' id='word_1_123' title='bbox 1397 1870 1452 1918; x_wconf 89' lang='lat' dir='ltr'><strong>et</strong></span> <span class='ocrx_word' id='word_1_124' title='bbox 1478 1861 1681 1932; x_wconf 33' lang='lat' dir='ltr'><strong>videns.</strong></span> <span class='ocrx_word' id='word_1_125' title='bbox 1699 1877 1894 1918; x_wconf 90' lang='lat' dir='ltr'><strong>omnes</strong></span> <span class='ocrx_word' id='word_1_126' title='bbox 1925 1861 2084 1917; x_wconf 87' lang='lat' dir='ltr'><strong>inha-</strong></span> <span class='ocrx_word' id='word_1_127' title='bbox 2118 1848 2161 1905; x_wconf 81' lang='grc' dir='ltr'><strong>Β</strong></span> 
     </span>
    </p>
   </div>
   <div class='ocr_carea' id='block_1_18' title="bbox 498 1947 2086 2025">
    <p class='ocr_par' dir='ltr' id='par_1_18' title="bbox 498 1947 2086 2025">
     <span class='ocr_line' id='line_1_18' title="bbox 498 1947 2086 2025; baseline 0.004 -23"><span class='ocrx_word' id='word_1_128' title='bbox 498 1947 734 2005; x_wconf 74' lang='lat' dir='ltr'><strong>bitantcs</strong></span> <span class='ocrx_word' id='word_1_129' title='bbox 760 1948 1029 2007; x_wconf 63' lang='lat' dir='ltr'><strong>idolatria:</strong></span> <span class='ocrx_word' id='word_1_130' title='bbox 1053 1953 1269 2009; x_wconf 89' lang='lat' dir='ltr'><strong>deditos</strong></span> <span class='ocrx_word' id='word_1_131' title='bbox 1287 1963 1345 2010; x_wconf 89' lang='lat' dir='ltr'><strong>et</strong></span> <span class='ocrx_word' id='word_1_132' title='bbox 1372 1954 1582 2025; x_wconf 82' lang='lat' dir='ltr'><strong>absque</strong></span> <span class='ocrx_word' id='word_1_133' title='bbox 1607 1954 1720 2010; x_wconf 90' lang='lat' dir='ltr'><strong>Deo</strong></span> <span class='ocrx_word' id='word_1_134' title='bbox 1748 1970 1903 2023; x_wconf 89' lang='lat' dir='ltr'><strong>vero,</strong></span> <span class='ocrx_word' id='word_1_135' title='bbox 1931 1954 2086 2010; x_wconf 89' lang='lat' dir='ltr'><strong>humi</strong></span> 
     </span>
    </p>
   </div>
   <div class='ocr_carea' id='block_1_19' title="bbox 482 2045 2085 2118">
    <p class='ocr_par' dir='ltr' id='par_1_19' title="bbox 482 2045 2085 2118">
     <span class='ocr_line' id='line_1_19' title="bbox 482 2045 2085 2118; baseline 0.007 -26"><span class='ocrx_word' id='word_1_136' title='bbox 482 2049 808 2109; x_wconf 73' lang='lat' dir='ltr'><strong>prostratus</strong></span> <span class='ocrx_word' id='word_1_137' title='bbox 832 2045 1156 2114; x_wconf 84' lang='lat' dir='ltr'><strong>precabatur</strong></span> <span class='ocrx_word' id='word_1_138' title='bbox 1177 2045 1351 2105; x_wconf 88' lang='lat' dir='ltr'><strong>Deum</strong></span> <span class='ocrx_word' id='word_1_139' title='bbox 1373 2047 1653 2114; x_wconf 85' lang='lat' dir='ltr'><strong>attentius,</strong></span> <span class='ocrx_word' id='word_1_140' title='bbox 1687 2057 1745 2103; x_wconf 91' lang='lat' dir='ltr'><strong>ut</strong></span> <span class='ocrx_word' id='word_1_141' title='bbox 1772 2048 1974 2118; x_wconf 84' lang='lat' dir='ltr'><strong>pepulo</strong></span> <span class='ocrx_word' id='word_1_142' title='bbox 1994 2062 2085 2104; x_wconf 77' lang='lat' dir='ltr'><strong>se-</strong></span> 
     </span>
    </p>
   </div>
   <div class='ocr_carea' id='block_1_20' title="bbox 493 2131 2088 2207">
    <p class='ocr_par' dir='ltr' id='par_1_20' title="bbox 493 2131 2088 2207">
     <span class='ocr_line' id='line_1_20' title="bbox 493 2131 2088 2207; baseline 0.006 -21"><span class='ocrx_word' id='word_1_143' title='bbox 493 2131 645 2187; x_wconf 86' lang='lat' dir='ltr'><strong>denti</strong></span> <span class='ocrx_word' id='word_1_144' title='bbox 696 2135 752 2189; x_wconf 91' lang='lat' dir='ltr'><strong>in</strong></span> <span class='ocrx_word' id='word_1_145' title='bbox 808 2137 1030 2207; x_wconf 79' lang='lat' dir='ltr'><strong>regione</strong></span> <span class='ocrx_word' id='word_1_146' title='bbox 1075 2139 1285 2195; x_wconf 65' lang='lat' dir='ltr'><strong>umbrae</strong></span> <span class='ocrx_word' id='word_1_147' title='bbox 1326 2139 1523 2194; x_wconf 90' lang='lat' dir='ltr'><strong>mortis</strong></span> <span class='ocrx_word' id='word_1_148' title='bbox 1557 2140 1744 2195; x_wconf 88' lang='lat' dir='ltr'><strong>lumen</strong></span> <span class='ocrx_word' id='word_1_149' title='bbox 1776 2140 2088 2196; x_wconf 89' lang='lat' dir='ltr'><strong>ostenderet</strong></span> 
     </span>
    </p>
   </div>
   <div class='ocr_carea' id='block_1_21' title="bbox 493 2225 2087 2302">
    <p class='ocr_par' dir='ltr' id='par_1_21' title="bbox 493 2225 2087 2302">
     <span class='ocr_line' id='line_1_21' title="bbox 493 2225 2087 2302; baseline 0.006 -25"><span class='ocrx_word' id='word_1_150' title='bbox 493 2225 762 2282; x_wconf 83' lang='lat' dir='ltr'><strong>veritatis.</strong></span> <span class='ocrx_word' id='word_1_151' title='bbox 806 2226 852 2283; x_wconf 92' lang='grc' dir='ltr'><strong>Ο</strong></span> <span class='ocrx_word' id='word_1_152' title='bbox 888 2229 1070 2285; x_wconf 85' lang='lat' dir='ltr'><strong>oratio</strong></span> <span class='ocrx_word' id='word_1_153' title='bbox 1093 2228 1205 2284; x_wconf 77' lang='lat' dir='ltr'><strong>Deo</strong></span> <span class='ocrx_word' id='word_1_154' title='bbox 1239 2239 1395 2301; x_wconf 85' lang='lat' dir='ltr'><strong>grata</strong></span> <span class='ocrx_word' id='word_1_155' title='bbox 1424 2239 1480 2286; x_wconf 90' lang='lat' dir='ltr'><strong>et</strong></span> <span class='ocrx_word' id='word_1_156' title='bbox 1513 2232 1801 2301; x_wconf 89' lang='lat' dir='ltr'><strong>speciosa!</strong></span> <span class='ocrx_word' id='word_1_157' title='bbox 1840 2231 2087 2302; x_wconf 87' lang='lat' dir='ltr'><strong>speciosa</strong></span> 
     </span>
    </p>
   </div>
   <div class='ocr_carea' id='block_1_22' title="bbox 493 2315 2089 2393">
    <p class='ocr_par' dir='ltr' id='par_1_22' title="bbox 493 2315 2089 2393">
     <span class='ocr_line' id='line_1_22' title="bbox 493 2315 2089 2393; baseline 0.005 -24"><span class='ocrx_word' id='word_1_158' title='bbox 493 2315 742 2387; x_wconf 82' lang='lat' dir='ltr'><strong>inquam,</strong></span> <span class='ocrx_word' id='word_1_159' title='bbox 789 2317 936 2375; x_wconf 83' lang='lat' dir='ltr'><strong>facta</strong></span> <span class='ocrx_word' id='word_1_160' title='bbox 982 2329 1071 2383; x_wconf 84' lang='lat' dir='ltr'><strong>est</strong></span> <span class='ocrx_word' id='word_1_161' title='bbox 1109 2328 1163 2375; x_wconf 87' lang='lat' dir='ltr'><strong>et</strong></span> <span class='ocrx_word' id='word_1_162' title='bbox 1216 2321 1401 2377; x_wconf 87' lang='lat' dir='ltr'><strong>suavis</strong></span> <span class='ocrx_word' id='word_1_163' title='bbox 1451 2321 1508 2376; x_wconf 88' lang='lat' dir='ltr'><strong>in</strong></span> <span class='ocrx_word' id='word_1_164' title='bbox 1550 2322 1847 2391; x_wconf 87' lang='lat' dir='ltr'><strong>conspectu</strong></span> <span class='ocrx_word' id='word_1_165' title='bbox 1902 2321 2089 2393; x_wconf 70' lang='lat' dir='ltr'><strong>gloria:</strong></span> 
     </span>
    </p>
   </div>
   <div class='ocr_carea' id='block_1_23' title="bbox 490 2409 2089 2483">
    <p class='ocr_par' dir='ltr' id='par_1_23' title="bbox 490 2409 2089 2483">
     <span class='ocr_line' id='line_1_23' title="bbox 490 2409 2089 2483; baseline 0.001 -18"><span class='ocrx_word' id='word_1_166' title='bbox 490 2409 698 2465; x_wconf 82' lang='lat' dir='ltr'><strong>summi</strong></span> <span class='ocrx_word' id='word_1_167' title='bbox 728 2409 846 2466; x_wconf 91' lang='lat' dir='ltr'><strong>Dei.</strong></span> <span class='ocrx_word' id='word_1_168' title='bbox 886 2410 999 2467; x_wconf 85' lang='lat' dir='ltr'><strong>Hec</strong></span> <span class='ocrx_word' id='word_1_169' title='bbox 1031 2412 1294 2467; x_wconf 83' lang='lat' dir='ltr'><strong>subvecta</strong></span> <span class='ocrx_word' id='word_1_170' title='bbox 1342 2411 1575 2483; x_wconf 87' lang='lat' dir='ltr'><strong>geminis</strong></span> <span class='ocrx_word' id='word_1_171' title='bbox 1621 2411 1745 2478; x_wconf 86' lang='lat' dir='ltr'><strong>alis,</strong></span> <span class='ocrx_word' id='word_1_172' title='bbox 1781 2410 2089 2467; x_wconf 86' lang='lat' dir='ltr'><strong>dilectionis</strong></span> 
     </span>
    </p>
   </div>
   <div class='ocr_carea' id='block_1_24' title="bbox 495 2500 2090 2574">
    <p class='ocr_par' dir='ltr' id='par_1_24' title="bbox 495 2500 2090 2574">
     <span class='ocr_line' id='line_1_24' title="bbox 495 2500 2090 2574; baseline 0.003 -19"><span class='ocrx_word' id='word_1_173' title='bbox 495 2500 593 2555; x_wconf 90' lang='lat' dir='ltr'><strong>Dei</strong></span> <span class='ocrx_word' id='word_1_174' title='bbox 630 2502 882 2559; x_wconf 86' lang='lat' dir='ltr'><strong>videlicet</strong></span> <span class='ocrx_word' id='word_1_175' title='bbox 923 2512 980 2558; x_wconf 83' lang='lat' dir='ltr'><strong>et</strong></span> <span class='ocrx_word' id='word_1_176' title='bbox 1012 2505 1273 2574; x_wconf 82' lang='lat' dir='ltr'><strong>proximi,</strong></span> <span class='ocrx_word' id='word_1_177' title='bbox 1318 2505 1491 2560; x_wconf 90' lang='lat' dir='ltr'><strong>libero</strong></span> <span class='ocrx_word' id='word_1_178' title='bbox 1532 2505 1714 2560; x_wconf 88' lang='lat' dir='ltr'><strong>volatu</strong></span> <span class='ocrx_word' id='word_1_179' title='bbox 1762 2504 1909 2560; x_wconf 90' lang='lat' dir='ltr'><strong>celos</strong></span> <span class='ocrx_word' id='word_1_180' title='bbox 1936 2503 2090 2574; x_wconf 73' lang='lat' dir='ltr'><strong>petiit</strong></span> 
     </span>
    </p>
   </div>
   <div class='ocr_carea' id='block_1_25' title="bbox 489 2582 2088 2668">
    <p class='ocr_par' dir='ltr' id='par_1_25' title="bbox 489 2582 2088 2668">
     <span class='ocr_line' id='line_1_25' title="bbox 489 2582 2088 2668; baseline 0 -19"><span class='ocrx_word' id='word_1_181' title='bbox 489 2601 548 2649; x_wconf 88' lang='lat' dir='ltr'><strong>ct</strong></span> <span class='ocrx_word' id='word_1_182' title='bbox 576 2593 631 2647; x_wconf 90' lang='lat' dir='ltr'><strong>in</strong></span> <span class='ocrx_word' id='word_1_183' title='bbox 655 2603 955 2666; x_wconf 87' lang='lat' dir='ltr'><strong>conspectu</strong></span> <span class='ocrx_word' id='word_1_184' title='bbox 989 2582 1370 2668; x_wconf 80' lang='lat' dir='ltr'><strong>Redemptoris</strong></span> <span class='ocrx_word' id='word_1_185' title='bbox 1393 2595 1536 2652; x_wconf 87' lang='lat' dir='ltr'><strong>facta</strong></span> <span class='ocrx_word' id='word_1_186' title='bbox 1564 2606 1649 2653; x_wconf 88' lang='lat' dir='ltr'><strong>est</strong></span> <span class='ocrx_word' id='word_1_187' title='bbox 1693 2604 1754 2652; x_wconf 95' lang='lat' dir='ltr'><strong>ut</strong></span> <span class='ocrx_word' id='word_1_188' title='bbox 1786 2596 1915 2651; x_wconf 90' lang='lat' dir='ltr'><strong>thus</strong></span> <span class='ocrx_word' id='word_1_189' title='bbox 1961 2594 2088 2651; x_wconf 90' lang='lat' dir='ltr'><strong>miri</strong></span> 
     </span>
    </p>
   </div>
   <div class='ocr_carea' id='block_1_26' title="bbox 491 2681 2087 2757">
    <p class='ocr_par' dir='ltr' id='par_1_26' title="bbox 491 2681 2087 2757">
     <span class='ocr_line' id='line_1_26' title="bbox 491 2681 2087 2757; baseline 0.002 -16"><span class='ocrx_word' id='word_1_190' title='bbox 491 2681 704 2742; x_wconf 65' lang='lat' dir='ltr'><strong>odoris.</strong></span> <span class='ocrx_word' id='word_1_191' title='bbox 736 2686 821 2741; x_wconf 85' lang='lat' dir='ltr'><strong>An</strong></span> <span class='ocrx_word' id='word_1_192' title='bbox 862 2703 973 2743; x_wconf 91' lang='lat' dir='ltr'><strong>non</strong></span> <span class='ocrx_word' id='word_1_193' title='bbox 1004 2687 1145 2745; x_wconf 88' lang='lat' dir='ltr'><strong>facta</strong></span> <span class='ocrx_word' id='word_1_194' title='bbox 1172 2697 1258 2745; x_wconf 90' lang='lat' dir='ltr'><strong>est</strong></span> <span class='ocrx_word' id='word_1_195' title='bbox 1306 2688 1492 2747; x_wconf 90' lang='lat' dir='ltr'><strong>fumus</strong></span> <span class='ocrx_word' id='word_1_196' title='bbox 1542 2690 1675 2746; x_wconf 92' lang='lat' dir='ltr'><strong>boni</strong></span> <span class='ocrx_word' id='word_1_197' title='bbox 1718 2689 1925 2757; x_wconf 89' lang='lat' dir='ltr'><strong>odoris,</strong></span> <span class='ocrx_word' id='word_1_198' title='bbox 1960 2705 2087 2745; x_wconf 89' lang='lat' dir='ltr'><strong>cum</strong></span> 
     </span>
    </p>
   </div>
   <div class='ocr_carea' id='block_1_27' title="bbox 491 2778 2090 2852">
    <p class='ocr_par' dir='ltr' id='par_1_27' title="bbox 491 2778 2090 2852">
     <span class='ocr_line' id='line_1_27' title="bbox 491 2778 2090 2852; baseline 0.003 -19"><span class='ocrx_word' id='word_1_199' title='bbox 491 2778 563 2834; x_wconf 84' lang='lat' dir='ltr'><strong>de</strong></span> <span class='ocrx_word' id='word_1_200' title='bbox 592 2794 759 2834; x_wconf 86' lang='lat' dir='ltr'><strong>manu</strong></span> <span class='ocrx_word' id='word_1_201' title='bbox 784 2781 961 2852; x_wconf 78' lang='lat' dir='ltr'><strong>angeli</strong></span> <span class='ocrx_word' id='word_1_202' title='bbox 982 2782 1218 2839; x_wconf 87' lang='lat' dir='ltr'><strong>tenentis</strong></span> <span class='ocrx_word' id='word_1_203' title='bbox 1242 2782 1586 2838; x_wconf 87' lang='lat' dir='ltr'><strong>thuribulum</strong></span> <span class='ocrx_word' id='word_1_204' title='bbox 1617 2782 1880 2839; x_wconf 86' lang='lat' dir='ltr'><strong>ascendat</strong></span> <span class='ocrx_word' id='word_1_205' title='bbox 1903 2782 2090 2838; x_wconf 86' lang='lat' dir='ltr'><strong>fumus</strong></span> 
     </span>
    </p>
   </div>
   <div class='ocr_carea' id='block_1_28' title="bbox 492 2874 2089 2943">
    <p class='ocr_par' dir='ltr' id='par_1_28' title="bbox 492 2874 2089 2943">
     <span class='ocr_line' id='line_1_28' title="bbox 492 2874 2089 2943; baseline 0.001 -17"><span class='ocrx_word' id='word_1_206' title='bbox 492 2880 826 2939; x_wconf 75' lang='lat' dir='ltr'><strong>aromatum,</strong></span> <span class='ocrx_word' id='word_1_207' title='bbox 877 2889 1002 2943; x_wconf 65' lang='lat' dir='ltr'><strong>qua:</strong></span> <span class='ocrx_word' id='word_1_208' title='bbox 1044 2882 1176 2930; x_wconf 88' lang='lat' dir='ltr'><strong>sunt</strong></span> <span class='ocrx_word' id='word_1_209' title='bbox 1230 2875 1508 2933; x_wconf 77' lang='lat' dir='ltr'><strong>orationes</strong></span> <span class='ocrx_word' id='word_1_210' title='bbox 1538 2876 1894 2931; x_wconf 86' lang='lat' dir='ltr'><strong>sanctorum?</strong></span> <span class='ocrx_word' id='word_1_211' title='bbox 1926 2882 1983 2929; x_wconf 91' lang='lat' dir='ltr'><strong>et</strong></span> <span class='ocrx_word' id='word_1_212' title='bbox 2032 2874 2089 2929; x_wconf 91' lang='lat' dir='ltr'><strong>in</strong></span> 
     </span>
    </p>
   </div>
   <div class='ocr_carea' id='block_1_29' title="bbox 495 2963 2089 3036">
    <p class='ocr_par' dir='ltr' id='par_1_29' title="bbox 495 2963 2089 3036">
     <span class='ocr_line' id='line_1_29' title="bbox 495 2963 2089 3036; baseline 0.002 -19"><span class='ocrx_word' id='word_1_213' title='bbox 495 2963 809 3034; x_wconf 76' lang='lat' dir='ltr'><strong>Apocalipsi</strong></span> <span class='ocrx_word' id='word_1_214' title='bbox 851 2963 1044 3035; x_wconf 85' lang='lat' dir='ltr'><strong>viginti</strong></span> <span class='ocrx_word' id='word_1_215' title='bbox 1097 2974 1338 3036; x_wconf 87' lang='lat' dir='ltr'><strong>quatuor</strong></span> <span class='ocrx_word' id='word_1_216' title='bbox 1380 2967 1628 3022; x_wconf 84' lang='lat' dir='ltr'><strong>seniores</strong></span> <span class='ocrx_word' id='word_1_217' title='bbox 1662 2975 1811 3022; x_wconf 87' lang='lat' dir='ltr'><strong>stant</strong></span> <span class='ocrx_word' id='word_1_218' title='bbox 1845 2965 1903 3020; x_wconf 91' lang='lat' dir='ltr'><strong>in</strong></span> <span class='ocrx_word' id='word_1_219' title='bbox 1953 2981 2089 3022; x_wconf 85' lang='lat' dir='ltr'><strong>con-</strong></span> 
     </span>
    </p>
   </div>
   <div class='ocr_carea' id='block_1_30' title="bbox 493 3056 2089 3128">
    <p class='ocr_par' dir='ltr' id='par_1_30' title="bbox 493 3056 2089 3128">
     <span class='ocr_line' id='line_1_30' title="bbox 493 3056 2089 3128; baseline 0.003 -19"><span class='ocrx_word' id='word_1_220' title='bbox 493 3063 689 3127; x_wconf 80' lang='lat' dir='ltr'><strong>specto</strong></span> <span class='ocrx_word' id='word_1_221' title='bbox 717 3056 925 3125; x_wconf 91' lang='lat' dir='ltr'><strong>throni,</strong></span> <span class='ocrx_word' id='word_1_222' title='bbox 973 3065 1223 3114; x_wconf 89' lang='lat' dir='ltr'><strong>tenentes</strong></span> <span class='ocrx_word' id='word_1_223' title='bbox 1258 3058 1470 3128; x_wconf 82' lang='lat' dir='ltr'><strong>phialas</strong></span> <span class='ocrx_word' id='word_1_224' title='bbox 1511 3073 1710 3115; x_wconf 89' lang='lat' dir='ltr'><strong>aureas</strong></span> <span class='ocrx_word' id='word_1_225' title='bbox 1737 3058 1926 3128; x_wconf 89' lang='lat' dir='ltr'><strong>plenas</strong></span> <span class='ocrx_word' id='word_1_226' title='bbox 1953 3059 2089 3114; x_wconf 83' lang='lat' dir='ltr'><strong>odo-</strong></span> 
     </span>
    </p>
   </div>
   <div class='ocr_carea' id='block_1_31' title="bbox 495 3149 2089 3221">
    <p class='ocr_par' dir='ltr' id='par_1_31' title="bbox 495 3149 2089 3221">
     <span class='ocr_line' id='line_1_31' title="bbox 495 3149 2089 3221; baseline 0.001 -16"><span class='ocrx_word' id='word_1_227' title='bbox 495 3157 904 3216; x_wconf 82' lang='lat' dir='ltr'><strong>ramentorum,</strong></span> <span class='ocrx_word' id='word_1_228' title='bbox 941 3165 1064 3221; x_wconf 72' lang='lat' dir='ltr'><strong>qua:</strong></span> <span class='ocrx_word' id='word_1_229' title='bbox 1106 3159 1241 3206; x_wconf 89' lang='lat' dir='ltr'><strong>sunt</strong></span> <span class='ocrx_word' id='word_1_230' title='bbox 1290 3151 1569 3206; x_wconf 86' lang='lat' dir='ltr'><strong>orationes</strong></span> <span class='ocrx_word' id='word_1_231' title='bbox 1598 3151 1955 3206; x_wconf 86' lang='lat' dir='ltr'><strong>sanctorum?</strong></span> <span class='ocrx_word' id='word_1_232' title='bbox 1983 3149 2089 3206; x_wconf 87' lang='lat' dir='ltr'><strong>Sed</strong></span> 
     </span>
    </p>
   </div>
   <div class='ocr_carea' id='block_1_32' title="bbox 491 3241 1699 3313">
    <p class='ocr_par' dir='ltr' id='par_1_32' title="bbox 491 3241 1699 3313">
     <span class='ocr_line' id='line_1_32' title="bbox 491 3241 1699 3313; baseline 0.002 -18"><span class='ocrx_word' id='word_1_233' title='bbox 491 3241 608 3312; x_wconf 83' lang='lat' dir='ltr'><strong>jam</strong></span> <span class='ocrx_word' id='word_1_234' title='bbox 632 3241 906 3297; x_wconf 88' lang='lat' dir='ltr'><strong>orationis</strong></span> <span class='ocrx_word' id='word_1_235' title='bbox 946 3242 1112 3313; x_wconf 84' lang='lat' dir='ltr'><strong>hujus</strong></span> <span class='ocrx_word' id='word_1_236' title='bbox 1145 3241 1359 3298; x_wconf 84' lang='lat' dir='ltr'><strong>fructus</strong></span> <span class='ocrx_word' id='word_1_237' title='bbox 1397 3243 1699 3300; x_wconf 88' lang='lat' dir='ltr'><strong>videamus.</strong></span> 
     </span>
    </p>
   </div>
   <div class='ocr_carea' id='block_1_33' title="bbox 565 3333 2090 3406">
    <p class='ocr_par' dir='ltr' id='par_1_33' title="bbox 565 3333 2090 3406">
     <span class='ocr_line' id='line_1_33' title="bbox 565 3333 2090 3406; baseline 0.003 -17"><span class='ocrx_word' id='word_1_238' title='bbox 565 3333 691 3389; x_wconf 78' lang='lat' dir='ltr'><strong>Jam</strong></span> <span class='ocrx_word' id='word_1_239' title='bbox 722 3333 792 3389; x_wconf 90' lang='lat' dir='ltr'><strong>ab</strong></span> <span class='ocrx_word' id='word_1_240' title='bbox 838 3334 1090 3390; x_wconf 85' lang='lat' dir='ltr'><strong>oratione</strong></span> <span class='ocrx_word' id='word_1_241' title='bbox 1128 3343 1361 3406; x_wconf 89' lang='lat' dir='ltr'><strong>uterque</strong></span> <span class='ocrx_word' id='word_1_242' title='bbox 1408 3343 1743 3403; x_wconf 79' lang='lat' dir='ltr'><strong>surrexerat,</strong></span> <span class='ocrx_word' id='word_1_243' title='bbox 1796 3351 1924 3391; x_wconf 91' lang='lat' dir='ltr'><strong>cum</strong></span> <span class='ocrx_word' id='word_1_244' title='bbox 1960 3351 2090 3393; x_wconf 91' lang='lat' dir='ltr'><strong>ecce</strong></span> 
     </span>
    </p>
   </div>
   <div class='ocr_carea' id='block_1_34' title="bbox 495 3425 2093 3499">
    <p class='ocr_par' dir='ltr' id='par_1_34' title="bbox 495 3425 2093 3499">
     <span class='ocr_line' id='line_1_34' title="bbox 495 3425 2093 3499; baseline 0.003 -19"><span class='ocrx_word' id='word_1_245' title='bbox 495 3425 688 3483; x_wconf 82' lang='lat' dir='ltr'><strong>vident</strong></span> <span class='ocrx_word' id='word_1_246' title='bbox 736 3427 794 3481; x_wconf 87' lang='lat' dir='ltr'><strong>in</strong></span> <span class='ocrx_word' id='word_1_247' title='bbox 842 3443 955 3482; x_wconf 88' lang='lat' dir='ltr'><strong>una</strong></span> <span class='ocrx_word' id='word_1_248' title='bbox 1000 3427 1220 3492; x_wconf 88' lang='lat' dir='ltr'><strong>arbore.</strong></span> <span class='ocrx_word' id='word_1_249' title='bbox 1250 3443 1376 3498; x_wconf 63' lang='lat' dir='ltr'><strong>quae</strong></span> <span class='ocrx_word' id='word_1_250' title='bbox 1404 3428 1577 3483; x_wconf 89' lang='lat' dir='ltr'><strong>ramis</strong></span> <span class='ocrx_word' id='word_1_251' title='bbox 1612 3443 1784 3499; x_wconf 89' lang='lat' dir='ltr'><strong>opaca</strong></span> <span class='ocrx_word' id='word_1_252' title='bbox 1825 3438 1880 3485; x_wconf 92' lang='lat' dir='ltr'><strong>et</strong></span> <span class='ocrx_word' id='word_1_253' title='bbox 1907 3429 2093 3484; x_wconf 65' lang='lat' dir='ltr'><strong>altitu~</strong></span> 
     </span>
    </p>
   </div>
   <div class='ocr_carea' id='block_1_35' title="bbox 492 3520 2090 3593">
    <p class='ocr_par' dir='ltr' id='par_1_35' title="bbox 492 3520 2090 3593">
     <span class='ocr_line' id='line_1_35' title="bbox 492 3520 2090 3593; baseline 0.002 -18"><span class='ocrx_word' id='word_1_254' title='bbox 492 3520 626 3575; x_wconf 78' lang='lat' dir='ltr'><strong>dine</strong></span> <span class='ocrx_word' id='word_1_255' title='bbox 650 3535 898 3590; x_wconf 92' lang='lat' dir='ltr'><strong>procera,</strong></span> <span class='ocrx_word' id='word_1_256' title='bbox 925 3520 1020 3575; x_wconf 88' lang='lat' dir='ltr'><strong>sed</strong></span> <span class='ocrx_word' id='word_1_257' title='bbox 1043 3521 1283 3577; x_wconf 87' lang='lat' dir='ltr'><strong>cultibus</strong></span> <span class='ocrx_word' id='word_1_258' title='bbox 1308 3521 1619 3577; x_wconf 68' lang='lat' dir='ltr'><strong>daemonum</strong></span> <span class='ocrx_word' id='word_1_259' title='bbox 1639 3530 1758 3579; x_wconf 88' lang='lat' dir='ltr'><strong>erat</strong></span> <span class='ocrx_word' id='word_1_260' title='bbox 1781 3521 2090 3593; x_wconf 87' lang='lat' dir='ltr'><strong>profanata,</strong></span> 
     </span>
    </p>
   </div>
   <div class='ocr_carea' id='block_1_36' title="bbox 496 3612 2090 3687">
    <p class='ocr_par' dir='ltr' id='par_1_36' title="bbox 496 3612 2090 3687">
     <span class='ocr_line' id='line_1_36' title="bbox 496 3612 2090 3687; baseline 0.003 -22"><span class='ocrx_word' id='word_1_261' title='bbox 496 3612 631 3683; x_wconf 81' lang='lat' dir='ltr'><strong>quia</strong></span> <span class='ocrx_word' id='word_1_262' title='bbox 666 3612 919 3668; x_wconf 86' lang='lat' dir='ltr'><strong>videlicet</strong></span> <span class='ocrx_word' id='word_1_263' title='bbox 947 3613 1021 3668; x_wconf 85' lang='lat' dir='ltr'><strong>ibi</strong></span> <span class='ocrx_word' id='word_1_264' title='bbox 1048 3613 1278 3685; x_wconf 77' lang='lat' dir='ltr'><strong>gentiles</strong></span> <span class='ocrx_word' id='word_1_265' title='bbox 1312 3613 1579 3669; x_wconf 87' lang='lat' dir='ltr'><strong>rusticani</strong></span> <span class='ocrx_word' id='word_1_266' title='bbox 1605 3613 1811 3669; x_wconf 88' lang='lat' dir='ltr'><strong>Faunis</strong></span> <span class='ocrx_word' id='word_1_267' title='bbox 1838 3623 1895 3670; x_wconf 93' lang='lat' dir='ltr'><strong>et</strong></span> <span class='ocrx_word' id='word_1_268' title='bbox 1929 3614 2090 3687; x_wconf 85' lang='lat' dir='ltr'><strong>Saty-</strong></span> 
     </span>
    </p>
   </div>
   <div class='ocr_carea' id='block_1_37' title="bbox 496 3704 2093 3774">
    <p class='ocr_par' dir='ltr' id='par_1_37' title="bbox 496 3704 2093 3774">
     <span class='ocr_line' id='line_1_37' title="bbox 496 3704 2093 3774; baseline 0.002 -15"><span class='ocrx_word' id='word_1_269' title='bbox 496 3704 579 3760; x_wconf 83' lang='lat' dir='ltr'><strong>ris</strong></span> <span class='ocrx_word' id='word_1_270' title='bbox 605 3712 734 3759; x_wconf 88' lang='lat' dir='ltr'><strong>vota</strong></span> <span class='ocrx_word' id='word_1_271' title='bbox 769 3705 1058 3760; x_wconf 86' lang='lat' dir='ltr'><strong>solvebant</strong></span> <span class='ocrx_word' id='word_1_272' title='bbox 1084 3715 1139 3760; x_wconf 91' lang='lat' dir='ltr'><strong>et</strong></span> <span class='ocrx_word' id='word_1_273' title='bbox 1163 3720 1321 3762; x_wconf 86' lang='lat' dir='ltr'><strong>sacra</strong></span> <span class='ocrx_word' id='word_1_274' title='bbox 1358 3706 1728 3774; x_wconf 88' lang='lat' dir='ltr'><strong>celebrabant,</strong></span> <span class='ocrx_word' id='word_1_275' title='bbox 1759 3715 1873 3763; x_wconf 90' lang='lat' dir='ltr'><strong>tres</strong></span> <span class='ocrx_word' id='word_1_276' title='bbox 1897 3709 2093 3762; x_wconf 88' lang='lat' dir='ltr'><strong>conse-</strong></span> 
     </span>
    </p>
   </div>
   <div class='ocr_carea' id='block_1_38' title="bbox 499 3796 2091 3870">
    <p class='ocr_par' dir='ltr' id='par_1_38' title="bbox 499 3796 2091 3870">
     <span class='ocr_line' id='line_1_38' title="bbox 499 3796 2091 3870; baseline 0.001 -18"><span class='ocrx_word' id='word_1_277' title='bbox 499 3796 650 3853; x_wconf 80' lang='lat' dir='ltr'><strong>disse</strong></span> <span class='ocrx_word' id='word_1_278' title='bbox 677 3798 983 3865; x_wconf 88' lang='lat' dir='ltr'><strong>columbas,</strong></span> <span class='ocrx_word' id='word_1_279' title='bbox 1012 3798 1387 3870; x_wconf 82' lang='lat' dir='ltr'><strong>signiﬁcantes</strong></span> <span class='ocrx_word' id='word_1_280' title='bbox 1400 3799 1589 3870; x_wconf 89' lang='lat' dir='ltr'><strong>utique</strong></span> <span class='ocrx_word' id='word_1_281' title='bbox 1608 3799 1807 3856; x_wconf 75' lang='lat' dir='ltr'><strong>divina:</strong></span> <span class='ocrx_word' id='word_1_282' title='bbox 1838 3815 1962 3855; x_wconf 91' lang='lat' dir='ltr'><strong>esse</strong></span> <span class='ocrx_word' id='word_1_283' title='bbox 1996 3814 2091 3854; x_wconf 91' lang='lat' dir='ltr'><strong>vo-</strong></span> 
     </span>
    </p>
   </div>
   <div class='ocr_carea' id='block_1_39' title="bbox 499 3889 2089 3962">
    <p class='ocr_par' dir='ltr' id='par_1_39' title="bbox 499 3889 2089 3962">
     <span class='ocr_line' id='line_1_39' title="bbox 499 3889 2089 3962; baseline 0.001 -18"><span class='ocrx_word' id='word_1_284' title='bbox 499 3889 732 3945; x_wconf 86' lang='lat' dir='ltr'><strong>luntatis</strong></span> <span class='ocrx_word' id='word_1_285' title='bbox 761 3890 883 3961; x_wconf 90' lang='lat' dir='ltr'><strong>ipso</strong></span> <span class='ocrx_word' id='word_1_286' title='bbox 919 3891 973 3945; x_wconf 92' lang='lat' dir='ltr'><strong>in</strong></span> <span class='ocrx_word' id='word_1_287' title='bbox 1006 3891 1130 3948; x_wconf 83' lang='lat' dir='ltr'><strong>loco</strong></span> <span class='ocrx_word' id='word_1_288' title='bbox 1157 3891 1365 3947; x_wconf 90' lang='lat' dir='ltr'><strong>trinum</strong></span> <span class='ocrx_word' id='word_1_289' title='bbox 1401 3900 1458 3947; x_wconf 91' lang='lat' dir='ltr'><strong>et</strong></span> <span class='ocrx_word' id='word_1_290' title='bbox 1485 3907 1660 3947; x_wconf 91' lang='lat' dir='ltr'><strong>unum</strong></span> <span class='ocrx_word' id='word_1_291' title='bbox 1690 3892 1863 3947; x_wconf 86' lang='lat' dir='ltr'><strong>Deum</strong></span> <span class='ocrx_word' id='word_1_292' title='bbox 1891 3890 2089 3962; x_wconf 79' lang='lat' dir='ltr'><strong>praedi-</strong></span> 
     </span>
    </p>
   </div>
   <div class='ocr_carea' id='block_1_40' title="bbox 500 3979 2091 4053">
    <p class='ocr_par' dir='ltr' id='par_1_40' title="bbox 500 3979 2091 4053">
     <span class='ocr_line' id='line_1_40' title="bbox 500 3979 2091 4053; baseline 0.001 -18"><span class='ocrx_word' id='word_1_293' title='bbox 500 3980 647 4035; x_wconf 82' lang='lat' dir='ltr'><strong>cari.</strong></span> <span class='ocrx_word' id='word_1_294' title='bbox 678 3979 755 4036; x_wconf 82' lang='lat' dir='ltr'><strong>De</strong></span> <span class='ocrx_word' id='word_1_295' title='bbox 784 3979 881 4035; x_wconf 79' lang='lat' dir='ltr'><strong>Dei</strong></span> <span class='ocrx_word' id='word_1_296' title='bbox 921 3996 1053 4053; x_wconf 83' lang='lat' dir='ltr'><strong>ergo</strong></span> <span class='ocrx_word' id='word_1_297' title='bbox 1085 3981 1189 4037; x_wconf 87' lang='lat' dir='ltr'><strong>ﬁsi.</strong></span> <span class='ocrx_word' id='word_1_298' title='bbox 1213 3981 1613 4050; x_wconf 88' lang='lat' dir='ltr'><strong>misericordia,</strong></span> <span class='ocrx_word' id='word_1_299' title='bbox 1661 3983 1822 4053; x_wconf 87' lang='lat' dir='ltr'><strong>cujus</strong></span> <span class='ocrx_word' id='word_1_300' title='bbox 1853 3990 2002 4036; x_wconf 89' lang='lat' dir='ltr'><strong>tanta</strong></span> <span class='ocrx_word' id='word_1_301' title='bbox 2033 3981 2091 4037; x_wconf 86' lang='lat' dir='ltr'><strong>in</strong></span> 
     </span>
    </p>
   </div>
   <div class='ocr_carea' id='block_1_41' title="bbox 498 4062 2089 4141">
    <p class='ocr_par' dir='ltr' id='par_1_41' title="bbox 498 4062 2089 4141">
     <span class='ocr_line' id='line_1_41' title="bbox 498 4062 2089 4141; baseline 0.001 -18"><span class='ocrx_word' id='word_1_302' title='bbox 498 4062 720 4125; x_wconf 73' lang='lat' dir='ltr'><strong>futuros</strong></span> <span class='ocrx_word' id='word_1_303' title='bbox 749 4066 1058 4139; x_wconf 79' lang='lat' dir='ltr'><strong>adoptiOnis</strong></span> <span class='ocrx_word' id='word_1_304' title='bbox 1092 4070 1236 4127; x_wconf 82' lang='lat' dir='ltr'><strong>ﬁlios</strong></span> <span class='ocrx_word' id='word_1_305' title='bbox 1260 4071 1630 4141; x_wconf 61' lang='lat' dir='ltr'><strong>praevidebant</strong></span> <span class='ocrx_word' id='word_1_306' title='bbox 1656 4070 1919 4127; x_wconf 87' lang='lat' dir='ltr'><strong>beneﬁcia</strong></span> <span class='ocrx_word' id='word_1_307' title='bbox 1939 4112 1955 4138; x_wconf 95' lang='lat'><strong>,</strong></span> <span class='ocrx_word' id='word_1_308' title='bbox 1983 4070 2089 4141; x_wconf 89' lang='lat' dir='ltr'><strong>ipsi</strong></span> 
     </span>
    </p>
   </div>
   <div class='ocr_carea' id='block_1_42' title="bbox 501 4161 2089 4236">
    <p class='ocr_par' dir='ltr' id='par_1_42' title="bbox 501 4161 2089 4236">
     <span class='ocr_line' id='line_1_42' title="bbox 501 4161 2089 4236; baseline 0.003 -20"><span class='ocrx_word' id='word_1_309' title='bbox 501 4161 698 4217; x_wconf 89' lang='lat' dir='ltr'><strong>intimo</strong></span> <span class='ocrx_word' id='word_1_310' title='bbox 734 4162 1165 4220; x_wconf 76' lang='lat' dir='ltr'><strong>cordisaﬁectu</strong></span> <span class='ocrx_word' id='word_1_311' title='bbox 1196 4165 1552 4222; x_wconf 86' lang='lat' dir='ltr'><strong>multimodas</strong></span> <span class='ocrx_word' id='word_1_312' title='bbox 1586 4172 1817 4236; x_wconf 90' lang='lat' dir='ltr'><strong>egerunt</strong></span> <span class='ocrx_word' id='word_1_313' title='bbox 1862 4165 2089 4236; x_wconf 80' lang='lat' dir='ltr'><strong>gratias,</strong></span> 
     </span>
    </p>
   </div>
   <div class='ocr_carea' id='block_1_43' title="bbox 496 4254 2092 4329">
    <p class='ocr_par' dir='ltr' id='par_1_43' title="bbox 496 4254 2092 4329">
     <span class='ocr_line' id='line_1_43' title="bbox 496 4254 2092 4329; baseline 0.003 -21"><span class='ocrx_word' id='word_1_314' title='bbox 496 4261 558 4309; x_wconf 82' lang='lat' dir='ltr'><strong>et</strong></span> <span class='ocrx_word' id='word_1_315' title='bbox 586 4262 648 4308; x_wconf 90' lang='lat' dir='ltr'><strong>ut</strong></span> <span class='ocrx_word' id='word_1_316' title='bbox 681 4254 736 4309; x_wconf 91' lang='lat' dir='ltr'><strong>in</strong></span> <span class='ocrx_word' id='word_1_317' title='bbox 786 4255 960 4312; x_wconf 83' lang='lat' dir='ltr'><strong>servis</strong></span> <span class='ocrx_word' id='word_1_318' title='bbox 993 4256 1112 4313; x_wconf 86' lang='lat' dir='ltr'><strong>suis</strong></span> <span class='ocrx_word' id='word_1_319' title='bbox 1146 4256 1545 4328; x_wconf 88' lang='lat' dir='ltr'><strong>gloriﬁcaretur</strong></span> <span class='ocrx_word' id='word_1_320' title='bbox 1585 4272 1748 4328; x_wconf 85' lang='lat' dir='ltr'><strong>prece</strong></span> <span class='ocrx_word' id='word_1_321' title='bbox 1788 4257 2092 4329; x_wconf 85' lang='lat' dir='ltr'><strong>poscebant</strong></span> 
     </span>
    </p>
   </div>
   <div class='ocr_carea' id='block_1_44' title="bbox 498 4342 827 4401">
    <p class='ocr_par' dir='ltr' id='par_1_44' title="bbox 498 4342 827 4401">
     <span class='ocr_line' id='line_1_44' title="bbox 498 4342 827 4401; baseline 0.006 -2"><span class='ocrx_word' id='word_1_322' title='bbox 498 4342 827 4401; x_wconf 85' lang='lat' dir='ltr'><strong>humillima.</strong></span> 
     </span>
    </p>
   </div>
   <div class='ocr_carea' id='block_1_45' title="bbox 569 4435 2091 4510">
    <p class='ocr_par' dir='ltr' id='par_1_45' title="bbox 569 4435 2091 4510">
     <span class='ocr_line' id='line_1_45' title="bbox 569 4435 2091 4510; baseline 0.003 -20"><span class='ocrx_word' id='word_1_323' title='bbox 569 4435 752 4493; x_wconf 88' lang='lat' dir='ltr'><strong>Locus</strong></span> <span class='ocrx_word' id='word_1_324' title='bbox 779 4438 968 4510; x_wconf 83' lang='lat' dir='ltr'><strong>igitur,</strong></span> <span class='ocrx_word' id='word_1_325' title='bbox 995 4438 1053 4492; x_wconf 91' lang='lat' dir='ltr'><strong>in</strong></span> <span class='ocrx_word' id='word_1_326' title='bbox 1084 4454 1197 4508; x_wconf 89' lang='lat' dir='ltr'><strong>quo</strong></span> <span class='ocrx_word' id='word_1_327' title='bbox 1212 4439 1285 4494; x_wconf 89' lang='lat' dir='ltr'><strong>ad</strong></span> <span class='ocrx_word' id='word_1_328' title='bbox 1315 4438 1489 4495; x_wconf 89' lang='lat' dir='ltr'><strong>Deum</strong></span> <span class='ocrx_word' id='word_1_329' title='bbox 1520 4438 1804 4508; x_wconf 60' lang='lat' dir='ltr'><strong>praemissa</strong></span> <span class='ocrx_word' id='word_1_330' title='bbox 1834 4437 1940 4494; x_wconf 85' lang='lat' dir='ltr'><strong>fuit</strong></span> <span class='ocrx_word' id='word_1_331' title='bbox 1965 4453 2091 4494; x_wconf 88' lang='lat' dir='ltr'><strong>ora-</strong></span> 
     </span>
    </p>
   </div>
   <div class='ocr_carea' id='block_1_46' title="bbox 2182 571 3775 644">
    <p class='ocr_par' dir='ltr' id='par_1_46' title="bbox 2182 571 3775 644">
     <span class='ocr_line' id='line_1_46' title="bbox 2182 571 3775 644; baseline 0.001 -17"><span class='ocrx_word' id='word_1_332' title='bbox 2182 580 2463 640; x_wconf 89' lang='lat' dir='ltr'><strong>raverunt,</strong></span> <span class='ocrx_word' id='word_1_333' title='bbox 2503 574 2687 629; x_wconf 90' lang='lat' dir='ltr'><strong>sedem</strong></span> <span class='ocrx_word' id='word_1_334' title='bbox 2722 573 2883 629; x_wconf 89' lang='lat' dir='ltr'><strong>habet</strong></span> <span class='ocrx_word' id='word_1_335' title='bbox 2909 572 3286 644; x_wconf 86' lang='lat' dir='ltr'><strong>requietionis.</strong></span> <span class='ocrx_word' id='word_1_336' title='bbox 3339 571 3495 640; x_wconf 85' lang='lat' dir='ltr'><strong>Quod</strong></span> <span class='ocrx_word' id='word_1_337' title='bbox 3527 572 3775 642; x_wconf 80' lang='lat' dir='ltr'><strong>qualiter</strong></span> 
     </span>
    </p>
   </div>
   <div class='ocr_carea' id='block_1_47' title="bbox 2181 665 3777 736">
    <p class='ocr_par' dir='ltr' id='par_1_47' title="bbox 2181 665 3777 736">
     <span class='ocr_line' id='line_1_47' title="bbox 2181 665 3777 736; baseline -0.001 -16"><span class='ocrx_word' id='word_1_338' title='bbox 2181 666 2250 720; x_wconf 87' lang='lat' dir='ltr'><strong>de</strong></span> <span class='ocrx_word' id='word_1_339' title='bbox 2284 665 2405 736; x_wconf 92' lang='lat' dir='ltr'><strong>ipso</strong></span> <span class='ocrx_word' id='word_1_340' title='bbox 2418 666 2538 736; x_wconf 89' lang='lat' dir='ltr'><strong>ejus</strong></span> <span class='ocrx_word' id='word_1_341' title='bbox 2571 665 2948 721; x_wconf 84' lang='lat' dir='ltr'><strong>sacratissimo</strong></span> <span class='ocrx_word' id='word_1_342' title='bbox 2971 680 3204 736; x_wconf 91' lang='lat' dir='ltr'><strong>corpore</strong></span> <span class='ocrx_word' id='word_1_343' title='bbox 3228 665 3507 732; x_wconf 89' lang='lat' dir='ltr'><strong>acciderit,</strong></span> <span class='ocrx_word' id='word_1_344' title='bbox 3536 680 3679 720; x_wconf 89' lang='lat' dir='ltr'><strong>cum</strong></span> <span class='ocrx_word' id='word_1_345' title='bbox 3700 665 3777 718; x_wconf 89' lang='lat' dir='ltr'><strong>vi-</strong></span> 
     </span>
    </p>
   </div>
   <div class='ocr_carea' id='block_1_48' title="bbox 2182 755 3775 828">
    <p class='ocr_par' dir='ltr' id='par_1_48' title="bbox 2182 755 3775 828">
     <span class='ocr_line' id='line_1_48' title="bbox 2182 755 3775 828; baseline 0 -17"><span class='ocrx_word' id='word_1_346' title='bbox 2182 757 2379 813; x_wconf 88' lang='lat' dir='ltr'><strong>delicet</strong></span> <span class='ocrx_word' id='word_1_347' title='bbox 2435 758 2642 828; x_wconf 88' lang='lat' dir='ltr'><strong>proprii</strong></span> <span class='ocrx_word' id='word_1_348' title='bbox 2695 757 2900 813; x_wconf 88' lang='lat' dir='ltr'><strong>laboris</strong></span> <span class='ocrx_word' id='word_1_349' title='bbox 2947 757 3005 812; x_wconf 90' lang='lat' dir='ltr'><strong>in</strong></span> <span class='ocrx_word' id='word_1_350' title='bbox 3044 757 3179 812; x_wconf 89' lang='lat' dir='ltr'><strong>urbe</strong></span> <span class='ocrx_word' id='word_1_351' title='bbox 3221 755 3485 813; x_wconf 82' lang='lat' dir='ltr'><strong>Meldensi</strong></span> <span class='ocrx_word' id='word_1_352' title='bbox 3540 771 3775 811; x_wconf 87' lang='lat' dir='ltr'><strong>cursum</strong></span> 
     </span>
    </p>
   </div>
   <div class='ocr_carea' id='block_1_49' title="bbox 2180 847 3775 921">
    <p class='ocr_par' dir='ltr' id='par_1_49' title="bbox 2180 847 3775 921">
     <span class='ocr_line' id='line_1_49' title="bbox 2180 847 3775 921; baseline -0.001 -17"><span class='ocrx_word' id='word_1_353' title='bbox 2180 850 2669 917; x_wconf 86' lang='lat' dir='ltr'><strong>consummaverit,</strong></span> <span class='ocrx_word' id='word_1_354' title='bbox 2702 863 2938 921; x_wconf 86' lang='lat' dir='ltr'><strong>sequens</strong></span> <span class='ocrx_word' id='word_1_355' title='bbox 2993 864 3179 907; x_wconf 88' lang='lat' dir='ltr'><strong>sermo</strong></span> <span class='ocrx_word' id='word_1_356' title='bbox 3208 864 3312 906; x_wconf 90' lang='lat' dir='ltr'><strong>suo</strong></span> <span class='ocrx_word' id='word_1_357' title='bbox 3340 848 3398 904; x_wconf 90' lang='lat' dir='ltr'><strong>in</strong></span> <span class='ocrx_word' id='word_1_358' title='bbox 3427 847 3554 903; x_wconf 90' lang='lat' dir='ltr'><strong>loco</strong></span> <span class='ocrx_word' id='word_1_359' title='bbox 3588 847 3775 903; x_wconf 85' lang='lat' dir='ltr'><strong>deela-</strong></span> 
     </span>
    </p>
   </div>
   <div class='ocr_carea' id='block_1_50' title="bbox 2182 940 2344 996">
    <p class='ocr_par' dir='ltr' id='par_1_50' title="bbox 2182 940 2344 996">
     <span class='ocr_line' id='line_1_50' title="bbox 2182 940 2344 996; baseline -0.006 0"><span class='ocrx_word' id='word_1_360' title='bbox 2182 940 2344 996; x_wconf 85' lang='lat' dir='ltr'><strong>rabit.</strong></span> 
     </span>
    </p>
   </div>
   <div class='ocr_carea' id='block_1_51' title="bbox 2254 1027 3778 1104">
    <p class='ocr_par' dir='ltr' id='par_1_51' title="bbox 2254 1027 3778 1104">
     <span class='ocr_line' id='line_1_51' title="bbox 2254 1027 3778 1104; baseline -0.003 -16"><span class='ocrx_word' id='word_1_361' title='bbox 2254 1031 2456 1088; x_wconf 83' lang='lat' dir='ltr'><strong>Beatus</strong></span> <span class='ocrx_word' id='word_1_362' title='bbox 2485 1031 2668 1104; x_wconf 88' lang='lat' dir='ltr'><strong>itaque</strong></span> <span class='ocrx_word' id='word_1_363' title='bbox 2701 1030 2998 1088; x_wconf 89' lang='lat' dir='ltr'><strong>Sanctinus</strong></span> <span class='ocrx_word' id='word_1_364' title='bbox 3021 1030 3213 1087; x_wconf 90' lang='lat' dir='ltr'><strong>videns</strong></span> <span class='ocrx_word' id='word_1_365' title='bbox 3242 1028 3510 1101; x_wconf 88' lang='lat' dir='ltr'><strong>populum</strong></span> <span class='ocrx_word' id='word_1_366' title='bbox 3532 1027 3778 1085; x_wconf 81' lang='lat' dir='ltr'><strong>civitatis</strong></span> 
     </span>
    </p>
   </div>
   <div class='ocr_carea' id='block_1_52' title="bbox 2185 1119 3778 1193">
    <p class='ocr_par' dir='ltr' id='par_1_52' title="bbox 2185 1119 3778 1193">
     <span class='ocr_line' id='line_1_52' title="bbox 2185 1119 3778 1193; baseline -0.003 -14"><span class='ocrx_word' id='word_1_367' title='bbox 2185 1125 2420 1181; x_wconf 90' lang='lat' dir='ltr'><strong>multum</strong></span> <span class='ocrx_word' id='word_1_368' title='bbox 2453 1125 2549 1181; x_wconf 88' lang='lat' dir='ltr'><strong>sed</strong></span> <span class='ocrx_word' id='word_1_369' title='bbox 2576 1125 2842 1181; x_wconf 64' lang='lat' dir='ltr'><strong>idolatria</strong></span> <span class='ocrx_word' id='word_1_370' title='bbox 2864 1128 3054 1181; x_wconf 85' lang='lat' dir='ltr'><strong>errore</strong></span> <span class='ocrx_word' id='word_1_371' title='bbox 3075 1131 3336 1180; x_wconf 65' lang='lat' dir='ltr'><strong>caecamm</strong></span> <span class='ocrx_word' id='word_1_372' title='bbox 3358 1120 3483 1193; x_wconf 89' lang='lat' dir='ltr'><strong>(fol.</strong></span> <span class='ocrx_word' id='word_1_373' title='bbox 3510 1119 3631 1191; x_wconf 66' lang='lat' dir='ltr'><strong>l4),</strong></span> <span class='ocrx_word' id='word_1_374' title='bbox 3658 1135 3778 1191; x_wconf 82' lang='lat' dir='ltr'><strong>pre—</strong></span> 
     </span>
    </p>
   </div>
   <div class='ocr_carea' id='block_1_53' title="bbox 2183 1212 3779 1288">
    <p class='ocr_par' dir='ltr' id='par_1_53' title="bbox 2183 1212 3779 1288">
     <span class='ocr_line' id='line_1_53' title="bbox 2183 1212 3779 1288; baseline -0.003 -17"><span class='ocrx_word' id='word_1_375' title='bbox 2183 1217 2377 1275; x_wconf 87' lang='lat' dir='ltr'><strong>videns</strong></span> <span class='ocrx_word' id='word_1_376' title='bbox 2401 1216 2568 1273; x_wconf 86' lang='lat' dir='ltr'><strong>etiam</strong></span> <span class='ocrx_word' id='word_1_377' title='bbox 2604 1217 2658 1273; x_wconf 84' lang='lat' dir='ltr'><strong>in</strong></span> <span class='ocrx_word' id='word_1_378' title='bbox 2701 1217 2898 1288; x_wconf 90' lang='lat' dir='ltr'><strong>spiritu</strong></span> <span class='ocrx_word' id='word_1_379' title='bbox 2935 1216 3140 1273; x_wconf 90' lang='lat' dir='ltr'><strong>ostium</strong></span> <span class='ocrx_word' id='word_1_380' title='bbox 3173 1230 3434 1287; x_wconf 89' lang='lat' dir='ltr'><strong>maguum</strong></span> <span class='ocrx_word' id='word_1_381' title='bbox 3464 1220 3522 1270; x_wconf 91' lang='lat' dir='ltr'><strong>et</strong></span> <span class='ocrx_word' id='word_1_382' title='bbox 3550 1212 3779 1269; x_wconf 83' lang='lat' dir='ltr'><strong>evidens</strong></span> 
     </span>
    </p>
   </div>
   <div class='ocr_carea' id='block_1_54' title="bbox 2186 1306 3777 1381">
    <p class='ocr_par' dir='ltr' id='par_1_54' title="bbox 2186 1306 3777 1381">
     <span class='ocr_line' id='line_1_54' title="bbox 2186 1306 3777 1381; baseline -0.004 -14"><span class='ocrx_word' id='word_1_383' title='bbox 2186 1310 2295 1367; x_wconf 86' lang='lat' dir='ltr'><strong>sibi</strong></span> <span class='ocrx_word' id='word_1_384' title='bbox 2335 1319 2586 1381; x_wconf 90' lang='lat' dir='ltr'><strong>apertum</strong></span> <span class='ocrx_word' id='word_1_385' title='bbox 2617 1310 2671 1365; x_wconf 90' lang='lat' dir='ltr'><strong>in</strong></span> <span class='ocrx_word' id='word_1_386' title='bbox 2699 1310 2952 1378; x_wconf 88' lang='lat' dir='ltr'><strong>Domino,</strong></span> <span class='ocrx_word' id='word_1_387' title='bbox 2992 1309 3310 1369; x_wconf 87' lang='lat' dir='ltr'><strong>deliberavit</strong></span> <span class='ocrx_word' id='word_1_388' title='bbox 3337 1323 3468 1365; x_wconf 86' lang='lat' dir='ltr'><strong>cum</strong></span> <span class='ocrx_word' id='word_1_389' title='bbox 3495 1307 3658 1364; x_wconf 89' lang='lat' dir='ltr'><strong>socio</strong></span> <span class='ocrx_word' id='word_1_390' title='bbox 3681 1306 3777 1362; x_wconf 61' lang='lat' dir='ltr'><strong>alio</strong></span> 
     </span>
    </p>
   </div>
   <div class='ocr_carea' id='block_1_55' title="bbox 2185 1399 3779 1473">
    <p class='ocr_par' dir='ltr' id='par_1_55' title="bbox 2185 1399 3779 1473">
     <span class='ocr_line' id='line_1_55' title="bbox 2185 1399 3779 1473; baseline -0.002 -16"><span class='ocrx_word' id='word_1_391' title='bbox 2185 1402 2513 1473; x_wconf 85' lang='lat' dir='ltr'><strong>quantulum</strong></span> <span class='ocrx_word' id='word_1_392' title='bbox 2540 1402 2807 1458; x_wconf 88' lang='lat' dir='ltr'><strong>remorari</strong></span> <span class='ocrx_word' id='word_1_393' title='bbox 2833 1402 2889 1457; x_wconf 90' lang='lat' dir='ltr'><strong>in</strong></span> <span class='ocrx_word' id='word_1_394' title='bbox 2911 1402 3034 1459; x_wconf 90' lang='lat' dir='ltr'><strong>loco</strong></span> <span class='ocrx_word' id='word_1_395' title='bbox 3049 1403 3189 1472; x_wconf 87' lang='lat' dir='ltr'><strong>ipso.</strong></span> <span class='ocrx_word' id='word_1_396' title='bbox 3213 1399 3331 1456; x_wconf 87' lang='lat' dir='ltr'><strong>Non</strong></span> <span class='ocrx_word' id='word_1_397' title='bbox 3345 1400 3779 1456; x_wconf 86' lang='lat' dir='ltr'><strong>erathoctraus-</strong></span> 
     </span>
    </p>
   </div>
   <div class='ocr_carea' id='block_1_56' title="bbox 2187 1490 3779 1566">
    <p class='ocr_par' dir='ltr' id='par_1_56' title="bbox 2187 1490 3779 1566">
     <span class='ocr_line' id='line_1_56' title="bbox 2187 1490 3779 1566; baseline -0.001 -17"><span class='ocrx_word' id='word_1_398' title='bbox 2187 1493 2339 1565; x_wconf 86' lang='lat' dir='ltr'><strong>gredi</strong></span> <span class='ocrx_word' id='word_1_399' title='bbox 2371 1503 2640 1565; x_wconf 70' lang='lat' dir='ltr'><strong>praecepta</strong></span> <span class='ocrx_word' id='word_1_400' title='bbox 2680 1494 2965 1566; x_wconf 77' lang='lat' dir='ltr'><strong>magistri,</strong></span> <span class='ocrx_word' id='word_1_401' title='bbox 3003 1494 3051 1550; x_wconf 90' lang='lat' dir='ltr'><strong>si</strong></span> <span class='ocrx_word' id='word_1_402' title='bbox 3089 1503 3145 1549; x_wconf 90' lang='lat' dir='ltr'><strong>et</strong></span> <span class='ocrx_word' id='word_1_403' title='bbox 3171 1494 3307 1550; x_wconf 87' lang='lat' dir='ltr'><strong>istos</strong></span> <span class='ocrx_word' id='word_1_404' title='bbox 3339 1490 3698 1559; x_wconf 78' lang='lat' dir='ltr'><strong>lucrifacere,</strong></span> <span class='ocrx_word' id='word_1_405' title='bbox 3728 1498 3779 1547; x_wconf 87' lang='lat' dir='ltr'><strong>et</strong></span> 
     </span>
    </p>
   </div>
   <div class='ocr_carea' id='block_1_57' title="bbox 2188 1583 3776 1658">
    <p class='ocr_par' dir='ltr' id='par_1_57' title="bbox 2188 1583 3776 1658">
     <span class='ocr_line' id='line_1_57' title="bbox 2188 1583 3776 1658; baseline -0.001 -17"><span class='ocrx_word' id='word_1_406' title='bbox 2188 1586 2449 1641; x_wconf 87' lang='lat' dir='ltr'><strong>mandata</strong></span> <span class='ocrx_word' id='word_1_407' title='bbox 2499 1586 2754 1658; x_wconf 89' lang='lat' dir='ltr'><strong>magistri</strong></span> <span class='ocrx_word' id='word_1_408' title='bbox 2807 1586 2895 1642; x_wconf 91' lang='lat' dir='ltr'><strong>sui</strong></span> <span class='ocrx_word' id='word_1_409' title='bbox 2948 1586 3182 1642; x_wconf 88' lang='lat' dir='ltr'><strong>ﬁdeliter</strong></span> <span class='ocrx_word' id='word_1_410' title='bbox 3219 1592 3410 1656; x_wconf 90' lang='lat' dir='ltr'><strong>posset</strong></span> <span class='ocrx_word' id='word_1_411' title='bbox 3452 1583 3776 1653; x_wconf 85' lang='lat' dir='ltr'><strong>adimplere.</strong></span> 
     </span>
    </p>
   </div>
   <div class='ocr_carea' id='block_1_58' title="bbox 2188 1675 3781 1749">
    <p class='ocr_par' dir='ltr' id='par_1_58' title="bbox 2188 1675 3781 1749">
     <span class='ocr_line' id='line_1_58' title="bbox 2188 1675 3781 1749; baseline -0.002 -17"><span class='ocrx_word' id='word_1_412' title='bbox 2188 1677 2406 1734; x_wconf 89' lang='lat' dir='ltr'><strong>Ponens</strong></span> <span class='ocrx_word' id='word_1_413' title='bbox 2425 1693 2557 1749; x_wconf 87' lang='lat' dir='ltr'><strong>ergo</strong></span> <span class='ocrx_word' id='word_1_414' title='bbox 2591 1694 2744 1749; x_wconf 87' lang='lat' dir='ltr'><strong>spem</strong></span> <span class='ocrx_word' id='word_1_415' title='bbox 2762 1694 2931 1749; x_wconf 84' lang='lat' dir='ltr'><strong>suam</strong></span> <span class='ocrx_word' id='word_1_416' title='bbox 2960 1678 3016 1733; x_wconf 90' lang='lat' dir='ltr'><strong>in</strong></span> <span class='ocrx_word' id='word_1_417' title='bbox 3056 1677 3313 1745; x_wconf 90' lang='lat' dir='ltr'><strong>Domino,</strong></span> <span class='ocrx_word' id='word_1_418' title='bbox 3348 1685 3406 1731; x_wconf 91' lang='lat' dir='ltr'><strong>et</strong></span> <span class='ocrx_word' id='word_1_419' title='bbox 3433 1690 3498 1730; x_wconf 88' lang='lat' dir='ltr'><strong>se</strong></span> <span class='ocrx_word' id='word_1_420' title='bbox 3524 1675 3609 1730; x_wconf 91' lang='lat' dir='ltr'><strong>illi</strong></span> <span class='ocrx_word' id='word_1_421' title='bbox 3634 1689 3781 1732; x_wconf 84' lang='lat' dir='ltr'><strong>com-</strong></span> 
     </span>
    </p>
   </div>
   <div class='ocr_carea' id='block_1_59' title="bbox 2190 1765 3779 1840">
    <p class='ocr_par' dir='ltr' id='par_1_59' title="bbox 2190 1765 3779 1840">
     <span class='ocr_line' id='line_1_59' title="bbox 2190 1765 3779 1840; baseline -0.003 -15"><span class='ocrx_word' id='word_1_422' title='bbox 2190 1769 2435 1838; x_wconf 89' lang='lat' dir='ltr'><strong>mittens,</strong></span> <span class='ocrx_word' id='word_1_423' title='bbox 2474 1769 2639 1826; x_wconf 83' lang='lat' dir='ltr'><strong>corde</strong></span> <span class='ocrx_word' id='word_1_424' title='bbox 2673 1769 2911 1826; x_wconf 86' lang='lat' dir='ltr'><strong>contrito</strong></span> <span class='ocrx_word' id='word_1_425' title='bbox 2938 1778 2993 1826; x_wconf 89' lang='lat' dir='ltr'><strong>et</strong></span> <span class='ocrx_word' id='word_1_426' title='bbox 3021 1769 3308 1825; x_wconf 88' lang='lat' dir='ltr'><strong>humiliato</strong></span> <span class='ocrx_word' id='word_1_427' title='bbox 3333 1767 3690 1840; x_wconf 86' lang='lat' dir='ltr'><strong>progreditur</strong></span> <span class='ocrx_word' id='word_1_428' title='bbox 3716 1765 3779 1821; x_wconf 86' lang='lat' dir='ltr'><strong>ad</strong></span> 
     </span>
    </p>
   </div>
   <div class='ocr_carea' id='block_1_60' title="bbox 2186 1858 3779 1934">
    <p class='ocr_par' dir='ltr' id='par_1_60' title="bbox 2186 1858 3779 1934">
     <span class='ocr_line' id='line_1_60' title="bbox 2186 1858 3779 1934; baseline -0.001 -17"><span class='ocrx_word' id='word_1_429' title='bbox 2186 1862 2469 1934; x_wconf 90' lang='lat' dir='ltr'><strong>populum,</strong></span> <span class='ocrx_word' id='word_1_430' title='bbox 2502 1861 2730 1932; x_wconf 87' lang='lat' dir='ltr'><strong>replicat</strong></span> <span class='ocrx_word' id='word_1_431' title='bbox 2759 1860 2887 1918; x_wconf 88' lang='lat' dir='ltr'><strong>Jesu</strong></span> <span class='ocrx_word' id='word_1_432' title='bbox 2906 1860 3132 1918; x_wconf 91' lang='lat' dir='ltr'><strong>.Christi</strong></span> <span class='ocrx_word' id='word_1_433' title='bbox 3159 1860 3546 1932; x_wconf 65' lang='lat' dir='ltr'><strong>evangelium.</strong></span> <span class='ocrx_word' id='word_1_434' title='bbox 3580 1858 3779 1915; x_wconf 76' lang='lat' dir='ltr'><strong>Miran-</strong></span> 
     </span>
    </p>
   </div>
   <div class='ocr_carea' id='block_1_61' title="bbox 2186 1952 3780 2025">
    <p class='ocr_par' dir='ltr' id='par_1_61' title="bbox 2186 1952 3780 2025">
     <span class='ocr_line' id='line_1_61' title="bbox 2186 1952 3780 2025; baseline 0 -16"><span class='ocrx_word' id='word_1_435' title='bbox 2186 1962 2279 2009; x_wconf 90' lang='lat' dir='ltr'><strong>tur</strong></span> <span class='ocrx_word' id='word_1_436' title='bbox 2305 1953 2361 2009; x_wconf 91' lang='lat' dir='ltr'><strong>in</strong></span> <span class='ocrx_word' id='word_1_437' title='bbox 2391 1968 2457 2010; x_wconf 93' lang='lat' dir='ltr'><strong>eo</strong></span> <span class='ocrx_word' id='word_1_438' title='bbox 2490 1953 2757 2011; x_wconf 87' lang='lat' dir='ltr'><strong>vilitatem</strong></span> <span class='ocrx_word' id='word_1_439' title='bbox 2786 1954 3035 2022; x_wconf 89' lang='lat' dir='ltr'><strong>habitus,</strong></span> <span class='ocrx_word' id='word_1_440' title='bbox 3065 1953 3388 2025; x_wconf 82' lang='lat' dir='ltr'><strong>dignitatem</strong></span> <span class='ocrx_word' id='word_1_441' title='bbox 3419 1952 3633 2021; x_wconf 89' lang='lat' dir='ltr'><strong>vultus,</strong></span> <span class='ocrx_word' id='word_1_442' title='bbox 3671 1968 3780 2009; x_wconf 85' lang='lat' dir='ltr'><strong>ser-</strong></span> 
     </span>
    </p>
   </div>
   <div class='ocr_carea' id='block_1_62' title="bbox 2186 2044 3780 2114">
    <p class='ocr_par' dir='ltr' id='par_1_62' title="bbox 2186 2044 3780 2114">
     <span class='ocr_line' id='line_1_62' title="bbox 2186 2044 3780 2114; baseline 0 -13"><span class='ocrx_word' id='word_1_443' title='bbox 2186 2046 2369 2104; x_wconf 89' lang='lat' dir='ltr'><strong>monis</strong></span> <span class='ocrx_word' id='word_1_444' title='bbox 2409 2045 2744 2114; x_wconf 85' lang='lat' dir='ltr'><strong>facundiam,</strong></span> <span class='ocrx_word' id='word_1_445' title='bbox 2794 2046 3186 2103; x_wconf 85' lang='lat' dir='ltr'><strong>miraculorum</strong></span> <span class='ocrx_word' id='word_1_446' title='bbox 3213 2044 3538 2112; x_wconf 87' lang='lat' dir='ltr'><strong>eﬁicatiam;</strong></span> <span class='ocrx_word' id='word_1_447' title='bbox 3575 2060 3683 2100; x_wconf 88' lang='lat' dir='ltr'><strong>nec</strong></span> <span class='ocrx_word' id='word_1_448' title='bbox 3706 2054 3780 2101; x_wconf 86' lang='lat' dir='ltr'><strong>ta-</strong></span> 
     </span>
    </p>
   </div>
   <div class='ocr_carea' id='block_1_63' title="bbox 2187 2137 3780 2210">
    <p class='ocr_par' dir='ltr' id='par_1_63' title="bbox 2187 2137 3780 2210">
     <span class='ocr_line' id='line_1_63' title="bbox 2187 2137 3780 2210; baseline -0.003 -16"><span class='ocrx_word' id='word_1_449' title='bbox 2187 2154 2312 2194; x_wconf 91' lang='lat' dir='ltr'><strong>men</strong></span> <span class='ocrx_word' id='word_1_450' title='bbox 2335 2147 2567 2210; x_wconf 88' lang='lat' dir='ltr'><strong>possunt</strong></span> <span class='ocrx_word' id='word_1_451' title='bbox 2599 2139 2809 2207; x_wconf 90' lang='lat' dir='ltr'><strong>audire,</strong></span> <span class='ocrx_word' id='word_1_452' title='bbox 2840 2139 2988 2210; x_wconf 87' lang='lat' dir='ltr'><strong>quod</strong></span> <span class='ocrx_word' id='word_1_453' title='bbox 3009 2138 3243 2195; x_wconf 88' lang='lat' dir='ltr'><strong>debeant</strong></span> <span class='ocrx_word' id='word_1_454' title='bbox 3260 2137 3566 2196; x_wconf 87' lang='lat' dir='ltr'><strong>demonum</strong></span> <span class='ocrx_word' id='word_1_455' title='bbox 3600 2138 3780 2196; x_wconf 79' lang='lat' dir='ltr'><strong>cultus</strong></span> 
     </span>
    </p>
   </div>
   <div class='ocr_carea' id='block_1_64' title="bbox 2187 2229 3779 2304">
    <p class='ocr_par' dir='ltr' id='par_1_64' title="bbox 2187 2229 3779 2304">
     <span class='ocr_line' id='line_1_64' title="bbox 2187 2229 3779 2304; baseline -0.001 -19"><span class='ocrx_word' id='word_1_456' title='bbox 2187 2230 2445 2302; x_wconf 88' lang='lat' dir='ltr'><strong>abjicere,</strong></span> <span class='ocrx_word' id='word_1_457' title='bbox 2476 2229 2681 2304; x_wconf 88' lang='lat' dir='ltr'><strong>ﬁguras</strong></span> <span class='ocrx_word' id='word_1_458' title='bbox 2707 2232 2943 2287; x_wconf 65' lang='lat' dir='ltr'><strong>deorum,</strong></span> <span class='ocrx_word' id='word_1_459' title='bbox 2960 2246 3188 2289; x_wconf 86' lang='lat' dir='ltr'><strong>suorum</strong></span> <span class='ocrx_word' id='word_1_460' title='bbox 3204 2245 3426 2298; x_wconf 87' lang='lat' dir='ltr'><strong>aureas,</strong></span> <span class='ocrx_word' id='word_1_461' title='bbox 3464 2237 3779 2301; x_wconf 81' lang='lat' dir='ltr'><strong>argenteas,</strong></span> 
     </span>
    </p>
   </div>
   <div class='ocr_carea' id='block_1_65' title="bbox 2188 2320 3781 2396">
    <p class='ocr_par' dir='ltr' id='par_1_65' title="bbox 2188 2320 3781 2396">
     <span class='ocr_line' id='line_1_65' title="bbox 2188 2320 3781 2396; baseline 0.001 -18"><span class='ocrx_word' id='word_1_462' title='bbox 2188 2338 2550 2391; x_wconf 87' lang='lat' dir='ltr'><strong>marmoreas,</strong></span> <span class='ocrx_word' id='word_1_463' title='bbox 2575 2339 2811 2396; x_wconf 83' lang='lat' dir='ltr'><strong>gypseas</strong></span> <span class='ocrx_word' id='word_1_464' title='bbox 2839 2332 2896 2381; x_wconf 88' lang='lat' dir='ltr'><strong>et</strong></span> <span class='ocrx_word' id='word_1_465' title='bbox 2930 2323 3142 2396; x_wconf 90' lang='lat' dir='ltr'><strong>ligneas</strong></span> <span class='ocrx_word' id='word_1_466' title='bbox 3170 2320 3547 2394; x_wconf 85' lang='lat' dir='ltr'><strong>confringere,</strong></span> <span class='ocrx_word' id='word_1_467' title='bbox 3576 2331 3636 2379; x_wconf 91' lang='lat' dir='ltr'><strong>et</strong></span> <span class='ocrx_word' id='word_1_468' title='bbox 3662 2339 3781 2379; x_wconf 86' lang='lat' dir='ltr'><strong>aras</strong></span> 
     </span>
    </p>
   </div>
   <div class='ocr_carea' id='block_1_66' title="bbox 2189 2414 3781 2487">
    <p class='ocr_par' dir='ltr' id='par_1_66' title="bbox 2189 2414 3781 2487">
     <span class='ocr_line' id='line_1_66' title="bbox 2189 2414 3781 2487; baseline -0.001 -16"><span class='ocrx_word' id='word_1_469' title='bbox 2189 2416 2523 2471; x_wconf 87' lang='lat' dir='ltr'><strong>subvertere.</strong></span> <span class='ocrx_word' id='word_1_470' title='bbox 2550 2415 2687 2483; x_wconf 82' lang='lat' dir='ltr'><strong>Quis</strong></span> <span class='ocrx_word' id='word_1_471' title='bbox 2717 2415 2919 2472; x_wconf 86' lang='lat' dir='ltr'><strong>referat</strong></span> <span class='ocrx_word' id='word_1_472' title='bbox 2934 2415 3192 2487; x_wconf 86' lang='lat' dir='ltr'><strong>quotiens</strong></span> <span class='ocrx_word' id='word_1_473' title='bbox 3205 2415 3274 2469; x_wconf 90' lang='lat' dir='ltr'><strong>ab</strong></span> <span class='ocrx_word' id='word_1_474' title='bbox 3300 2414 3410 2470; x_wconf 89' lang='lat' dir='ltr'><strong>illis</strong></span> <span class='ocrx_word' id='word_1_475' title='bbox 3432 2429 3626 2484; x_wconf 87' lang='lat' dir='ltr'><strong>cesus,</strong></span> <span class='ocrx_word' id='word_1_476' title='bbox 3654 2430 3781 2486; x_wconf 89' lang='lat' dir='ltr'><strong>quo-</strong></span> 
     </span>
    </p>
   </div>
   <div class='ocr_carea' id='block_1_67' title="bbox 2191 2506 3781 2578">
    <p class='ocr_par' dir='ltr' id='par_1_67' title="bbox 2191 2506 3781 2578">
     <span class='ocr_line' id='line_1_67' title="bbox 2191 2506 3781 2578; baseline 0 -17"><span class='ocrx_word' id='word_1_477' title='bbox 2191 2507 2331 2563; x_wconf 91' lang='lat' dir='ltr'><strong>tiens</strong></span> <span class='ocrx_word' id='word_1_478' title='bbox 2373 2506 2689 2577; x_wconf 88' lang='lat' dir='ltr'><strong>injuriatus,</strong></span> <span class='ocrx_word' id='word_1_479' title='bbox 2717 2507 2976 2578; x_wconf 90' lang='lat' dir='ltr'><strong>quotiens</strong></span> <span class='ocrx_word' id='word_1_480' title='bbox 3001 2507 3073 2562; x_wconf 91' lang='lat' dir='ltr'><strong>ab</strong></span> <span class='ocrx_word' id='word_1_481' title='bbox 3097 2507 3232 2562; x_wconf 89' lang='lat' dir='ltr'><strong>urbe</strong></span> <span class='ocrx_word' id='word_1_482' title='bbox 3264 2506 3572 2562; x_wconf 88' lang='lat' dir='ltr'><strong>semivivus</strong></span> <span class='ocrx_word' id='word_1_483' title='bbox 3610 2506 3781 2577; x_wconf 89' lang='lat' dir='ltr'><strong>proje-</strong></span> 
     </span>
    </p>
   </div>
   <div class='ocr_carea' id='block_1_68' title="bbox 2128 2597 3781 2669">
    <p class='ocr_par' dir='ltr' id='par_1_68' title="bbox 2128 2597 3781 2669">
     <span class='ocr_line' id='line_1_68' title="bbox 2128 2597 3781 2669; baseline -0.002 -16"><span class='ocrx_word' id='word_1_484' title='bbox 2128 2654 2137 2661; x_wconf 77' lang='grc'><em>,</em></span> <span class='ocrx_word' id='word_1_485' title='bbox 2186 2607 2311 2654; x_wconf 86' lang='lat' dir='ltr'><strong>etus</strong></span> <span class='ocrx_word' id='word_1_486' title='bbox 2339 2597 2440 2654; x_wconf 81' lang='lat' dir='ltr'><strong>sit?</strong></span> <span class='ocrx_word' id='word_1_487' title='bbox 2461 2597 2624 2655; x_wconf 92' lang='lat' dir='ltr'><strong>Solus</strong></span> <span class='ocrx_word' id='word_1_488' title='bbox 2649 2600 2755 2654; x_wconf 89' lang='lat' dir='ltr'><strong>hoc</strong></span> <span class='ocrx_word' id='word_1_489' title='bbox 2784 2601 2935 2656; x_wconf 85' lang='lat' dir='ltr'><strong>novit</strong></span> <span class='ocrx_word' id='word_1_490' title='bbox 2954 2597 3635 2669; x_wconf 78' lang='lat' dir='ltr'><strong>inspectorinternorum,</strong></span> <span class='ocrx_word' id='word_1_491' title='bbox 3662 2597 3781 2667; x_wconf 89' lang='lat' dir='ltr'><strong>qui,</strong></span> 
     </span>
    </p>
   </div>
   <div class='ocr_carea' id='block_1_69' title="bbox 2185 2688 3781 2762">
    <p class='ocr_par' dir='ltr' id='par_1_69' title="bbox 2185 2688 3781 2762">
     <span class='ocr_line' id='line_1_69' title="bbox 2185 2688 3781 2762; baseline -0.001 -18"><span class='ocrx_word' id='word_1_492' title='bbox 2185 2690 2315 2760; x_wconf 91' lang='lat' dir='ltr'><strong>quia</strong></span> <span class='ocrx_word' id='word_1_493' title='bbox 2338 2688 2443 2746; x_wconf 82' lang='lat' dir='ltr'><strong>fuit</strong></span> <span class='ocrx_word' id='word_1_494' title='bbox 2462 2691 2620 2748; x_wconf 89' lang='lat' dir='ltr'><strong>testis</strong></span> <span class='ocrx_word' id='word_1_495' title='bbox 2639 2706 2905 2762; x_wconf 87' lang='lat' dir='ltr'><strong>penarum</strong></span> <span class='ocrx_word' id='word_1_496' title='bbox 2931 2699 2987 2747; x_wconf 92' lang='lat' dir='ltr'><strong>et</strong></span> <span class='ocrx_word' id='word_1_497' title='bbox 3012 2691 3286 2757; x_wconf 89' lang='lat' dir='ltr'><strong>laborum,</strong></span> <span class='ocrx_word' id='word_1_498' title='bbox 3310 2688 3491 2745; x_wconf 88' lang='lat' dir='ltr'><strong>factus</strong></span> <span class='ocrx_word' id='word_1_499' title='bbox 3523 2700 3611 2745; x_wconf 87' lang='lat' dir='ltr'><strong>est</strong></span> <span class='ocrx_word' id='word_1_500' title='bbox 3645 2688 3781 2744; x_wconf 85' lang='lat' dir='ltr'><strong>mili-</strong></span> 
     </span>
    </p>
   </div>
   <div class='ocr_carea' id='block_1_70' title="bbox 2189 2781 3779 2853">
    <p class='ocr_par' dir='ltr' id='par_1_70' title="bbox 2189 2781 3779 2853">
     <span class='ocr_line' id='line_1_70' title="bbox 2189 2781 3779 2853; baseline -0.003 -15"><span class='ocrx_word' id='word_1_501' title='bbox 2189 2781 2262 2839; x_wconf 89' lang='lat' dir='ltr'><strong>tis</strong></span> <span class='ocrx_word' id='word_1_502' title='bbox 2302 2782 2390 2837; x_wconf 90' lang='lat' dir='ltr'><strong>sui</strong></span> <span class='ocrx_word' id='word_1_503' title='bbox 2431 2782 2556 2852; x_wconf 90' lang='lat' dir='ltr'><strong>pius</strong></span> <span class='ocrx_word' id='word_1_504' title='bbox 2607 2790 2993 2839; x_wconf 90' lang='lat' dir='ltr'><strong>remunerator</strong></span> <span class='ocrx_word' id='word_1_505' title='bbox 3032 2790 3088 2838; x_wconf 92' lang='lat' dir='ltr'><strong>et</strong></span> <span class='ocrx_word' id='word_1_506' title='bbox 3126 2781 3358 2853; x_wconf 87' lang='lat' dir='ltr'><strong>largitor</strong></span> <span class='ocrx_word' id='word_1_507' title='bbox 3401 2781 3779 2852; x_wconf 78' lang='lat' dir='ltr'><strong>praemiorum.</strong></span> 
     </span>
    </p>
   </div>
   <div class='ocr_carea' id='block_1_71' title="bbox 2187 2873 3783 2945">
    <p class='ocr_par' dir='ltr' id='par_1_71' title="bbox 2187 2873 3783 2945">
     <span class='ocr_line' id='line_1_71' title="bbox 2187 2873 3783 2945; baseline -0.001 -16"><span class='ocrx_word' id='word_1_508' title='bbox 2187 2875 2504 2945; x_wconf 83' lang='lat' dir='ltr'><strong>Augebatur</strong></span> <span class='ocrx_word' id='word_1_509' title='bbox 2525 2883 2708 2930; x_wconf 87' lang='lat' dir='ltr'><strong>tamen</strong></span> <span class='ocrx_word' id='word_1_510' title='bbox 2747 2891 3014 2932; x_wconf 91' lang='lat' dir='ltr'><strong>numerus</strong></span> <span class='ocrx_word' id='word_1_511' title='bbox 3039 2873 3414 2938; x_wconf 87' lang='lat' dir='ltr'><strong>credentium,</strong></span> <span class='ocrx_word' id='word_1_512' title='bbox 3442 2880 3501 2928; x_wconf 90' lang='lat' dir='ltr'><strong>et</strong></span> <span class='ocrx_word' id='word_1_513' title='bbox 3529 2873 3602 2928; x_wconf 88' lang='lat' dir='ltr'><strong>de</strong></span> <span class='ocrx_word' id='word_1_514' title='bbox 3621 2873 3712 2928; x_wconf 92' lang='lat' dir='ltr'><strong>die</strong></span> <span class='ocrx_word' id='word_1_515' title='bbox 3731 2873 3783 2926; x_wconf 90' lang='lat' dir='ltr'><strong>in</strong></span> 
     </span>
    </p>
   </div>
   <div class='ocr_carea' id='block_1_72' title="bbox 2188 2964 3785 3035">
    <p class='ocr_par' dir='ltr' id='par_1_72' title="bbox 2188 2964 3785 3035">
     <span class='ocr_line' id='line_1_72' title="bbox 2188 2964 3785 3035; baseline -0.002 -13"><span class='ocrx_word' id='word_1_516' title='bbox 2188 2966 2334 3022; x_wconf 88' lang='lat' dir='ltr'><strong>diem</strong></span> <span class='ocrx_word' id='word_1_517' title='bbox 2356 2966 2570 3022; x_wconf 89' lang='lat' dir='ltr'><strong>meritis</strong></span> <span class='ocrx_word' id='word_1_518' title='bbox 2593 2973 3131 3024; x_wconf 87' lang='lat' dir='ltr'><strong>servorum&#39;suorum</strong></span> <span class='ocrx_word' id='word_1_519' title='bbox 3162 2964 3646 3035; x_wconf 85' lang='lat' dir='ltr'><strong>multiplicabatur</strong></span> <span class='ocrx_word' id='word_1_520' title='bbox 3682 2979 3785 3019; x_wconf 65' lang='grc' dir='ltr'><strong>,ες-</strong></span> 
     </span>
    </p>
   </div>
   <div class='ocr_carea' id='block_1_73' title="bbox 2188 3057 3785 3131">
    <p class='ocr_par' dir='ltr' id='par_1_73' title="bbox 2188 3057 3785 3131">
     <span class='ocr_line' id='line_1_73' title="bbox 2188 3057 3785 3131; baseline -0.003 -16"><span class='ocrx_word' id='word_1_521' title='bbox 2188 3058 2358 3115; x_wconf 91' lang='lat' dir='ltr'><strong>clesia</strong></span> <span class='ocrx_word' id='word_1_522' title='bbox 2402 3057 2667 3127; x_wconf 84' lang='lat' dir='ltr'><strong>ﬁdelium,</strong></span> <span class='ocrx_word' id='word_1_523' title='bbox 2725 3075 2881 3115; x_wconf 89' lang='lat' dir='ltr'><strong>error</strong></span> <span class='ocrx_word' id='word_1_524' title='bbox 2939 3058 3225 3131; x_wconf 86' lang='lat' dir='ltr'><strong>gentilium</strong></span> <span class='ocrx_word' id='word_1_525' title='bbox 3273 3057 3691 3124; x_wconf 87' lang='lat' dir='ltr'><strong>destruebatur,</strong></span> <span class='ocrx_word' id='word_1_526' title='bbox 3735 3063 3785 3111; x_wconf 86' lang='lat' dir='ltr'><strong>et</strong></span> 
     </span>
    </p>
   </div>
   <div class='ocr_carea' id='block_1_74' title="bbox 2190 3149 3783 3223">
    <p class='ocr_par' dir='ltr' id='par_1_74' title="bbox 2190 3149 3783 3223">
     <span class='ocr_line' id='line_1_74' title="bbox 2190 3149 3783 3223; baseline -0.002 -17"><span class='ocrx_word' id='word_1_527' title='bbox 2190 3150 2327 3209; x_wconf 88' lang='lat' dir='ltr'><strong>ﬁdes</strong></span> <span class='ocrx_word' id='word_1_528' title='bbox 2357 3160 2549 3209; x_wconf 88' lang='lat' dir='ltr'><strong>sancta</strong></span> <span class='ocrx_word' id='word_1_529' title='bbox 2580 3151 2784 3223; x_wconf 90' lang='lat' dir='ltr'><strong>ubique</strong></span> <span class='ocrx_word' id='word_1_530' title='bbox 2809 3151 3126 3218; x_wconf 90' lang='lat' dir='ltr'><strong>docebatur,</strong></span> <span class='ocrx_word' id='word_1_531' title='bbox 3150 3149 3327 3222; x_wconf 88' lang='lat' dir='ltr'><strong>gratia</strong></span> <span class='ocrx_word' id='word_1_532' title='bbox 3364 3149 3635 3219; x_wconf 89' lang='lat' dir='ltr'><strong>baptismi</strong></span> <span class='ocrx_word' id='word_1_533' title='bbox 3657 3165 3783 3205; x_wconf 89' lang='lat' dir='ltr'><strong>cou-</strong></span> 
     </span>
    </p>
   </div>
   <div class='ocr_carea' id='block_1_75' title="bbox 2190 3242 3785 3313">
    <p class='ocr_par' dir='ltr' id='par_1_75' title="bbox 2190 3242 3785 3313">
     <span class='ocr_line' id='line_1_75' title="bbox 2190 3242 3785 3313; baseline -0.002 -13"><span class='ocrx_word' id='word_1_534' title='bbox 2190 3242 2519 3313; x_wconf 90' lang='lat' dir='ltr'><strong>donabatur,</strong></span> <span class='ocrx_word' id='word_1_535' title='bbox 2552 3252 2607 3300; x_wconf 89' lang='lat' dir='ltr'><strong>et</strong></span> <span class='ocrx_word' id='word_1_536' title='bbox 2628 3244 2686 3299; x_wconf 90' lang='lat' dir='ltr'><strong>in</strong></span> <span class='ocrx_word' id='word_1_537' title='bbox 2714 3244 2999 3301; x_wconf 88' lang='lat' dir='ltr'><strong>credentes</strong></span> <span class='ocrx_word' id='word_1_538' title='bbox 3025 3242 3271 3313; x_wconf 11' lang='lat' dir='ltr'><strong>Spiritus,</strong></span> <span class='ocrx_word' id='word_1_539' title='bbox 3288 3242 3466 3298; x_wconf 90' lang='lat' dir='ltr'><strong>sancti</strong></span> <span class='ocrx_word' id='word_1_540' title='bbox 3490 3242 3785 3298; x_wconf 79' lang='lat' dir='ltr'><strong>carismata</strong></span> 
     </span>
    </p>
   </div>
   <div class='ocr_carea' id='block_1_76' title="bbox 2191 3332 3785 3408">
    <p class='ocr_par' dir='ltr' id='par_1_76' title="bbox 2191 3332 3785 3408">
     <span class='ocr_line' id='line_1_76' title="bbox 2191 3332 3785 3408; baseline -0.001 -15"><span class='ocrx_word' id='word_1_541' title='bbox 2191 3337 2719 3408; x_wconf 88' lang='lat' dir='ltr'><strong>multiplicabantur.</strong></span> <span class='ocrx_word' id='word_1_542' title='bbox 2747 3334 2903 3391; x_wconf 83' lang='lat' dir='ltr'><strong>Felix</strong></span> <span class='ocrx_word' id='word_1_543' title='bbox 2937 3335 3186 3391; x_wconf 61' lang='lat' dir='ltr'><strong>aecc’lesia</strong></span> <span class='ocrx_word' id='word_1_544' title='bbox 3207 3334 3345 3389; x_wconf 88' lang='lat' dir='ltr'><strong>tanti</strong></span> <span class='ocrx_word' id='word_1_545' title='bbox 3377 3334 3630 3404; x_wconf 86' lang='lat' dir='ltr'><strong>pastoris</strong></span> <span class='ocrx_word' id='word_1_546' title='bbox 3650 3332 3785 3405; x_wconf 76' lang='lat' dir='ltr'><strong>regi-</strong></span> 
     </span>
    </p>
   </div>
   <div class='ocr_carea' id='block_1_77' title="bbox 2189 3417 3784 3500">
    <p class='ocr_par' dir='ltr' id='par_1_77' title="bbox 2189 3417 3784 3500">
     <span class='ocr_line' id='line_1_77' title="bbox 2189 3417 3784 3500; baseline -0.003 -16"><span class='ocrx_word' id='word_1_547' title='bbox 2189 3428 2342 3485; x_wconf 90' lang='lat' dir='ltr'><strong>mine</strong></span> <span class='ocrx_word' id='word_1_548' title='bbox 2365 3428 2561 3500; x_wconf 87' lang='lat' dir='ltr'><strong>digna;</strong></span> <span class='ocrx_word' id='word_1_549' title='bbox 2593 3428 2974 3484; x_wconf 90' lang='lat' dir='ltr'><strong>illustrabatur</strong></span> <span class='ocrx_word' id='word_1_550' title='bbox 2997 3427 3148 3483; x_wconf 89' lang='lat' dir='ltr'><strong>enim</strong></span> <span class='ocrx_word' id='word_1_551' title='bbox 3173 3417 3461 3482; x_wconf 78' lang='lat' dir='ltr'><strong>miracdlis</strong></span> <span class='ocrx_word' id='word_1_552' title='bbox 3490 3434 3664 3498; x_wconf 89' lang='lat' dir='ltr'><strong>atque</strong></span> <span class='ocrx_word' id='word_1_553' title='bbox 3687 3425 3784 3481; x_wconf 56' lang='lat' dir='ltr'><strong>do»</strong></span> 
     </span>
    </p>
   </div>
   <div class='ocr_carea' id='block_1_78' title="bbox 2191 3516 3785 3584">
    <p class='ocr_par' dir='ltr' id='par_1_78' title="bbox 2191 3516 3785 3584">
     <span class='ocr_line' id='line_1_78' title="bbox 2191 3516 3785 3584; baseline -0.003 -7"><span class='ocrx_word' id='word_1_554' title='bbox 2191 3520 2406 3577; x_wconf 91' lang='lat' dir='ltr'><strong>ctrinis.</strong></span> <span class='ocrx_word' id='word_1_555' title='bbox 2439 3519 2710 3576; x_wconf 86' lang='lat' dir='ltr'><strong>Omnibus</strong></span> <span class='ocrx_word' id='word_1_556' title='bbox 2736 3520 2923 3575; x_wconf 87' lang='lat' dir='ltr'><strong>omnia</strong></span> <span class='ocrx_word' id='word_1_557' title='bbox 2951 3518 3130 3575; x_wconf 87' lang='lat' dir='ltr'><strong>factus</strong></span> <span class='ocrx_word' id='word_1_558' title='bbox 3156 3526 3275 3584; x_wconf 86' lang='lat' dir='ltr'><strong>est,</strong></span> <span class='ocrx_word' id='word_1_559' title='bbox 3294 3526 3357 3572; x_wconf 91' lang='lat' dir='ltr'><strong>ut</strong></span> <span class='ocrx_word' id='word_1_560' title='bbox 3395 3533 3598 3575; x_wconf 86' lang='lat' dir='ltr'><strong>omnes</strong></span> <span class='ocrx_word' id='word_1_561' title='bbox 3626 3516 3785 3573; x_wconf 82' lang='lat' dir='ltr'><strong>lucri-</strong></span> 
     </span>
    </p>
   </div>
   <div class='ocr_carea' id='block_1_79' title="bbox 2190 3609 3787 3683">
    <p class='ocr_par' dir='ltr' id='par_1_79' title="bbox 2190 3609 3787 3683">
     <span class='ocr_line' id='line_1_79' title="bbox 2190 3609 3787 3683; baseline 0 -17"><span class='ocrx_word' id='word_1_562' title='bbox 2190 3611 2417 3669; x_wconf 81' lang='lat' dir='ltr'><strong>faceret.</strong></span> <span class='ocrx_word' id='word_1_563' title='bbox 2475 3610 2582 3679; x_wconf 84' lang='lat' dir='ltr'><strong>Qui</strong></span> <span class='ocrx_word' id='word_1_564' title='bbox 2638 3611 2747 3668; x_wconf 91' lang='lat' dir='ltr'><strong>etsi</strong></span> <span class='ocrx_word' id='word_1_565' title='bbox 2791 3611 3091 3683; x_wconf 86' lang='lat' dir='ltr'><strong>injuriatus</strong></span> <span class='ocrx_word' id='word_1_566' title='bbox 3148 3618 3234 3667; x_wconf 87' lang='lat' dir='ltr'><strong>est</strong></span> <span class='ocrx_word' id='word_1_567' title='bbox 3277 3609 3410 3666; x_wconf 91' lang='lat' dir='ltr'><strong>dum</strong></span> <span class='ocrx_word' id='word_1_568' title='bbox 3465 3610 3787 3680; x_wconf 64' lang='lat' dir='ltr'><strong>pradicant</strong></span> 
     </span>
    </p>
   </div>
   <div class='ocr_carea' id='block_1_80' title="bbox 2188 3701 3784 3772">
    <p class='ocr_par' dir='ltr' id='par_1_80' title="bbox 2188 3701 3784 3772">
     <span class='ocr_line' id='line_1_80' title="bbox 2188 3701 3784 3772; baseline -0.003 -12"><span class='ocrx_word' id='word_1_569' title='bbox 2188 3703 2495 3772; x_wconf 83' lang='lat' dir='ltr'><strong>Christum,</strong></span> <span class='ocrx_word' id='word_1_570' title='bbox 2554 3703 2786 3759; x_wconf 86' lang='lat' dir='ltr'><strong>libenter</strong></span> <span class='ocrx_word' id='word_1_571' title='bbox 2836 3703 3103 3759; x_wconf 87' lang='lat' dir='ltr'><strong>tolerabat</strong></span> <span class='ocrx_word' id='word_1_572' title='bbox 3134 3702 3285 3758; x_wconf 88' lang='lat' dir='ltr'><strong>illata</strong></span> <span class='ocrx_word' id='word_1_573' title='bbox 3341 3701 3449 3757; x_wconf 87' lang='lat' dir='ltr'><strong>sibi</strong></span> <span class='ocrx_word' id='word_1_574' title='bbox 3488 3709 3784 3762; x_wconf 82' lang='lat' dir='ltr'><strong>tormenta.</strong></span> 
     </span>
    </p>
   </div>
   <div class='ocr_carea' id='block_1_81' title="bbox 2189 3795 3789 3867">
    <p class='ocr_par' dir='ltr' id='par_1_81' title="bbox 2189 3795 3789 3867">
     <span class='ocr_line' id='line_1_81' title="bbox 2189 3795 3789 3867; baseline -0.003 -16"><span class='ocrx_word' id='word_1_575' title='bbox 2189 3795 2487 3867; x_wconf 86' lang='lat' dir='ltr'><strong>obprobria</strong></span> <span class='ocrx_word' id='word_1_576' title='bbox 2506 3803 2562 3851; x_wconf 91' lang='lat' dir='ltr'><strong>et</strong></span> <span class='ocrx_word' id='word_1_577' title='bbox 2586 3795 2872 3852; x_wconf 89' lang='lat' dir='ltr'><strong>irrisiones</strong></span> <span class='ocrx_word' id='word_1_578' title='bbox 2898 3795 3193 3863; x_wconf 83' lang='lat' dir='ltr'><strong>malorum,</strong></span> <span class='ocrx_word' id='word_1_579' title='bbox 3229 3801 3291 3850; x_wconf 92' lang='lat' dir='ltr'><strong>ut</strong></span> <span class='ocrx_word' id='word_1_580' title='bbox 3314 3809 3457 3865; x_wconf 90' lang='lat' dir='ltr'><strong>quos</strong></span> <span class='ocrx_word' id='word_1_581' title='bbox 3478 3809 3789 3865; x_wconf 86' lang='lat' dir='ltr'><strong>persequu-</strong></span> 
     </span>
    </p>
   </div>
   <div class='ocr_carea' id='block_1_82' title="bbox 2190 3885 3789 3958">
    <p class='ocr_par' dir='ltr' id='par_1_82' title="bbox 2190 3885 3789 3958">
     <span class='ocr_line' id='line_1_82' title="bbox 2190 3885 3789 3958; baseline -0.003 -15"><span class='ocrx_word' id='word_1_582' title='bbox 2190 3896 2340 3944; x_wconf 89' lang='lat' dir='ltr'><strong>tores</strong></span> <span class='ocrx_word' id='word_1_583' title='bbox 2370 3887 2699 3958; x_wconf 90' lang='lat' dir='ltr'><strong>patiebatur,</strong></span> <span class='ocrx_word' id='word_1_584' title='bbox 2726 3888 2870 3944; x_wconf 86' lang='lat' dir='ltr'><strong>ﬁlios</strong></span> <span class='ocrx_word' id='word_1_585' title='bbox 2898 3885 3124 3955; x_wconf 82' lang='lat' dir='ltr'><strong>faceret,</strong></span> <span class='ocrx_word' id='word_1_586' title='bbox 3172 3894 3229 3942; x_wconf 92' lang='lat' dir='ltr'><strong>et</strong></span> <span class='ocrx_word' id='word_1_587' title='bbox 3267 3885 3509 3942; x_wconf 89' lang='lat' dir='ltr'><strong>Domino</strong></span> <span class='ocrx_word' id='word_1_588' title='bbox 3537 3887 3789 3943; x_wconf 84' lang='lat' dir='ltr'><strong>redderet</strong></span> 
     </span>
    </p>
   </div>
   <div class='ocr_carea' id='block_1_83' title="bbox 2188 3977 3463 4049">
    <p class='ocr_par' dir='ltr' id='par_1_83' title="bbox 2188 3977 3463 4049">
     <span class='ocr_line' id='line_1_83' title="bbox 2188 3977 3463 4049; baseline -0.003 -14"><span class='ocrx_word' id='word_1_589' title='bbox 2188 3979 2423 4046; x_wconf 88' lang='lat' dir='ltr'><strong>animas,</strong></span> <span class='ocrx_word' id='word_1_590' title='bbox 2445 3995 2586 4049; x_wconf 90' lang='lat' dir='ltr'><strong>quas</strong></span> <span class='ocrx_word' id='word_1_591' title='bbox 2614 3979 2866 4034; x_wconf 84' lang='lat' dir='ltr'><strong>diabolus</strong></span> <span class='ocrx_word' id='word_1_592' title='bbox 2888 3979 3195 4034; x_wconf 89' lang='lat' dir='ltr'><strong>conabatur</strong></span> <span class='ocrx_word' id='word_1_593' title='bbox 3222 3977 3463 4032; x_wconf 89' lang='lat' dir='ltr'><strong>auferre.</strong></span> 
     </span>
    </p>
   </div>
   <div class='ocr_carea' id='block_1_84' title="bbox 2258 4068 3785 4142">
    <p class='ocr_par' dir='ltr' id='par_1_84' title="bbox 2258 4068 3785 4142">
     <span class='ocr_line' id='line_1_84' title="bbox 2258 4068 3785 4142; baseline -0.005 -15"><span class='ocrx_word' id='word_1_594' title='bbox 2258 4071 2506 4142; x_wconf 86' lang='lat' dir='ltr'><strong>Cumque</strong></span> <span class='ocrx_word' id='word_1_595' title='bbox 2534 4071 2650 4141; x_wconf 89' lang='lat' dir='ltr'><strong>jam</strong></span> <span class='ocrx_word' id='word_1_596' title='bbox 2687 4070 2784 4126; x_wconf 91' lang='lat' dir='ltr'><strong>Dei</strong></span> <span class='ocrx_word' id='word_1_597' title='bbox 2825 4072 3151 4141; x_wconf 87' lang='lat' dir='ltr'><strong>disponente</strong></span> <span class='ocrx_word' id='word_1_598' title='bbox 3177 4069 3467 4125; x_wconf 90' lang='lat' dir='ltr'><strong>clementia</strong></span> <span class='ocrx_word' id='word_1_599' title='bbox 3504 4068 3701 4139; x_wconf 85' lang='lat' dir='ltr'><strong>plures</strong></span> <span class='ocrx_word' id='word_1_600' title='bbox 3722 4082 3785 4123; x_wconf 75' lang='lat' dir='ltr'><strong>ex</strong></span> 
     </span>
    </p>
   </div>
   <div class='ocr_carea' id='block_1_85' title="bbox 2189 4159 3787 4234">
    <p class='ocr_par' dir='ltr' id='par_1_85' title="bbox 2189 4159 3787 4234">
     <span class='ocr_line' id='line_1_85' title="bbox 2189 4159 3787 4234; baseline -0.004 -15"><span class='ocrx_word' id='word_1_601' title='bbox 2189 4162 2298 4231; x_wconf 87' lang='lat' dir='ltr'><strong>his,</strong></span> <span class='ocrx_word' id='word_1_602' title='bbox 2331 4163 2426 4234; x_wconf 84' lang='lat' dir='ltr'><strong>qui</strong></span> <span class='ocrx_word' id='word_1_603' title='bbox 2466 4162 2760 4234; x_wconf 89' lang='lat' dir='ltr'><strong>aliquando</strong></span> <span class='ocrx_word' id='word_1_604' title='bbox 2803 4161 3180 4217; x_wconf 68' lang='lat' dir='ltr'><strong>fuerant&#39;vasa</strong></span> <span class='ocrx_word' id='word_1_605' title='bbox 3225 4160 3322 4216; x_wconf 69' lang='lat' dir='ltr'><strong>ira:</strong></span> <span class='ocrx_word' id='word_1_606' title='bbox 3369 4159 3427 4214; x_wconf 91' lang='lat' dir='ltr'><strong>in</strong></span> <span class='ocrx_word' id='word_1_607' title='bbox 3476 4159 3787 4223; x_wconf 84' lang='lat' dir='ltr'><strong>interitum,</strong></span> 
     </span>
    </p>
   </div>
   <div class='ocr_carea' id='block_1_86' title="bbox 2188 4251 3788 4324">
    <p class='ocr_par' dir='ltr' id='par_1_86' title="bbox 2188 4251 3788 4324">
     <span class='ocr_line' id='line_1_86' title="bbox 2188 4251 3788 4324; baseline -0.004 -13"><span class='ocrx_word' id='word_1_608' title='bbox 2188 4256 2381 4311; x_wconf 87' lang='lat' dir='ltr'><strong>ﬁerent</strong></span> <span class='ocrx_word' id='word_1_609' title='bbox 2391 4271 2523 4311; x_wconf 86' lang='lat' dir='ltr'><strong>vasa</strong></span> <span class='ocrx_word' id='word_1_610' title='bbox 2541 4254 2932 4311; x_wconf 58' lang='lat' dir='ltr'><strong>misericordias</strong></span> <span class='ocrx_word' id='word_1_611' title='bbox 2954 4268 3051 4324; x_wconf 87' lang='lat' dir='ltr'><strong>per</strong></span> <span class='ocrx_word' id='word_1_612' title='bbox 3064 4251 3324 4323; x_wconf 91' lang='lat' dir='ltr'><strong>baptismi</strong></span> <span class='ocrx_word' id='word_1_613' title='bbox 3349 4258 3788 4315; x_wconf 87' lang='lat' dir='ltr'><strong>sacramentum,</strong></span> 
     </span>
    </p>
   </div>
   <div class='ocr_carea' id='block_1_87' title="bbox 2188 4342 3791 4412">
    <p class='ocr_par' dir='ltr' id='par_1_87' title="bbox 2188 4342 3791 4412">
     <span class='ocr_line' id='line_1_87' title="bbox 2188 4342 3791 4412; baseline -0.004 -10"><span class='ocrx_word' id='word_1_614' title='bbox 2188 4347 2380 4403; x_wconf 87' lang='lat' dir='ltr'><strong>videns</strong></span> <span class='ocrx_word' id='word_1_615' title='bbox 2423 4346 2729 4403; x_wconf 70' lang='lat' dir='ltr'><strong>aaeclesiam</strong></span> <span class='ocrx_word' id='word_1_616' title='bbox 2769 4346 3011 4402; x_wconf 89' lang='lat' dir='ltr'><strong>ﬁdelium</strong></span> <span class='ocrx_word' id='word_1_617' title='bbox 3045 4345 3102 4400; x_wconf 91' lang='lat' dir='ltr'><strong>iu</strong></span> <span class='ocrx_word' id='word_1_618' title='bbox 3131 4359 3198 4400; x_wconf 88' lang='lat' dir='ltr'><strong>eo</strong></span> <span class='ocrx_word' id='word_1_619' title='bbox 3241 4357 3386 4411; x_wconf 87' lang='lat' dir='ltr'><strong>esse,</strong></span> <span class='ocrx_word' id='word_1_620' title='bbox 3414 4351 3478 4397; x_wconf 93' lang='lat' dir='ltr'><strong>ut</strong></span> <span class='ocrx_word' id='word_1_621' title='bbox 3522 4342 3791 4412; x_wconf 80' lang='lat' dir='ltr'><strong>proﬁcere</strong></span> 
     </span>
    </p>
   </div>
   <div class='ocr_carea' id='block_1_88' title="bbox 2185 4431 3795 4509">
    <p class='ocr_par' dir='ltr' id='par_1_88' title="bbox 2185 4431 3795 4509">
     <span class='ocr_line' id='line_1_88' title="bbox 2185 4431 3795 4509; baseline -0.004 -17"><span class='ocrx_word' id='word_1_622' title='bbox 2185 4438 2301 4509; x_wconf 87' lang='lat' dir='ltr'><strong>jam</strong></span> <span class='ocrx_word' id='word_1_623' title='bbox 2328 4437 2447 4508; x_wconf 88' lang='lat' dir='ltr'><strong>ipsa</strong></span> <span class='ocrx_word' id='word_1_624' title='bbox 2475 4453 2570 4508; x_wconf 90' lang='lat' dir='ltr'><strong>per</strong></span> <span class='ocrx_word' id='word_1_625' title='bbox 2598 4437 2949 4508; x_wconf 88' lang='lat' dir='ltr'><strong>semetipsam</strong></span> <span class='ocrx_word' id='word_1_626' title='bbox 2971 4441 3179 4507; x_wconf 87' lang='lat' dir='ltr'><strong>posset,</strong></span> <span class='ocrx_word' id='word_1_627' title='bbox 3209 4445 3279 4490; x_wconf 82' lang='lat' dir='ltr'><strong>et</strong></span> <span class='ocrx_word' id='word_1_628' title='bbox 3296 4434 3500 4493; x_wconf 87' lang='lat' dir='ltr'><strong>timens</strong></span> <span class='ocrx_word' id='word_1_629' title='bbox 3523 4447 3598 4487; x_wconf 91' lang='lat' dir='ltr'><strong>ne</strong></span> <span class='ocrx_word' id='word_1_630' title='bbox 3627 4433 3678 4489; x_wconf 88' lang='lat' dir='ltr'><strong>si</strong></span> <span class='ocrx_word' id='word_1_631' title='bbox 3697 4431 3795 4487; x_wconf 80' lang='lat' dir='ltr'><strong>ali-</strong></span> 
     </span>
    </p>
   </div>
   <div class='ocr_carea' id='block_1_89' title="bbox 418 4510 3792 4607">
    <p class='ocr_par' dir='ltr' id='par_1_89' title="bbox 418 4510 3792 4607">
     <span class='ocr_line' id='line_1_89' title="bbox 418 4510 3792 4607; baseline -0.002 -24"><span class='ocrx_word' id='word_1_632' title='bbox 418 4582 421 4583; x_wconf 30' lang='grc' dir='ltr'><em>ν</em></span> <span class='ocrx_word' id='word_1_633' title='bbox 454 4510 467 4519; x_wconf 37' lang='grc'><em>“</em></span> <span class='ocrx_word' id='word_1_634' title='bbox 497 4530 608 4600; x_wconf 81' lang='lat' dir='ltr'><strong>tio,</strong></span> <span class='ocrx_word' id='word_1_635' title='bbox 644 4547 806 4587; x_wconf 87' lang='lat' dir='ltr'><strong>mons</strong></span> <span class='ocrx_word' id='word_1_636' title='bbox 858 4540 978 4587; x_wconf 86' lang='lat' dir='ltr'><strong>erat</strong></span> <span class='ocrx_word' id='word_1_637' title='bbox 1019 4533 1160 4587; x_wconf 90' lang='lat' dir='ltr'><strong>situs</strong></span> <span class='ocrx_word' id='word_1_638' title='bbox 1208 4533 1277 4587; x_wconf 89' lang='lat' dir='ltr'><strong>ad</strong></span> <span class='ocrx_word' id='word_1_639' title='bbox 1322 4533 1825 4604; x_wconf 88' lang='lat' dir='ltr'><strong>septemtrionalem</strong></span> <span class='ocrx_word' id='word_1_640' title='bbox 1873 4533 2090 4604; x_wconf 88' lang='lat' dir='ltr'><strong>plagam</strong></span> <span class='ocrx_word' id='word_1_641' title='bbox 2120 4551 2166 4607; x_wconf 76' lang='grc' dir='ltr'><strong>ι)</strong></span> <span class='ocrx_word' id='word_1_642' title='bbox 2189 4538 2397 4602; x_wconf 87' lang='lat' dir='ltr'><strong>quanto</strong></span> <span class='ocrx_word' id='word_1_643' title='bbox 2423 4529 2632 4584; x_wconf 90' lang='lat' dir='ltr'><strong>diutius</strong></span> <span class='ocrx_word' id='word_1_644' title='bbox 2674 4528 2751 4584; x_wconf 89' lang='lat' dir='ltr'><strong>ibi</strong></span> <span class='ocrx_word' id='word_1_645' title='bbox 2791 4534 3184 4592; x_wconf 89' lang='lat' dir='ltr'><strong>remoraretur,</strong></span> <span class='ocrx_word' id='word_1_646' title='bbox 3221 4524 3482 4595; x_wconf 70' lang='lat' dir='ltr'><strong>injunctze</strong></span> <span class='ocrx_word' id='word_1_647' title='bbox 3526 4523 3639 4578; x_wconf 89' lang='lat' dir='ltr'><strong>sibi</strong></span> <span class='ocrx_word' id='word_1_648' title='bbox 3666 4522 3792 4577; x_wconf 74' lang='lat' dir='ltr'><strong>obe~</strong></span> 
     </span>
    </p>
   </div>
   <div class='ocr_carea' id='block_1_90' title="bbox 496 4624 2088 4694">
    <p class='ocr_par' dir='ltr' id='par_1_90' title="bbox 496 4624 2088 4694">
     <span class='ocr_line' id='line_1_90' title="bbox 496 4624 2088 4694; baseline -0.001 -12"><span class='ocrx_word' id='word_1_649' title='bbox 496 4624 674 4692; x_wconf 83' lang='lat' dir='ltr'><strong>urbis,</strong></span> <span class='ocrx_word' id='word_1_650' title='bbox 706 4624 804 4694; x_wconf 84' lang='lat' dir='ltr'><strong>qui</strong></span> <span class='ocrx_word' id='word_1_651' title='bbox 836 4624 891 4678; x_wconf 89' lang='lat' dir='ltr'><strong>in</strong></span> <span class='ocrx_word' id='word_1_652' title='bbox 919 4639 1022 4679; x_wconf 90' lang='lat' dir='ltr'><strong>suo</strong></span> <span class='ocrx_word' id='word_1_653' title='bbox 1047 4625 1334 4679; x_wconf 89' lang='lat' dir='ltr'><strong>cacumine</strong></span> <span class='ocrx_word' id='word_1_654' title='bbox 1349 4638 1419 4679; x_wconf 76' lang='lat' dir='ltr'><strong>ex</strong></span> <span class='ocrx_word' id='word_1_655' title='bbox 1444 4632 1573 4680; x_wconf 90' lang='lat' dir='ltr'><strong>tunc</strong></span> <span class='ocrx_word' id='word_1_656' title='bbox 1585 4630 1761 4693; x_wconf 80' lang='lat' dir='ltr'><strong>gestat</strong></span> <span class='ocrx_word' id='word_1_657' title='bbox 1786 4624 2088 4680; x_wconf 65' lang='lat' dir='ltr'><strong>tecclesiam</strong></span> 
     </span>
    </p>
   </div>
   <div class='ocr_carea' id='block_1_91' title="bbox 498 4714 2091 4788">
    <p class='ocr_par' dir='ltr' id='par_1_91' title="bbox 498 4714 2091 4788">
     <span class='ocr_line' id='line_1_91' title="bbox 498 4714 2091 4788; baseline -0.001 -16"><span class='ocrx_word' id='word_1_658' title='bbox 498 4717 873 4788; x_wconf 87' lang='lat' dir='ltr'><strong>apostolorum</strong></span> <span class='ocrx_word' id='word_1_659' title='bbox 908 4714 1055 4772; x_wconf 88' lang='lat' dir='ltr'><strong>Petri</strong></span> <span class='ocrx_word' id='word_1_660' title='bbox 1108 4724 1164 4770; x_wconf 90' lang='lat' dir='ltr'><strong>et</strong></span> <span class='ocrx_word' id='word_1_661' title='bbox 1208 4715 1365 4770; x_wconf 89' lang='lat' dir='ltr'><strong>Pauli</strong></span> <span class='ocrx_word' id='word_1_662' title='bbox 1405 4715 1629 4770; x_wconf 88' lang='lat' dir='ltr'><strong>nomine</strong></span> <span class='ocrx_word' id='word_1_663' title='bbox 1677 4724 1734 4770; x_wconf 92' lang='lat' dir='ltr'><strong>et</strong></span> <span class='ocrx_word' id='word_1_664' title='bbox 1766 4716 1976 4774; x_wconf 89' lang='lat' dir='ltr'><strong>meritis</strong></span> <span class='ocrx_word' id='word_1_665' title='bbox 2019 4717 2091 4772; x_wconf 89' lang='lat' dir='ltr'><strong>ab</strong></span> 
     </span>
    </p>
   </div>
   <div class='ocr_carea' id='block_1_92' title="bbox 500 4807 2092 4879">
    <p class='ocr_par' dir='ltr' id='par_1_92' title="bbox 500 4807 2092 4879">
     <span class='ocr_line' id='line_1_92' title="bbox 500 4807 2092 4879; baseline 0.001 -16"><span class='ocrx_word' id='word_1_666' title='bbox 500 4808 624 4879; x_wconf 90' lang='lat' dir='ltr'><strong>ipso</strong></span> <span class='ocrx_word' id='word_1_667' title='bbox 646 4809 767 4865; x_wconf 86' lang='lat' dir='ltr'><strong>viro</strong></span> <span class='ocrx_word' id='word_1_668' title='bbox 800 4807 897 4865; x_wconf 91' lang='lat' dir='ltr'><strong>Dei</strong></span> <span class='ocrx_word' id='word_1_669' title='bbox 934 4809 1265 4865; x_wconf 88' lang='lat' dir='ltr'><strong>dedicatam.</strong></span> <span class='ocrx_word' id='word_1_670' title='bbox 1289 4808 1423 4876; x_wconf 74' lang='lat' dir='ltr'><strong>Qum</strong></span> <span class='ocrx_word' id='word_1_671' title='bbox 1453 4808 1796 4864; x_wconf 88' lang='lat' dir='ltr'><strong>consecratio</strong></span> <span class='ocrx_word' id='word_1_672' title='bbox 1821 4808 1964 4865; x_wconf 83' lang='lat' dir='ltr'><strong>facta</strong></span> <span class='ocrx_word' id='word_1_673' title='bbox 2004 4820 2092 4865; x_wconf 92' lang='lat' dir='ltr'><strong>est</strong></span> 
     </span>
    </p>
   </div>
   <div class='ocr_carea' id='block_1_93' title="bbox 498 4900 2090 4969">
    <p class='ocr_par' dir='ltr' id='par_1_93' title="bbox 498 4900 2090 4969">
     <span class='ocr_line' id='line_1_93' title="bbox 498 4900 2090 4969; baseline -0.001 -12"><span class='ocrx_word' id='word_1_674' title='bbox 498 4916 648 4957; x_wconf 89' lang='lat' dir='ltr'><strong>anno</strong></span> <span class='ocrx_word' id='word_1_675' title='bbox 703 4901 973 4957; x_wconf 85' lang='lat' dir='ltr'><strong>incarnati</strong></span> <span class='ocrx_word' id='word_1_676' title='bbox 1022 4900 1185 4957; x_wconf 81' lang='lat' dir='ltr'><strong>Verbi</strong></span> <span class='ocrx_word' id='word_1_677' title='bbox 1233 4902 1330 4969; x_wconf 90' lang='lat'><strong>98,</strong></span> <span class='ocrx_word' id='word_1_678' title='bbox 1376 4901 1628 4957; x_wconf 89' lang='lat' dir='ltr'><strong>videlicet</strong></span> <span class='ocrx_word' id='word_1_679' title='bbox 1663 4902 1750 4956; x_wconf 75' lang='lat'><strong>15°</strong></span> <span class='ocrx_word' id='word_1_680' title='bbox 1785 4900 2090 4959; x_wconf 90' lang='lat' dir='ltr'><strong>Domiciani</strong></span> 
     </span>
    </p>
   </div>
   <div class='ocr_carea' id='block_1_94' title="bbox 500 4995 2085 5068">
    <p class='ocr_par' dir='ltr' id='par_1_94' title="bbox 500 4995 2085 5068">
     <span class='ocr_line' id='line_1_94' title="bbox 500 4995 2085 5068; baseline -0.002 -14"><span class='ocrx_word' id='word_1_681' title='bbox 500 4997 919 5065; x_wconf 68' lang='lat' dir='ltr'><strong>caasaris-anno,</strong></span> <span class='ocrx_word' id='word_1_682' title='bbox 967 4996 1206 5068; x_wconf 86' lang='lat' dir='ltr'><strong>Trajano</strong></span> <span class='ocrx_word' id='word_1_683' title='bbox 1244 4998 1444 5068; x_wconf 88' lang='lat' dir='ltr'><strong>septies</strong></span> <span class='ocrx_word' id='word_1_684' title='bbox 1481 5004 1538 5052; x_wconf 91' lang='lat' dir='ltr'><strong>et</strong></span> <span class='ocrx_word' id='word_1_685' title='bbox 1570 4995 1812 5051; x_wconf 81' lang='lat' dir='ltr'><strong>Maximo</strong></span> <span class='ocrx_word' id='word_1_686' title='bbox 1840 4996 2085 5053; x_wconf 90' lang='lat' dir='ltr'><strong>consuli-</strong></span> 
     </span>
    </p>
   </div>
   <div class='ocr_carea' id='block_1_95' title="bbox 501 5080 2089 5163">
    <p class='ocr_par' dir='ltr' id='par_1_95' title="bbox 501 5080 2089 5163">
     <span class='ocr_line' id='line_1_95' title="bbox 501 5080 2089 5163; baseline -0.003 -16"><span class='ocrx_word' id='word_1_687' title='bbox 501 5091 628 5147; x_wconf 87' lang='lat' dir='ltr'><strong>bus.</strong></span> <span class='ocrx_word' id='word_1_688' title='bbox 661 5089 722 5145; x_wconf 87' lang='lat' dir='ltr'><strong>ln</strong></span> <span class='ocrx_word' id='word_1_689' title='bbox 749 5107 857 5163; x_wconf 89' lang='lat' dir='ltr'><strong>qua</strong></span> <span class='ocrx_word' id='word_1_690' title='bbox 887 5091 1053 5146; x_wconf 85' lang='lat' dir='ltr'><strong>etiam</strong></span> <span class='ocrx_word' id='word_1_691' title='bbox 1088 5091 1289 5146; x_wconf 88' lang='lat' dir='ltr'><strong>atrium</strong></span> <span class='ocrx_word' id='word_1_692' title='bbox 1318 5080 1615 5157; x_wconf 81' lang='lat' dir='ltr'><strong>benedixit,</strong></span> <span class='ocrx_word' id='word_1_693' title='bbox 1657 5098 1713 5145; x_wconf 91' lang='lat' dir='ltr'><strong>et</strong></span> <span class='ocrx_word' id='word_1_694' title='bbox 1757 5088 2089 5145; x_wconf 89' lang='lat' dir='ltr'><strong>cimiterium</strong></span> 
     </span>
    </p>
   </div>
   <div class='ocr_carea' id='block_1_96' title="bbox 505 5179 2089 5253">
    <p class='ocr_par' dir='ltr' id='par_1_96' title="bbox 505 5179 2089 5253">
     <span class='ocr_line' id='line_1_96' title="bbox 505 5179 2089 5253; baseline -0.003 -14"><span class='ocrx_word' id='word_1_695' title='bbox 505 5179 869 5239; x_wconf 77' lang='lat' dir='ltr'><strong>Virdunensis</strong></span> <span class='ocrx_word' id='word_1_696' title='bbox 895 5180 1158 5239; x_wconf 77' lang='lat' dir='ltr'><strong>zecclesia:</strong></span> <span class='ocrx_word' id='word_1_697' title='bbox 1171 5198 1293 5238; x_wconf 89' lang='lat' dir='ltr'><strong>esse</strong></span> <span class='ocrx_word' id='word_1_698' title='bbox 1326 5182 1636 5249; x_wconf 90' lang='lat' dir='ltr'><strong>constituit,</strong></span> <span class='ocrx_word' id='word_1_699' title='bbox 1663 5182 1758 5237; x_wconf 91' lang='lat' dir='ltr'><strong>ubi</strong></span> <span class='ocrx_word' id='word_1_700' title='bbox 1788 5181 1905 5253; x_wconf 89' lang='lat' dir='ltr'><strong>ipse</strong></span> <span class='ocrx_word' id='word_1_701' title='bbox 1927 5180 2089 5236; x_wconf 88' lang='lat' dir='ltr'><strong>dom—</strong></span> 
     </span>
    </p>
   </div>
   <div class='ocr_carea' id='block_1_97' title="bbox 494 5274 2092 5355">
    <p class='ocr_par' dir='ltr' id='par_1_97' title="bbox 494 5274 2092 5355">
     <span class='ocr_line' id='line_1_97' title="bbox 494 5274 2092 5355; baseline -0.003 -25"><span class='ocrx_word' id='word_1_702' title='bbox 494 5289 614 5339; x_wconf 69' lang='lat' dir='ltr'><strong>nus</strong></span> <span class='ocrx_word' id='word_1_703' title='bbox 647 5291 773 5331; x_wconf 89' lang='lat' dir='ltr'><strong>cum</strong></span> <span class='ocrx_word' id='word_1_704' title='bbox 799 5274 1219 5333; x_wconf 89' lang='lat' dir='ltr'><strong>successoribus</strong></span> <span class='ocrx_word' id='word_1_705' title='bbox 1243 5275 1360 5332; x_wconf 90' lang='lat' dir='ltr'><strong>suis</strong></span> <span class='ocrx_word' id='word_1_706' title='bbox 1378 5275 1709 5355; x_wconf 19' lang='lat' dir='ltr'><strong>‘prtesulibus</strong></span> <span class='ocrx_word' id='word_1_707' title='bbox 1736 5274 1965 5340; x_wconf 80' lang='lat' dir='ltr'><strong>sumtis,</strong></span> <span class='ocrx_word' id='word_1_708' title='bbox 1997 5288 2092 5327; x_wconf 77' lang='lat' dir='ltr'><strong>ex-</strong></span> 
     </span>
    </p>
   </div>
   <div class='ocr_carea' id='block_1_98' title="bbox 505 5366 2091 5441">
    <p class='ocr_par' dir='ltr' id='par_1_98' title="bbox 505 5366 2091 5441">
     <span class='ocr_line' id='line_1_98' title="bbox 505 5366 2091 5441; baseline -0.006 -14"><span class='ocrx_word' id='word_1_709' title='bbox 505 5369 680 5439; x_wconf 80' lang='lat' dir='ltr'><strong>ceptis</strong></span> <span class='ocrx_word' id='word_1_710' title='bbox 722 5368 830 5437; x_wconf 87' lang='lat' dir='ltr'><strong>his,</strong></span> <span class='ocrx_word' id='word_1_711' title='bbox 868 5369 964 5441; x_wconf 93' lang='lat' dir='ltr'><strong>qui</strong></span> <span class='ocrx_word' id='word_1_712' title='bbox 995 5369 1339 5435; x_wconf 89' lang='lat' dir='ltr'><strong>sibidicatas</strong></span> <span class='ocrx_word' id='word_1_713' title='bbox 1362 5369 1623 5426; x_wconf 84' lang='lat' dir='ltr'><strong>ecclesias</strong></span> <span class='ocrx_word' id='word_1_714' title='bbox 1652 5367 1923 5438; x_wconf 88' lang='lat' dir='ltr'><strong>corporali</strong></span> <span class='ocrx_word' id='word_1_715' title='bbox 1963 5366 2091 5420; x_wconf 85' lang='lat' dir='ltr'><strong>illu-</strong></span> 
     </span>
    </p>
   </div>
   <div class='ocr_carea' id='block_1_99' title="bbox 2193 4613 3790 4693">
    <p class='ocr_par' dir='ltr' id='par_1_99' title="bbox 2193 4613 3790 4693">
     <span class='ocr_line' id='line_1_99' title="bbox 2193 4613 3790 4693; baseline -0.008 -15"><span class='ocrx_word' id='word_1_716' title='bbox 2193 4621 2414 4679; x_wconf 78' lang='lat' dir='ltr'><strong>dientia:</strong></span> <span class='ocrx_word' id='word_1_717' title='bbox 2456 4622 2656 4693; x_wconf 88' lang='lat' dir='ltr'><strong>legatio</strong></span> <span class='ocrx_word' id='word_1_718' title='bbox 2701 4628 3043 4687; x_wconf 77' lang='lat' dir='ltr'><strong>cessaretur,</strong></span> <span class='ocrx_word' id='word_1_719' title='bbox 3097 4615 3420 4674; x_wconf 87' lang='lat' dir='ltr'><strong>confortatis</strong></span> <span class='ocrx_word' id='word_1_720' title='bbox 3459 4613 3520 4668; x_wconf 89' lang='lat' dir='ltr'><strong>in</strong></span> <span class='ocrx_word' id='word_1_721' title='bbox 3558 4613 3790 4669; x_wconf 91' lang='lat' dir='ltr'><strong>Domino</strong></span> 
     </span>
    </p>
   </div>
   <div class='ocr_carea' id='block_1_100' title="bbox 2194 4710 3791 4789">
    <p class='ocr_par' dir='ltr' id='par_1_100' title="bbox 2194 4710 3791 4789">
     <span class='ocr_line' id='line_1_100' title="bbox 2194 4710 3791 4789; baseline -0.008 -12"><span class='ocrx_word' id='word_1_722' title='bbox 2194 4721 2546 4789; x_wconf 88' lang='lat' dir='ltr'><strong>fratribus,et</strong></span> <span class='ocrx_word' id='word_1_723' title='bbox 2570 4734 2733 4775; x_wconf 86' lang='lat' dir='ltr'><strong>suum</strong></span> <span class='ocrx_word' id='word_1_724' title='bbox 2755 4719 2992 4774; x_wconf 90' lang='lat' dir='ltr'><strong>reditum</strong></span> <span class='ocrx_word' id='word_1_725' title='bbox 3004 4715 3277 4771; x_wconf 88' lang='lat' dir='ltr'><strong>maturius</strong></span> <span class='ocrx_word' id='word_1_726' title='bbox 3300 4711 3639 4784; x_wconf 86' lang='lat' dir='ltr'><strong>promittens</strong></span> <span class='ocrx_word' id='word_1_727' title='bbox 3658 4710 3791 4766; x_wconf 81' lang='lat' dir='ltr'><strong>aﬁ&#39;u-</strong></span> 
     </span>
    </p>
   </div>
   <div class='ocr_carea' id='block_1_101' title="bbox 2194 4807 3785 4885">
    <p class='ocr_par' dir='ltr' id='par_1_101' title="bbox 2194 4807 3785 4885">
     <span class='ocr_line' id='line_1_101' title="bbox 2194 4807 3785 4885; baseline -0.008 -13"><span class='ocrx_word' id='word_1_728' title='bbox 2194 4826 2401 4885; x_wconf 90' lang='lat' dir='ltr'><strong>turum,</strong></span> <span class='ocrx_word' id='word_1_729' title='bbox 2433 4815 2735 4871; x_wconf 74' lang='lat' dir='ltr'><strong>raledicens</strong></span> <span class='ocrx_word' id='word_1_730' title='bbox 2758 4815 2860 4883; x_wconf 90' lang='lat' dir='ltr'><strong>eis,</strong></span> <span class='ocrx_word' id='word_1_731' title='bbox 2891 4823 2947 4869; x_wconf 89' lang='lat' dir='ltr'><strong>et</strong></span> <span class='ocrx_word' id='word_1_732' title='bbox 2972 4810 3366 4868; x_wconf 89' lang='lat' dir='ltr'><strong>commendans</strong></span> <span class='ocrx_word' id='word_1_733' title='bbox 3393 4823 3490 4864; x_wconf 90' lang='lat' dir='ltr'><strong>eos</strong></span> <span class='ocrx_word' id='word_1_734' title='bbox 3522 4807 3785 4870; x_wconf 83' lang='lat' dir='ltr'><strong>Domino,</strong></span> 
     </span>
    </p>
   </div>
   <div class='ocr_carea' id='block_1_102' title="bbox 2196 4895 3793 4974">
    <p class='ocr_par' dir='ltr' id='par_1_102' title="bbox 2196 4895 3793 4974">
     <span class='ocr_line' id='line_1_102' title="bbox 2196 4895 3793 4974; baseline -0.006 -15"><span class='ocrx_word' id='word_1_735' title='bbox 2196 4904 2444 4960; x_wconf 88' lang='lat' dir='ltr'><strong>illiscum</strong></span> <span class='ocrx_word' id='word_1_736' title='bbox 2478 4903 2936 4974; x_wconf 90' lang='lat' dir='ltr'><strong>persequentibus</strong></span> <span class='ocrx_word' id='word_1_737' title='bbox 2954 4916 3081 4959; x_wconf 89' lang='lat' dir='ltr'><strong>cum</strong></span> <span class='ocrx_word' id='word_1_738' title='bbox 3098 4897 3370 4965; x_wconf 88' lang='lat' dir='ltr'><strong>lacrimis,</strong></span> <span class='ocrx_word' id='word_1_739' title='bbox 3395 4895 3636 4952; x_wconf 80' lang='lat' dir='ltr'><strong>Romam</strong></span> <span class='ocrx_word' id='word_1_740' title='bbox 3673 4909 3793 4965; x_wconf 87' lang='lat' dir='ltr'><strong>pro-</strong></span> 
     </span>
    </p>
   </div>
   <div class='ocr_carea' id='block_1_103' title="bbox 2195 4988 3791 5069">
    <p class='ocr_par' dir='ltr' id='par_1_103' title="bbox 2195 4988 3791 5069">
     <span class='ocr_line' id='line_1_103' title="bbox 2195 4988 3791 5069; baseline -0.008 -15"><span class='ocrx_word' id='word_1_741' title='bbox 2195 4997 2371 5055; x_wconf 84' lang='lat' dir='ltr'><strong>fectus</strong></span> <span class='ocrx_word' id='word_1_742' title='bbox 2414 5006 2499 5054; x_wconf 89' lang='lat' dir='ltr'><strong>est</strong></span> <span class='ocrx_word' id='word_1_743' title='bbox 2541 4996 2739 5069; x_wconf 78' lang='lat' dir='ltr'><strong>(Epist.</strong></span> <span class='ocrx_word' id='word_1_744' title='bbox 2808 4995 3109 5051; x_wconf 81' lang='lat' dir='ltr'><strong>Hincmari.</strong></span> <span class='ocrx_word' id='word_1_745' title='bbox 3166 4992 3315 5063; x_wconf 87' lang='lat' dir='ltr'><strong>(Fol.</strong></span> <span class='ocrx_word' id='word_1_746' title='bbox 3377 4990 3519 5059; x_wconf 66' lang='grc' dir='ltr'><strong>Μ’.)</strong></span> <span class='ocrx_word' id='word_1_747' title='bbox 3584 4988 3656 5045; x_wconf 87' lang='lat' dir='ltr'><strong>Et</strong></span> <span class='ocrx_word' id='word_1_748' title='bbox 3697 5003 3791 5042; x_wconf 85' lang='lat' dir='ltr'><strong>ve-</strong></span> 
     </span>
    </p>
   </div>
   <div class='ocr_carea' id='block_1_104' title="bbox 2195 5085 3794 5160">
    <p class='ocr_par' dir='ltr' id='par_1_104' title="bbox 2195 5085 3794 5160">
     <span class='ocr_line' id='line_1_104' title="bbox 2195 5085 3794 5160; baseline -0.008 -12"><span class='ocrx_word' id='word_1_749' title='bbox 2195 5093 2408 5149; x_wconf 88' lang='lat' dir='ltr'><strong>nientes</strong></span> <span class='ocrx_word' id='word_1_750' title='bbox 2431 5093 2487 5147; x_wconf 90' lang='lat' dir='ltr'><strong>in</strong></span> <span class='ocrx_word' id='word_1_751' title='bbox 2516 5091 2748 5160; x_wconf 85' lang='lat' dir='ltr'><strong>Italiam,</strong></span> <span class='ocrx_word' id='word_1_752' title='bbox 2777 5091 3088 5147; x_wconf 81' lang='lat' dir='ltr'><strong>Antoninus</strong></span> <span class='ocrx_word' id='word_1_753' title='bbox 3114 5088 3294 5144; x_wconf 88' lang='lat' dir='ltr'><strong>valida</strong></span> <span class='ocrx_word' id='word_1_754' title='bbox 3317 5085 3468 5142; x_wconf 85' lang='lat' dir='ltr'><strong>febre</strong></span> <span class='ocrx_word' id='word_1_755' title='bbox 3504 5090 3794 5153; x_wconf 83' lang='lat' dir='ltr'><strong>correptus</strong></span> 
     </span>
    </p>
   </div>
   <div class='ocr_carea' id='block_1_105' title="bbox 2194 5177 3794 5257">
    <p class='ocr_par' dir='ltr' id='par_1_105' title="bbox 2194 5177 3794 5257">
     <span class='ocr_line' id='line_1_105' title="bbox 2194 5177 3794 5257; baseline -0.008 -16"><span class='ocrx_word' id='word_1_756' title='bbox 2194 5194 2298 5252; x_wconf 90' lang='lat' dir='ltr'><strong>est,</strong></span> <span class='ocrx_word' id='word_1_757' title='bbox 2333 5185 2389 5241; x_wconf 90' lang='lat' dir='ltr'><strong>in</strong></span> <span class='ocrx_word' id='word_1_758' title='bbox 2415 5186 2574 5257; x_wconf 89' lang='lat' dir='ltr'><strong>cujus</strong></span> <span class='ocrx_word' id='word_1_759' title='bbox 2602 5185 2883 5257; x_wconf 90' lang='lat' dir='ltr'><strong>obsequiis</strong></span> <span class='ocrx_word' id='word_1_760' title='bbox 2913 5185 3108 5239; x_wconf 90' lang='lat' dir='ltr'><strong>beatus</strong></span> <span class='ocrx_word' id='word_1_761' title='bbox 3130 5179 3429 5237; x_wconf 90' lang='lat' dir='ltr'><strong>Sanctinus</strong></span> <span class='ocrx_word' id='word_1_762' title='bbox 3457 5193 3559 5249; x_wconf 91' lang='lat' dir='ltr'><strong>per</strong></span> <span class='ocrx_word' id='word_1_763' title='bbox 3584 5177 3794 5246; x_wconf 88' lang='lat' dir='ltr'><strong>aliquot</strong></span> 
     </span>
    </p>
   </div>
   <div class='ocr_carea' id='block_1_106' title="bbox 2195 5263 3791 5345">
    <p class='ocr_par' dir='ltr' id='par_1_106' title="bbox 2195 5263 3791 5345">
     <span class='ocr_line' id='line_1_106' title="bbox 2195 5263 3791 5345; baseline -0.008 -13"><span class='ocrx_word' id='word_1_764' title='bbox 2195 5276 2313 5333; x_wconf 85' lang='lat' dir='ltr'><strong>dies</strong></span> <span class='ocrx_word' id='word_1_765' title='bbox 2352 5278 2698 5345; x_wconf 91' lang='lat' dir='ltr'><strong>immoratus,</strong></span> <span class='ocrx_word' id='word_1_766' title='bbox 2734 5275 2966 5332; x_wconf 89' lang='lat' dir='ltr'><strong>consilio</strong></span> <span class='ocrx_word' id='word_1_767' title='bbox 2994 5283 3048 5339; x_wconf 86' lang='lat' dir='ltr'><strong>et</strong></span> <span class='ocrx_word' id='word_1_768' title='bbox 3072 5287 3344 5330; x_wconf 88' lang='lat' dir='ltr'><strong>consensu</strong></span> <span class='ocrx_word' id='word_1_769' title='bbox 3370 5268 3621 5340; x_wconf 89' lang='lat' dir='ltr'><strong>ejusdem</strong></span> <span class='ocrx_word' id='word_1_770' title='bbox 3648 5263 3791 5323; x_wconf 86' lang='lat' dir='ltr'><strong>beati</strong></span> 
     </span>
    </p>
   </div>
   <div class='ocr_carea' id='block_1_107' title="bbox 2196 5361 3792 5440">
    <p class='ocr_par' dir='ltr' id='par_1_107' title="bbox 2196 5361 3792 5440">
     <span class='ocr_line' id='line_1_107' title="bbox 2196 5361 3792 5440; baseline -0.004 -18"><span class='ocrx_word' id='word_1_771' title='bbox 2196 5368 2477 5437; x_wconf 84' lang='lat' dir='ltr'><strong>Antonini,</strong></span> <span class='ocrx_word' id='word_1_772' title='bbox 2525 5385 2592 5427; x_wconf 89' lang='lat' dir='ltr'><strong>ne</strong></span> <span class='ocrx_word' id='word_1_773' title='bbox 2627 5368 2918 5440; x_wconf 70' lang='lat' dir='ltr'><strong>prmceptio</strong></span> <span class='ocrx_word' id='word_1_774' title='bbox 2962 5366 3106 5423; x_wconf 87' lang='lat' dir='ltr'><strong>beati</strong></span> <span class='ocrx_word' id='word_1_775' title='bbox 3151 5361 3397 5437; x_wconf 78' lang='lat' dir='ltr'><strong>Dyonisii</strong></span> <span class='ocrx_word' id='word_1_776' title='bbox 3440 5369 3792 5432; x_wconf 75' lang='lat' dir='ltr'><strong>quacumque</strong></span> 
     </span>
    </p>
   </div>
   <div class='ocr_carea' id='block_1_108' title="bbox 507 5453 3791 5535">
    <p class='ocr_par' dir='ltr' id='par_1_108' title="bbox 507 5453 3791 5535">
     <span class='ocr_line' id='line_1_108' title="bbox 507 5453 3791 5535; baseline -0.002 -18"><span class='ocrx_word' id='word_1_777' title='bbox 507 5468 688 5518; x_wconf 81' lang='lat' dir='ltr'><strong>strant</strong></span> <span class='ocrx_word' id='word_1_778' title='bbox 707 5459 1015 5534; x_wconf 66' lang='lat' dir='ltr'><strong>praesentia,</strong></span> <span class='ocrx_word' id='word_1_779' title='bbox 1040 5463 1121 5519; x_wconf 89' lang='lat' dir='ltr'><strong>vel</strong></span> <span class='ocrx_word' id='word_1_780' title='bbox 1146 5463 1239 5535; x_wconf 90' lang='lat' dir='ltr'><strong>qui</strong></span> <span class='ocrx_word' id='word_1_781' title='bbox 1268 5478 1364 5519; x_wconf 90' lang='lat' dir='ltr'><strong>eas</strong></span> <span class='ocrx_word' id='word_1_782' title='bbox 1393 5462 1818 5528; x_wconf 71' lang='lat' dir='ltr'><strong>mdiﬁcavcrunt,</strong></span> <span class='ocrx_word' id='word_1_783' title='bbox 1843 5468 1939 5514; x_wconf 88' lang='lat' dir='ltr'><strong>aut</strong></span> <span class='ocrx_word' id='word_1_784' title='bbox 1962 5458 2094 5514; x_wconf 82' lang='lat' dir='ltr'><strong>aedi-</strong></span> <span class='ocrx_word' id='word_1_785' title='bbox 2198 5462 2491 5519; x_wconf 90' lang='lat' dir='ltr'><strong>occasione</strong></span> <span class='ocrx_word' id='word_1_786' title='bbox 2521 5463 2895 5535; x_wconf 87' lang='lat' dir='ltr'><strong>impediretur,</strong></span> <span class='ocrx_word' id='word_1_787' title='bbox 2927 5475 3185 5533; x_wconf 87' lang='lat' dir='ltr'><strong>peragere</strong></span> <span class='ocrx_word' id='word_1_788' title='bbox 3212 5466 3430 5530; x_wconf 88' lang='lat' dir='ltr'><strong>ceptum</strong></span> <span class='ocrx_word' id='word_1_789' title='bbox 3457 5455 3565 5511; x_wconf 87' lang='lat' dir='ltr'><strong>iter</strong></span> <span class='ocrx_word' id='word_1_790' title='bbox 3604 5453 3791 5523; x_wconf 86' lang='lat' dir='ltr'><strong>dispo-</strong></span> 
     </span>
    </p>
   </div>
   <div class='ocr_carea' id='block_1_109' title="bbox 1754 5559 2927 5631">
    <p class='ocr_par' dir='ltr' id='par_1_109' title="bbox 1754 5559 2927 5631">
     <span class='ocr_line' id='line_1_109' title="bbox 1754 5559 2927 5631; baseline 0.005 -4"><span class='ocrx_word' id='word_1_791' title='bbox 1754 5570 1987 5627; x_wconf 69' lang='grc' dir='ltr'><strong>γΑιιιΑῑ</strong></span> <span class='ocrx_word' id='word_1_792' title='bbox 2013 5559 2437 5631; x_wconf 73' lang='lat' dir='ltr'><strong>LECTIONES.</strong></span> <span class='ocrx_word' id='word_1_793' title='bbox 2922 5566 2927 5571; x_wconf 85' lang='grc'><strong>’</strong></span> 
     </span>
    </p>
   </div>
   <div class='ocr_carea' id='block_1_110' title="bbox 580 5669 1290 5728">
    <p class='ocr_par' dir='ltr' id='par_1_110' title="bbox 580 5669 1290 5728">
     <span class='ocr_line' id='line_1_110' title="bbox 580 5669 1290 5728; baseline 0.001 -4"><span class='ocrx_word' id='word_1_794' title='bbox 580 5671 624 5702; x_wconf 80' lang='grc' dir='ltr'><strong>⁸ο</strong></span> <span class='ocrx_word' id='word_1_795' title='bbox 657 5669 768 5725; x_wconf 86' lang='lat' dir='ltr'><strong>llas</strong></span> <span class='ocrx_word' id='word_1_796' title='bbox 786 5702 857 5711; x_wconf 62' lang='grc' dir='ltr'><strong><em>η-</em></strong></span> <span class='ocrx_word' id='word_1_797' title='bbox 878 5669 1209 5728; x_wconf 83' lang='lat' dir='ltr'><strong>celebratam</strong></span> <span class='ocrx_word' id='word_1_798' title='bbox 1238 5674 1290 5726; x_wconf 72' lang='grc'><strong>2.</strong></span> 
     </span>
    </p>
   </div>
   <div class='ocr_carea' id='block_1_111' title="bbox 2014 5756 2244 5814">
    <p class='ocr_par' dir='ltr' id='par_1_111' title="bbox 2014 5756 2244 5814">
     <span class='ocr_line' id='line_1_111' title="bbox 2014 5756 2244 5814; baseline 0.009 -3"><span class='ocrx_word' id='word_1_799' title='bbox 2014 5756 2244 5814; x_wconf 68' lang='lat' dir='ltr'><strong>NOTAE.</strong></span> 
     </span>
    </p>
   </div>
   <div class='ocr_carea' id='block_1_112' title="bbox 577 5853 1154 5928">
    <p class='ocr_par' dir='ltr' id='par_1_112' title="bbox 577 5853 1154 5928">
     <span class='ocr_line' id='line_1_112' title="bbox 577 5853 1154 5928; baseline -0.012 -13"><span class='ocrx_word' id='word_1_800' title='bbox 577 5853 696 5928; x_wconf 75' lang='lat'><strong>(35)</strong></span> <span class='ocrx_word' id='word_1_801' title='bbox 734 5854 842 5913; x_wconf 59' lang='lat' dir='ltr'><strong>lib.</strong></span> <span class='ocrx_word' id='word_1_802' title='bbox 869 5855 954 5910; x_wconf 89' lang='grc' dir='ltr'><strong>ιιι.</strong></span> <span class='ocrx_word' id='word_1_803' title='bbox 989 5873 1036 5911; x_wconf 93' lang='lat' dir='ltr'><strong>c.</strong></span> <span class='ocrx_word' id='word_1_804' title='bbox 1066 5854 1154 5910; x_wconf 68' lang='lat'><strong>~29.</strong></span> 
     </span>
    </p>
   </div>
  </div>
