3932 6298
98 273 166 328 55
1357 272 1679 333 ΟΗΒΟΝΙΟ(

1818 310 1881 319 -
1903 277 2033 336 LIB.
2062 279 2101 336 l.
3317 301 3389 360 58

99 386 226 442 suit.
256 383 329 441 Et
354 382 920 487 sullicienter-exeniis
947 394 1002 439 et
1046 385 1294 487 honestis
1334 388 1516 445 linteis
1546 392 1696 461 prin-
1727 396 1770 451 A
1798 394 1902 451 hoc
1931 396 1985 450 in
2010 397 2132 453 loco
2161 399 2489 469 scriptorum
2517 402 2941 476 dissonantiam,
2970 410 3188 469 virtutis
3217 415 3389 487 hujus

97 479 200 550 cipi
223 478 434 535 domus
457 478 748 546 derelictis,
776 479 929 548 petiit
972 487 1027 534 et
1048 495 1145 549 per
1184 479 1354 536 Deum
1394 483 1697 545 obtestatus
1798 503 1980 543 arcem
2026 497 2328 559 teneamus,
2376 504 2433 548 et
2474 510 2587 550 non
2631 499 2967 558 nostris‘ﬁsi
3000 504 3235 571 viribus,
3286 478 3385 568 sed

96 577 291 635 estut,
332 568 384 623 si
426 567 739 623 Antoninus
782 569 1207 638 convalesceret,
1254 572 1453 627 exinde
1480 572 1556 626 illi
1594 575 1694 629 hae

95 660 535 717 bundantissime
581 660 938 728 ministraret,
982 662 1030 717 si
1069 677 1201 718 vero
1249 663 1358 719 vita
1389 664 1692 733 decederet,

95 750 485 806 honestissime
535 750 791 821 sepeliret
828 769 842 805 :
874 759 930 807 et
977 751 1059 808 sic
1103 752 1225 821 iter,
1270 753 1418 823 quod
1455 763 1692 825 ceperat,

94 858 349 914 peragere
382 842 613 898 studuit.
910 844 916 852 '

161 933 225 989 Et
249 951 382 989 cum
409 935 525 1004 jam
550 933 848 990 Sanctinns
878 934 1015 990 ﬁnes
1043 935 1417 992 Romanorum
1442 939 1690 1011 contigit,

93 1027 404 1082 Antoninus
441 1027 551 1081 vita
581 1026 836 1083 decessit.
871 1026 1043 1096 Quem
1072 1028 1328 1101 princeps
1355 1033 1572 1100 domus,
1600 1050 1691 1090 re-

94 1120 251 1176 tentis
275 1120 542 1176 omnibus
572 1136 698 1191 quae
752 1120 856 1193 sibi
884 1122 1264 1177 commendata
1294 1123 1348 1177 in
1381 1124 1502 1195 ejus
1531 1126 1691 1181 obse-

93 1210 230 1280 quiis
267 1210 514 1277 fuerant,
556 1210 793 1265 catabuli
825 1211 910 1266 sui
941 1211 996 1266 in
1025 1228 1137 1282 quo
1177 1214 1435 1270 animalia
1460 1217 1581 1287 ejus
1605 1218 1692 1288 ja~

96 1301 282 1356 cebant
315 1316 453 1356 axes
495 1302 714 1368 levavit,
756 1311 811 1357 et
840 1302 896 1356 in
948 1301 1154 1358 fossam
1201 1305 1295 1359 ubi
1344 1316 1586 1363 stercora
1634 1319 1691 1376 et

96 1392 257 1447 urina:
279 1392 611 1448 animalium
632 1392 940 1448 deﬂuebant
959 1410 1084 1448 eum
1108 1395 1357 1466 projccit,
1381 1407 1434 1453 et
1453 1399 1689 1471 desuper

97 1499 217 1539 axes
259 1484 500 1539 remisit.
541 1484 675 1552 Qua:
712 1485 897 1540 omnia
951 1485 1145 1541 beatus
1183 1485 1499 1559 Sanctinns,
1557 1507 1686 1557 cum

94 1576 194 1645 jam
224 1576 491 1632 intrasset
525 1577 662 1633 ﬁnes
703 1575 1101 1645 Romanorum,
1127 1594 1226 1650 per
1260 1578 1522 1651 Spiritum
1551 1600 1684 1639 san-

1797 580 2084 650 scripturaa
2104 630 2107 633 ,
2126 600 2299 641 sacra:
2339 585 2461 641 fulti
2485 591 2921 661 auctoritatibus,
2952 596 3043 652 cui
3068 596 3274 657 veritas
3302 599 3387 657 fa-

1795 680 1939 738 veat,
1980 672 2200 730 Christo
2228 675 2341 732 Deo
2385 680 2655 749 prmduce,
2676 684 2979 744 videamus.
3029 688 3288 762 Legimus
3329 694 3386 750 in

1795 764 1983 834 gestis,
2007 765 2281 823 invenisse
2308 768 2528 826 beatum
2554 769 2879 832 Sanctinum
2907 777 2964 833 in
2998 780 3128 837 sede
3148 780 3383 841 Romani

1795 857 2164 925 pontiﬁcatus,
2188 875 2314 916 cum
2344 862 2584 919 venisset
2603 863 2832 923 Romam
2859 884 2925 925 ex
2948 882 3219 944 praecepto
3239 875 3385 931 beati

1794 946 2058 1019 Dyonisii,
2115 967 2312 1022 papam
2364 954 2706 1024 Anacletum,
2753 959 2975 1016 natione
3024 963 3258 1021 Grccum
3314 967 3385 1024 de

1791 1037 2041 1109 Athenis,
2071 1042 2161 1097 cui
2202 1051 2359 1100 actus
2390 1054 2445 1099 et
2477 1047 2724 1119 martyrii
2775 1049 2895 1120 ejus
2921 1062 3072 1121 gesta
3112 1056 3378 1112 retulerit.

1791 1130 1949 1200 Quod
1976 1150 2140 1205 quam
2180 1136 2253 1191 sit
2281 1137 2580 1193 absurdum
2623 1138 2784 1195 facile
2819 1142 3140 1211 advertitur,
3172 1146 3218 1202 si
3265 1146 3380 1203 Ro-

1793 1241 2082 1281 manorum
2131 1229 2450 1298 pontiﬁcum
2494 1232 2777 1287 successio
2818 1241 2874 1288 et
2921 1237 3169 1307 martyrii
3208 1237 3385 1307 ipsius

1791 1317 1934 1374 beati
1960 1318 2208 1391 Dyonisii
2240 1321 2509 1378 terminus
2550 1322 2874 1394 inspiciatur
2916 1342 3012 1397 per
3057 1328 3385 1387 indictiones

1788 1422 1843 1468 et
1865 1428 2059 1468 annos.
2084 1411 2294 1469 Prefuit
2315 1415 2462 1470 enim
2483 1415 2641 1485 juxta
2674 1416 2835 1471 ﬁdem
2858 1417 3227 1488 hystoriarum
3250 1422 3380 1476 bea-

1788 1515 1877 1561 tus
1920 1505 2116 1561 Petrus
2150 1506 2272 1561 urbi
2306 1505 2564 1563 Romana:
2598 1524 2650 1563 a.
2681 1508 2774 1575 25,
2805 1524 2881 1564 m.
2913 1509 2969 1576 2,
3000 1510 3054 1565 d.
3087 1510 3140 1577 8,
3169 1511 3225 1566 in
3254 1512 3382 1582 qui-

1785 1597 1910 1663 bus,
1936 1608 1996 1653 ut
2019 1598 2275 1668 superius
2302 1600 2533 1654 relatum
2560 1609 2663 1668 est,
2690 1601 2795 1656 sub
2818 1615 2887 1656 eo
2912 1602 3054 1657 rexit
3078 1603 3384 1659 tecclesiam

98 1676 230 1723 ctum
259 1670 547 1741 cognovit,
584 1678 639 1725 et
663 1686 788 1724 cum
816 1686 1016 1742 magna
1044 1669 1394 1729 festinatione
1425 1691 1685 1733 reversus
1715 1747 1754 1759 ἢ
1786 1686 1975 1754 Linus,
2022 1689 2184 1744 annis
2230 1690 2318 1757 11,
2357 1690 2644 1746 mensibus
2687 1691 2742 1759 5,
2789 1691 2984 1748 diebus
3022 1692 3107 1748 12.
3137 1692 3285 1748 Obiit
3326 1694 3381 1749 9.

99 1759 157 1813 ad
190 1760 411 1815 domum
454 1761 514 1814 in
547 1776 656 1831 qua
699 1761 1037 1816 Antoninum
1066 1763 1338 1833 jacentem
1374 1766 1679 1836 dimiserat,

1787 1779 2013 1835 Kalend.
2042 1747 2316 1838 Octobris;
2346 1782 2449 1837 Cui
2479 1798 2607 1838 mox
2646 1747 2912 1840 successit
2938 1783 3150 1851 Cletus,
3189 1792 3246 1840 et
3279 1784 3387 1842 sub

99 1849 220 1905 tiens
259 1861 314 1905 ct
341 1852 542 1907 dolens
572 1853 839 1923 pervenit,
869 1862 924 1908 et
949 1854 1250 1926 principem
1281 1857 1479 1914 domus
1510 1860 1682 1917 inter-

102 1943 319 2013 rogavit:
338 1943 443 1998 Ubi
468 1952 571 2010 est,
602 1944 1194 2016 inquiens,Antouinus
1217 1950 1390 2019 frater
1410 1968 1555 2007 meus
1589 1953 1684 2008 lia-

101 2030 361 2085 rissimus?
387 2031 441 2087 Is
462 2041 651 2087 autem
676 2033 818 2090 ﬁctis
837 2036 1130 2107 gemitibus
1156 2054 1221 2095 ac
1238 2042 1494 2113 suspiriis
1511 2042 1686 2099 simu-

104 2123 196 2178 lata
231 2126 470 2181 mestitia
509 2144 522 2180 :
555 2125 799 2181 Mortuus
834 2138 931 2196 est,
962 2129 1143 2201 inquit
1176 2150 1367 2204 :quem
1389 2135 1452 2188 de
1478 2136 1607 2190 mihi
1647 2154 1684 2191 α

104 2223 144 2268 te
190 2219 481 2272 commissis
513 2219 880 2274 honestissime
927 2223 1161 2292 sepelivi.
1202 2225 1304 2281 Cui
1342 2225 1638 2285 Sanctinns
1665 2248 1683 2284 :

107 2305 346 2375 Mentiris,
382 2309 487 2390 ait,
525 2310 608 2379 ﬁli
631 2310 866 2377 diaboli;
898 2312 954 2366 in
994 2316 1387 2387 sterquilinium
1407 2319 1681 2390 projecisti

102 2413 205 2451 eum
230 2380 687 2455 virum’sanctum
715 2412 765 2457 et
784 2403 1014 2474 justum.
1061 2405 1132 2460 Et
1169 2425 1306 2463 nunc
1334 2412 1448 2465 veni
1479 2420 1682 2468 mecum

105 2490 165 2543 ad
186 2492 411 2546 catabuli
434 2493 635 2562 locum,
666 2495 722 2548 in
749 2512 903 2565 quem
935 2498 1211 2568 projecisti
1244 2518 1384 2557 eum.
1418 2502 1471 2560 Is
1496 2516 1682 2562 autem

105 2581 277 2638 timore
301 2585 617 2655 perculsus.
642 2603 753 2642 non
771 2596 857 2643 est
889 2606 1061 2647 ausus
1084 2593 1245 2648 reniti
1295 2596 1430 2666 quin
1459 2615 1586 2653 cum
1613 2616 1685 2657 eo

108 2675 287 2732 veniret
318 2678 387 2733 ad
416 2679 606 2733 locum
647 2680 741 2735 ubi
789 2696 916 2736 eum
952 2684 1277 2754 projeccrat.
1327 2687 1395 2743 Et
1437 2691 1682 2751 levantes

109 2765 214 2821 inde
238 2784 384 2836 axes,
418 2769 724 2827 Sanctinns
754 2788 881 2828 cum
912 2774 1155 2832 lacrimis
1179 2794 1311 2835 voce
1340 2797 1536 2855 magna
1565 2785 1681 2840 ela-

109 2860 253 2913 inavit
293 2861 486 2917 dicens
521 2881 534 2917 :
565 2864 832 2929 Antoniae
884 2865 1074 2935 frater,
1116 2869 1171 2923 in
1216 2873 1425 2927 nomine
1478 2874 1680 2930 domini

110 2953 253 3005 nostri
281 2951 407 3007 Iesu
431 2953 643 3009 Christi
666 2971 765 3025 pro
789 2956 942 3026 cujus
972 2960 1183 3016 nomine
1203 2972 1253 3015 et
1284 2981 1462 3020 amore
1487 2983 1680 3037 passus

110 3052 173 3095 est
203 3044 454 3115 gloriosus
486 3056 696 3118 martyr
716 3046 1028 3118 Dyom'sius,
1058 3067 1233 3123 surge,
1263 3063 1313 3107 ct
1342 3056 1680 3127 perﬁciamus

111 3135 247 3189 simul
294 3138 655 3194 obedientiam
701 3157 859 3211 quam
906 3142 1073 3196 isdem
1119 3142 1382 3215 gloriosus
1406 3158 1590 3219 pastor
1628 3161 1679 3206 et

111 3228 332 3296 magister
354 3239 537 3284 noster
563 3234 913 3287 communiter
938 3233 1086 3288 nobis
1110 3240 1379 3308 prwcepit.
1402 3239 1469 3295 Et
1497 3243 1679 3299 statim

112 3312 387 3375 Antoninus
413 3328 663 3374 stercore
689 3320 980 3379 obvolutus
1005 3326 1264 3380 surrexit.
1290 3325 1463 3395 Quem
1485 3331 1680 3390 beatus

116 3401 375 3467 Sanctinns
418 3412 494 3466 de
525 3412 764 3466 catabuli
809 3412 955 3470 fossa
993 3419 1248 3486 extraxit,
1278 3428 1334 3476 et
1364 3421 1677 3493 diligentis-

114 3495 229 3553 sime
273 3499 417 3567 lavit,
453 3510 514 3557 et
559 3503 779 3559 mundis
816 3519 882 3560 ac
915 3506 1164 3565 honestis
1203 3513 1451 3571 vestibus
1478 3514 1675 3575 induit.

115 3582 284 3657 Sicque
326 3590 622 3647 offerentes
670 3592 904 3650 Domino
943 3599 1275 3657 sacriﬁcium
1321 3604 1521 3675 laudis,
1550 3624 1678 3664 cum

114 3683 205 3731 tota
231 3683 418 3739 mentis
453 3683 760 3739 intentione
781 3694 837 3741 et
870 3687 1225 3746 lacrimarum
1256 3701 1679 3767 compunctione

114 3771 421 3831 eucharistiaz
449 3777 705 3846 corporis
737 3785 793 3832 et
820 3780 1104 3852 sanguinis
1136 3782 1339 3840 Christi
1367 3790 1677 3862 participati

116 3871 236 3917 sunt.
277 3864 338 3921 Et
367 3868 706 3938 accipientes
746 3870 931 3926 cibum
981 3870 1272 3931 confortati
1302 3888 1448 3935 sunt.
1478 3880 1544 3937 Et
1573 3884 1676 3940 iter

117 3963 319 4023 emptum
364 3960 770 4032 aggredientes,
825 3961 1055 4019 Romam
1103 3966 1401 4025 auxiliante
1442 3971 1675 4031 Domino

116 4056 459 4110 pervenerunt.
478 4050 620 4117 (Fol.
647 4053 760 4126 l5.)
786 4053 1017 4126 Jamque
1042 4058 1203 4115 beato
1221 4042 1499 4121 Clemente
1523 4083 1674 4124 mar-

116 4138 232 4206 tyrio
270 4153 555 4213 coronato,
593 4146 648 4201 in
696 4147 885 4203 eadem
921 4150 1049 4206 sede
1098 4162 1226 4222 post
1274 4156 1593 4215 Anacletum
1628 4162 1670 4194 ³¹

115 4241 333 4322 quartum
360 4253 392 4293 a
417 4238 583 4294 beato
608 4238 771 4295 Petro
792 4239 1102 4299 Evaristum
1125 4257 1505 4305 consecratum
1535 4269 1674 4322 pon-

118 4320 281 4416 tiﬁcem
302 4327 648 4394 invenerunt,
672 4330 761 4386 cui
787 4347 883 4401 per
904 4334 1111 4402 omnia,
1150 4337 1295 4393 sicut
1318 4339 1515 4398 beatus
1535 4320 1674 4416 hyo-

1784 1871 1945 1928 Petro
1974 1872 2115 1928 rexit
2136 1874 2438 1931 aacclesiam
2462 1874 2624 1930 annis
2658 1874 2746 1940 12,
2772 1890 2961 1931 mense
2986 1876 3038 1942 1,
3071 1876 3265 1932 diebus
3288 1877 3381 1943 11,

1784 1962 1931 2019 Obiit
1959 1963 2011 2019 6.
2038 1963 2159 2020 Kal.
2186 1964 2291 2021 Mai
2323 1965 2506 2037 (Gesta
2526 1975 2675 2037 pont.
2704 1966 2909 2037 Rom).
2940 1967 3080 2023 Ecce
3105 1967 3221 2037 jam
3245 1983 3385 2039 pon-

1785 2056 2022 2112 tiﬁcatus
2050 2056 2197 2113 Petri
2224 2074 2403 2115 annus
2428 2059 2518 2124 25,
2539 2075 2753 2115 menses
2778 2059 2812 2114 4
2836 2068 2894 2114 et
2914 2058 3141 2115 diesl25.
3169 2058 3385 2127 Quibus

1784 2148 1978 2205 diebus
2008 2149 2055 2205 si
2082 2150 2453 2222 adjungantur
2476 2151 2607 2207 item
2626 2151 2767 2207 ‘dies
2786 2151 2882 2217 20,
2915 2153 3009 2222 qui
3041 2152 3383 2209 interserun-

1785 2251 1875 2299 tur
1902 2254 2028 2314 post
2052 2244 2263 2299 obitum
2296 2245 2432 2300 Cleti
2469 2252 2596 2300 ante
2632 2245 3032 2301 ordinationem
3058 2244 3381 2313 Clementis,

1785 2337 1924 2391 ﬁunt
1955 2337 2045 2403 45,
2078 2337 2115 2391 i.
2148 2352 2198 2392 e.
2242 2337 2450 2393 mensis
2489 2346 2546 2393 et
2588 2338 2709 2393 dies
2753 2338 2841 2404 15,
2882 2352 3119 2408 quorum
3163 2338 3383 2395 dierum

1784 2427 1978 2481 ultimo
2002 2427 2089 2482 die
2118 2436 2477 2484 consecratus
2509 2436 2596 2483 est
2638 2427 2893 2485 Clemens
2928 2444 2958 2483 a
3005 2428 3187 2484 Petro.
3221 2429 3385 2496 Quod

1784 2526 1966 2572 autem
1987 2517 2117 2572 alibi
2140 2516 2666 2573 scribiturClemens
2689 2518 2829 2575 idem
2854 2519 3063 2576 rexisse
3074 2520 3385 2579 tecclesiam

1783 2609 1945 2666 annis
1977 2611 2061 2676 11,
2089 2611 2218 2665 alibi
2253 2626 2382 2666 vero
2423 2611 2585 2667 annis
2613 2612 2668 2680 9,
2699 2612 2982 2669 mensibus
3003 2614 3059 2680 2,
3095 2613 3293 2670 diebus
3318 2613 3378 2680 2,

1783 2707 2077 2768 utrumque
2106 2715 2294 2753 verum
2340 2715 2461 2755 esse
2506 2715 2617 2754 non
2657 2694 2970 2772 ambigitur,
3003 2702 3133 2772 quia
3176 2711 3234 2759 et
3273 2704 3383 2760 sub

1783 2788 1945 2847 Petro
1975 2790 2115 2846 sedit
2144 2805 2291 2845 anno
2324 2790 2375 2856 1,
2409 2791 2692 2846 niensibns
2720 2790 2774 2857 8,
2799 2791 2992 2848 diebus
3014 2793 3106 2860 25,
3134 2808 3247 2864 quo
3270 2810 3379 2850 nu-

1784 2896 1937 2937 mero
1973 2880 2106 2937 anni
2145 2880 2217 2935 25
2252 2880 2577 2950 praesulatus
2619 2879 2788 2947 Petri,
2821 2895 2945 2937 cum
2991 2884 3277 2947 mensibus
3323 2892 3383 2940 et

1782 2975 1976 3032 diebus
2004 2973 2339 3045 colliguntur
2378 2972 2591 3039 exacti;
2627 2981 2681 3028 et
2712 2981 2838 3044 post
2870 2972 3014 3029 Petri
3039 2975 3247 3030 obitum
3279 2990 3382 3030 an-

1708 3092 1749 3149 C
1784 3069 1871 3124 nis
1892 3065 1946 3134 9,
1972 3066 2256 3125 mensibus
2274 3065 2536 3133 2,diebus
2557 3065 2614 3120 2.
2632 3064 2891 3138 (Fol.l5’)
2911 3066 3062 3123 Sedit
3084 3066 3382 3125 Anacletus

1782 3158 1943 3215 annis
1970 3159 2060 3224 45,
2094 3158 2379 3213 mensibus
2400 3156 2489 3224 l0,
2512 3156 2706 3213 diebus
2731 3155 2782 3213 7.
2815 3155 2963 3214 Obiit
2983 3158 3035 3213 5.
3068 3157 3197 3216 ldus
3224 3157 3379 3226 Julii,

1780 3259 1837 3306 et
1879 3251 2116 3307 cessavit
2169 3250 2521 3321 episcopatus
2567 3250 2763 3306 diebus
2816 3251 2904 3306 11.
2958 3249 3110 3307 Sedit
3154 3265 3381 3322 quoque

1781 3339 2071 3397 Euarislus
2113 3342 2275 3397 annis
2303 3342 2357 3408 9,
2388 3356 2607 3396 menses
2634 3340 2685 3404 '7,
2717 3341 2834 3397 dies
2874 3342 2938 3409 2;
2972 3341 3136 3413 igitur
3155 3343 3379 3414 quando
3432 3398 3439 3403 .

1781 3434 1974 3491 Petrus
1997 3434 2449 3490 occubuitannus
2469 3444 2590 3489 erat
2605 3432 2764 3489 Dem.
2791 3433 3381 3507 incarn.72uﬁ,quibus

1774 3527 1949 3599 juncti
1972 3528 2006 3583 9
2033 3527 2477 3583 anniClementis
2503 3525 2713 3585 faciunt
2732 3525 2932 3582 8|.llis
2959 3542 3180 3598 quoque
3206 3527 3378 3585 additi

1778 3620 2025 3677 Anacleti
2076 3620 2207 3675 anni
2240 3621 2308 3675 14
2344 3622 2486 3675 liunt
2525 3620 2615 3688 95,
2646 3618 2889 3676 Euaristi
2916 3634 3140 3691 quoqua
3164 3619 3198 3677 9
3237 3619 3382 3677 ﬁunt

1780 3713 1902 3768 104.
1931 3712 2157 3768 Duobus
2182 3726 2315 3785 ergo
2346 3712 2631 3769 mensibus
2663 3711 2810 3767 Petri
2828 3720 2885 3769 et
2911 3712 3105 3769 diebus
3129 3711 3167 3768 8
3201 3712 3374 3771 ad'liti

1775 3803 1811 3856 2
1839 3819 2056 3859 menses
2080 3802 2378 3859 Clementis
2395 3813 2452 3860 et
2478 3803 2598 3859 dies
2620 3803 2677 3870 2,
2703 3818 2923 3861 menses
2948 3804 3112 3860 etiam
3124 3802 3375 3863 Anacleti

1778 3894 1846 3948 10
1883 3902 1939 3950 et
1984 3895 2103 3952 dies
2152 3894 2205 3962 7,
2248 3894 2368 3952 dies
2397 3909 2619 3966 quoque
2663 3896 2731 3951 14
2780 3895 2925 3951 inter
2962 3897 3285 3955 Anacletum
3320 3905 3381 3954 et

1775 3985 2114 4055 Euaristum,
2143 3987 2347 4059 quibus
2373 3986 2723 4058 episcopatus
2749 3987 3007 4055 cessavit,
3039 3984 3142 4045 nec
3171 4003 3282 4044 non
3320 3998 3378 4047 et

1775 4077 2017 4135 Euaristi
2044 4095 2263 4137 menses
2290 4079 2343 4147 7,
2372 4080 2491 4136 dies
2511 4079 2568 4146 2,
2599 4077 2813 4139 faciunt
2831 4095 3052 4138 menses
3080 4082 3148 4138 19
3177 4089 3233 4137 et
3252 4081 3375 4143 dies

1774 4171 1865 4238 55,
1919 4179 1976 4226 et
2022 4187 2201 4227 annus
2232 4172 2324 4227 hic
2372 4172 2654 4241 inseritur,
2703 4180 2760 4229 et
2793 4171 2877 4230 sic
2911 4173 3050 4228 ﬁunt
3074 4173 3206 4229 anni
3244 4173 3373 4241 l05,

1773 4276 1994 4317 menses
2015 4261 2070 4327 9,
2095 4262 2214 4317 dies
2241 4263 2312 4316 55
2338 4278 2514 4333 usque
2535 4264 2605 4319 ad
2635 4263 2846 4321 obitum
2870 4262 3134 4332 Euaristi,
3164 4265 3259 4336 qui
3287 4274 3376 4325 est

1773 4350 1827 4407 6.
1855 4351 1975 4408 Kal.
1998 4351 2260 4409 Novemb.
2296 4351 2550 4409 Secundo
2579 4362 2763 4410 autem
2790 4354 3030 4411 Euaristi
3063 4371 3217 4412 anno
3238 4372 3370 4414 san-

116 4411 262 4471 nisius
282 4417 545 4488 jusserat,
577 4429 735 4479 actus
765 4430 822 4479 et
851 4425 1100 4499 martyrii
1124 4429 1245 4500 ejus
1267 4432 1517 4491 ordinem
1542 4411 1671 4492 nar-
1703 4435 1748 4490 D
1772 4452 1895 4501 ctus
1919 4444 2215 4517 Dyonisius
2240 4460 2438 4514 passus
2476 4453 2581 4509 est,
2610 4453 2665 4503 et
2688 4453 2845 4502 sexto
2872 4446 2943 4502 ab
2965 4446 3090 4517 ejus
3110 4411 3371 4518 passione

116 4516 354 4565 ravernnt.

170 4596 308 4658 Libet
344 4604 435 4661 hic
470 4605 870 4680 aliquantisper
919 4609 1205 4670 immorari
1256 4618 1506 4688 partibus
1532 4638 1667 4693 pru-

116 4686 299 4782 dentiae,
345 4714 515 4769 quam
559 4711 742 4770 patres
789 4704 964 4758 nostri
1016 4714 1071 4762 et
1115 4686 1388 4782 prmeipue
1441 4686 1670 4774 moralis

116 4779 275 4840 doctor
311 4790 635 4848 Ambrosius
666 4793 935 4850 deﬁniunt
977 4800 1181 4854 versari
1233 4779 1299 4855 in.
1334 4804 1449 4859 veri
1479 4808 1669 4878 cogni-

115 4873 256 4945 tione,
286 4890 339 4937 et
366 4883 612 4939 scientia:
650 4884 911 4955 plenioris
954 4890 1305 4959 cupiditatem
1351 4873 1660 4955 infundere.

116 4962 372 5030 Prudentia
415 4975 639 5046 quidem
687 4987 773 5032 est
816 4977 988 5035 Deum
1035 4982 1197 5052 scire,
1250 4983 1423 5041 Deum
1473 4989 1666 5049 timere

117 5055 359 5136 Deumque
395 5069 697 5140 requirere.
731 5067 858 5126 Haec
886 5080 973 5128 est
1004 5072 1117 5131 veri
1160 5077 1420 5149 cognitio.
1445 5080 1670 5140 Accedit

117 5156 394 5215 etscientize
425 5159 688 5231 plenioris
717 5162 1012 5233 cupiditas,
1063 5166 1222 5238 cujus
1244 5178 1328 5225 est
1370 5171 1665 5232 trimodum

118 5238 443 5339 intelligentiae
464 5268 656 5324 genus,
688 5261 752 5310 ut
788 5255 839 5310 si
882 5255 938 5311 in
972 5257 1143 5339 dictis,
1163 5261 1433 5332 majorum
1462 5267 1667 5339 aliquid

117 5331 407 5399 diter-sitatis
427 5344 724 5414 inveneris,
749 5363 807 5402 m
835 5348 950 5403 veri
972 5331 1390 5425 investigatione
1409 5331 1665 5429 verser-is,

119 5429 247 5484 lusit
298 5433 393 5491 tibi
428 5437 485 5493 in
527 5437 615 5496 his
648 5439 896 5511 discendi
931 5450 987 5497 et
1034 5443 1286 5502 imitandi
1337 5451 1663 5520 reverentia,

1771 4551 1918 4592 anno
1963 4544 2190 4592 sanctus
2237 4535 2533 4593 Sanctinns
2557 4536 2791 4593 Romam
2826 4537 2993 4604 venit,
3023 4537 3121 4608 qui
3151 4547 3271 4593 erat
3299 4539 3372 4595 ab

1769 4628 1877 4683 inc.
1908 4626 2074 4682 'Dom.
2130 4627 2254 4682 105.
2305 4626 2428 4683 Jam
2475 4642 2609 4699 ergo
2657 4627 2953 4692 Anacletus
2982 4629 3215 4695 obierat,
3249 4628 3368 4698 iam

1735 4732 1741 4739 '
1770 4720 1935 4778 etiam
1980 4719 2270 4777 Euaristus
2295 4721 2347 4776 ei
2377 4729 2742 4777 successerat.
2778 4720 3068 4789 Quomodo
3107 4736 3242 4793 ergo
3282 4722 3371 4777 in-

1769 4811 1919 4868 venit
1939 4825 2088 4878 cum,
2115 4812 2211 4881 qui
2230 4811 2346 4882 jam
2388 4811 2633 4867 obierat?
2660 4810 2851 4869 Restat
2889 4811 3075 4883 igitur,
3112 4819 3172 4867 ut
3196 4811 3369 4882 priori

1772 4903 2057 4962 sententiae
2072 4902 2233 4959 "ﬁdes
2279 4903 2623 4971 adhibeatur,
2667 4919 2790 4975 quae
2835 4904 3063 4962 veritate
3107 4905 3366 4973 subnixa,

1774 5013 1885 5055 non
1917 4997 2220 5064 dubitatur,
2244 4997 2391 5068 quod
2424 5012 2551 5053 cum
2576 4996 2649 5052 ita
2677 5012 2798 5052 esse
2820 5012 3103 5054 sacrarum
3129 4998 3367 5069 scriptu-

1773 5102 1961 5142 rarum
1988 5086 2282 5143 doceamur
2314 5086 2658 5153 auctoritate,
2684 5085 2987 5155 prudentim
3012 5087 3212 5142 virtute
3236 5104 3364 5142 mu-

1776 5179 1878 5234 niti
1911 5188 1968 5235 ct
2014 5179 2256 5235 scientia:
2284 5178 2545 5250 plenioris
2583 5176 2890 5233 doctrinam
2924 5178 3131 5246 nancti,
3172 5187 3364 5265 tenea-

1778 5286 1904 5326 mus
1934 5286 2146 5340 verum,
2179 5271 2327 5343 quod
2360 5286 2462 5326 nos
2498 5270 2703 5333 docuit.
2744 5270 2813 5333 ad
2854 5269 3002 5341 quod
3030 5270 3364 5343 investigan-

1776 5364 1909 5419 dum
1935 5364 2056 5435 ipsa
2083 5380 2187 5420 nos
2201 5364 2466 5419 virtutum
2495 5361 2876 5432 principalium
2898 5363 3078 5433 prima
3099 5364 3366 5420 animavit

1769 5457 2077 5527 prudentia.
2122 5456 2290 5529 Igitur
2326 5457 2620 5513 redeamus
2657 5455 2727 5511 ad
2773 5456 3079 5526 superiora,
3131 5466 3189 5514 et
3230 5458 3363 5531 quia

120 5529 209 5574 non
244 5523 544 5596 disputandi
588 5531 809 5587 astutia.
862 5530 974 5588 Nos
1026 5534 1193 5606 igitur
1248 5541 1662 5601 considerantes
1766 5523 1973 5600 annum
2008 5561 2120 5617 quo
2147 5523 2457 5604 secundum
2498 5546 2664 5617 ﬁdem
2711 5523 3081 5618 hysteriarum
3128 5523 3363 5607 Romam

180 5699 214 5732 "
236 5719 284 5773 (ι.
306 5722 355 5761 a.
384 5708 439 5765 b.
468 5709 528 5767 P.
553 5711 616 5768 Ε.
642 5713 697 5769 in
727 5714 841 5772 loco
874 5733 995 5772 raso
1021 5717 1075 5773 2.

1360 5656 1598 5714 ἾΑΠΙίΕ
1629 5657 2032 5719 LECTIONES.
