3932 6298
509 304 585 366 35
1528 283 1833 344 HUGONIS
1868 278 2172 337 ABBATIS
2211 276 2785 337 FLAVINIACENSIS
3738 277 3804 336 δε

510 425 717 478 veneni
753 427 1023 478 tenemus,
1058 422 1224 481 quem
1255 406 1422 463 etiam
1447 403 1575 460 sedc
1603 401 1777 455 Roma
1810 397 2102 464 invenerit,
2134 397 2181 454 A
2207 410 2359 464 spem
2386 404 2577 465 pastor
2605 394 2846 466 eligitur,
2872 398 2928 448 et
2956 400 3019 446 ut
3064 389 3147 447 eis
3194 404 3430 462 praeesse
3469 389 3803 462 dignaretur,

512 521 577 568 ut
604 524 736 577 pace
764 505 1014 563 omnium
1037 502 1348 571 loquamur,
1379 493 1568 566 paucis
1597 489 1973 560 expediamus.

590 603 791 659 Beatus
807 591 1191 664 Sanctiuus(l’
1195 593 1271 646 ita
1296 583 1561 655 Sanctim')
1592 583 1721 639 dum
1751 576 2111 648 occupatione

517 695 734 752 itineris
769 700 825 748 et
853 687 1237 762 praedicatione
1250 676 1621 735 Virduncnsis
1649 673 1879 731 novellae
1898 672 2111 742 planta-

516 786 687 842 tionis
705 793 761 840 et
775 781 1085 838 inﬁrmitate
1112 773 1245 832 socii
1273 771 1362 828 sui
1389 768 1783 831 retardaretur,
1797 762 2110 818 Euaristum

518 891 716 949 papam
747 876 781 932 9
822 876 886 942 ³⁸,
918 873 1031 943 jam
1059 881 1203 923 anno
1231 863 1641 936 pontiﬁcantem
1686 856 1915 923 invenit’,
1943 871 1971 910 a
2001 868 2112 925 quo

517 946 683 1022 etiam
711 981 833 1021 cum
858 961 1035 1018 debito
1054 958 1274 1013 honore
1315 961 1607 1024 susceptus
1628 959 1682 1007 et
1705 950 1826 1004 loco
1860 946 2112 1003 maxime

516 1055 879 1115 venerationis
901 1052 1141 1115 habitus,
1168 1047 1426 1120 replicuit
1446 1043 1655 1101 laboris
1677 1039 1943 1111 assumpti
1979 1055 2112 1094 cau-

520 1165 640 1205 sam
669 1145 914 1217 magistri
951 1142 1042 1199 sui
1087 1140 1237 1197 beati
1283 1137 1531 1210 Dyonisii
1563 1149 1686 1191 esse
1721 1131 2109 1198 obedientiam,

519 1245 573 1298 in
603 1238 1076 1298 consummatione
1100 1248 1298 1289 cursus
1319 1232 1438 1302 ejus
1448 1230 1782 1285 Gallicanam
1807 1225 2110 1281 aacclesiam

516 1348 771 1405 magnam
813 1330 927 1400 pati
962 1326 1384 1399 praedicatorum
1435 1320 1741 1392 penuriam,
1781 1333 1841 1373 se
1888 1317 1959 1372 ob
2006 1316 2113 1371 hoc

519 1425 720 1480 missos
745 1419 1056 1484 advenisse,
1080 1427 1140 1472 ut
1161 1415 1311 1470 verbi
1334 1413 1617 1468 ministros
1631 1411 1846 1480 aliquos
1874 1406 2114 1462 mitteret

519 1511 803 1569 mcclesiaa.
848 1507 978 1563 limo
1005 1505 1330 1577 magistrum
1359 1502 1550 1558 ultima
1582 1499 1686 1556 sibi
1712 1498 1924 1555 dedisse
1954 1513 2113 1551 man-

520 1606 683 1670 data,
737 1610 799 1657 ut
846 1596 1336 1656 consummationis
1390 1610 1506 1651 suae
1561 1593 1810 1649 Romano
1864 1588 2113 1661 pontiﬁci

520 1696 889 1752 innotesceret
914 1692 1182 1756 ordinem,
1211 1698 1267 1744 et
1287 1697 1348 1743 ut
1367 1688 1504 1758 ipse,
1533 1686 1692 1756 cujus
1720 1692 1840 1740 erat
1866 1680 2113 1738 ecclesiis

2212 496 2493 559 magnates
2539 488 2745 559 quique
2794 494 2852 541 et
2877 484 3077 556 vulgus
3123 474 3806 556 promiscuumrogantct

2211 580 2504 650 inpetrant.
2534 579 2748 635 Gaudet
2773 586 2931 649 pater
2946 577 3013 633 de
3038 591 3270 632 numero
3288 575 3650 646 centuplicato
3672 575 3806 630 ﬁlio-

2209 687 2356 740 rum,
2386 674 2586 727 letatur
2608 672 2664 726 in
2685 670 2975 727 devotione
3001 667 3224 733 civium,
3255 675 3311 722 et
3344 668 3492 737 quod
3515 673 3806 737 rogabatur

2210 763 2437 835 implere
2483 780 2593 819 non
2626 770 2892 818 moratur.
2937 760 3268 830 Preparatur
3296 758 3546 814 tecclesia
3579 772 3803 828 regene-

2212 857 2401 912 randis
2437 856 2594 911 novis
2640 855 2881 910 ﬁdelium
2913 851 3150 923 populis,
3200 858 3596 922 regenerantur
3625 850 3805 919 plures

2209 948 2467 1003 manibus
2490 948 2663 1003 sancti
2686 946 2946 1001 antistitis
2967 943 3225 999 lavachro
3246 942 3498 996 salutari.
3515 941 3807 996 Destmun-

2209 1049 2302 1096 tur
2330 1041 2531 1110 templa
2552 1040 2845 1094 demonum
2874 1043 2930 1092 et
2952 1032 3548 1104 delubra,dejiciuntur
3574 1033 3742 1099 idola,
3754 1040 3807 1086 et

2209 1133 2342 1204 quia
2375 1132 2553 1202 prima
2600 1146 2709 1185 non
2739 1127 3061 1194 sufﬁciebat,
3086 1141 3228 1181 nova
3253 1124 3544 1181 ediﬁcatur
3564 1123 3805 1179 ecclesia

2210 1224 2348 1280 mira
2392 1223 2592 1279 civium
2627 1220 2915 1277 devotione
2941 1226 2997 1274 et
3024 1216 3330 1283 industria;
3364 1231 3475 1286 qua
3507 1214 3805 1271 accelerat:

2210 1324 2591 1389 praeparantur
2611 1311 2938 1369 dedicationi
2973 1309 3304 1374 necessaria,
3334 1317 3392 1363 et
3419 1322 3450 1362 a
3484 1307 3648 1362 beato
3674 1320 3806 1377 pon-

2212 1409 2357 1465 tiﬁce
2385 1409 2440 1462 in
2468 1408 2679 1463 honore
2704 1404 2801 1460 Dei
2829 1402 3111 1476 genitricis
3142 1410 3198 1456 et
3237 1399 3482 1471 Virginis
3522 1411 3805 1454 consecra-

2213 1508 2305 1555 tur
2329 1514 2380 1554 a.
2408 1498 2567 1552 Dom.
2596 1496 2704 1550 inc.
2732 1494 2856 1561 104,
2886 1492 2985 1563 qui
3013 1498 3184 1546 erata
3210 1488 3470 1560 passione
3499 1485 3644 1541 beati
3669 1483 3805 1555 Dyo-

2215 1591 2343 1647 nisii
2377 1589 2429 1657 7,
2456 1588 2611 1645 Gallo
2635 1594 2690 1643 et
2719 1584 2935 1641 Bradua
2975 1581 3322 1646 consulibus,
3355 1577 3663 1648 Olimpiade
3683 1574 3804 1642 220,

2215 1695 2272 1740 et
2296 1691 2470 1739 mater
2481 1679 2728 1739 aecclesia
2755 1679 2811 1733 in
2835 1692 2945 1749 qua
2968 1676 3040 1732 sit
3062 1674 3220 1731 sedes
3244 1670 3574 1745 episcopalis
3608 1667 3806 1725 constiv

520 1789 826 1860 providere,
859 1783 1141 1857 operarios
1163 1782 1420 1854 dirigeret
1450 1779 1518 1835 ad
1550 1776 1901 1834 excolendam
1922 1773 2115 1829 Domi-
2146 1757 2192 1813 Β
2217 1776 2410 1833 tuitur.

525 1881 664 1937 nica:
693 1877 921 1936 sationis
950 1876 1361 1948 agriculturam.
1410 1871 1566 1929 Unde
1592 1885 1718 1926 cum
1745 1869 1941 1924 beatus
1970 1881 2112 1937 pon-

521 1973 656 2030 tifex
687 1973 1053 2045 gratularetur
1089 1970 1145 2025 in
1192 1968 1429 2024 Domino
1461 1976 1516 2022 et
1542 1965 1610 2021 ad
1637 1962 1844 2035 agenda
1872 1976 1996 2032 qua:
2017 1975 2115 2031 pe-

521 2067 737 2124 tebatur
767 2082 827 2122 se
860 2079 1025 2135 supra
1067 2078 1126 2119 se
1153 2062 1298 2118 votis
1326 2060 1584 2116 omnibus
1626 2055 1962 2120 extenderet,
1995 2067 2115 2108 mo-

520 2174 750 2229 ramque
787 2158 843 2213 in
878 2154 1125 2212 faciendo
1173 2152 1289 2224 pati
1340 2150 1600 2218 nesciret,
1647 2146 1890 2203 decrevit
1928 2152 2114 2200 tamen

520 2259 773 2310 sanctum
816 2251 996 2305 virum
1041 2246 1360 2318 aliquandiu
1390 2258 1578 2301 secum
1608 2241 1846 2296 retinere
1879 2237 1948 2293 ad
1975 2251 2113 2292 con-

520 2342 844 2400 solationem
872 2342 959 2395 sui
987 2347 1042 2395 et
1067 2337 1463 2395 recreationem
1484 2331 1690 2388 laboris
1709 2342 1764 2386 et
1785 2327 2016 2384 itineris.
2044 2326 2117 2382 At

521 2434 640 2505 ipse
659 2434 853 2506 paucis
887 2430 1080 2487 diebus
1106 2429 1251 2501 apud
1280 2443 1406 2484 eum
1436 2433 1765 2489 remoratus,
1796 2421 1938 2476 inter
1963 2427 2117 2492 grata

521 2533 730 2581 mutuae
772 2521 1230 2580 confabulationis
1255 2515 1688 2588 solamina,quid
1712 2515 1874 2571 etiam
1905 2528 2002 2584 per
2021 2525 2118 2568 eos

522 2615 715 2671 divina
735 2613 907 2686 egerit
931 2612 1127 2686 gratia,
1143 2620 1199 2668 et
1221 2609 1498 2683 quomodo
1520 2608 1731 2663 novella
1756 2601 2118 2659 Virdunensis

520 2707 879 2766 fructiﬁcaret
901 2706 1166 2775 recclesia,
1205 2704 1486 2761 humiliter
1511 2701 1799 2758 referebat.
1834 2697 1990 2755 Unde
2025 2697 2116 2752 ille

520 2802 637 2861 Deo
667 2820 734 2861 ex
763 2803 958 2860 intimo
997 2801 1180 2858 cordis
1225 2799 1420 2855 affectu
1463 2797 1669 2869 gratias
1716 2808 1905 2865 agens,
1936 2792 2119 2847 socios

2285 1868 2383 1927 His
2409 1866 2662 1939 expletis,
2692 1864 2906 1936 plebem
2937 1868 3127 1917 monet
3163 1867 3218 1915 et
3243 1855 3558 1930 diligentius
3591 1852 3809 1910 instruit

2213 1962 2561 2022 documentis
2603 1958 2961 2023 salutaribus,
3004 1955 3232 2010 ﬁrmans
3277 1967 3377 2007 eos
3426 1946 3809 2005 benedictioni-

2215 2059 2342 2124 bus,
2375 2065 2430 2112 et
2478 2055 2562 2112 sic
2586 2052 2806 2109 Meldim
2837 2048 3174 2121 regreditur;
3222 2045 3317 2101 ubi
3358 2040 3736 2115 praedicationi
3761 2048 3810 2094 et

2214 2147 2421 2203 sanctis
2477 2144 2738 2216 operibus
2782 2140 3048 2197 insistens
3094 2137 3272 2209 (epist.
3322 2134 3658 2204 Hiucmari),
3692 2145 3807 2187 cum

2215 2239 2565 2311 cognovisset
2598 2234 2887 2291 imminere
2914 2232 3060 2287 diem
3102 2227 3411 2285 vocationis
3441 2240 3579 2292 suae,
3608 2225 3807 2279 litteras

2213 2330 2578 2390 exortatorias
2596 2338 2651 2385 et
2669 2324 3069 2382 consolatorias
3088 2322 3287 2378 direxit
3306 2319 3434 2374 ﬁliis
3453 2314 3807 2373 Virdunensis

2215 2424 2474 2481 aecclesia‘.
2498 2421 2653 2494 (Vita
2668 2417 2956 2489 Sanctini),
2991 2417 3049 2471 in
3069 2415 3292 2486 quibus,
3317 2412 3446 2483 quia
3481 2425 3655 2481 prope
3678 2415 3810 2464 esset

2214 2518 2434 2575 vocatio
2466 2517 2610 2587 ejus,
2645 2523 2701 2571 et
2738 2513 2887 2584 quod
2923 2510 3160 2581 amplius
3193 2506 3390 2562 faciem
3425 2503 3551 2575 ejus
3579 2518 3688 2557 non
3725 2515 3806 2555 es-

2217 2619 2342 2668 sent
2381 2609 2554 2665 visuri
2602 2606 2878 2679 prazdixit,
2922 2611 2980 2659 et
3017 2610 3081 2658 ut
3125 2599 3377 2655 Maurum
3418 2596 3806 2668 presbyterum,

2216 2704 2396 2760 virum
2456 2702 2513 2756 in
2571 2700 2678 2756 ﬁde
2735 2696 3069 2755 catholicum
3121 2701 3177 2749 et
3231 2689 3617 2747 doctissimum
3644 2727 3661 2752 ,
3716 2680 3809 2740 sibi

2218 2809 2597 2853 successorem
2622 2791 2886 2864 eligerent
2908 2787 3124 2844 monuit
3150 2793 3202 2840 et
3227 2781 3506 2854 praecepit.
3530 2776 3617 2832 llli
3645 2776 3808 2848 primo

521 2895 576 2951 ei
605 2902 659 2950 et
686 2904 1071 2964 cooperatores
1097 2891 1250 2948 verbi
1280 2900 1390 2945 tres
1422 2888 1574 2944 viros
1602 2885 1845 2957 probatae
1887 2880 2124 2937 auctori-
2219 2888 2341 2944 viso
2366 2886 2571 2942 nuncio
2598 2900 2725 2940 cum
2746 2881 2943 2938 litteris
2966 2878 3301 2952 gaudebant,
3318 2883 3374 2930 et
3395 2871 3811 2930 consolabantur

526 2986 656 3046 tatis
694 2959 862 3053 ded-it,
905 2999 1143 3056 quorum
1184 2983 1409 3040 nomina
1436 2980 1542 3037 etsi
1595 2992 1708 3034 non
1747 2977 2016 3032 habemus
2065 2973 2118 3028 in

2222 2994 2284 3037 se
2310 2987 2503 3034 mutuo
2533 2978 2589 3032 in
2636 2982 2889 3047 respectu
2924 2980 3169 3043 paterno.
3202 2968 3301 3023 Ubi
3330 2980 3467 3022 vero
3490 2965 3559 3020 de
3589 2959 3812 3034 pastoris

524 3079 771 3151 scriptis,
804 3078 934 3150 quia
978 3085 1163 3133 tamen
1192 3075 1349 3131 missi
1396 3082 1527 3130 sunt
1556 3086 1666 3127 non
1697 3078 1928 3126 tacetur.
1958 3065 2124 3123 Novi-
2148 3119 2190 3151 ρ
2224 3069 2561 3126 resolutione
2592 3074 2647 3124 et
2673 3081 2774 3123 sua
2801 3061 3154 3121 destitutione
3188 3057 3330 3114 facta
3367 3064 3456 3112 est
3492 3053 3722 3115 mentio,
3760 3048 3813 3103 ﬁt

524 3182 653 3229 mus
706 3177 890 3225 tamen
938 3168 1159 3224 beatum
1202 3165 1453 3223 Maurum
1491 3163 1892 3236 presbyterum,
1944 3160 2038 3231 qui
2068 3160 2119 3215 ei

525 3261 800 3324 successit
832 3259 887 3315 in
916 3258 1272 3331 pontiﬁcatus
1314 3256 1526 3323 ordine,
1557 3270 1626 3311 ex
1656 3268 1849 3311 eorum
1891 3250 2121 3323 collegio

524 3360 582 3408 et
606 3365 840 3407 numero
864 3348 1056 3407 fuisse.

600 3440 814 3499 Interea
846 3440 1095 3497 :ecclesia
1136 3437 1401 3506 fidelium,
1439 3452 1562 3509 qua
1584 3444 1706 3493 erat
1750 3435 1892 3507 apud
1922 3433 2123 3491 Virdu-

529 3549 689 3602 num,
731 3532 1014 3590 crescebat
1040 3541 1097 3588 et
1136 3530 1549 3588 confortabatur
1573 3538 1630 3586 et
1649 3529 1930 3585 doctorem
1959 3542 2122 3583 suum

526 3626 740 3683 devotis
763 3633 817 3681 et
857 3625 977 3697 ipsa
998 3623 1284 3681 devotione
1311 3622 1595 3693 suspensis
1619 3620 1819 3677 animis
1837 3619 2123 3691 praestola-

530 3716 713 3774 batur.
742 3716 880 3773 ~Jam
923 3716 994 3773 ad
1020 3730 1116 3772 eos
1146 3714 1290 3771 fama
1318 3716 1387 3771 de
1413 3714 1832 3771 resuscitatione
1869 3705 2122 3769 defuncti

531 3820 874 3882 pervenerat,
903 3826 1028 3882 quae
1048 3825 1137 3866 res
1160 3823 1258 3866 eos
1280 3810 1335 3865 in
1358 3809 1463 3866 ﬁde
1473 3808 1570 3865 Dei
1589 3817 1642 3864 et
1664 3823 1853 3863 amore
1876 3800 2123 3877 magism

530 3902 910 3987 vehementius
954 3901 1294 3957 accenderat.
1332 3899 1466 3956 Pius
1501 3915 1723 3971 quoque
1769 3906 1946 3969 pater,
1992 3897 2125 3952 dum

533 4000 935 4051 rememoratur
962 4005 1263 4062 suspensos
1292 3990 1361 4047 ad
1404 4007 1567 4047 suum
1603 3990 1841 4045 reditum
1886 3988 2125 4043 ﬁliorum

534 4087 773 4155 animos,
806 4085 1163 4142 Meldcnsium
1201 4086 1409 4143 scilicet
1428 4094 1483 4141 et
1502 4082 2013 4139 Virdunensium—
2030 4097 2126 4138 sex

533 4180 682 4237 enim
714 4181 843 4236 anni
866 4180 981 4251 jam
1008 4195 1146 4251 pene
1170 4180 1376 4236 evoluti
1419 4188 1576 4236 erant
1617 4194 1649 4234 a
1691 4177 1946 4249 passione
1985 4176 2128 4232 beati

536 4273 804 4348 Dyonisii,
847 4283 904 4331 et
955 4283 1142 4330 sextus
1187 4273 1305 4344 ipse
1351 4289 1533 4329 annus
1577 4270 1930 4343 pontiﬁcatus
1983 4268 2129 4324 beati

536 4365 773 4424 Euaristi
822 4366 926 4423 fuit
973 4375 1203 4423 octavus
1235 4395 1327 4433 -—,
1352 4364 1732 4421 benedictione
1767 4361 2042 4433 postulata
2076 4368 2132 4416 et

2223 3161 2410 3218 statim
2441 3160 2650 3217 clamor
2689 3166 2745 3214 et
2777 3157 2958 3213 luctus
2983 3152 3253 3209 omnium.
3280 3148 3401 3204 Vox
3428 3154 3549 3202 erat
3584 3160 3696 3199 una
3722 3142 3811 3198 do-

2221 3253 2471 3309 lentium.
2513 3249 2782 3306 Dolebant
2805 3246 2954 3303 enim
2984 3245 3112 3315 quia
3139 3240 3465 3297 amittebant
3485 3246 3697 3308 patrem
3722 3234 3810 3290 ka-

2220 3344 2524 3408 rissimum,
2552 3348 2828 3412 pastorem
2851 3335 3299 3400 mitissimum,et
3319 3332 3373 3386 vi
3400 3330 3612 3386 doloris
3640 3328 3811 3383 attrita

2219 3446 2275 3493 et
2303 3437 2559 3507 depressa
2593 3433 2709 3489 acie
2750 3432 2953 3487 mentis
2983 3438 3227 3500 cogitare
3269 3425 3356 3481 vix
3387 3431 3666 3496 poterant,
3694 3419 3813 3492 quia

2222 3544 2373 3585 mors
2399 3527 2449 3583 ei
2472 3526 2558 3582 via
2585 3525 2653 3581 ad
2682 3524 2937 3596 patriam,
2989 3521 3083 3576 ubi
3125 3519 3252 3574 ﬁnis
3288 3518 3545 3573 laborum
3581 3523 3640 3570 et
3666 3512 3814 3568 retri—

2221 3618 2375 3676 butio
2405 3616 2758 3688 praemiorum
2781 3622 3112 3669 aeternorum
3140 3627 3153 3664 :
3182 3609 3324 3665 unde
3344 3609 3425 3663 eis
3451 3613 3607 3661 tanto
3628 3603 3814 3659 melius

2223 3709 2479 3781 cpitulari
2510 3715 2565 3763 et
2601 3706 2894 3762 subvenire
2918 3704 3140 3770 valeret,
3185 3708 3393 3772 quanto
3424 3698 3667 3755 vicinius
3690 3695 3812 3757 Deo,

2223 3803 2314 3859 cui
2364 3801 2649 3867 servierat,
2689 3797 2745 3853 in
2776 3812 2887 3868 quo
2940 3803 3274 3867 speraverat,
3325 3808 3491 3863 quem
3537 3789 3814 3845 confessus

2224 3894 2423 3962 fuerat,
2439 3892 2687 3964 deposito
2709 3889 2959 3960 corporis
2982 3902 3170 3954 onere,
3185 3886 3489 3941 adhereret.
3514 3882 3679 3938 Fides
3700 3877 3816 3952 qui-

2224 3988 2347 4046 dem
2377 3988 2506 4043 ﬂere
2528 3985 2871 4057 prohibebat,
2903 3982 2999 4039 sed
3040 3979 3303 4053 gemitum
3347 3975 3711 4047 extorquebat
3735 3968 3811 4026 af-

2225 4080 2422 4136 fectus.
2448 4077 2564 4133 lllic
2591 4092 2721 4147 ergo
2742 4075 2956 4147 positus
2983 4088 3086 4129 nos
3108 4070 3446 4126 humillimos
3472 4083 3663 4124 servos
3691 4076 3813 4121 suos

2226 4171 2319 4226 hic
2341 4177 2562 4227 orantes
2579 4168 2855 4233 exaudiat,
2870 4164 3173 4221 scclesiam
3199 4163 3340 4217 inter
3364 4159 3557 4215 mundi
3581 4156 3814 4213 turbines

2226 4262 2580 4318 ﬂuctuantem
2611 4260 2714 4316 sibi
2745 4258 3122 4324 commissam,
3155 4270 3257 4311 suo
3286 4253 3473 4310 labore
3493 4252 3561 4308 ad
3594 4252 3649 4306 id
3678 4246 3814 4322 quod

2227 4360 2314 4408 est
2343 4358 2658 4422 provectam
2682 4347 2801 4420 (fol.
2833 4346 2965 4417 ιϐ’),
2996 4354 3150 4417 regat
3177 4352 3233 4399 et
3264 4350 3533 4413 protegat,
3560 4341 3817 4396 ﬁliorum-

535 4466 759 4530 accepta
788 4457 905 4530 (fol.
934 4458 1046 4529 16),
1075 4456 1292 4512 Meldim
1315 4456 1494 4512 redire
1518 4454 1803 4511 deliberat.
1829 4449 1909 4506 Ne
1947 4458 2129 4505 tamen
2163 4480 2206 4536 ο
2230 4464 2339 4520 que
2370 4463 2559 4520 preces
2601 4456 2657 4504 et
2687 4445 2945 4502 lacrimas
2987 4443 3085 4500 Dei
3109 4442 3285 4515 patris
3314 4442 3567 4497 omnium
3593 4450 3815 4507 conspe-

535 4566 711 4607 novos
757 4549 1066 4621 adoptionis
1115 4549 1277 4615 ﬁlios,
1327 4563 1468 4618 quos
1515 4545 1737 4600 Christo
1785 4558 1882 4614 per
1929 4557 2128 4613 aquam

537 4634 886 4708 baptismatis
918 4635 1145 4690 Virduni
1181 4641 1621 4706 regeneraverat,
1663 4631 1973 4687 invisitatas
1994 4647 2134 4701 prae-

2231 4544 2343 4599 ctui
2369 4542 2580 4599 offerat.

2305 4637 2529 4709 Legitur
2551 4650 2685 4692 sane
2742 4635 2801 4690 in
2850 4631 3260 4703 antiquioribus
3303 4628 3427 4700 ejus
3472 4629 3644 4701 gestis
3688 4625 3817 4697 (56),

538 4730 749 4799 terirct,
793 4730 887 4785 illo
910 4729 1230 4801 quantotius
1266 4728 1369 4783 iter
1405 4727 1692 4792 accelerat,
1720 4733 1780 4779 ιιι
1819 4724 2023 4780 relictis
2058 4722 2132 4778 ibi
2229 4731 2379 4802 quod
2406 4744 2533 4785 cum
2578 4726 2769 4783 Meldis
2819 4726 3073 4791 redisset,
3110 4733 3410 4797 tyrannum
3440 4716 3817 4790 lncmpaverit,

540 4821 727 4888 sociis,
755 4837 896 4892 quos
921 4820 991 4876 ab
1018 4817 1316 4890 apostolica
1340 4818 1468 4873 sede
1495 4822 1829 4888 perceperat,
1862 4813 1977 4884 ipse
1998 4813 2118 4868 Mel-

2231 4821 2380 4894 quod
2398 4836 2488 4876 res
2506 4819 2754 4876 ecclesia:
2771 4817 3113 4887 diripuisset,
3139 4824 3195 4871 et
3217 4815 3291 4870 ob
3312 4814 3367 4870 id
3392 4813 3546 4868 illum
3575 4813 3658 4866 ira
3684 4823 3817 4880 pra:—

524 4913 653 4969 dim
703 4914 921 4980 rediret,
973 4921 1029 4967 et
1074 4928 1204 4967 suas
1230 4927 1382 4978 oves,
1421 4910 1623 4981 quibus
1654 4918 1841 4980 pastor
1868 4916 1923 4963 et
1952 4915 2134 4963 rector
2235 4911 2387 4983 cipiti
2445 4910 2750 4978 fervidum,
2790 4908 2971 4979 gladio
3016 4907 3317 4963 adauctum
3373 4904 3597 4959 beatum
3648 4901 3818 4954 virum

540 5008 825 5065 institutus
853 5009 1048 5075 fuerat,
1080 5015 1308 5079 regeret.
1334 5005 1586 5077 Cumque
1608 5003 1837 5060 Virduni
1873 5002 2131 5058 advenis-

539 5111 646 5171 set,
679 5119 711 5159 a
755 5101 1017 5158 fratribus
1059 5103 1251 5158 devote
1288 5100 1608 5173 suscipitur,
1638 5115 1668 5155 a
1692 5099 1904 5156 civibus
1939 5106 2131 5153 contra

612 5286 658 5319 ²⁸
678 5284 750 5339 IX
773 5285 888 5359 jam
917 5299 1063 5341 anno
1089 5286 1146 5340 in
1171 5283 1285 5339 loco
1313 5300 1435 5339 raso
1457 5283 1515 5338 2.

2236 5005 2364 5059 vitze
2383 5002 2759 5059 transmisisse
2793 5007 3089 5070 perpetuae.
3136 4997 3376 5068 Apparet
3395 4994 3565 5051 etiam
3605 4988 3817 5048 nuncin

2236 5096 2358 5167 ipso
2391 5095 2497 5149 viri
2517 5092 2823 5151 beatissimi
2845 5092 3045 5164 capite,
3070 5089 3215 5147 sicut
3258 5088 3496 5144 relatum
3541 5094 3621 5142 est
3651 5083 3717 5140 ab
3739 5076 3818 5135 bis

1821 5206 2058 5265 VARIAE
2077 5205 2511 5299 'LECTIONES.

2044 5371 2276 5429 NOTAE.

610 5466 1001 5551 (3.6)Ifla‘l'met,
1193 5468 1263 5551 de
1281 5466 1545 5551 Lorraine
1570 5467 1693 5551 1,13.
1744 5463 1909 5551 qia
1934 5480 2129 5548 mona-

541 5536 717 5596 sterio
739 5536 796 5593 S.
823 5538 1006 5595 Vitoni
1027 5538 1205 5595 Vitam
1231 5540 1481 5596 Sanctini
1507 5536 1655 5610 posti
1672 5554 1723 5592 a.
1752 5536 1860 5592 952
1891 5536 2134 5610 conscri-

544 5619 787 5682 ptam_sc
822 5610 1017 5682 legisse
1056 5619 1290 5682 testatur
1324 5611 1380 5665 in
1417 5607 1607 5682 codice
1648 5623 1774 5682 saec.
1825 5607 2131 5682 xtrinscri-

544 5678 666 5752 pto:
697 5678 913 5752 Ῑηιείρὶῐ⁸
963 5680 1086 5735 Vita
1123 5681 1183 5736 S.
1209 5679 1453 5736 Sanctini
1486 5681 1658 5752 primi
1688 5679 1955 5752 ponti/iris
1985 5678 2130 5752 urbis

542 5749 846 5820 Clavorum.
880 5750 1012 5806 Post
1056 5752 1344 5824 gloriosam
1396 5749 1623 5806 micatis
1671 5750 1907 5804 victoria:
1937 5749 2131 5802 trium-

2235 5462 2417 5534 phum,
2445 5468 2550 5534 etc.
2586 5458 2730 5534 Quin
2764 5457 2910 5534 hanc
2934 5451 3486 5534 Vitam_HVugo.ante
3521 5447 3709 5534 oculos
3729 5444 3819 5534 ita:

2238 5518 2438 5599 buerit,
2462 5533 2554 5586 vix
2579 5518 2821 5586 dubitari
2839 5541 3014 5599 posse;
3033 5518 3426 5599 probat_i'psiu§
3447 5518 3817 5599 narratiocntn

2238 5583 2751 5672 Vitae—compendio,
2779 5583 2926 5672 quod
2977 5583 3190 5672 Gallice
3212 5583 3363 5672 dedit
3379 5591 3686 5672 Qalmetus,
3705 5583 3817 5672 col-

2237 5676 2368 5728 lata.
2395 5674 2466 5727 At
2510 5661 2619 5727 non
2643 5661 2759 5725 haec
2781 5661 2967 5735 Gesta,
2997 5667 3093 5722 sed
3137 5665 3229 5719 illa
3265 5664 3334 5719 ab
3378 5661 3675 5735 ll‘incmaro
3702 5668 3819 5712 con-

2240 5745 2441 5819 scripta
2464 5741 2778 5809 antiquiora
2804 5733 2996 5799 fuisse.
3024 5750 3187 5792 nemo
3213 5750 3322 5790 non
3345 5733 3510 5803 videt,
