3932 6298
97 246 155 303 5.,
1008 271 1015 279 .
1341 230 1756 291 cuuourcou.
1792 265 1863 275 -
1894 232 2022 289 un.
2071 232 2113 290 ι.
2230 201 2237 208 ’
3268 241 3340 299 ss

97 336 179 409 qui
198 332 460 400 viderunt,
493 338 549 388 et
576 345 705 389 ossa
732 331 852 401 ejus
873 328 1229 409 sanctissima
1272 336 1648 383 contrectave-
1676 327 1724 383 Α
1749 327 1910 382 annis
1955 327 2097 382 intra
2118 335 2269 397 septa
2307 326 2543 397 sepulcri
2601 327 2895 385 thesaurus
2939 331 3156 390 celestis
3202 333 3338 390 deli-

94 436 229 495 runt,
261 425 426 483 sectio
454 420 619 495 gladii
669 423 972 478 materialis
998 422 1094 489 ita,
1122 429 1183 475 ut
1203 420 1379 475 media
1404 436 1534 491 pars
1557 434 1650 473 ca-
1754 420 1875 473 tuit.
1919 418 2226 475 Novissime
2251 419 2435 474 divina
2457 421 2788 476 revelatione
2828 432 3101 493 repertum
3142 434 3197 481 ct
3223 426 3333 481 elc-

95 516 226 591 pitis,
254 518 365 588 ipsa
399 515 663 571 videlicet
707 529 837 585 pars
893 513 1154 579 anterior,
1197 512 1253 566 in
1303 526 1411 582 qua
1459 510 1653 581 posita:
1750 520 1936 565 vatum
1958 512 2097 566 mira
2116 511 2452 566 exultatione
2486 511 2687 568 civium
2725 521 2781 569 et
2819 515 3208 572 conﬂuentium
3239 534 3327 588 pec

93 620 208 670 sunt
234 611 481 667 fenestra:
502 611 812 675 oculorum,
839 624 953 663 non
995 607 1263 662 habeatur
1287 621 1412 659 cum
1439 604 1652 673 reliquo
1752 604 2027 673 pulcrum,
2059 604 2496 659 sacratissimum
2529 619 2730 675 corpus
2776 607 2896 677 cjus
2930 608 2998 663 ad
3023 609 3340 680 propician-

92 718 320 774 corpore,
379 710 436 756 et
483 701 643 772 quasi
696 700 875 772 gladio
928 709 1081 756 secta
1102 708 1157 753 et
1199 697 1372 753 divisa
1405 697 1655 751 videatur
1752 695 1883 749 dum
1905 693 2078 749 Deum
2115 695 2333 750 miseris
2360 696 2687 752 mortalibus
2719 714 2884 769 super
2912 700 3084 755 altare
3113 702 3168 756 in
3193 702 3340 756 cele-

90 808 203 862 pars
234 792 500 862 posterior
527 792 597 846 ab
642 791 933 846 anteriore.
989 789 1234 856 Qualiter
1257 803 1387 859 ergo
1433 802 1655 842 servum
1754 787 1824 841 sti
1843 786 2229 857 propiciatorio
2265 786 2333 840 ab
2371 787 2644 858 episcopis
2690 789 2990 848 honoriﬁce
3040 795 3336 864 repositum

92 899 236 938 suum
263 882 407 938 Deus
449 883 516 937 ad
562 898 622 938 se
655 882 985 950 evocaverit,
1035 882 1152 952 ipse
1196 880 1347 935 novit
1386 879 1481 949 qui
1528 894 1655 934 eum
1754 887 1857 945 est,
1882 879 1976 933 ubi
2014 893 2112 948 per
2173 879 2582 935 succedentium
2636 897 2908 937 annorum
2956 885 3234 940 volumina
3275 885 3348 942 ab

90 976 347 1046 praaelegit
387 984 514 1030 ante
561 968 847 1031 saecularia
904 983 1182 1044 tempora;
1222 987 1324 1026 nos
1359 970 1654 1037 credimus,
1755 971 2164 1027 excubitoribus
2187 970 2476 1041 diligenter
2498 982 2770 1028 servatum
2801 982 2855 1029 et
2871 975 3192 1045 honoriﬁce,
3219 993 3347 1047 per-

89 1069 202 1137 quia
224 1067 325 1123 etsi
361 1067 480 1138 ejus
527 1067 768 1122 animam
825 1066 1038 1139 gladius
1092 1063 1503 1135 persequutoris
1548 1077 1657 1117 non
1756 1063 1958 1118 mansit
1980 1078 2153 1132 usque
2187 1062 2253 1117 ad
2281 1070 2524 1132 tempora
2550 1063 2811 1120 Ludovici
2842 1065 3209 1136 imperatoris,
3237 1067 3344 1122 Lo-

89 1157 317 1223 abstulit,
339 1158 576 1226 palmam
622 1165 806 1211 tamen
866 1153 1117 1226 martyrii
1148 1167 1257 1207 non
1296 1151 1501 1218 amisit,
1529 1150 1659 1221 quia
1756 1156 1883 1210 tarii
1908 1171 2061 1225 mque
2082 1155 2428 1225 imperatoris
2453 1154 2570 1222 lilii,
2603 1154 2714 1210 Deo
2762 1166 3012 1212 sanctum
3056 1175 3216 1223 suum
3247 1160 3345 1213 ini—

88 1257 223 1303 totus
240 1248 368 1302 vita:
387 1246 949 1319 ejusexeursusjugis
976 1245 1079 1301 fuit
1099 1260 1224 1300 cum
1247 1242 1489 1314 principe
1506 1258 1662 1296 mun—
1757 1247 2003 1303 riticaute
2044 1246 2215 1318 signis
2259 1254 2312 1301 et
2339 1247 2603 1319 prodigiis
2655 1247 3163 1305 innumerabilibus.
3212 1248 3343 1305 Post

89 1341 137 1395 di
159 1339 458 1396 conﬂictus.
1759 1341 1880 1408 hcc,
1914 1340 2043 1411 quia
2072 1340 2150 1395 sic
2181 1338 2326 1394 Deus
2347 1339 2539 1406 voluit,
2565 1340 2890 1395 translatum
2919 1351 3024 1408 est,
3053 1350 3108 1396 et
3135 1341 3338 1397 Virdu-

153 1432 353 1487 Ascivit
373 1439 556 1486 autem
586 1431 689 1487 sibi
728 1430 997 1486 Dominus
1041 1444 1185 1484 nunc
1231 1435 1483 1484 sanctum
1521 1442 1661 1496 pnn-
1758 1434 1817 1489 ni
1860 1433 1915 1487 in
1950 1432 2196 1487 aecclesia
2231 1431 2403 1487 sancti
2464 1430 2611 1485 Petri
2653 1413 2943 1498 locatum,‘
2966 1440 3021 1485 et
3053 1433 3106 1485 in
3143 1433 3348 1488 scrinio

93 1524 268 1580 ﬁlicem
296 1533 425 1595 post
448 1524 619 1579 multa
640 1525 890 1579 laborum
931 1524 1192 1594 pericula,
1227 1530 1352 1593 post
1374 1521 1660 1575 innumera
1760 1533 2017 1597 argenteo
2046 1523 2411 1589 reconditum,
2462 1522 2554 1577 ubi
2588 1522 2801 1578 meritis
2844 1522 2964 1593 ejus
2997 1530 3052 1577 et
3097 1523 3351 1592 precibus

91 1618 341 1671 bonorum
371 1631 597 1687 operum
624 1615 906 1683 exercitia,
930 1617 983 1670 in
1008 1615 1144 1671 urbe
1181 1610 1658 1681 Meldensi,5Kal.
1761 1617 2064 1671 exuberant
2127 1613 2391 1670 beneﬁcia
2443 1613 2627 1669 divina
2678 1630 2854 1685 usque
2908 1614 2963 1668 in
3020 1614 3347 1669 hodiernum

92 1706 344 1772 Octobris,
369 1716 633 1779 regnante
655 1709 815 1763 terris
841 1708 1085 1778 principe
1119 1705 1376 1776 Trajano.
1689 1691 1736 1750 Β
1763 1708 1931 1775 diem,
1967 1715 2244 1778 prestante
2267 1704 2395 1761 Jesu
2421 1705 2624 1762 Christi
2650 1707 2846 1778 gratia,
2870 1705 2958 1762 cui
2985 1713 3068 1761 est
3095 1707 3273 1760 honor
3300 1714 3354 1761 et

152 1799 299 1866 Quod
328 1800 379 1854 si
407 1800 689 1856 studiosus
738 1801 910 1856 lector
943 1799 1159 1870 plenius
1185 1797 1335 1869 cupit
1360 1795 1659 1862 addiscere,
1762 1800 1934 1873 gloria
1960 1799 2016 1853 in
2045 1799 2243 1855 swcula
2266 1798 2594 1854 sreculorum
2624 1814 2805 1853 amen.

93 1892 341 1957 advertat,
375 1891 501 1961 quia
529 1893 618 1947 13°
635 1906 781 1948 anno
837 1891 1052 1962 imperii
1076 1889 1330 1957 Neronis,
1382 1904 1492 1958 quo
1517 1902 1662 1942 anno
1835 1891 1997 1947 Rexit
2025 1899 2207 1946 autem
2234 1898 2363 1962 post
2389 1906 2515 1944 eum
2540 1889 2867 1945 Meldensem
2894 1890 3198 1946 mcclesiam
3220 1890 3353 1945 bea-

91 1981 266 2037 Petrus
291 1989 352 2036 et
376 1980 579 2037 Paulus
604 1982 843 2055 gloriose
871 1982 1266 2048 occubuerunt,
1300 1980 1396 2051 qui
1416 1989 1535 2034 erat
1564 1994 1663 2032 ξηι-
1763 1991 1854 2039 tus
1884 1983 2195 2038 Antoninus
2234 1982 2395 2038 annis
2428 1983 2640 2051 multis,
2677 1991 2731 2038 et
2756 1983 2860 2053 piis
2917 1983 3181 2037 virtutum
3218 1997 3351 2052 ope-

94 2089 184 2128 nus
211 2072 277 2126 ab
296 2073 412 2127 inc.
452 2072 609 2127 Dom.
649 2073 738 2139 72,
768 2073 1144 2144 Vespasianus
1182 2088 1213 2127 a
1250 2071 1464 2126 Nerone
1485 2071 1541 2125 in
1567 2070 1664 2124 Ju-
1764 2075 1919 2130 ribus
1960 2075 2193 2147 insignis
2238 2074 2494 2145 migravit
2535 2074 2602 2129 ad
2650 2072 2943 2129 Dominum
2973 2073 3028 2127 2.
3081 2072 3353 2127 Kalendas

93 2164 232 2217 deam
260 2178 391 2216 cum
413 2163 660 2219 exercitu
679 2164 886 2220 missus
911 2173 1015 2220 est.
1048 2163 1263 2219 Mortuo
1283 2172 1463 2218 autem
1490 2160 1681 2241 Nero?
1764 2164 2016 2222 Octobris
2048 2166 2150 2237 (ep.
2199 2164 2442 2238 Hincm.)
2480 2173 2772 2236 praestante
2797 2164 2926 2220 Jesu
2949 2164 3153 2220 Christi
3178 2163 3354 2236 gratia

95 2271 152 2310 ne
169 2270 304 2309 anno
334 2257 589 2327 sequenti
616 2265 911 2326 antequam
928 2255 1298 2327 Vespasianus
1321 2254 1550 2310 Romam
1574 2270 1662 2309 re-
1765 2258 1854 2314 cui
1881 2267 1965 2313 est
1986 2259 2166 2312 honor
2187 2265 2241 2312 et
2267 2258 2439 2329 gloria
2468 2258 2523 2311 in
2561 2258 2760 2312 saecula
2785 2272 2965 2311 amen.

94 2351 232 2418 diret,
262 2350 462 2419 Galba,
526 2348 670 2405 Otho
692 2358 748 2404 et
766 2348 1016 2404 Vitellius
1064 2356 1427 2420 regnaverunt
1458 2363 1604 2402 anno
1634 2348 1658 2401 1
1837 2348 2156 2403 Domiciano
2202 2348 2368 2420 igitur
2400 2347 2658 2403 defuncto
2692 2346 2869 2403 Nerva
2914 2347 3157 2418 suscepit
3183 2346 3355 2417 impe-

95 2452 140 2498 et
164 2446 441 2500 mensibus
464 2442 518 2499 6.
543 2441 921 2513 Vespasianus
955 2457 1086 2513 ergo
1117 2441 1259 2510 apud
1288 2438 1517 2494 Judcam
1562 2439 1666 2492 im-
1766 2440 1909 2494 rium
1930 2456 2077 2495 anno
2113 2439 2137 2492 1
2164 2447 2219 2494 et
2243 2439 2527 2495 mensibus
2552 2439 2614 2507 4;
2645 2440 2749 2494 sub
2772 2455 2882 2511 quo
2911 2438 3195 2495 Iohannes
3218 2453 3355 2509 apo-

95 2525 289 2607 perator
317 2537 627 2608 appellatus
652 2543 756 2601 est,
785 2533 879 2604 qui
904 2541 960 2588 et
992 2531 1323 2602 Capitolium
1347 2530 1662 2597 aediﬁcavit;
1766 2535 1941 2590 stolus
1971 2541 2259 2588 revocatur
2273 2532 2343 2587 ab
2355 2532 2537 2587 exilio.

98 2630 136 2661 ⁸³
154 2630 298 2701 cujus
319 2629 569 2686 secundo
594 2642 739 2682 anno
753 2625 1048 2680 Judeorum
1071 2638 1300 2695 regnum
1324 2623 1535 2677 ﬁnitum
1558 2630 1663 2689 est,
1836 2626 1939 2682 Cui
1966 2625 2233 2681 successit
2256 2623 2556 2694 Trajanus;
2591 2623 2694 2678 sub
2715 2637 2827 2693 quo
2857 2621 3155 2677 Zacharias
3189 2620 3357 2675 Vicn~

98 2738 245 2793 Quum
287 2739 320 2779 a
378 2723 557 2793 prima
591 2719 952 2776 aediﬁcatione
1003 2714 1317 2787 templisub
1376 2716 1668 2770 Salamone
1767 2719 1955 2776 nensis
1989 2717 2249 2774 mcclesiae
2279 2716 2852 2788 cpiscopusmartyrio
2867 2722 3187 2770 coronatur.
3216 2712 3357 2768 Nam

97 2831 248 2887 usque
266 2817 336 2871 ad
360 2815 612 2869 ultimam
641 2813 762 2882 ejus
790 2809 1009 2866 ruinam
1043 2810 1147 2865 sub
1181 2809 1302 2879 ipso
1335 2806 1667 2879 Vespasiano
1766 2812 1981 2884 primus
2025 2811 2315 2879 Crescens,
2354 2811 2628 2866 secundus
2674 2808 2943 2864 Martinus
2980 2808 3356 2877 apostolorum

98 2906 404 2977 colligantur
423 2905 555 2959 anni
582 2903 741 2958 1202.
772 2899 1052 2976 [Rectum]
1074 2900 1341 2973 Regnavit
1356 2899 1523 2971 igitur
1535 2897 1669 2954 Ves—
1765 2904 2019 2976 discipuli
2053 2903 2280 2960 Viennae
2309 2903 2585 2959 sederunt.
2604 2902 2872 2974 Regnavit
2895 2900 3166 2972 Trajanus
3190 2917 3241 2955 a.
3267 2900 3355 2956 18.

96 2997 336 3067 pasianus
375 3013 427 3052 a.
456 2996 510 3063 9,
543 3012 618 3051 m.
659 2995 746 3062 11,
775 2995 831 3049 (1.
858 2993 950 3048 22.
976 2991 1074 3048 His
1100 2993 1159 3047 11
1186 2993 1472 3048 mensibus
1497 2991 1649 3046 addit

1803 3013 1846 3053 α.
1880 2997 1934 3054 6.
1958 2998 2012 3053 (1.
2043 2996 2130 3053 15.
2159 2996 2256 3052 His
2284 2997 2317 3051 6
2347 2996 2629 3052 mensibus
2660 2997 2706 3051 si
2729 2994 3102 3051 addiderimus
3121 2994 3239 3049 dies
3263 2992 3356 3059 28,

100 3086 127 3139 Ἰ
156 3085 386 3143 Neronis
421 3087 562 3141 ﬁunt
605 3085 692 3148 19,
737 3091 793 3139 et
844 3084 931 3140 his
973 3083 1045 3138 22
1078 3082 1273 3138 diebus
1317 3082 1483 3137 additi
1518 3080 1667 3137 illius
1698 3080 1742 3094 “
1770 3091 1865 3162 qui
1893 3106 2057 3161 supra
2080 3096 2483 3156 remanserunt,
2512 3096 2567 3143 et
2594 3089 2661 3143 15
2696 3086 2920 3158 Trajani
2947 3088 3085 3140 ﬁunt
3111 3084 3200 3139 45.
3225 3082 3362 3140 Post

97 3178 301 3234 281iunt
328 3177 406 3234 50
427 3178 545 3233 dies
569 3177 605 3231 ἰ.
638 3191 688 3231 e.
720 3191 898 3231 annus
931 3181 989 3230 et
1036 3174 1067 3226 7
1111 3188 1330 3229 menses
1354 3181 1412 3229 el
1435 3172 1508 3228 20
1526 3173 1666 3240 dieS,
1771 3179 2095 3236 Zachariam
2143 3178 2317 3234 Verus
2378 3176 2771 3233 Viennensium
2819 3176 3110 3247 episcopus
3152 3173 3357 3228 ﬂoruit.

98 3272 179 3342 qui
198 3287 375 3327 annus
403 3270 512 3324 hoc
533 3268 587 3324 in
609 3269 731 3323 loco
755 3267 1033 3323 inseritur.
1052 3265 1208 3323 Titus
1237 3280 1456 3337 quoque
1476 3281 1671 3338 regna-
1769 3269 1940 3342 Cujus
1963 3271 2116 3343 regni
2143 3286 2192 3326 a.
2218 3272 2273 3325 5°
2303 3278 2619 3340 assumptus
2645 3277 2731 3325 est
2752 3268 2869 3339 ipse
2902 3259 3098 3324 beatus
3135 3275 3361 3336 aposto-

99 3362 233 3417 vita.
259 3363 312 3429 2,
368 3378 445 3416 m.
470 3363 525 3415 2.
578 3358 931 3413 Domicianus
960 3373 1011 3413 a.
1046 3357 1133 3423 15,
1170 3372 1245 3410 m.
1287 3357 1341 3411 5.
1388 3355 1486 3412 His
1510 3357 1544 3412 5
1573 3357 1671 3411 ad—
1769 3360 1856 3417 lus
1880 3377 2027 3417 anno
2054 3369 2180 3433 post
2200 3361 2513 3432 passionem
2562 3360 2781 3416 Domini
2804 3359 2926 3429 68°,
2956 3360 3070 3415 ind.
3108 3359 3194 3425 14,
3227 3372 3362 3429 epa--

99 3455 271 3513 damus
301 3457 333 3510 7
359 3470 585 3511 menses
604 3452 953 3523 Vespas’ani,
1003 3451 1309 3520 completur
1349 3465 1547 3516 annus,
1573 3449 1669 3520 qui
1769 3459 1858 3508 cta
1894 3450 1958 3517 6;
1981 3459 2036 3505 et
2065 3460 2218 3505 sexto
2230 3450 2350 3517 eius
2375 3464 2520 3504 anno
2541 3448 2875 3521 migravitad
2900 3447 3197 3502 Dominum
3227 3447 3361 3501 bea-

100 3546 177 3602 hic
195 3547 475 3603 inseritur.
502 3545 635 3600 Post
668 3543 1050 3599 Domiciannm
1092 3539 1270 3596 Nerva
1299 3542 1567 3613 regnavit,
1611 3556 1665 3597 a.
1768 3553 1860 3601 tus
1917 3542 2233 3609 Sanctinus,
2284 3549 2338 3597 et
2394 3542 2639 3612 suscepit
2706 3540 3011 3596 aacclesiam
3063 3539 3363 3609 regendam

100 3636 146 3703 1,
175 3640 310 3705 mut,
343 3639 402 3694 (1.
438 3637 492 3692 8.
527 3635 631 3692 Sex
658 3635 826 3708 igitur
863 3633 1147 3689 mensibus
1188 3630 1443 3699 Othonis,
1485 3631 1670 3688 Galbae
1768 3635 1992 3690 Maurus
2011 3631 2408 3705 presbyter,vir
2434 3634 2676 3688 honesta:
2696 3632 2822 3686 vita:
2843 3638 3215 3700 etpercuncta
3237 3630 3361 3684 lau-

101 3727 354 3785 etVitellii
390 3729 437 3784 si
488 3727 858 3783 addiderimus
888 3723 997 3779 Titi
1035 3724 1195 3790 duos,
1219 3722 1410 3778 Nervae
1434 3723 1488 3789 4,
1516 3737 1673 3779 com.
1769 3726 1985 3782 dabilis.
2007 3723 2228 3798 [11mm]
2263 3723 2502 3795 Trajano
2538 3724 2802 3779 adversus
2839 3722 3189 3794 Christianos
3229 3737 3360 3792 per-

101 3815 258 3887 pietur
288 3832 498 3882 annus,
534 3824 589 3871 et
613 3816 703 3872 hic
737 3815 1021 3871 inseritur.
1047 3813 1182 3869 Post
1198 3812 1430 3869 Nervam
1466 3829 1667 3885 regna»
1770 3817 2147 3888 sequutionem
2172 3814 2700 3887 movente,Symeon
2723 3806 3232 3885 IlierosOl'ymorum
3246 3813 3364 3883 epi-

99 3906 167 3961 vit
189 3906 458 3979 Trajanus
481 3920 531 3961 a.
564 3906 651 3973 19,
679 3922 755 3960 m.
792 3905 847 3973 6,
898 3905 953 3960 d.
1003 3904 1091 3971 15,
1141 3903 1301 3974 cujus
1340 3918 1372 3957 a
1396 3903 1455 3957 2°
1474 3904 1669 3961 beatus
1769 3924 1941 3980 cOpus
1965 3907 2324 3980 cruciﬁgitur,
2356 3906 2576 3978 [gnatus
2612 3906 2801 3961 bestiis
2835 3905 3089 3972 traditur,
3120 3903 3363 3959 Alexan-

103 3996 376 4057 Sanctinus
396 3999 654 4071 migravit
682 3999 750 4053 ad
763 3998 1074 4064 Dominum,
1099 4010 1245 4053 anno
1274 3998 1343 4052 ab
1369 3998 1477 4052 inc.
1507 3996 1665 4053 Dom.
1769 4005 1867 4060 der
1894 4019 2033 4075 papa
2054 4011 2181 4074 post
2208 4002 2652 4058 administratum
2675 4018 2726 4056 a.
2762 4001 2850 4069 11,
2888 4016 2964 4056 m.
2995 4001 3047 4068 7,
3074 4001 3128 4057 (1.
3161 4000 3197 4055 2
3217 3996 3371 4072 pou?

102 4091 304 4160 105,m.
343 4092 435 4160 10,
465 4092 519 4147 (1.
547 4091 635 4158 18,
670 4090 931 4146 Africano
963 4099 1017 4146 et
1043 4090 1301 4160 Crispino
1322 4092 1665 4158 consulibus,
1769 4095 2034 4151 tiﬁcatum
2066 4095 2329 4167 martyrio
2384 4103 2682 4150 coronatur
2728 4095 2833 4151 sub
2870 4093 3109 4164 Trajano
3138 4094 3191 4150 5.
3220 4092 3362 4149 Non.

100 4187 394 4256 apassione
409 4185 553 4240 beati
574 4182 818 4256 Dyonisii
849 4199 899 4238 a.
928 4183 982 4251 8,
1038 4182 1417 4253 pontiﬁcatum
1477 4190 1671 4254 agente
1768 4182 1875 4237 Mai
1899 4182 2079 4253 (Gesta
2106 4193 2251 4254 pont.
2294 4182 2494 4254 Rom.).
2523 4182 2623 4239 llic
2651 4185 3012 4240 constituitut
3032 4200 3175 4255 aqua
3210 4200 3369 4256 spar-'

100 4275 341 4334 Romana:
365 4276 631 4333 accelesize
673 4291 814 4346 papa
849 4274 1104 4331 Euaristo
1143 4290 1195 4329 a.
1225 4273 1280 4339 9,
1347 4272 1670 4344 interposito
1771 4277 1945 4332 sionis
1971 4291 2097 4331 cum
2127 4277 2241 4332 sale
2283 4277 2554 4333 benedici.
2607 4276 2741 4332 Post
2770 4292 2897 4332 eum
2943 4278 3086 4333 sedit
3130 4277 3392 4349 Xystus...

101 4375 264 4425 tamen
286 4384 438 4424 anno
472 4369 587 4435 illo,
617 4367 714 4439 qui
737 4367 803 4422 de
826 4366 1210 4437 supputatione
1250 4365 1523 4421 mensium
1543 4380 1671 4436 pro—
1700 4371 1749 4432 ι’)
1775 4367 1995 4423 natione
2016 4365 2320 4433 Romanus,
2340 4381 2408 4421 ex
2442 4374 2597 4437 patre
2621 4365 2873 4433 Pastore,
2909 4367 2977 4421 de
3009 4367 3232 4437 regione
3263 4366 3369 4421 Via‘

98 4461 243 4527 cedit,
266 4470 329 4517 ut
351 4475 622 4517 numerus
672 4474 942 4514 annorum
988 4457 1382 4529 pontiﬁcalium
1430 4456 1670 4527 perfecte
1777 4457 1933 4524 Lata,
1953 4473 2003 4513 a.
2030 4456 2117 4512 10.
2142 4472 2218 4512 m.
2247 4455 2644 4530 2,d.1.[Ano.]
2673 4455 2772 4512 llic
2797 4456 3153 4512 constituitut
3172 4456 3367 4512 minis-

100 4562 349 4620 servetur,
376 4561 433 4608 et
455 4552 527 4607 ab
554 4550 705 4607 obitu
741 4550 887 4606 beati
944 4548 1189 4613 Sauctini
1245 4564 1419 4619 usque
1451 4550 1519 4605 ad
1570 4549 1672 4605 ob-
1778 4547 1912 4602 teria
1944 4554 2155 4603 sacrata
2179 4561 2290 4601 non
2313 4554 2672 4618 tangerentur
2692 4547 2797 4602 nisi
2839 4563 2872 4603 a
2900 4547 3191 4604 ministris.
3232 4544 3363 4604 Jus-

98 4641 223 4699 itum
241 4643 507 4709 Euaristi,
530 4642 626 4713 qui
665 4642 803 4698 obiit
848 4641 902 4696 6.
935 4640 1053 4696 Kal.
1098 4639 1440 4709 Novembris,
1490 4655 1672 4697 annus
1775 4646 1866 4694 tus
1888 4636 2213 4693 Viennensis
2235 4638 2524 4710 episcopus
2541 4637 2726 4694 ﬂoruit
2748 4638 2812 4694 ”.

100 4732 293 4807 integer
316 4744 374 4792 et
393 4735 514 4792 dies
538 4734 605 4789 17
626 4732 1033 4805 computentur.
1846 4728 2007 4783 Anno
2029 4742 2249 4799 quoque
2275 4728 2346 4783 ab
2369 4727 2478 4784 inc.
2506 4728 2664 4784 Dom.
2705 4730 2828 4784 121.
2871 4728 3122 4801 regnavit
3170 4727 3368 4784 Adria—

159 4825 415 4898 Sepultus
439 4835 524 4883 est
548 4841 682 4882 sane
702 4824 975 4896 condigno
998 4823 1207 4880 honore
1228 4822 1468 4878 ﬁdelium
1489 4823 1545 4877 in
1575 4838 1670 4878 ec-
1776 4838 1904 4889 nus,
1929 4821 2274 4877 consobrina
2304 4820 2528 4893 Tra‘jani
2550 4822 2715 4878 ﬁlius.
2747 4820 2940 4894 [Benx,
2978 4820 3235 4894 Hunos]
3269 4818 3366 4876 Hic

100 4917 251 4975 etesia
285 4919 462 4976 sancti
483 4917 632 4974 Petri
664 4916 779 4988 (fol.
812 4916 901 4988 17)
941 4932 1106 4987 quam
1145 4915 1313 4986 ipsea
1342 4914 1671 4970 fundamen-
1774 4913 1830 4970 9°
1870 4912 2084 4983 imperii
2139 4912 2225 4968 sui
2279 4928 2425 4967 anno
2482 4913 2910 4983 persequutione
2945 4913 3150 4980 laxata,
3211 4921 3369 4984 pater

97 5009 162 5067 tis
185 5011 555 5076 ediﬁcaverat,
595 5026 717 5080 quae
741 5008 961 5080 quidem
993 5024 1025 5063 a
1050 5016 1243 5064 sancto
1297 5005 1575 5065 Antonino
1601 5005 1667 5073 ⁸⁸,
1771 5005 1962 5076 patria:
1987 5005 2312 5075 appellatur,
2338 5011 2393 5060 et
2414 5019 2558 5059 uxor
2591 5004 2714 5074 ejus
2745 5012 2999 5076 augusta.
3021 5003 3289 5077 Regnavit
3309 5019 3362 5060 a.

100 5101 184 5171 qui
202 5103 252 5157 ei
279 5102 336 5159 in
368 5104 684 5173 episcopatu
713 5107 1073 5165 successerat,
1114 5097 1392 5168 ampliata,
1427 5105 1590 5168 atque
1611 5096 1668 5152 in
1768 5096 1860 5150 21.
1889 5095 2316 5166 Thelesphorus,
2342 5095 2552 5152 Grecus
2584 5096 2809 5151 natione
2855 5112 2923 5152 ex
2948 5097 3287 5163 anachorita,
3311 5113 3389 5152 a.~
3420 5108 3421 5111 ‘

100 5193 295 5253 honore
316 5198 496 5269 ipsius
520 5193 769 5268 magistri
813 5190 901 5248 sui
920 5191 1167 5247 dedicata
1196 5198 1301 5256 est,
1344 5189 1437 5244 ubi
1476 5189 1667 5245 multis
1769 5190 1855 5257 11,
1884 5205 1959 5243 ω.
1985 5189 2040 5256 3,
2062 5188 2116 5243 (1.
2153 5187 2424 5259 21(Gesta
2447 5197 2594 5259 pons.
2620 5186 2823 5260 Rom).
2878 5189 3046 5245 Duxit
3079 5189 3126 5222 ³⁸
3153 5190 3369 5246 illustre
3422 5196 3429 5205 ‘

1366 5341 1600 5400 VARUE
1639 5341 2043 5400 LECTIONES.

102 5460 143 5494 ⁸³
191 5461 532 5535 Vespasiano
552 5461 642 5517 Vi.
671 5470 732 5535 et
747 5460 871 5535 Tito
895 5457 961 5535 V2
984 5458 1307 5535 consulibus
1328 5455 1500 5535 Judeo
1528 5456 1946 5535 subvertiturjn
1984 5457 2222 5535 margine
2255 5474 2303 5512 c.
2406 5457 2451 5491 “
2476 5459 2661 5535 hic_in
2685 5460 3149 5535 marginetegitur
3183 5476 3203 5515 :
3238 5461 3365 5535 “An-

102 5546 168 5604 {to
197 5534 266 5589 ab
298 5527 681 5604 incarnatione
703 5532 918 5604 Domini
942 5531 1062 5604 167.
1092 5527 1297 5585 Lucius
1332 5544 1429 5604 rex
1454 5527 1776 5604 Brittanniaa
1814 5528 1985 5604 missa
2024 5527 2297 5604 legatione
2322 5544 2353 5583 a
2383 5545 2526 5604 papa
2552 5527 2824 5604 Euaristd
2841 5542 2900 5588 et
2931 5527 3367 5604 imperatoribus

102 5599 364 5727 Romanis
378 5605 536 5660 ﬁdem
564 5603 769 5677 Christi
798 5601 1058 5674 suscepit,
1075 5617 1202 5658 cum
1225 5599 1479 5656 omnibus
1500 5598 1702 5670 regulis
1725 5599 1900 5670 gentis
1922 5614 2055 5654 suae.
2086 5598 2099 5600 ἡ
2116 5599 2160 5631 ³⁸
2190 5598 2477 5655 ,Ιιιειιιει’-ἰ
2495 5600 2683 5657 ﬂoruit
2700 5603 2758 5657 in
2790 5598 3049 5675 marginé.
3128 5603 3172 5634 ³⁸
3200 5601 3371 5658 Duxit

104 5699 168 5711 —
220 5688 315 5731 an.
343 5691 402 5729 in
424 5691 593 5746 marg.
