3932 6298
494 282 568 339 39
800 304 807 307 .
1495 269 1799 329 nucoms
1832 268 2126 325 seems
2160 266 2730 327 FLAVlNlACENSlS
3604 246 3615 251 ’
3709 276 3782 336 to

490 396 820 473 martyrium
852 393 995 452 Non.
1041 393 1165 453 Jan.
1194 392 1296 450 llic
1338 390 1623 451 constituit
1656 398 1716 444 ut
1749 388 1780 442 7
1823 389 2085 445 ebdoma-
2113 392 2159 447 A
2185 402 2380 444 manos
2421 388 2729 461 largissime
2756 385 3010 445 refecerit
3049 396 3105 445 et
3128 388 3396 447 barbaros
3427 389 3634 450 crebris
3664 391 3778 451 ful-

492 492 582 547 dis
609 496 737 544 ante
762 488 968 559 pascha
987 486 1262 558 jejunium
1308 481 1613 540 celebretur
1634 478 1753 551 (fol.
1788 479 1895 551 17‘)
1925 488 1980 535 ct
2027 480 2084 536 in

494 590 656 637 nocte
679 580 879 636 natalis
908 577 1126 635 Domini
1150 576 1331 632 missa:
1358 560 1705 629 celebrentur
1738 579 1793 627 ct
1823 571 2007 626 Gloria
2028 573 2085 627 in

492 660 716 729 excelsis
742 672 853 727 Deo
876 679 1186 727 caneretur.
1212 665 1361 723 Obiit
1383 665 1437 721 5.
1468 664 1597 721 Idus
1637 662 1844 719 Januar
1870 664 1936 719 ⁸⁷.
1980 663 2086 720 Cui

494 765 763 821 successit
795 762 1006 836 Yginus
1039 761 1257 816 natione
1283 758 1491 814 Grecus
1520 772 1590 813 ex
1643 756 1986 829 phylosopho
2017 756 2083 813 de

495 856 747 923 Athenis,
780 855 917 911 sedit
938 869 990 908 a.
1024 853 1079 918 1,
1105 866 1178 906 m.
1207 850 1263 918 5,
1300 850 1356 906 d.
1391 847 1446 907 8.
1478 847 1578 906 ilic
1602 848 1811 905 clerum
1855 864 2084 920 compo-

496 947 610 1003 suit
655 957 709 1003 ct
763 944 1038 1004 distribuit
1083 943 1289 1016 gradus
1350 942 1776 999 ecclesiasticos.
1832 940 1979 999 Obiit
2028 944 2082 999 5.

495 1038 623 1095 Idus
648 1038 851 1093 Januar
876 1037 939 1091 ³⁸.

563 1128 720 1183 Anno
756 1127 825 1180 ab
848 1127 955 1181 inc.
983 1124 1143 1181 Dom.
1178 1124 1283 1179 142
1305 1121 1522 1197 [Dens].
1552 1122 2084 1195 Antoninuscogno-

494 1229 674 1276 mento
697 1218 829 1274 Pius
873 1234 1002 1274 cum
1045 1218 1173 1271 ﬁliis
1202 1215 1429 1272 Aurelio
1463 1224 1517 1270 et
1537 1213 1709 1271 Lucio
1753 1215 2001 1286 regnavit
2029 1232 2081 1271 a.

488 1310 578 1378 22,
600 1327 672 1365 m.
702 1310 756 1365 4.
782 1309 934 1377 Pius,
954 1310 1179 1364 natione
1203 1307 1395 1375 Italus,
1426 1322 1493 1362 ex
1542 1315 1695 1378 patre
1720 1304 1939 1375 Ruﬁno,
1973 1306 2088 1363 frau

489 1411 571 1457 ter
593 1402 862 1469 Pastoris,
886 1402 953 1457 de
977 1401 1198 1457 civitate
1229 1398 1480 1471 Aquileia
1509 1395 1691 1469 (Gesta
1704 1406 1852 1468 pont.
1877 1397 2079 1469 Rom.),

488 1495 631 1549 sedit
657 1503 784 1564 post
815 1491 1054 1565 Yginum
1076 1508 1127 1547 a.
1164 1491 1252 1559 19,
1291 1506 1365 1544 m.
1399 1490 1455 1556 4,
1504 1488 1557 1543 (1.
1594 1488 1646 1544 5.
1699 1486 1847 1544 Obiit
1874 1489 1927 1545 5.
1955 1487 2083 1545 Idus

464 1584 471 1590 ’
492 1585 620 1641 Julii
652 1587 717 1641 '9.
745 1585 865 1653 llic,
893 1586 1086 1658 angelo
1107 1591 1386 1649 monente,
1409 1580 1653 1652 preeepit
1688 1579 1977 1637 Dominico
1997 1582 2086 1639 die

494 1678 700 1748 pascha
730 1678 1015 1734 celebrari.
1041 1677 1187 1733 Inter
1206 1674 1433 1731 Piumet
1456 1673 1745 1729 Anicetum
1762 1674 1817 1729 (1.
1841 1674 1931 1730 29.
1959 1672 2088 1729 Ani-

2188 480 2403 536 minum
2425 479 2626 538 ictibus
2652 481 2874 537 territos
2915 481 2974 537 in
3010 479 3198 553 fugam
3225 485 3579 555 converterit.
3621 483 3781 552 Quo-

2184 587 2308 628 rum
2348 580 2498 647 terga
2520 574 2799 642 cedentes,
2842 573 3191 633 incruentam
3240 575 3529 632 victoriam
3568 580 3781 648 potenti

2183 662 2393 721 Christi
2443 680 2695 722 meruere
2737 666 2964 722 auxilio.
3008 666 3124 723 Sub
3151 682 3266 738 quo
3311 666 3610 740 Hyrenzens
3633 668 3783 742 ιη.

2184 755 2448 814 dunensis
2473 757 2764 830 episcopus
2784 757 3001 826 claruit,
3023 765 3080 814 et
3100 754 3400 831 Dionysius
3426 757 3778 818 Viennensis.

2184 846 2315 904 Post
2355 864 2521 919 quem
2558 849 2810 923 regnavit
2850 848 3038 907 Helius
3083 849 3345 907 Pertinax
3388 852 3678 910 mensibus
3723 853 3779 908 6.

2185 938 2306 1008 Quo
2330 939 2592 997 defuncto
2626 941 2877 1014 regnavit
2895 941 3135 999 Severus
3160 957 3308 999 anno
3342 943 3414 999 ab
3447 944 3560 1000 inc.
3615 943 3778 1002 Dom.

2188 1032 2311 1089 198.
2347 1033 2598 1105 regnavit
2618 1049 2671 1090 a.
2702 1034 2789 1090 18.
2821 1033 3030 1103 Victor,
3056 1035 3281 1091 natione
3306 1034 3459 1104 Afer,
3486 1045 3646 1107 patre
3672 1037 3780 1094 Fe-

2182 1123 2307 1191 licc,
2335 1125 2477 1181 sedit
2511 1140 2563 1180 a.
2590 1125 2680 1192 12,
2704 1141 2780 1180 m.
2811 1125 2867 1193 2,
2891 1127 2947 1182 d.
2972 1125 3041 1180 10
3071 1126 3253 1199 (Gesta
3270 1135 3418 1198 pont.
3441 1127 3651 1199 nam).
3686 1129 3783 1187 Hic

2185 1216 2491 1283 constituit,
2522 1216 2667 1276 sicut
2702 1226 2757 1273 ct
2776 1216 2929 1284 Pius,
2952 1226 3015 1273 ut
3043 1219 3250 1289 pascha
3269 1219 3359 1275 die
3383 1218 3784 1277 Dominicoce-

2184 1308 2488 1364 lebraretur
2516 1323 2569 1363 a.
2613 1309 2701 1364 14.
2732 1308 2862 1363 luna
2903 1309 3065 1379 primi
3110 1310 3322 1368 mensis
3357 1326 3536 1383 usque
3565 1312 3641 1368 ad
3678 1313 3778 1369 2|.

2182 1397 2429 1470 ejusdem
2456 1398 2685 1456 mensis.
2719 1397 2865 1457 Obiit
2888 1401 2941 1457 5.
2970 1400 3091 1456 Kal.
3116 1401 3258 1474 Aug.

2254 1488 2416 1546 Anno
2453 1490 2523 1545 ab
2561 1490 2670 1546 inc.
2728 1490 2887 1548 Dom.
2949 1492 3078 1548 206.
3129 1492 3491 1566 Zepherinus,
3548 1504 3783 1553 natione

2185 1580 2488 1649 Romanus,
2518 1590 2673 1653 patre
2698 1582 2974 1652 Abundio,
2998 1585 3141 1643 sedit
3173 1600 3227 1642 a.
3263 1585 3353 1653 18,
3415 1602 3496 1642 ιιι.
3521 1585 3579 1653 6,
3604 1587 3666 1644 (1.
3695 1588 3779 1643 10.

2185 1672 2334 1730 Obiit
2360 1673 2411 1729 7.
2447 1672 2568 1729 Kal.
2598 1672 2749 1745 Sept.

494 1722 670 1839 lcetus,
696 1722 1137 1842 nationeKSyrus,
1157 1775 1313 1840 patre
1341 1765 1611 1832 Johanne,
1642 1766 1710 1821 de
1738 1764 1873 1822 Vico
1898 1764 2087 1823 Emisa
2117 1753 2162 1810 Β
2438 1722 2832 1823 abwinng-om.
2855 1766 2962 1822 216
2987 1722 3204 1843 [Beas].
3242 1768 3556 1827 Antoninus
3609 1770 3771 1828 Cara.

493 1863 639 1930 δίκα.
673 1863 758 1929 u,
800 1879 875 1917 ιη.
904 1862 960 1931 4,
990 1863 1044 1917 «ι.
1081 1862 1114 1917 5
1149 1857 1366 1935 [Bt-ma].
1394 1854 1541 1913 Obiit
1564 1856 1685 1912 Kal.
1728 1857 1836 1914 Mai
1859 1858 1925 1913 ιι.
1972 1859 2088 1915 Sub

494 1970 607 2025 quo
640 1941 962 2025 Policarpus
1017 1952 1248 2009 Romam
1296 1949 1542 2017 veniens,
1582 1949 1787 2005 multos
1816 1951 1886 2006 ab
1925 1950 2087 2007 here-

495 2047 604 2103 tica
629 2045 751 2102 labe
778 2043 1045 2100 Valentini
1065 2056 1119 2101 et
1153 2043 1421 2101 Cerdonis
1441 2040 1748 2111 castigavit.

567 2134 726 2189 Anno
752 2135 822 2190 ab
843 2135 951 2189 inc.
986 2133 1142 2190 Dom.
1176 2133 1298 2190 164.
1332 2132 1551 2190 Marcus
1572 2132 1886 2189 Antoninus
1915 2131 2089 2188 Verus

494 2241 620 2281 cum
649 2225 817 2282 fratre
838 2225 1059 2281 Aurelio
1075 2226 1379 2281 Commodo
1426 2225 1675 2297 regnavit
1698 2240 1744 2279 a.
1768 2223 1874 2291 .29,
1907 2240 1983 2279 m.
2023 2224 2075 2278 1.

493 2317 723 2374 Fotinus
757 2318 1141 2390 Lugdunensis
1166 2327 1221 2373 et
1250 2317 1443 2374 Justus
1469 2317 1798 2374 Viennensis
1822 2317 2087 2389 martyrio

496 2420 838 2489 coronantur
869 2410 935 2465 δ’.
962 2409 1301 2470 Polvcarnus
1332 2410 1598 2466 martvrio
1634 2418 1952 2467 coronatur.
1985 2409 2090 2465 Vc-

495 2518 560 2557 ro
589 2512 782 2573 quater
811 2511 868 2558 et
900 2502 1179 2570 Quadrato
1233 2502 1552 2574 Aproniano
1584 2510 1640 2559 et
1683 2501 1854 2559 Paulo
1888 2518 2091 2559 consu-

495 2594 643 2650 libus
675 2595 778 2650 sub
800 2593 1046 2651 Aniccto.
1090 2595 1273 2668 (Gesta
1311 2595 1484 2666 pont.)
1533 2594 1592 2650 In
1635 2594 1812 2651 Callia
1868 2610 2089 2667 quoque

496 2685 656 2741 multi
676 2701 775 2757 pro
796 2685 1017 2743 Christo
1041 2687 1210 2743 occisi
1241 2694 1389 2743 sunt.
1419 2685 1680 2742 Anicetus
1716 2701 1857 2757 papa
1884 2686 2081 2743 consti-

495 2779 601 2835 tuit
630 2789 688 2835 ut
714 2780 948 2837 clericus
978 2794 1192 2836 comam
1232 2796 1345 2835 non
1375 2780 1627 2835 nutriret.
1669 2778 1819 2836 Obiit
1842 2781 1927 2834 11.
1961 2778 2081 2836 Kal.

496 2866 625 2927 Julii
647 2871 713 2925 “.
737 2870 884 2926 Inter
912 2871 1200 2927 Anicetum
1231 2879 1287 2927 et
1312 2872 1605 2926 Sotherum
1636 2872 1691 2925 (1.
1725 2872 1816 2927 21.
1867 2872 2084 2940 Sother,

499 2963 722 3020 natione
750 2963 1086 3034 Campanus,
1109 2979 1176 3018 ex
1204 2972 1359 3034 patre
1401 2960 1731 3027 Concordio,
1755 2962 1822 3018 de
1867 2962 2086 3018 civitate

497 3054 728 3124 Fundis,
759 3071 904 3110 anno
924 3056 994 3110 ab
1029 3055 1137 3111 inc.
1161 3054 1476 3128 Dom..168,
1506 3054 1674 3110 Marci
1693 3054 1953 3110 Antonini
1978 3054 2085 3112 Ve-

501 3147 551 3204 ri
578 3157 634 3204 et
666 3147 875 3202 Aurelii
905 3146 1194 3203 Commodi
1220 3147 1274 3204 9.
1311 3147 1553 3218 suscepit
1573 3146 1942 3219 gubernacula
1976 3146 2088 3206 Ilo-

499 3258 678 3300 manae
724 3242 988 3309 ecclesia,
1021 3242 1162 3299 sedit
1191 3256 1243 3298 a.
1283 3241 1340 3308 9,
1387 3257 1463 3296 m.
1519 3240 1571 3309 7,
1596 3240 1650 3296 d.
1683 3241 1773 3296 21.
1829 3238 1928 3297 llic
1957 3257 2090 3298 con-

500 3338 681 3393 stituit
724 3337 958 3392 utnulla
991 3336 1263 3392 monacha
1293 3334 1493 3406 pallam
1534 3342 1807 3391 sacratam
1844 3343 2093 3408 tangeret

499 3445 604 3499 nec
628 3429 981 3485 incensumin
1000 3427 1230 3484 ecclesia
1250 3435 1497 3498 poneret.
1513 3425 1663 3484 Obiit
1693 3426 1778 3482 10.
1804 3425 1923 3481 Kal.
1957 3425 2086 3482 Mai.

500 3524 566 3580 “.
620 3524 768 3580 Inter
812 3523 1109 3580 Sotherum
1156 3530 1210 3578 et
1234 3521 1589 3578 Eleutherum
1611 3522 1667 3578 (1.
1697 3522 1789 3576 21.
1822 3521 1982 3577 Anno
2019 3521 2091 3577 ab

499 3616 611 3681 inc.
641 3615 800 3671 Dom.
840 3615 961 3670 177.
1010 3613 1357 3680 Eleutherus,
1381 3612 1603 3669 natione
1654 3611 1883 3679 Grecus,
1939 3620 2093 3683 patre

500 3707 776 3775 Abundio,
798 3707 865 3763 de
899 3706 1099 3778 oppido
1133 3704 1405 3776 Nicopoli,
1435 3706 1577 3761 sedit
1615 3720 1668 3760 a.
1722 3705 1812 3772 15,
1850 3721 1926 3759 m.
1955 3706 2010 3771 5,
2033 3705 2088 3761 d.

500 3803 559 3865 2.
588 3797 689 3854 Hic
710 3797 997 3855 constituit
1021 3803 1083 3853 ut
1106 3796 1255 3852 nulla
1274 3811 1402 3853 esca
1424 3811 1457 3851 a
1480 3792 1810 3851 Christianis
1835 3795 2091 3865 repudia-

500 3902 655 3947 retur
673 3906 797 3962 qua:
817 3889 1160 3945 rationabilis
1180 3897 1235 3945 et
1262 3889 1506 3945 humana
1532 3896 1651 3955 est;
1676 3887 1747 3943 ad
1774 3902 1935 3958 quem
1961 3886 2095 3943 mis-

499 3999 564 4040 sa
597 3983 827 4054 epistola
858 3980 1063 4039 Lucius
1089 3980 1386 4037 Britanniae
1430 3995 1528 4036 rex
1559 3987 1617 4035 ut
1643 3977 1992 4037 Christianus
2015 3977 2095 4033 ef-

501 4075 759 4130 ﬁceretur
782 4073 1059 4144 impetrat.
1092 4058 1240 4129 Obiit
1271 4072 1301 4125 7
1354 4070 1473 4125 Kal.
1522 4068 1673 4126 Junii
1704 4067 1773 4123 “.
1802 4067 2095 4124 'Defuncto

499 4164 807 4221 Commodo
874 4152 1053 4221 fratre.
1109 4164 1422 4220 Antoninus
1484 4162 1850 4219 Commodum
1918 4163 2092 4220 ﬁlium

502 4272 667 4313 suum
697 4266 1013 4314 consortem
1034 4258 1189 4328 regni
1212 4256 1367 4324 facit,
1398 4255 1495 4326 qui
1525 4254 1774 4326 regnavit
1801 4263 1927 4327 post
1947 4271 2096 4310 mor-

502 4358 621 4419 tem
634 4350 808 4420 patris
835 4350 997 4406 annis
1023 4350 1109 4405 15.
1135 4349 1308 4419 Cujus
1336 4347 1384 4379 "
1412 4356 1657 4417 tempore
1688 4344 2094 4402 Marcomanni-

2115 3103 2161 3167 C

2188 1860 2326 1917 calla
2347 1859 2593 1931 regnavit
2613 1876 2667 1916 a.
2694 1859 2746 1915 7.
2767 1858 2903 1916 Post
2921 1859 3070 1917 hunc
3082 1859 3360 1918 Macrinus
3387 1876 3441 1918 a.
3477 1861 3531 1930 1,
3580 1871 3645 1919 et
3661 1874 3784 1935 post

2187 1969 2315 2011 eum
2345 1952 2564 2011 Marcus
2584 1952 2840 2010 Aurelius
2868 1954 3167 2024 imperator
3186 1968 3219 2008 a
3240 1952 3471 2009 LAnno
3497 1954 3543 1986 "
3566 1956 3645 2011 ab
3673 1955 3780 2014 inc.

2189 2046 2347 2104 Dom.
2375 2046 2505 2115 202,
2529 2045 2715 2102 Severi
2738 2061 2790 2101 a.
2818 2045 2875 2113 4,
2898 2044 3189 2118 questione
3202 2045 3390 2101 habita
3409 2045 3478 2101 de
3507 2045 3774 2103 observa.

2187 2140 2339 2196 tione
2367 2138 2585 2209 paschae
2605 2135 2795 2194 Victor
2823 2135 3107 2192 Romanus
3137 2150 3301 2206 papa,
3331 2133 3634 2192 Narcissus
3659 2135 3778 2192 Ihe—

2191 2232 2489 2299 rosolimaz,
2518 2229 2819 2287 Policrates
2867 2228 3254 2299 Ephesiorum,
3310 2226 3599 2299 Hyreneus
3635 2228 3782 2299 Lug-

2192 2322 2524 2381 dunensium
2549 2320 2749 2377 litteris
2788 2320 3080 2379 ediderunt
3123 2318 3360 2391 qualiter
3384 2319 3613 2389 pascha:
3644 2328 3785 2378 esset

2187 2418 2614 2477 observandum.

2258 2510 2419 2566 Anno
2441 2510 2510 2567 ab
2552 2509 2663 2565 inc.
2708 2508 2868 2564 Dom.
2901 2508 3028 2565 210.
3061 2508 3167 2564 sub
3213 2507 3417 2573 Severo
3458 2508 3784 2582 martyrium

2187 2599 2333 2657 beati
2357 2598 2592 2672 Hyrenei
2626 2614 2753 2655 cum
2776 2598 2943 2655 sociis
2972 2606 3157 2654 actum
3189 2606 3273 2653 est
3301 2596 3420 2667 (fol.
3458 2598 3571 2669 18).

2259 2694 2419 2749 Anno
2449 2693 2519 2748 ab
2548 2692 2656 2748 inc.
2710 2690 2869 2746 Dom.
2907 2691 3035 2758 224,
3078 2691 3133 2745 1°
3163 2705 3310 2746 anno
3339 2689 3511 2747 Marci
3550 2689 3786 2756 Aurelii.

2187 2785 2454 2852 Calixtus,
2477 2785 2698 2841 natione
2729 2782 3033 2851 Romanus,
3062 2792 3218 2854 patre
3257 2781 3531 2851 Domicio,
3560 2782 3640 2839 de
3663 2782 3791 2837 urbe

2190 2878 2614 2944 Ravennatium,
2656 2876 2798 2933 sedit
2825 2891 2877 2931 a.
2924 2874 2979 2942 6,
3007 2892 3085 2947 m.
3123 2875 3179 2943 2,
3226 2874 3283 2929 d.
3317 2873 3385 2930 10
3428 2873 3625 2946 (Gesta
3647 2881 3788 2945 post.

2188 2971 2389 3042 Rom.).
2405 2969 2715 3027 Coronatus
2737 2978 2821 3026 est
2845 2969 3110 3041 martyrio
3133 2968 3236 3023 sub
3254 2967 3570 3023 Alexandro
3583 2967 3647 3022 2.
3673 2966 3793 3023 Idus

2190 3059 2464 3130 Octobris,
2497 3063 2553 3119 5°
2576 3060 2872 3117 Alexandri
2892 3075 3057 3116 anno.
3086 3058 3189 3115 Cui
3209 3059 3479 3117 successit
3512 3056 3790 3116 Urbanus.

2190 3156 2415 3214 natione
2454 3154 2788 3226 Campanus,
2821 3164 2980 3225 patre
3018 3152 3308 3208 Pontiano.
3342 3151 3497 3207 Sedit
3542 3166 3601 3207 a.
3630 3152 3686 3219 7,
3720 3167 3790 3206 ιιι.

2192 3247 2281 3316 10,
2309 3248 2365 3304 d.
2400 3246 2506 3315 20;
2540 3246 2679 3302 obiit
2711 3247 2764 3302 9.
2804 3244 2924 3300 Kal.
2976 3243 3126 3300 Junii
3156 3244 3223 3298 “.
3255 3241 3401 3298 Inter
3427 3240 3722 3299 Urbanum
3744 3250 3794 3300 et

2192 3338 2519 3395 Pontianum
2546 3339 2601 3394 d.
2642 3337 2730 3394 50.
2767 3337 3092 3403 Pontianus,
3116 3335 3340 3392 natione
3363 3332 3681 3401 Romanus,
3702 3349 3791 3405 pa-

2190 3441 2272 3490 tre
2293 3431 2612 3502 Calpurnio,
2648 3430 2792 3486 sedit
2835 3445 2886 3485 a.
2918 3431 2973 3495 9,
3002 3444 3079 3484 m.
3109 3427 3166 3495 5,
3212 3426 3268 3482 d.
3307 3426 3363 3481 2.
3412 3424 3728 3481 Pontianus
3751 3425 3795 3458 ⁵⁸

2191 3524 2296 3580 sub
2323 3520 2622 3578 Maximino
2648 3519 2886 3576 fustibus
2925 3533 3089 3575 eesus
3125 3515 3383 3573 occubuit
3416 3515 3471 3570 5.
3504 3513 3636 3569 Kal.
3660 3512 3794 3569 Nov.

2191 3614 2461 3672 Defuncto
2500 3612 2748 3679 Aurelio,
2795 3625 2942 3667 anno
2996 3609 3154 3665 Dom.
3203 3608 3315 3663 inc.
3368 3605 3477 3662 228
3527 3604 3798 3674 successi;

2190 3707 2499 3765 Alexander
2530 3702 2725 3779 [Bsoa]
2751 3722 2766 3772 ;
2795 3702 3043 3776 regnavit
3070 3717 3123 3757 a.
3162 3700 3250 3756 15.
3284 3698 3432 3756 Inter
3458 3696 3798 3755 Pontianum

2191 3812 2248 3861 ct
2270 3802 2573 3857 Antherum
2598 3798 2652 3854 d.
2693 3796 2779 3853 10.

2261 3892 2426 3946 Anno
2496 3888 2521 3923 ³
2562 3886 2781 3958 imperii
2827 3882 3125 3941 Alexandri
3178 3881 3292 3947 15°,
3351 3878 3423 3935 ab
3462 3877 3574 3934 inc.
3638 3876 3795 3932 Dom.

2192 3984 2320 4051 256,
2368 3980 2668 4037 indictione
2710 3978 2799 4045 15,
2849 3984 3043 4047 epacta
3068 3974 3122 4042 9,
3145 3987 3406 4029 concurr.
3455 3970 3512 4038 6,
3551 3968 3797 4026 secundo

2193 4088 2341 4131 anno
2399 4070 2753 4142 pontiﬁcatus
2809 4064 3061 4122 Pontiani
3102 4078 3278 4135 papae,
3310 4060 3656 4118 celebratum
3719 4065 3798 4114 est

2192 4166 2397 4239 pascha
2414 4163 2653 4235 primum
2677 4161 2822 4217 sicut
2841 4160 3109 4214 hactenus
3130 4163 3383 4210 servatur
3399 4168 3432 4208 a
3454 4150 3643 4207 nobis.
3664 4147 3798 4205 Nam

2193 4270 2370 4325 usque
2397 4254 2468 4309 ad
2513 4253 2569 4307 id
2608 4259 2824 4321 tempus
2854 4246 3252 4305 observabatur
3305 4242 3365 4299 in
3390 4242 3479 4297 14.
3526 4240 3669 4296 luna
3710 4254 3796 4296 sc-

2195 4348 2433 4407 cundum
2465 4359 2677 4401 morem
2699 4342 3021 4398 Judeorum.

499 4418 853 4498 cum—bellum
875 4441 970 4497 Dei
1001 4449 1185 4497 actum
1205 4418 1291 4496 est
1314 4438 1674 4510 providentia.
1697 4436 1834 4491 Nam
1860 4452 1989 4491 cum
2016 4436 2096 4490 in-
2120 4455 2171 4514 ι)
2267 4440 2428 4494 Anno
2471 4437 2541 4493 ab
2586 4436 2696 4491 inc.
2746 4433 2905 4489 Dom.
2958 4430 3086 4487 241.
3118 4425 3406 4484 ordinatus
3436 4431 3524 4479 est
3536 4420 3646 4514 _11.
3679 4418 3795 4514 Kal.

502 4533 876 4592 surrexissent
902 4535 958 4588 in
980 4532 1260 4588 Romanos
1289 4539 1476 4603 gentes
1504 4530 1752 4586 barbarae
1771 4529 2093 4587 innumera-

502 4624 602 4681 bili
632 4624 999 4690 multitudine,
1033 4623 1087 4697 id
1116 4632 1201 4679 est
1224 4617 1620 4689 Marcomanni,
1671 4619 1869 4690 Quadi,
1917 4620 2092 4676 Wan-

505 4717 638 4784 dali,
663 4714 951 4784 Sarmatas,
990 4714 1155 4771 Suevi
1180 4723 1235 4771 et
1249 4714 1431 4771 omnis
1454 4729 1590 4785 pene
1620 4711 1934 4780 Germania,
1958 4720 2013 4768 et
2038 4713 2094 4766 in

505 4808 828 4877 Quadorum
862 4824 1036 4879 usque
1058 4809 1196 4863 ﬁnes
1216 4821 1542 4885 progressus
1572 4804 1854 4862 Romanus
1881 4806 2093 4860 exerci-

507 4910 600 4957 tus
624 4910 843 4973 propter
876 4916 1148 4972 aquarum
1174 4899 1460 4971 penuriam
1504 4899 1725 4971 gravius
1776 4898 1895 4954 sitis
1929 4913 2095 4968 quam

509 4990 690 5047 hostis
740 4992 1037 5048 sustineret
1085 4989 1412 5063 periculum,
1444 4990 1513 5044 ad
1567 4989 1966 5045 invocationem
1997 5005 2098 5045 no—

510 5083 677 5141 minis
704 5083 931 5150 Christi,
962 5099 1127 5154 quam
1152 5082 1333 5138 subito
1365 5081 1566 5136 milites
1588 5096 1785 5153 magna
1807 5081 1932 5136 ﬁdei
1960 5096 2097 5136 con-

509 5175 713 5232 stantia
743 5174 1012 5243 fecerunt,
1044 5182 1191 5229 tanta
1225 5173 1307 5229 vis
1331 5172 1642 5245 pluviarum
1666 5172 1868 5243 erupit,
1905 5180 1967 5228 ut
1989 5170 2099 5226 Ro-

2196 4527 2515 4587 Decembris
2540 4524 2842 4589 Antherus,
2870 4520 3093 4575 natione
3110 4518 3341 4581 Grecus,
3361 4521 3516 4584 patre
3536 4509 3797 4565 Romulo.

2199 4621 2351 4679 Sedit
2382 4634 2458 4674 m.
2492 4617 2546 4684 1,
2577 4616 2632 4671 (1.
2675 4614 2741 4669 17
2767 4632 2783 4681 ;
2833 4612 2971 4668 obiit
2999 4611 3047 4643 "
3076 4611 3131 4666 4.
3157 4607 3299 4663 Non.
3353 4604 3581 4660 Januar.
3615 4599 3799 4673 (Gesta

2197 4722 2349 4785 pom.
2419 4706 2599 4777 Rom.)
2654 4704 2785 4760 Post
2852 4700 3222 4758 Alexandrum
3292 4694 3798 4785 Maximinushre-

2202 4782 2372 4876 gnare
2398 4815 2560 4856 orsus
2597 4794 2815 4870 [Dens],
2850 4792 3291 4866 persecutionem
3332 4786 3504 4842 movit
3548 4783 3608 4839 in
3638 4782 3799 4839 Chri—

2202 4896 2433 4960 stianos,
2458 4908 2491 4946 a
2511 4905 2622 4962 quo
2643 4887 2947 4943 Pontianus
2973 4893 3029 4941 ct
3049 4884 3325 4938 Antlterus
3346 4877 3617 4950 martyrio
3644 4890 3793 4933 coro-

2204 4994 2438 5051 nantur;
2486 4979 2842 5054 rcgnavitque
2877 4975 3208 5054 Maximinus
3248 4989 3300 5028 a.
3345 4973 3400 5039 5,
3430 4979 3486 5026 et
3512 4976 3644 5039 post
3674 4979 3799 5022 eum

2204 5075 2514 5133 Gordianus
2533 5052 2584 5126 a.
2604 5071 2656 5126 6.
2689 5068 2804 5125 Sub
2824 5070 2869 5102 ⁸’
2893 5052 3170 5123 Gordiano
3196 5063 3507 5119 Florentius
3529 5059 3801 5115 Viennen-

2205 5169 2282 5227 sis
2310 5167 2601 5239 episcopus
2630 5162 2845 5221 claruit.
2872 5160 3004 5217 Post
3039 5175 3203 5231 quem
3231 5155 3478 5229 regnavit
3514 5152 3803 5222 Philippus

1822 5305 2062 5361 VARle
2093 5300 2502 5361 LECTIONES.

582 5423 628 5456 ³⁷
654 5420 757 5479 01).
782 5422 836 5478 5.
869 5421 948 5478 Id.
979 5420 1101 5491 Jan.
1135 5421 1191 5474 in
1213 5437 1382 5491 marg.

512 5493 683 5552 emisa
705 5511 752 5549 c.
828 5494 872 5526 “
910 5491 1010 5548 01).
1047 5490 1166 5546 Kal.
1218 5490 1345 5546 Mai.
1400 5492 1457 5544 in
1488 5507 1665 5561 marg.

1482 5420 1526 5452 ³⁸
1549 5419 1650 5474 Ob.
1676 5420 1729 5475 5.
1759 5418 1834 5474 Id.
1870 5418 1992 5473 Jan.
2035 5420 2090 5473 in
2111 5435 2280 5489 marg.

1742 5491 1788 5522 δ’
1825 5490 2053 5545 Fotinus
2078 5486 2488 5544 -—coronantur
2510 5486 2562 5554 in
2592 5500 2760 5554 marg.

2383 5414 2428 5446 "
2473 5412 2572 5468 Oh.
2608 5413 2661 5467 5.
2716 5410 2794 5466 Id.
2826 5408 2955 5465 Julii
3004 5409 3061 5462 in
3096 5423 3263 5468 marg.
3365 5403 3411 5437 “
3437 5403 3616 5460 invisa
3659 5416 3794 5457 corr

2837 5480 2884 5513 ⁸³
2934 5478 3036 5535 Ob.
3070 5478 3157 5533 11.
3192 5473 3312 5531 Kal.
3350 5473 3481 5530 Julii
3514 5475 3574 5528 in
3627 5489 3796 5540 marg-

708 5544 799 5620 1—0.
824 5544 943 5619 Kal.
958 5544 1205 5618 Man—in
1237 5544 1406 5632 marg.
1482 5559 1529 5593 “
1550 5544 1650 5632 0b,.
1691 5561 1743 5616 7.
1777 5559 1896 5632 Kal.
1921 5544 2091 5632 _Junii
2128 5560 2184 5612 in
2208 5575 2412 5632 marg._
2454 5555 2501 5587 “
2521 5544 2981 5632 Cujusl—ay'xilio
3002 5552 3060 5632 in
3089 5549 3327 5620 margine
3358 5546 3491 5632 ﬁda.
3567 5544 3615 5632 ξ’
3639 5544 3799 5632 AnIno

513 5660 584 5678 --—
616 5637 1014 5691 observandum
1058 5635 1116 5688 in
1165 5649 1335 5703 marg.
1356 5621 1489 5685 add.
1585 5631 1631 5663 ⁸⁸
1655 5646 1709 5686 o.
1736 5632 1788 5687 9.
1822 5630 1885 5685 K.
1919 5630 1959 5684 I.
1986 5633 2041 5685 in
2069 5646 2237 5753 marg.
2309 5621 2353 5660 “
2377 5621 2680 5681 Pontianus
2702 5654 2771 5663 —-
2806 5621 2945 5679 Nov.
3009 5623 3064 5676 in
3101 5635 3270 5690 marg.

515 5708 745 5757 deorum
775 5708 830 5757 in
855 5723 1021 5757 mam.
1100 5704 1144 5736 ⁸¹
1173 5718 1225 5757 ο.
1263 5705 1316 5757 4.
1346 5701 1409 5757 N.
1441 5700 1479 5756 I.
1509 5703 1565 5756 in
1596 5718 1761 5757 mam.
1839 5702 1885 5734 ⁸²
1919 5702 2033 5757 Sub
2058 5731 2126 5741 -—-
2161 5717 2190 5756 c
2213 5699 2355 5754 aruit
2397 5699 2453 5753 in
2504 5712 2672 5757 marg.

1960 5712 2126 5758 (11)-
2161 5712 2355 5756 claruit
2397 5715 2453 5753 tn
2504 5712 2672 5767 marg.

515 5708 745 5765 deorum
775 5708 830 5761 in
855 5723 1021 5777 marg.
1100 5704 1144 5736 ⁸¹
1173 5718 1225 5759 o.
1263 5700 1316 5758 ἱ.
1346 5701 1409 5757 N.
1441 5700 1479 5756 I.
1509 5703 1565 5756 in
1596 5718 1761 5774 marg.

3355 5618 3403 5651 ⁸⁸
3428 5617 3593 5672 Anno
3613 5644 3686 5655 -—
3707 5612 3799 5668 Ju-

3918 34 3932 423 ἱ

3929 994 3932 1057 Α

3929 1370 3932 1481 Ι

3930 1536 3932 1599 ι
