3932 6298
147 337 200 391 Η
1407 321 1704 381 CHRONIC

1811 353 1911 376 .-—-
1934 321 2060 376 LII).
2098 319 2140 376 1.
3334 328 3403 381 Η.

146 465 256 507 cum
280 449 387 506 ﬁlio
413 445 674 519 Phylippo
719 460 771 499 a.
804 443 835 496 7
866 442 1053 516 [Anc].
1086 441 1187 497 llic
1215 441 1424 513 primus
1453 440 1705 496 omnium
1734 442 1779 497 Λ
1808 438 1995 508 (Gesta
2023 445 2168 507 pont.
2196 434 2396 506 Rom).
2431 434 2530 491 llic
2573 436 2857 491 constituit
2897 444 2956 491 ut
2981 435 3018 490 2
3039 437 3326 507 presbiteri
3353 451 3410 495 (ιι

144 546 507 613 imperatorum
531 538 868 594 christianus
899 534 1022 602 fuit,
1057 543 1112 590 et
1147 535 1182 589 5
1205 534 1326 604 ejus
1353 546 1500 588 anno
1528 531 1707 588 mille-
1812 531 1847 586 5
1866 528 2092 586 diaconi
2136 528 2454 599 episcopum
2488 528 2541 583 in
2568 528 2718 583 omni
2764 529 2888 584 loco
2926 544 3038 584 non
3065 530 3403 587 desererent.

144 635 299 690 simus
327 645 501 685 annus
530 628 717 683 Romae
764 627 917 683 urbis
953 626 1203 697 expletus
1241 633 1343 681 est.
1374 623 1529 680 Unde
1557 638 1710 679 coro-
1809 621 1959 677 Obiit
1982 621 2035 675 5.
2062 618 2203 674 Non.
2232 618 2432 685 Martii,
2461 620 2709 690 sepultus
2757 622 2810 675 8.
2843 619 2963 677 Kal.
3005 621 3155 694 Sept.
3187 622 3404 697 [Βευλῖ.

143 733 253 779 nata
282 727 412 778 urbe
435 737 559 777 cum
596 721 1041 790 sollempnizaret
1069 719 1304 789 populus
1344 717 1627 773 Romanus
1655 726 1710 771 et
1811 712 1957 768 Inter
1984 711 2213 767 Lucium
2239 719 2295 767 et
2333 712 2669 782 Stephanum
2704 712 2760 767 (1.
2802 713 2893 769 25.
2931 712 3120 772 Gallus
3143 731 3268 771 eum
3293 715 3407 772 ﬁlio

141 814 385 872 sacriﬁcia
424 813 739 879 celebraret,
780 811 1078 881 imperator
1130 824 1256 865 cum
1306 809 1418 864 tilio
1443 817 1499 863 et
1540 822 1709 863 coevo
1812 803 2114 860 Volusiano
2136 803 2380 873 regnavit
2401 820 2451 858 a.
2481 804 2536 870 2,
2562 821 2635 859 m.
2663 806 2716 859 4.
2752 804 3065 881 Stephanus
3098 807 3404 878 Romanus,

98 908 101 911 ’
140 911 232 968 sibi
277 908 468 965 Pontio
491 909 647 979 (Acta
681 906 953 976 Ροηιὶἱζθ),
974 904 1146 960 nobili
1171 912 1228 958 et
1273 904 1512 974 ingenuo
1563 901 1706 967 viro,
1810 906 1964 967 patre
1989 894 2168 961 Johio,
2201 911 2251 949 a.
2284 895 2338 962 6,
2375 912 2449 950 m.
2475 896 2529 961 6,
2572 898 2626 952 (1.
2664 897 2719 951 2.
2767 895 2868 952 Hic
2915 899 3202 956 constituit
3230 910 3291 956 ut
3316 917 3408 956 sa-

138 1003 329 1060 oectdte
351 1011 535 1058 tamen
582 999 906 1064 christiano,
949 996 1281 1068 procedebat
1318 996 1387 1050 ad
1420 994 1705 1064 templum.
1811 988 2060 1044 cerdotes
2082 996 2137 1042 et
2166 988 2343 1043 levitas
2364 997 2543 1043 vestes
2561 1004 2749 1044 sacras
2777 990 2834 1044 in
2863 990 3138 1046 cotidiano
3161 1008 3266 1049 usu
3297 1008 3408 1048 non

140 1093 232 1151 Sed
260 1108 289 1149 a
310 1094 467 1148 beato
488 1090 688 1147 Pontio
736 1096 1027 1144 revocatus
1059 1095 1115 1142 et
1146 1084 1413 1141 doctrinis
1450 1082 1710 1139 ecclesia-
1810 1080 2075 1136 haberent
2105 1078 2288 1152 (Gesta
2312 1090 2458 1151 pont.
2484 1078 2684 1152 Rom.).
2721 1080 3026 1139 Decollatus
3051 1091 3139 1141 est
3163 1086 3266 1141 sub
3297 1084 3409 1143 Va:

136 1188 274 1243 sticis
299 1186 561 1251 imbutus,
589 1182 900 1254 baptizatus
925 1186 1011 1236 est
1054 1193 1180 1234 eum
1216 1177 1349 1234 ﬁlio.
1383 1175 1489 1243 Qui
1517 1175 1710 1231 beatus
1810 1173 2023 1229 leriano
2051 1181 2107 1229 et
2134 1171 2383 1228 Gallieno
2420 1173 2472 1227 ι1.
2500 1171 2639 1229 Non.
2662 1173 2823 1245 Aug.,
2852 1184 2906 1231 et
2935 1177 3171 1233 cessavit
3196 1178 3411 1248 episco«

137 1278 340 1335 Pontius
375 1278 449 1334 ob
476 1278 583 1333 hoc
607 1275 737 1347 quia
769 1272 1051 1329 Romanos
1083 1271 1446 1340 imperatores
1486 1265 1710 1323 Christo
1810 1274 1972 1336 patus
1996 1266 2051 1322 (1.
2081 1265 2172 1320 22.

137 1371 333 1426 credere
353 1368 564 1435 docuit,
612 1365 862 1438 martyrii
887 1379 1148 1421 coronam
1188 1360 1450 1433 suscepit.
1495 1359 1710 1430 Corpus
1881 1360 2043 1414 Anno
2077 1359 2184 1414 inc.
2238 1357 2396 1414 Dom.
2425 1359 2550 1414 26].
2592 1369 2957 1432 regnaverunt
2997 1359 3324 1419 Valerianus
3353 1372 3411 1418 ct

137 1463 240 1532 ejus
264 1460 588 1518 translatum
620 1469 749 1531 post
770 1458 937 1529 longa
977 1464 1228 1526 tempora
1268 1469 1417 1509 nunc
1441 1453 1711 1525 condigne
1811 1450 2076 1507 Galienus
2127 1466 2179 1506 a.
2224 1451 2291 1505 15
2343 1450 2538 1525 [Βευλ]
2590 1451 2911 1509 Valerianus
2969 1453 3027 1507 in
3076 1454 3410 1510 christianos

138 1554 482 1625 requiescitet
511 1561 808 1609 veneratur
845 1550 900 1605 in
941 1546 1281 1605 monasterio
1309 1546 1457 1617 quod
1506 1545 1707 1601 Tome-
1810 1542 2236 1614 persequutione
2279 1554 2555 1599 commota
2601 1544 2787 1600 statim
2835 1545 2880 1577 ⁸⁷
2911 1560 2943 1599 a
2985 1543 3193 1616 Sapore
3213 1544 3414 1601 Persa-

138 1649 233 1703 rias
255 1647 468 1703 dicitur.
505 1645 793 1717 Philippus
838 1643 886 1676 ⁸⁸
920 1642 1219 1714 imperator
1254 1639 1312 1695 in
1353 1639 1444 1694 die
1466 1639 1707 1710 paschae,
1811 1650 1936 1690 rum
1982 1649 2111 1706 rege
2155 1635 2369 1706 capitur
2431 1634 2547 1706 (fol.
2605 1636 2717 1705 18),
2749 1645 2805 1692 et
2830 1637 3130 1694 luminibus
3180 1637 3409 1693 orbatus

138 1738 182 1793 id
204 1746 281 1794 est
310 1738 363 1793 in
386 1737 567 1809 ipsius
591 1735 813 1808 vigiliis,
845 1749 972 1790 cum
1001 1731 1275 1788 voluisset
1299 1729 1710 1786 communicare
1811 1726 2013 1784 misera
2047 1728 2310 1784 servitute
2340 1731 2684 1786 consenescit
2719 1729 2905 1804 [Ano.]
2931 1748 2947 1799 ;
2996 1731 3071 1786 ita
3101 1739 3164 1787 ut
3210 1731 3410 1803 Sapori

139 1828 390 1894 misteriis,
419 1843 453 1883 a
474 1826 723 1882 Fabiano
747 1839 888 1896 papa
923 1823 1018 1895 qui
1041 1821 1420 1893 pontiﬁcatum
1450 1833 1710 1889 suscepe-
1740 1820 1784 1880 Β
1809 1834 2016 1891 equum
2075 1820 2395 1877 ascendenti
2440 1822 2666 1879 dorsum
2719 1840 2822 1893 pro
2879 1823 3119 1880 scabello
3165 1835 3406 1896 pararet.

137 1928 203 1974 rat
228 1933 363 1973 anno
383 1918 537 1974 dom.
568 1917 781 1972 inearn.
811 1914 939 1980 2H,
962 1928 1071 1967 non
1098 1911 1253 1982 prius
1273 1919 1358 1967 est
1376 1910 1705 1981 permissus,
1811 1911 1969 1970 Unde
2029 1914 2257 1972 territus
2314 1913 2576 1972 Galienus
2646 1932 2836 1987 pacem
2885 1916 3134 1974 ecclesiis
3174 1916 3414 1975 reddidit

139 2010 224 2065 nisi
251 2009 599 2064 conﬁteretur
618 2013 848 2077 peccata
884 2018 986 2059 sua
1017 2010 1074 2058 et
1100 2003 1243 2057 inter
1265 2000 1574 2072 penitentes
1596 2008 1710 2056 sta-
1811 2007 2030 2081 [ΒευΑ].

138 2111 220 2167 ret,
241 2111 290 2156 ct
306 2116 400 2172 per
419 2099 779 2173 penitentiam
806 2098 997 2167 culpas
1026 2110 1151 2165 quae
1176 2096 1245 2151 de
1273 2108 1340 2149 eo
1362 2094 1599 2165 plurime
1623 2094 1708 2150 τε·
1879 2100 2063 2156 Anno.
2094 2101 2202 2157 inc.
2238 2099 2395 2156 Dom.
2421 2101 2547 2156 276.
2603 2100 2866 2158 Claudius
2897 2102 3143 2174 regnavit
3163 2117 3215 2159 a.
3247 2102 3299 2171 I,
3329 2118 3407 2159 m.

137 2197 367 2251 rebantur
413 2194 678 2249 dilueret.
725 2191 797 2246 At
828 2191 919 2246 ille
970 2189 1117 2260 quod
1145 2204 1177 2243 a
1211 2187 1495 2244 sacerdote
1531 2186 1710 2244 fuerat
1810 2192 1845 2248 9
1869 2190 2143 2266 [RBGINO].
2169 2190 2265 2249 His
2289 2193 2338 2226 ⁸⁸
2381 2193 2416 2248 9
2453 2193 2736 2249 mensibus
2771 2194 2910 2250 adde
2946 2196 2980 2249 4
3014 2192 3321 2261 Volusiani,
3348 2195 3411 2251 ﬁt

137 2289 427 2359 imperatum
467 2287 707 2342 libenter
754 2283 1019 2355 suscepit,
1093 2280 1343 2338 divinum
1398 2289 1607 2336 metum
1655 2289 1711 2336 et
1808 2301 1990 2343 annus
2032 2287 2128 2359 qui
2179 2286 2271 2342 hic
2319 2296 2663 2353 numeratur,
2706 2296 2762 2343 et
2819 2296 3063 2344 remanet
3096 2304 3173 2344 m.
3218 2288 3270 2343 1.
3304 2288 3410 2344 Cui

116 2380 271 2457 ﬁdem
298 2379 585 2452 religionis
615 2377 996 2450 plenissimam
1042 2374 1210 2431 rebus
1239 2382 1294 2430 et
1318 2374 1578 2446 operibus
1603 2373 1708 2430 sibi
1811 2378 2079 2436 successit
2123 2377 2457 2434 Aurelianus
2500 2394 2552 2433 a.
2603 2379 2658 2446 5,
2688 2395 2762 2435 m.
2811 2380 2864 2435 5.
2920 2378 3024 2437 llic
3075 2380 3409 2438 christianos

138 2479 294 2531 inesse
328 2472 720 2543 comprobans.
768 2468 945 2540 Hujus
986 2468 1273 2525 humilitas
1307 2477 1463 2524 tanto
1490 2467 1711 2523 morda-
1809 2470 2179 2541 persequitur.
2235 2468 2350 2525 Sub
2388 2469 2493 2526 hoc
2532 2485 2729 2542 passus
2774 2482 2861 2527 est
2887 2470 3165 2544 Benignns
3201 2484 3410 2546 martyr

138 2562 236 2619 cius
276 2572 549 2619 tumorem
600 2577 793 2635 regum
846 2571 1164 2619 nostrorum
1215 2562 1449 2635 impetit,
1503 2571 1711 2634 quanto
1812 2577 1940 2617 cum
1983 2562 2171 2619 sociis.
2215 2560 2337 2629 Quo
2361 2570 2582 2618 mortuo
2614 2562 2838 2618 Tacitus
2890 2573 3084 2635 regnat
3127 2578 3348 2620 menses
3374 2566 3406 2619 (ἱ

140 2654 424 2726 religiosius
453 2654 553 2710 ille
588 2654 645 2709 in
683 2663 794 2709 tam
833 2662 1025 2710 tenera
1053 2654 1102 2687 “
1128 2653 1532 2710 cbristianitate
1565 2653 1716 2724 pcni-
1809 2652 1982 2727 [Beas
2010 2672 2025 2722 ;
2053 2653 2306 2727 REGINO].
2348 2653 2447 2711 His
2493 2655 2542 2687 "
2569 2654 2735 2711 etiam
2768 2656 2906 2711 adde
2951 2656 2984 2710 6
3012 2656 3316 2723 Aureliani,
3349 2656 3407 2711 ﬁt

140 2750 332 2806 tentiam
357 2751 403 2784 “
422 2749 754 2821 susceperit,
802 2765 971 2821 quam
1000 2748 1049 2783 ”
1079 2749 1173 2806 isti
1200 2751 1259 2805 in
1287 2758 1505 2805 matura
1529 2749 1707 2805 ecclc-
1811 2762 2011 2814 annus,
2037 2755 2325 2803 remanent
2348 2746 2419 2803 88
2448 2747 2567 2803 dies
2591 2745 2851 2802 Floriani.
2879 2745 2977 2803 His
2996 2747 3167 2821 junge
3194 2747 3266 2803 28
3289 2748 3409 2805 dies

137 2843 205 2899 sia
227 2843 338 2901 “et
360 2844 408 2877 ⁸⁸
430 2859 537 2916 per
558 2844 608 2879 “
642 2843 834 2900 orbem
884 2843 933 2876 “
958 2842 1187 2899 dilatata
1220 2857 1324 2899 nec
1350 2842 1543 2898 audire
1571 2857 1709 2897 con-
1809 2838 1905 2910 qui
1931 2854 2097 2910 supra
2145 2848 2551 2907 remanserunt,
2594 2839 2733 2895 ﬁunt
2768 2839 2893 2907 108,
2942 2855 3163 2898 menses
3187 2840 3222 2897 5
3257 2848 3313 2896 et
3340 2840 3410 2896 18

1809 2930 1948 2986 dies.
1985 2929 2138 2986 Adde
2173 2930 2482 3001 superﬂuos
2507 2930 2543 2986 2
2564 2946 2804 2999 menses,
2828 2931 2967 2988 ﬁunt
2991 2947 3066 2988 m.
3095 2933 3129 2988 5
3151 2941 3207 2989 et
3232 2932 3287 2988 (1.
3317 2930 3410 2992 18.

193 3030 333 3087 Auno
359 3031 469 3088 inc.
504 3044 667 3086 nom.
703 3028 812 3086 257
854 3028 1053 3085 Decius
1083 3028 1377 3099 imperium
1409 3027 1710 3098 assumpsit
1811 3021 1879 3079 Et
1903 3030 2028 3094 post
2050 3038 2178 3079 eum
2212 3022 2504 3080 Florianus
2550 3024 2670 3081 dies
2705 3023 2774 3080 88
2822 3023 3058 3099 [ΒευΑ];
3093 3034 3220 3097 post
3243 3040 3410 3098 quem

137 3124 261 3191 quod
304 3126 479 3181 tenuit
535 3141 588 3180 a.
623 3124 673 3191 1,
699 3140 775 3180 m.
830 3124 865 3180 5
890 3122 1093 3197 [BI-20A;
1155 3122 1407 3195 Recrxo].
1468 3121 1567 3179 llis
1594 3124 1642 3155 ⁵⁸
1673 3124 1705 3178 5

1812 3116 2057 3187 regnavit
2093 3114 2305 3172 Probus
2343 3132 2397 3172 a.
2427 3116 2481 3184 5,
2513 3132 2588 3172 m.
2626 3117 2680 3173 4.
2715 3114 2815 3174 llis
2839 3117 2885 3149 ⁶⁰
2921 3117 3060 3175 adde
3099 3118 3133 3174 6
3156 3116 3329 3175 Taciti
3357 3129 3413 3175 et

138 3183 386 3276 mensibus
432 3218 586 3275 Decii
617 3183 755 3275 ad.
809 3183 1091 3275 Antonini,
1113 3217 1198 3274 Pii
1232 3219 1287 3286 δ,
1339 3183 1508 3275 Dlarci
1534 3219 1705 3274 Anto-

1814 3183 2215 3278 5supradictos
2264 3205 2542 3282 [Reciso],
2576 3208 2637 3265 ﬁt
2683 3225 2885 3277 annus,
2922 3219 3210 3269 remanent
3247 3227 3408 3270 men-

140 3307 235 3363 nini
262 3311 308 3377 1,
349 3309 490 3368 Delii
527 3310 834 3367 Pertinacis
857 3311 911 3379 6,
938 3309 1000 3367 ﬁt
1022 3326 1201 3367 annus
1222 3310 1317 3381 qui
1350 3311 1440 3367 hic
1468 3312 1710 3382 ponitur.
1815 3314 1905 3356 50$
1929 3300 1984 3356 5-

138 3397 369 3461 Remanct
392 3421 469 3462 m.
508 3405 537 3460 1
571 3405 699 3461 etd.
742 3404 815 3460 28
861 3405 1226 3475 supranotati.
1279 3405 1524 3461 Anthero
1571 3422 1705 3478 papa

1885 3391 2047 3448 Anno
2080 3392 2150 3448 ab
2176 3392 2284 3450 inc.
2315 3392 2472 3449 Dom.
2500 3394 2627 3462 264,
2655 3392 2930 3452 Valeriani
2952 3405 3008 3453 et
3036 3396 3248 3454 Galieni
3275 3415 3327 3455 a.
3350 3401 3406 3466 5,

139 3500 366 3570 martyrio
409 3508 705 3565 coronato,
769 3498 1050 3556 Fabianus
1112 3500 1433 3567 succedens,
1493 3502 1715 3557 natione
1813 3503 1925 3559 quo
1945 3487 1987 3519 ⁶¹
2016 3497 2263 3558 tempore
2288 3486 2579 3558 Simplides
2625 3488 2917 3561 episcopus
2943 3486 3274 3548 Ἦθηιιθῐιδίε
3295 3494 3409 3549 οῖδ-

1813 3579 1926 3635 ruit
1955 3578 2120 3652 [Anc]
2147 3577 2372 3651 Xystus,
2404 3578 2631 3646 Grecus,
2656 3594 2723 3635 ex
2751 3580 3094 3653 phylosopho
3122 3583 3410 3640 ordinatus
3438 3639 3448 3653 ,

1812 3673 1901 3728 11.
1932 3670 2051 3726 Kal.
2082 3671 2220 3744 Aug.
2253 3672 2320 3726 A.
2347 3671 2400 3739 I,
2436 3687 2511 3726 m.
2542 3672 2631 3740 11,
2653 3671 2709 3728 (1.
2745 3673 2798 3728 5.
2828 3670 3033 3731 Passus
3060 3684 3145 3731 est
3167 3676 3272 3732 sub
3296 3675 3410 3731 Va-

1809 3765 2021 3822 leriano
2042 3764 2096 3819 8.
2158 3762 2285 3821 Idus
2338 3763 2571 3837 August.
2617 3764 2799 3837 (Gesta
2841 3776 2987 3836 pont.
3038 3766 3219 3842 Rom.)
3262 3767 3412 3826 Inter

1810 3857 2045 3931 Xystum
2073 3866 2128 3913 et
2172 3856 2493 3929 Dionysium
2533 3857 2589 3913 (1.
2622 3858 2655 3914 5
2694 3858 2760 3913 ⁶¹.
2787 3856 3080 3933 Dionysius
3107 3876 3175 3918 ex
3215 3878 3410 3919 mona-

1811 3950 1936 4017 cho,
1964 3949 2124 4021 cujus
2147 3950 2555 4021 generationem
2580 3949 2825 4007 invenire
2850 3968 2959 4007 non
2999 3952 3181 4024 potui,
3216 3956 3356 4012 sedit
3375 3972 3406 4012 a

1810 4041 1864 4110 6,
1894 4059 1971 4098 m.
2011 4042 2067 4111 2,
2096 4042 2151 4098 d.
2196 4043 2251 4098 4.
2275 4040 2544 4114 Regnavit
2574 4041 2753 4099 Carus
2790 4060 2916 4100 cum
2965 4045 3094 4103 ﬁliis
3120 4046 3324 4104 Carino
3352 4059 3410 4105 et

1808 4132 2142 4190 Numeriano
2163 4149 2214 4189 a.
2241 4135 2295 4188 2.
2326 4134 2428 4189 Cui
2452 4137 2721 4192 successit
2746 4136 3120 4196 Diocletianus
3154 4157 3302 4197 anno
3337 4144 3408 4198 ab

142 4242 246 4295 nus,
273 4241 417 4301 patre
446 4231 706 4287 Romano
734 4228 920 4304 [Ano.]
951 4229 1104 4286 Sedit
1128 4248 1180 4287 a.
1203 4232 1257 4299 5,
1287 4233 1342 4288 d.
1377 4232 1430 4288 5.
1462 4231 1709 4290 Corona-
1810 4230 1918 4286 inc.
1951 4229 2111 4285 Dom.
2155 4229 2264 4286 290
2302 4229 2530 4302 [Beas];
2561 4233 2808 4302 regnavit
2854 4249 2906 4289 a.
2938 4234 3011 4288 20
3059 4250 3185 4291 cum
3228 4236 3404 4292 Maxi-

143 4329 213 4377 tus
238 4322 281 4354 ³⁸
301 4334 384 4380 est
409 4326 520 4380 sub
573 4323 757 4380 Decio.
803 4323 902 4380 llic
949 4335 1177 4397 rogatus
1212 4342 1242 4381 a
1277 4325 1484 4382 Lucina
1513 4328 1710 4384 levavit
1810 4323 1994 4379 miano
2015 4333 2070 4380 et
2093 4323 2439 4392 Constantio,
2462 4333 2517 4379 et
2545 4332 2669 4396 post
2692 4335 2924 4382 mortem
2949 4326 3268 4383 Diocletiani
3292 4328 3407 4384 Ma-

142 4426 340 4484 corpara
369 4425 694 4472 sanctorum
746 4416 1122 4486 apostolorum
1149 4434 1164 4483 ;
1218 4425 1274 4472 et
1299 4415 1451 4471 Pauli
1484 4419 1705 4489 quidem
1807 4417 2087 4474 ximianus
2112 4434 2239 4474 cum
2276 4417 2499 4487 Severo,
2530 4417 2747 4475 Galerio
2770 4428 2826 4476 et
2860 4418 3159 4476 Maximino
3182 4419 3401 4495 [Beas].

142 4501 213 4607 :ia
252 4502 485 4574 Dstensi,
558 4507 652 4562 ubi
709 4506 1030 4563 decollatus‘
1051 4516 1158 4573 est,
1214 4509 1402 4579 posuit
1445 4510 1530 4564 18.
1585 4509 1703 4566 Kal.
1738 4552 1785 4607 Β
1808 4508 2104 4584 Dionysius
2132 4526 2270 4582 papa
2302 4511 2619 4581 parrochias
2647 4520 2703 4567 et
2723 4511 2969 4569 dioceses
3012 4513 3320 4580 constituit,
3350 4523 3407 4570 et

141 4594 383 4657 Octobris.
432 4601 587 4657 Inter
634 4600 952 4656 Cornelium
981 4610 1036 4656 et
1067 4600 1295 4657 Lucium
1338 4602 1392 4656 (1.
1415 4602 1504 4658 55.
1535 4602 1708 4674 Cujus
1740 4594 1781 4607 ν
1808 4604 2140 4677 presbywris
2183 4602 2446 4660 ecclesias
2471 4603 2617 4660 dedit
2652 4602 2834 4675 (Gesta
2879 4614 3029 4676 pont.
3063 4604 3266 4677 Rom.).
3300 4604 3403 4661 Cui

144 4694 357 4761 tempore
394 4692 640 4749 surrexit
674 4693 884 4748 heresis
913 4690 1344 4749 Novatianorum
1393 4710 1426 4749 a
1466 4696 1707 4765 quodam
1808 4696 2073 4752 successit
2096 4694 2247 4752 Felix
2283 4694 2584 4764 Romanus,
2618 4706 2772 4767 patre
2808 4696 3153 4766 Constantio,
3184 4700 3327 4756 sedit
3349 4717 3402 4757 a.

142 4777 324 4840 Novato
344 4787 436 4856 qui
460 4802 550 4842 ex.
595 4826 610 4840 .
653 4827 668 4840 .
713 4826 727 4841 .
773 4827 787 4841 .
832 4785 1119 4842 ecclesiam
1151 4788 1506 4845 ordinacione
1532 4788 1710 4845 Nova-

145 4872 257 4930 tiani
286 4885 339 4933 et
382 4877 534 4934 Deus
572 4878 891 4933 Cornelium
938 4879 1258 4936 intronizari
1307 4881 1592 4948 voluisset,
1638 4882 1709 4938 ab

144 4966 344 5023 ecclesia
382 4971 616 5027 recessit
675 4978 729 5025 et
776 4970 1011 5026 heresim
1064 4972 1149 5027 sui
1205 4973 1444 5029 nominis
1495 4974 1706 5029 statuit.

138 2940 369 2997 seminat.

140 3584 409 3658 Romanus,
456 3599 622 3663 patre
661 3589 834 3646 Fabio
876 3589 1020 3647 sedit
1073 3606 1126 3646 a.
1184 3592 1273 3658 15,
1327 3607 1404 3647 m.
1435 3592 1496 3647 11
1528 3591 1713 3663 (Gesta

139 3688 258 3744 pont.
310 3680 511 3753 Rom).
556 3680 703 3737 Inter
748 3681 1053 3737 Antherum
1098 3689 1155 3737 et
1201 3681 1504 3738 Fabianum
1535 3683 1590 3738 d.
1622 3684 1707 3737 l5.

140 3766 307 3828 Decius
339 3775 515 3830 multa
568 3782 889 3829 sanctorum
931 3774 1084 3830 milia
1123 3774 1416 3832 interfecit.
1467 3775 1713 3832 Fabiano

140 3875 252 3932 papa
279 3866 377 3921 sub
395 3865 572 3922 Decio
597 3866 863 3937 martyrio
896 3873 1163 3922 coronato
1196 3867 1283 3923 I5.
1316 3866 1436 3923 Kal.
1462 3864 1709 3924 Februa-

142 3953 194 4008 rii
210 3958 431 4013 cessavit
452 3958 813 4029 episcopatus
834 3957 889 4013 d.
917 3957 969 4013 7.
1619 4019 1627 4027 ,

198 4045 338 4104 Anno
364 4050 519 4107 dom.
554 4049 662 4105 inc.
686 4050 816 4116 254,
841 4065 953 4120 quo
979 4059 1227 4121 tempore
1256 4051 1455 4108 claruit
1484 4053 1708 4125 Lupici-

142 4150 227 4193 nus
252 4136 598 4205 Viennensis,
648 4140 894 4196 succcdit
934 4139 1227 4197 Cornelius
1254 4142 1475 4197 natione
1508 4143 1711 4200 Roma-

1809 4790 1964 4857 ἆραι.
2012 4790 2067 4858 5,
2102 4790 2157 4845 (1.
2204 4791 2255 4845 1.
2294 4789 2439 4846 Obiit
2475 4791 2528 4846 5.
2565 4789 2683 4846 Kal.
2732 4790 2860 4847 Jun.
2909 4791 3205 4849 Constituit
3239 4810 3405 4868 supra

1810 4883 2106 4940 memorias
2165 4891 2464 4955 martyrum
2513 4883 2713 4939 missas
2752 4883 3036 4941 celebrari.
3084 4883 3407 4946 Euticianus

1811 4973 2045 5043 Tuscus,
2072 4985 2226 5046 patre
2249 4974 2480 5043 Marino,
2503 4976 2571 5031 de
2606 4974 2823 5032 civitate
2855 4975 3047 5047 Luuis,
3081 4979 3222 5035 sedit
3254 4992 3321 5036 a.‘
3349 4983 3401 5049 1,

145 5051 355 5115 Pmerat
396 5069 533 5117 tunc
578 5061 897 5134 Carthagini
922 5062 1229 5134 Cyprianus
1256 5074 1465 5136 martyr
1505 5064 1712 5136 primas

147 5148 331 5207 An‘ricae
370 5156 466 5225 qui
510 5152 782 5225 superfuit
824 5152 1080 5210 Cornelio
1127 5171 1302 5225 usque
1343 5156 1411 5211 ad
1464 5165 1714 5227 tempora

147 5238 308 5298 domui
344 5245 501 5301 Lucii
548 5262 721 5317 papae,
768 5254 823 5301 et
851 5255 1148 5302 coronatus
1169 5256 1254 5303 est
1274 5248 1465 5304 eodem
1489 5249 1576 5305 die
1604 5265 1715 5320 quo

147 5330 408 5393 Cornelius
456 5338 840 5408 persecutione
875 5336 1150 5394 Valeriani
1199 5341 1462 5413 martyrio
1501 5341 1568 5397 ⁸³.
1605 5341 1715 5398 Lu-

151 5422 269 5494 cius,
298 5428 601 5498 Romanus,
627 5440 781 5502 patre
794 5430 1051 5499 Porﬁrio,
1081 5432 1221 5489 sedit
1239 5449 1291 5488 a.
1323 5434 1387 5504 5,
1407 5435 1555 5504 m.5,
1584 5437 1638 5493 (1.
1657 5437 1712 5493 5.

1815 5083 1891 5123 m.
1927 5068 1978 5134 I,
2010 5067 2065 5122 (1.
2099 5068 2150 5122 1.
2191 5066 2305 5123 Sub
2334 5068 2381 5100 ⁸³
2413 5067 2712 5123 Aureliano
2741 5068 2832 5125 hic
2873 5072 3136 5144 martyrio
3166 5088 3403 5130 corona-

1814 5165 1903 5213 tus
1929 5157 1981 5213 8.
2019 5155 2138 5212 Kal.
2172 5159 2311 5230 Aug.
2346 5157 2401 5212 in
2445 5157 2714 5214 cimiterio
2742 5159 2941 5217 Calixti
2970 5163 3266 5237 sepelitur,
3309 5169 3405 5237 qui

1813 5249 1978 5306 etiam
2000 5248 2117 5321 ipse
2138 5249 2245 5306 542
2267 5258 2536 5322 martyres
2569 5266 2736 5307 manu
2759 5268 2861 5309 sua
2889 5255 3159 5326 sepelivit,
3203 5264 3259 5312 et
3278 5272 3404 5312 ces-

1816 5343 1957 5400 savit
1977 5344 2327 5415 episcopatus
2346 5343 2466 5400 dies
2491 5343 2546 5400 8.
2585 5343 2885 5402 Constituit
2919 5363 3083 5418 super
3109 5349 3280 5405 altare
3307 5351 3404 5406 be-

1818 5434 1996 5492 nedici
2042 5432 2229 5509 fruges
2278 5433 2418 5492 faba:
2433 5443 2490 5492 et
2528 5451 2668 5494 uvae.
2714 5437 2881 5497 Gaius
2930 5438 3200 5511 Dalmata,
3250 5450 3408 5512 patre

1428 5570 1665 5628 VARIA'S
1703 5571 2115 5630 LECTIONES.

275 5656 557 5732 philippus
596 5692 668 5735 ἶ
698 5664 1060 5735 comprobans
1119 5665 1175 5719 in
1215 5681 1385 5735 marg.

152 5724 193 5807 ξ
211 5724 517 5807 geminatus
534 5763 604 5773 —
625 5724 902 5807 Valeriani
924 5735 981 5787 in
1016 5752 1187 5807 marg.
1264 5736 1307 5768 ⁸⁷
1334 5724 1447 5793 "uox
1472 5756 1650 5797 erasa.

154 5796 192 5826 ⁸⁸
210 5796 295 5856 His
319 5833 386 5843 —
411 5805 448 5858 5
469 5804 530 5857 in
552 5819 719 5875 marg.
795 5805 839 5837 “
867 5804 989 5871 Quo
1008 5835 1080 5844 —
1117 5796 1316 5864 claruit
1341 5810 1395 5864 in
1454 5829 1623 5884 marg.

443 5894 718 5956 PATBOL.
766 5894 973 5961 CLIV.

1489 5668 1535 5700 “
1578 5684 1644 5724 ex
1685 5671 1989 5738 conjectura
2039 5672 2362 5745 suppletum.

1489 5756 1650 5796 erasa.
1751 5744 1798 5775 ⁵⁸
1820 5743 2109 5796 His—m.
2165 5746 2189 5796 1
2244 5748 2302 5796 in
2358 5769 2362 5796 τ

1751 5746 1798 5775 ⁵⁸
1820 5746 1914 5798 His
1941 5776 2012 5785 ——
2034 5761 2109 5799 m.
2165 5746 2190 5800 1
2244 5748 2302 5802 in
2358 5765 2529 5823 marg.
2641 5749 2688 5782 ⁸⁸
2718 5749 2814 5806 His
2839 5746 2911 5791 l—
2942 5751 3096 5807 (1.18
3136 5755 3195 5808 in
3230 5774 3237 5808 1

1699 5814 1745 5844 °'
1790 5813 1984 5870 XXXV
2009 5834 2147 5872 corr.
2178 5816 2222 5873 ν
2253 5821 2435 5875 codex.
2514 5822 2559 5853 ⁸³
2583 5821 2697 5876 Sub
2718 5851 2788 5859 -——
2808 5820 2841 5874 8
2878 5822 2933 5874 in
2980 5826 3237 5893 margins.

2471 5676 2517 5710 ιι
2550 5674 3197 5758 nis_:_§upral!01?!i?"
3229 5702 3406 5758 πηνα*

2244 5748 2302 5802 in
2339 5765 2557 5827 marg.“
2586 5821 2616 5827 η
2641 5749 2688 5827 '_'
2718 5748 2911 5827 Bisi—3
2942 5751 2999 5807 (1.
3029 5752 3096 5807 18
3136 5755 3195 5827 ξπ
3230 5748 3402 5827 mari:

3050 5916 3086 5968 εὶ
