3932 6298
538 363 610 418 65
1529 353 1825 414 llUGONfS
1858 353 2151 412 ABBATIS
2190 352 2756 409 FLAVINIACENSIS
3740 358 3802 413 μ

539 477 696 543 Gaio,
725 490 792 532 ex
815 490 1013 546 genere
1034 474 1367 536 Diocletiani,
1400 489 1448 526 a.
1492 472 1571 535 ll,
1602 486 1674 524 m.
1709 470 1932 535 4,d.12
1975 467 2122 523 Mar-
2154 475 2196 530 Λ
2227 467 2537 537 potituspcr
2561 467 2818 521 vexillum
2847 474 3048 520 sanctae
3068 465 3262 522 Crucis
3285 466 3481 531 celitus
3518 467 3591 522 illi
3623 479 3797 526 oeten.

542 570 684 639 tyrio
712 577 1007 624 coronatus
1028 577 1112 623 est
1148 568 1232 621 11.
1264 566 1376 619 Kal.
1418 563 1540 617 Mai.
1577 562 1752 632 Hujus
1784 563 2121 631 temporibus
2223 574 2367 625 sum,
2397 568 2625 613 matrem
2673 574 2829 613 suam
2876 557 3023 614 misit
3062 557 3438 616 Hierosolimis
3483 561 3549 615 ad
3583 562 3803 631 perqut.

541 661 714 731 viguit
740 669 965 716 sanctus
994 659 1362 715 Sebastianus.
1395 655 1539 710 Inter
1564 654 1761 709 Gaium
1782 662 1838 709 et
1858 652 2123 709 Marcelli-
2224 651 2451 705 rendam
2494 651 2699 721 lignum
2755 651 3114 717 dominicum,
3177 651 3324 722 quod
3379 652 3545 707 etiam
3604 653 3806 710 invenit

542 770 674 808 num
710 754 831 809 dies
867 754 952 807 11.
1008 749 1346 805 Marcellinus
1396 746 1703 811 Romanus,
1750 754 1903 814 patre
1942 744 2125 813 Prcjc-
2223 749 2279 795 et
2324 741 2407 796 sic
2451 743 2625 796 secari
2674 741 2803 798 fecit
2834 757 2931 812 per
2968 743 3231 809 medium,
3284 751 3346 797 ut
3390 751 3449 798 et
3472 747 3803 801 crucemde—

546 855 636 900 cto
663 846 730 912 “,
758 860 808 899 a.
844 844 897 909 9,
920 859 993 896 m.
1024 842 1077 905 4,
1111 839 1165 894 (1.
1200 838 1287 893 17.
1329 835 1474 892 Inter
1502 835 1872 890 Marcellinum
1898 845 1953 890 et
1984 834 2110 888 Mar-

545 938 742 991 cellum
763 936 878 991 dies
901 933 988 987 25.
1027 929 1315 985 Marcellus
1337 927 1639 991 Romanus,
1663 934 1816 996 patre
1838 925 2127 981 Benedicto

546 1028 614 1082 de
647 1027 742 1081 Via
774 1025 923 1088 Lata,
959 1038 1010 1076 a.
1052 1021 1107 1088 6,
1135 1037 1211 1075 m.
1264 1020 1316 1086 7,
1344 1020 1398 1074 d.
1436 1018 1528 1074 25.
1568 1017 1934 1072 Diocletianus
1958 1017 2127 1086 impe-

547 1126 694 1172 rator
731 1114 798 1169 ad
843 1113 1182 1169 consortium
1233 1109 1447 1181 imperii
1494 1108 1883 1164 Mavimianum
1911 1108 2124 1173 ascivit,

546 1206 817 1261 Valerium
841 1214 897 1260 et
918 1203 1303 1260 Constantium
1350 1216 1568 1257 cesares
1612 1198 1757 1254 fecit.
1787 1198 1883 1254 llic
1914 1199 2128 1254 adorari

541 1312 599 1351 se
621 1296 789 1367 jussit
811 1305 871 1350 ut
892 1295 1063 1350 Deum
1099 1292 1372 1366 [Hilarion].
1398 1290 1752 1347 Constantius
1797 1286 1954 1346 cesar
1974 1291 2127 1360 juxta

542 1389 820 1460 Lingonas
849 1387 920 1442 60
961 1387 1111 1441 milia
1157 1386 1581 1441 Alemannorum
1613 1384 1709 1454 qui
1740 1384 2131 1439 rebellaverant

543 1479 837 1535 interfecit.
863 1478 1021 1533 Anno
1052 1478 1116 1531 18
1142 1478 1295 1548 regni
1317 1476 1637 1531 Diocletiani
1660 1477 2012 1547 persequutio
2034 1493 2131 1531 no-

546 1587 615 1625 va
641 1570 806 1640 cepit,
833 1579 888 1626 et
940 1585 1127 1626 mense
1161 1568 1356 1624 Martio
1397 1568 1452 1624 in
1494 1568 1687 1624 diebus
1729 1568 1945 1638 paschte
1983 1568 2130 1638 quod

548 1661 652 1715 fuit
706 1661 757 1716 5.
807 1660 925 1716 Kal.
972 1660 1174 1731 Aprilis
1220 1660 1488 1716 universa
1540 1660 1800 1715 :ecclesia‘.
1856 1660 2132 1717 subversae

548 1759 695 1805 sunt.
731 1749 998 1808 Vicesimo
1024 1759 1226 1817 autem,
1260 1751 1313 1805 id
1338 1758 1424 1805 est
1444 1750 1636 1806 ultimo
1660 1766 1806 1805 anno
1829 1751 2004 1822 regni,
2036 1752 2129 1821 qui

546 1852 665 1898 erat
692 1844 881 1899 tertius
901 1860 1078 1898 annus
1102 1842 1543 1913 persequutionis
1585 1842 1655 1897 ab
1678 1842 1785 1898 inc.
1821 1816 2131 1910 Do'm.510,
2166 1816 2206 1869 Β

548 1935 918 1991 Diocletianus
965 1943 1019 1991 et
1075 1933 1435 1989 Maximianus
1486 1932 1773 1988 Mediolani
1834 1948 2133 2003 purpuram

546 2029 934 2098 deposuerunt.
1007 2025 1376 2083 Diocletianus
1445 2026 1693 2081 moritur.
1774 2023 2135 2081 Maximianus

547 2120 690 2188 apud
719 2118 1015 2175 Massiliam
1067 2117 1303 2189 fugiens,
1350 2117 1479 2171 dum
1516 2130 1718 2187 genero
1775 2131 1878 2172 suo
1912 2115 2137 2173 insidias

548 2221 725 2280 parat,
743 2212 1121 2283 strangulatus
1143 2211 1366 2267 interiit.
1398 2210 1751 2265 Constantius
1781 2225 1955 2275 cesar,
1974 2209 2137 2264 Clau-

547 2302 623 2356 dii
655 2303 1000 2373 imperatoris
1043 2317 1214 2372 nepos
1257 2318 1323 2357 ex
1379 2302 1506 2367 ﬁlia,
1561 2310 1716 2371 pater
1762 2300 2133 2369 Constantini,

549 2383 708 2450 tertio
731 2410 876 2450 anno
919 2394 1360 2465 persequutionis
1395 2394 1548 2459 obiit,
1588 2394 1672 2448 vir
1708 2409 1937 2449 summa:
1962 2395 2137 2449 civili-

548 2487 674 2543 tatis
699 2496 753 2543 et
777 2486 1215 2543 mansuetudinis
1241 2485 1453 2558 [Bson].
1481 2486 1546 2540 Et
1575 2485 1936 2541 Maximianus
1960 2495 2013 2541 et
2041 2484 2139 2542 Se-

546 2595 710 2635 verus
733 2595 963 2635 cassares
987 2577 1117 2653 facti
1133 2588 1260 2635 sunt
1281 2578 1394 2646 (fol.
1434 2579 1541 2649 19).
1570 2578 1932 2633 Maximianus
1953 2586 2138 2648 stupra

548 2686 647 2725 sua
668 2671 1088 2728 Christianorum
1105 2670 1619 2742 persequutionibns
1628 2671 1954 2727 accumulat.
1972 2669 2139 2742 Cepta

549 2762 717 2818 semel
742 2763 1092 2834 persequutio
1128 2762 1378 2820 efferbuit
1408 2779 1580 2834 usque
1604 2763 1671 2818 ad
1714 2762 1762 2817 7.
1794 2748 2140 2819 Constantini

554 2855 815 2925 principis
840 2871 1085 2922 annum;
1127 2856 1201 2910 ita
1236 2854 1377 2910 infra
1408 2868 1578 2910 unum
1616 2870 1861 2911 mensem
1898 2855 1963 2908 17
1992 2855 2139 2909 utilia

552 2952 855 3015 martyrum
887 2944 1037 3014 passi
1072 2945 1443 3000 inveniuntur.

630 3036 787 3091 Anno
814 3037 885 3092 ab
906 3036 1015 3093 inc.
1041 3035 1194 3093 Dom.
1237 3038 1341 3092 510
1369 3037 1550 3103 (Gesta
1589 3047 1736 3108 pont.
1774 3037 1975 3107 Rom),
1997 3038 2143 3094 Con-

2227 832 2393 888 ferret
2416 832 2482 887 ad
2514 833 2708 899 ﬁlium,
2738 842 2793 889 et
2817 850 3037 890 crucem
3070 833 3463 905 Hierosolymis
3484 847 3804 901 reservaret,

2228 925 2461 994 sapienti
2505 942 2606 981 usa
2639 926 2894 993 consilio,
2924 934 2986 981 ut
3014 927 3106 982 ubi
3136 925 3324 1006 fuerat
3346 926 3615 983 membris
3633 928 3804 983 domi~

2230 1016 2368 1072 uicis
2392 1024 2573 1086 aptata
2602 1033 2699 1086 per
2729 1018 3080 1088 supplicium,
3109 1018 3219 1073 illic
3247 1017 3549 1090 gloriﬁcata
3581 1034 3804 1075 venera-

2231 1115 2381 1161 retur
2406 1123 2439 1162 a
2475 1108 2710 1177 populis.
2764 1108 3091 1165 Melchiades
3137 1108 3268 1164 Afer
3290 1108 3431 1164 sedit
3482 1107 3677 1166 Rom
3715 1127 3807 1166 an-

2231 1199 2316 1255 nis
2348 1201 2382 1254 4
2420 1199 2602 1272 (Gesta
2643 1210 2789 1271 pont.
2834 1201 3059 1272 Rom.);
3105 1216 3218 1272 quo
3239 1201 3283 1233 ⁸⁸
3326 1210 3573 1272 tempore
3620 1202 3809 1258 claruit

2232 1293 2551 1349 Paschalius
2582 1292 2908 1348 Viennensis
2932 1293 3245 1363 episcopus.
3297 1290 3397 1346 Hic
3442 1292 3732 1349 constituit
3756 1303 3809 1347 ut

2231 1385 2414 1440 nullus
2446 1385 2534 1440 die
2560 1384 2837 1441 dominico
2879 1392 2975 1440 aut
3001 1385 3056 1440 5.
3086 1383 3221 1439 feria
3262 1384 3559 1455 jejunaret.
3593 1382 3742 1440 Obiit
3759 1387 3805 1439 5.

2233 1477 2359 1534 ldus
2385 1477 2720 1544 Decembris,
2741 1486 2796 1533 et
2815 1478 3052 1533 cessavit
3072 1478 3420 1548 episcopatus
3445 1478 3566 1534 dies
3605 1478 3695 1533 17.

2301 1570 2462 1625 Anno
2483 1571 2634 1625 dom.
2686 1570 2797 1625 inc.
2842 1571 2966 1626 515.
3015 1569 3277 1625 Silvester
3314 1569 3625 1635 Romanus,
3658 1578 3811 1641 patre

2235 1662 2453 1729 Ruﬁno,
2505 1661 2647 1718 sedit
2689 1677 2741 1717 a.
2784 1661 2876 1726 2'2,
2906 1676 2981 1716 m.
3030 1660 3119 1728 10,
3167 1661 3221 1715 d.
3263 1661 3350 1716 11.
3390 1659 3491 1716 Hic
3535 1660 3812 1716 constituit

2233 1752 2434 1807 crisma
2459 1750 2680 1817 conﬁci,
2706 1759 2761 1806 et
2788 1750 3119 1820 baptizatum
3135 1749 3473 1816 conﬁrmari,
3497 1750 3813 1805 dalmatieas

2236 1841 2477 1912 precepit
2502 1841 2656 1896 indui
2702 1848 2758 1896 et
2785 1840 3115 1897 sacriﬁcium
3168 1855 3349 1910 panno
3400 1840 3544 1895 lineo
3599 1841 3811 1895 involvi.

2238 1931 2490 1989 Secundo
2519 1933 2686 2004 igitur
2718 1948 2863 1988 anno
2910 1940 3200 2002 postquam
3228 1931 3634 1987 Constantinus
3661 1948 3812 2002 supe-

2236 2037 2359 2081 rato
2404 2025 2678 2081 Maxentio
2739 2035 2993 2098 tyranno,
3037 2023 3352 2079 Maximiani
3398 2022 3647 2080 Herculii
3695 2026 3813 2087 ﬁlio,

2238 2116 2439 2174 Urbem
2483 2118 2705 2188 recepit,
2753 2116 3195 2188 persequutionis
3224 2131 3370 2171 anno
3413 2115 3500 2183 10,
3527 2133 3631 2187 per
3657 2117 3815 2171 Silve-

2238 2210 2337 2266 stri
2364 2224 2517 2279 papae
2550 2208 2974 2279 predicationem
3003 2207 3070 2262 ad
3097 2206 3259 2262 ﬁdem
3280 2206 3484 2262 Christi
3523 2222 3815 2263 conversus

2237 2312 2409 2369 est,et
2421 2301 2546 2358 fecit
2571 2301 2779 2368 Romae,
2805 2301 2897 2356 ubi
2914 2301 3220 2371 baptizatus
3241 2309 3349 2368 est,
3375 2301 3667 2356 basilicam
3688 2301 3813 2356 beati

2237 2393 2507 2450 Johannis
2555 2394 2807 2465 baptista:
2847 2409 2971 2464 quae
3020 2392 3324 2463 appellatur
3368 2391 3816 2447 Constantiniana

2242 2485 2455 2558 [Bt-20A].
2487 2485 2602 2542 Hoc
2633 2486 2678 2517 “
2715 2494 2800 2541 est
2827 2484 3170 2556 privilegium
3214 2500 3328 2555 quo
3377 2482 3646 2540 Silvester
3693 2499 3813 2555 papa

2241 2578 2548 2634 interventu
2619 2576 2837 2633 Helenae
2905 2585 3153 2648 augusta:
3219 2591 3316 2647 per
3371 2576 3663 2648 Agricium
3728 2591 3812 2645 pa-

2242 2670 2535 2726 triarcham
2566 2669 2948 2725 Trevircnsem
2978 2668 3174 2724 ditavit
3197 2668 3511 2734 ecclesiam,
3547 2667 3701 2740 quod
3723 2665 3814 2720 Vo-

2243 2762 2492 2819 lusianus
2518 2762 2964 2833 archiepiscopus
2988 2760 3216 2816 rescribi
3244 2759 3411 2830 jussit
3434 2760 3551 2832 (57)
3580 2779 3594 2815 :
3627 2778 3649 2813 ι
3680 2759 3817 2815 Sicut

2242 2856 2296 2909 in
2326 2853 2626 2926 gentilitate
2654 2853 2875 2924 propria
2899 2853 3121 2918 virtute,
3143 2852 3342 2908 sortire
3366 2859 3423 2908 et
3442 2868 3595 2907 nunc
3621 2850 3816 2907 Treviri

2243 2947 2448 3016 primas
2470 2950 2485 2967 ‘
2517 2962 2682 3016 super
2711 2944 2897 3001 Gallos
2926 2944 3265 3015 spiritualem
3292 2953 3348 2998 et
3360 2943 3673 3001 Germanos
3691 2943 3819 3015 prio-

2244 3047 2444 3105 ratum,
2475 3054 2638 3110 quem
2671 3038 2768 3093 tibi
2794 3053 2905 3109 pm
2941 3037 3198 3093 omnibus
3226 3036 3420 3092 harum
3450 3037 3701 3107 gentium
3722 3036 3818 3105 epi-

553 3125 847 3193 stautinus,
899 3124 1207 3182 Constantii
1232 3142 1296 3181 ex
1347 3125 1549 3181 Helena
1595 3127 1759 3193 ﬁlius,
1800 3127 1855 3181 in
1880 3127 2140 3183 Brittania
2169 3156 2213 3218 ρ
2244 3130 2426 3203 scopis
2452 3132 2506 3186 in
2545 3130 2840 3202 primitivis
2859 3129 3173 3185 christiana:
3192 3128 3817 3199 religionisdoctoribus,

552 3217 853 3287 imperator
900 3225 1119 3273 creatus
1168 3217 1220 3272 5.
1247 3214 1383 3272 Non.
1422 3215 1547 3284 Mai,
1581 3217 1826 3289 regnavit
1858 3234 1909 3273 a.
1941 3219 2029 3285 30,
2062 3234 2136 3273 m.

557 3310 641 3364 10.
692 3308 786 3366 His
832 3309 968 3366 adde
994 3311 1028 3365 5
1067 3326 1286 3365 menses
1325 3310 1419 3381 qui
1444 3326 1607 3381 supra
1649 3321 2049 3377 remanserunt,
2082 3311 2142 3367 ﬁt

552 3418 750 3469 annus,
784 3411 1030 3459 remanet
1070 3403 1275 3458 mensis
1306 3401 1512 3475 [lies].
1542 3401 1656 3457 Sub
1685 3403 1787 3458 hoc
1811 3402 1866 3457 S.
1892 3402 2143 3473 Agricius

555 3492 838 3548 confessor
879 3501 934 3547 et
984 3493 1274 3564 episcopus
1318 3492 1657 3547 Trevirensis
1717 3495 1935 3560 claruit,
1983 3497 2142 3567 cujus

556 3601 842 3641 successor
866 3585 968 3640 fuit
987 3584 1043 3640 S.
1071 3584 1592 3655 Maximinusmesta
1619 3596 1764 3656 pont.
1784 3586 1981 3657 Rom.).
2010 3588 2142 3644 Post

554 3676 887 3743 Marcellum,
906 3679 1083 3749 primo
1104 3695 1248 3735 anno
1267 3678 1634 3745 Constantini,
1652 3678 1919 3736 Eusebius
1933 3681 2142 3738 Grecus

556 3785 621 3823 ex
648 3770 858 3825 medico
883 3769 1023 3825 sedit
1051 3768 1237 3826 Romae
1266 3772 1546 3826 mensibus
1576 3771 1624 3824 7.
1654 3770 1767 3826 Sub
1790 3772 1894 3829 hoc
1922 3760 2140 3830 inventa

556 3867 641 3912 est
670 3874 806 3912 crux
848 3857 1081 3914 Domini.
1132 3857 1277 3915 Obiit
1314 3861 1365 3915 5.
1420 3859 1557 3914 Non.
1610 3859 1753 3923 Oct.,
1802 3871 1857 3916 et
1906 3865 2143 3919 cessavit

558 3950 904 4020 episcopatus
934 3952 1048 4006 dies
1072 3951 1102 4004 7
1123 3950 1333 4025 [Bson].
1364 3951 1508 4007 Inter
1531 3951 1845 4007 Marcellum
1885 3963 1940 4009 et
1968 3953 2139 4011 Ense-

559 4042 710 4096 bium
737 4042 852 4098 dies
878 4041 967 4096 ΞΟ.
1016 4041 1226 4109 Quarto
1266 4059 1410 4099 anno
1452 4044 1894 4115 persequutionis
1923 4044 2143 4101 Maxen-

561 4137 690 4201 tius,
738 4135 993 4211 Herculii
1041 4135 1355 4192 Maximiani
1410 4137 1579 4204 ﬁlius,
1634 4136 1818 4192 Romae
1878 4148 2142 4211 angustus

562 4229 864 4299 appellatus
906 4237 1008 4286 est.
1038 4228 1244 4285 Contra
1272 4245 1435 4300 quem
1466 4231 1725 4301 pugnavit
1750 4230 2142 4289 Constantinus

560 4323 610 4377 6.
644 4322 854 4393 imperii
885 4323 969 4377 sui
1003 4338 1169 4389 anno,
1201 4331 1255 4377 et
1299 4322 1441 4392 apud
1487 4320 1714 4378 Romam
1744 4323 2030 4379 interfecto
2053 4341 2139 4391 eo,

563 4413 761 4469 Urbem
794 4415 1015 4484 recepit.
1031 4412 1255 4479 Helena,
1283 4423 1457 4467 mater
1482 4412 1852 4481 Constantini,
1883 4415 2143 4471 christia-

2243 3224 2449 3281 scilicet
2477 3222 2771 3289 Euchario,
2796 3220 3014 3277 Valerio
3061 3229 3116 3276 et
3149 3219 3415 3285 Materno,
3447 3236 3550 3291 per
3573 3221 3817 3275 baculum

2243 3332 2403 3372 suum
2445 3323 2608 3385 caput
2648 3314 2892 3370 ecclesia:
2938 3312 3132 3369 Petrus
3177 3311 3455 3383 signavit‘
3491 3311 3817 3374 habendum.

2243 3424 2400 3464 suam
2431 3407 2834 3479 quodammodo
2878 3406 3132 3461 minuens
3165 3405 3510 3477 dignitatem.
3541 3413 3605 3459 ut
3628 3413 3680 3460 te
3708 3419 3821 3475 par-

2244 3501 2459 3571 ticipem
2490 3499 2710 3555 faceret.
2748 3497 3035 3566 Quomodo
3059 3512 3159 3569 ego
3198 3494 3460 3552 Silvestcr
3486 3511 3687 3552 servus
3712 3496 3821 3565 ejus

2242 3592 2705 3662 successioncque
2727 3590 2982 3661 indignus
3030 3605 3127 3659 per
3150 3587 3521 3660 patriarcham
3553 3588 3819 3670 Agricium

2242 3700 2513 3741 renovans
2566 3682 2853 3751 conﬁrmo,
2894 3683 2962 3738 ad
3016 3682 3281 3738 honorem
3329 3680 3574 3738 dominae
3620 3681 3823 3736 Helena:

2242 3784 2488 3847 augustae
2530 3776 2776 3846 ejusdem
2818 3774 3141 3845 metropolis
3189 3773 3477 3844 indigenae,
3505 3788 3676 3844 quam
3718 3773 3821 3842 ipsa
3926 3792 3927 3819 η

2244 3866 2371 3923 felix
2402 3884 2497 3939 per
2544 3868 2851 3939 apostolum
2895 3866 3152 3922 Mathiam
3196 3882 3228 3921 a
3267 3864 3454 3921 Iudaea
3501 3866 3821 3921 translatum

2242 3960 2548 4030 ceterisque
2592 3960 2836 4030 reliquiis
2885 3958 3101 4015 Domini
3142 3958 3431 4030 magniﬁce
3479 3958 3682 4013 ditavit
3713 3972 3821 4027 spe-

2242 4051 2560 4122 cialiterque
2606 4051 2872 4122 provexit.
2924 4049 3099 4120 Hujus
3147 4049 3414 4121 privilegii
3466 4050 3602 4105 cleri
3654 4050 3820 4105 noviei

2243 4143 2409 4197 emuli
2459 4142 2844 4199 communione
2876 4143 3225 4209 dirimantnr,
3277 4141 3539 4211 quoniam
3601 4142 3820 4197 anatlie—

2244 4244 2386 4290 mate
2417 4235 2760 4290 maculantur
2788 4236 2852 4289 6".
2891 4255 2909 4286 ι
2937 4234 3087 4290 Fecit
3120 4244 3176 4290 et
3202 4234 3363 4290 aliam
3393 4235 3557 4290 beato
3587 4234 3750 4294 Petro
3774 4235 3821 4289 in

2247 4328 2446 4397 templo
2481 4327 2749 4398 Apollinis
2777 4327 2894 4398 (fol.
2926 4328 3054 4397 19‘),
3086 4344 3185 4383 nec
3213 4343 3322 4383 non
3357 4337 3413 4383 et
3454 4328 3622 4382 aliam
3677 4328 3823 4383 beato

2245 4419 2434 4488 Paulo,
2466 4436 2668 4492 corpus
2698 4421 2984 4491 utriusque
3022 4436 3130 4476 mre
3170 4420 3390 4492 eyprico
3408 4421 3762 4477 circumdans
3794 4419 3823 4471 5

560 4504 999 4571 niss‘ima,ﬁlinm
1017 4504 1451 4573 proﬁciscentem
1482 4504 1765 4560 adbellnm
1788 4517 2140 4577 prosequuta,
2175 4495 2220 4554 Ι)
2247 4512 2410 4582 pedes
2438 4528 2628 4584 grosso
2673 4511 2887 4583 (lbid.).
2927 4511 3077 4567 Fecit
3119 4520 3175 4566 et
3217 4512 3501 4567 basilicam
3537 4512 3592 4567 in
3629 4511 3824 4582 palatio

559 4599 626 4653 de
654 4597 870 4653 civitate
890 4594 1239 4650 Trevirorum
1258 4610 1382 4650 cum
1408 4595 1579 4650 multo
1608 4596 1868 4652 comitatu
1899 4613 2141 4668 egressa,

562 4688 897 4762 Bysontium'
929 4686 1100 4752 venit,
1136 4695 1190 4742 et
1232 4686 1287 4740 in
1342 4686 1626 4742 ecclesiola
1672 4689 1845 4743 sancti
1884 4686 2145 4760 Stephani

562 4784 617 4836 in
648 4789 831 4837 monte
866 4779 971 4836 sita
995 4778 1157 4850 juges
1191 4776 1425 4833 fundens
1457 4778 1713 4837 lacrimas
1752 4788 1807 4835 et
1839 4780 2000 4852 longa
2039 4782 2145 4838 du-

563 4887 692 4927 cens
737 4871 964 4942 jejunia,
1014 4884 1115 4941 pro
1166 4869 1341 4925 salute
1397 4868 1492 4924 ﬁlii
1536 4868 1765 4944 [aures‘]
1818 4870 2032 4928 Domini
2091 4882 2147 4929 et

565 4962 710 5017 beati
742 4960 1001 5032 Stephani
1050 4976 1210 5032 prece
1256 4962 1506 5032 pulsabat
1528 4962 1849 5018 humillima.
1901 4963 1967 5018 Et
2015 4966 2143 5037 quia

565 5055 721 5109 locus
759 5052 849 5107 ille
881 5060 1001 5107 erat
1026 5051 1392 5122 permodicus,
1426 5060 1611 5106 votum
1656 5054 1804 5109 vovit
1829 5053 1897 5109 de
1924 5070 2146 5125 repara-

566 5147 715 5202 tione
763 5143 1191 5214 etampliatione
1234 5134 1689 5211 novzeecclesiaa,
1747 5146 1890 5216 quod
1942 5156 1996 5203 et
2021 5146 2145 5203 fecit

566 5236 807 5306 dirigens
848 5233 1210 5291 cementarios
1258 5243 1312 5289 et
1337 5250 1604 5305 expensas
1643 5236 1710 5291 ad
1744 5236 2143 5293 ediﬁcationem

566 5325 807 5383 basilica!
832 5325 1148 5397 condignas.
1178 5321 1572 5380 Constantinus
1600 5325 1894 5395 imperator
1914 5328 2143 5384 victoria

2249 4601 2545 4659 Sororiano
2567 4619 2691 4673 qua:
2722 4604 3162 4675 cognominatur,
3220 4603 3313 4659 ubi
3339 4603 3407 4658 de
3455 4603 3605 4673 ligno
3650 4601 3824 4659 crucis

2246 4694 2461 4749 Domini
2525 4694 2727 4765 posuit.
2776 4693 3062 4750 Basilicam
3116 4696 3281 4751 etiam
3324 4703 3529 4750 sanctae
3574 4692 3823 4764 martyris

2243 4783 2411 4856 Agna:
2444 4799 2512 4838 ex
2540 4792 2733 4854 rogatu
2764 4782 2887 4839 tiliae
2919 4800 3034 4839 sua:
3064 4781 3210 4851 fecit,
3239 4792 3294 4838 et
3320 4783 3703 4854 baptisterium
3724 4782 3822 4836 ibi-

2244 4875 2367 4931 dem
2394 4874 2484 4929 ttbi
2506 4883 2561 4930 et
2588 4875 2861 4947 baptizata
2903 4885 2989 4931 est
3017 4891 3176 4931 soror
3194 4876 3315 4946 ejus
3351 4875 3677 4931 Constantia
3705 4888 3823 4930 cum

2250 4966 2360 5021 ﬁlia
2386 4965 2649 5038 Augusta.
2682 4965 2833 5023 Fecit
2851 4976 2906 5023 et
2927 4966 3208 5023 basilicam
3234 4968 3395 5023 beato
3436 4968 3661 5040 martyri
3690 4966 3825 5020 Lau-

2250 5057 2426 5113 rentio
2450 5058 2535 5112 via
2561 5057 2857 5130 Tyburtina
2881 5059 2936 5115 in
2960 5075 3091 5131 agro
3117 5058 3349 5115 Verano.
3377 5058 3666 5114 Basilicam
3689 5074 3823 5129 quo-

2249 5164 2356 5219 que
2385 5150 2469 5204 via
2502 5147 2773 5205 Lavicana
2802 5150 2943 5206 inter
2969 5152 3106 5207 duos
3130 5152 3316 5207 lauros
3350 5152 3526 5208 beatis
3571 5148 3824 5220 martyri-

2251 5239 2353 5296 bus
2374 5239 2687 5296 Mareellino
2716 5251 2770 5297 et
2800 5240 2982 5308 Petro,
3010 5251 3065 5298 et
3093 5243 3437 5300 mausoleum
3468 5243 3562 5298 ubi
3597 5251 3824 5297 matrem

2250 5347 2407 5386 suam
2458 5334 2639 5403 posuit
2681 5333 2735 5388 in
2790 5335 3129 5407 sarcophago
3177 5348 3475 5406 purpureo.
3540 5333 3824 5389 Basilicam

1862 5438 2097 5495 VARle
2135 5440 2539 5500 LECTIONES.

641 5540 686 5571 “
718 5536 901 5620 Piecto
931 5555 991 5620 σε.
1070 5536 1115 5569 ⁸⁸
1140 5552 1252 5607 quo
1272 5539 1672 5620 —._ep.isco.pus.
1718 5540 1775 5592 in
1822 5542 2076 5620 margine.
2165 5529 2210 5575 δε
2267 5545 2382 5602 Hoc
2423 5578 2492 5587 —
2515 5548 2679 5620 jussit
2709 5550 2765 5603 in
2802 5564 3058 5619 margine.
3135 5548 3179 5581 ⁸⁷
3209 5535 3372 5602 ῙΞῬἩ.
3404 5546 3550 5618 quod
3586 5543 3825 5602 Volusia-

502 5598 505 5601 ’
571 5625 676 5665 nus
706 5598 1596 5679 archiepiscopus'rescribi'jussi't
1618 5609 1703 5662 hic
1728 5611 1910 5679 repetit
1932 5598 1977 5663 ἔ.

2085 5723 2313 5782 ΝΟΤιΕ.

641 5791 753 5865 (57)
776 5789 847 5846 Cf
893 5789 1054 5843 Gesta
1086 5789 1445 5842 Treverorum
1471 5805 1520 5843 c.
1554 5790 1641 5844 19.
