  <div class='ocr_page' id='page_1' title='image "/cluster/home/n/w/nwhite01/storage/ocr_20150623/154/hvd.32044015473820/028.png"; bbox 0 0 3932 6298; ppageno 0'>
   <div class='ocr_carea' id='block_1_1' title="bbox 144 317 1713 397">
    <p class='ocr_par' dir='ltr' id='par_1_1' title="bbox 144 317 1713 397">
     <span class='ocr_line' id='line_1_1' title="bbox 144 317 1713 397; baseline -0.001 -18"><span class='ocrx_word' id='word_1_1' title='bbox 144 338 210 397; x_wconf 65' lang='grc' dir='ltr'><strong>ιε</strong></span> <span class='ocrx_word' id='word_1_2' title='bbox 1333 317 1713 383; x_wconf 65' lang='lat' dir='ltr'><strong>cnuoNtcoa</strong></span> 
     </span>
    </p>
   </div>
   <div class='ocr_carea' id='block_1_2' title="bbox 1813 317 3386 397">
    <p class='ocr_par' dir='ltr' id='par_1_2' title="bbox 1813 320 3386 381">
     <span class='ocr_line' id='line_1_2' title="bbox 1813 320 3386 381; baseline 0.003 -5"><span class='ocrx_word' id='word_1_3' title='bbox 1813 355 1848 363; x_wconf 87' lang='lat'><strong>-</strong></span> <span class='ocrx_word' id='word_1_4' title='bbox 1872 321 1998 376; x_wconf 84' lang='lat' dir='ltr'><strong>LIB.</strong></span> <span class='ocrx_word' id='word_1_5' title='bbox 2035 320 2074 375; x_wconf 91' lang='lat' dir='ltr'><strong>I.</strong></span> <span class='ocrx_word' id='word_1_6' title='bbox 3315 325 3386 381; x_wconf 73' lang='grc' dir='ltr'><strong>ιθ</strong></span> 
     </span>
    </p>
   </div>
   <div class='ocr_carea' id='block_1_3' title="bbox 143 434 3386 526">
    <p class='ocr_par' dir='ltr' id='par_1_3' title="bbox 143 434 3386 526">
     <span class='ocr_line' id='line_1_3' title="bbox 143 434 3386 526; baseline -0.004 -19"><span class='ocrx_word' id='word_1_7' title='bbox 143 469 347 526; x_wconf 85' lang='lat' dir='ltr'><strong>quoque</strong></span> <span class='ocrx_word' id='word_1_8' title='bbox 384 452 436 505; x_wconf 91' lang='lat' dir='ltr'><strong>in</strong></span> <span class='ocrx_word' id='word_1_9' title='bbox 476 449 695 505; x_wconf 87' lang='lat' dir='ltr'><strong>civitate</strong></span> <span class='ocrx_word' id='word_1_10' title='bbox 736 447 888 503; x_wconf 80' lang='lat' dir='ltr'><strong>Ostia</strong></span> <span class='ocrx_word' id='word_1_11' title='bbox 913 447 1066 516; x_wconf 79' lang='lat' dir='ltr'><strong>juxta</strong></span> <span class='ocrx_word' id='word_1_12' title='bbox 1096 453 1312 515; x_wconf 89' lang='lat' dir='ltr'><strong>portum</strong></span> <span class='ocrx_word' id='word_1_13' title='bbox 1344 444 1494 497; x_wconf 83' lang='lat' dir='ltr'><strong>urbis</strong></span> <span class='ocrx_word' id='word_1_14' title='bbox 1523 441 1707 495; x_wconf 82' lang='lat' dir='ltr'><strong>Roma</strong></span> <span class='ocrx_word' id='word_1_15' title='bbox 1735 440 1783 499; x_wconf 73' lang='grc' dir='ltr'>Α</span> <span class='ocrx_word' id='word_1_16' title='bbox 1811 437 2020 503; x_wconf 90' lang='lat' dir='ltr'><strong>bilium,</strong></span> <span class='ocrx_word' id='word_1_17' title='bbox 2049 446 2102 491; x_wconf 87' lang='lat' dir='ltr'><strong>et</strong></span> <span class='ocrx_word' id='word_1_18' title='bbox 2137 437 2188 490; x_wconf 93' lang='lat' dir='ltr'><strong>in</strong></span> <span class='ocrx_word' id='word_1_19' title='bbox 2232 434 2418 491; x_wconf 80' lang='lat' dir='ltr'><strong>Jesum</strong></span> <span class='ocrx_word' id='word_1_20' title='bbox 2455 437 2733 493; x_wconf 87' lang='lat' dir='ltr'><strong>Christum</strong></span> <span class='ocrx_word' id='word_1_21' title='bbox 2768 438 2939 493; x_wconf 84' lang='lat' dir='ltr'><strong>tilium</strong></span> <span class='ocrx_word' id='word_1_22' title='bbox 2982 439 3102 510; x_wconf 85' lang='lat' dir='ltr'><strong>ejus</strong></span> <span class='ocrx_word' id='word_1_23' title='bbox 3144 439 3386 507; x_wconf 88' lang='lat' dir='ltr'><strong>unicum,</strong></span> 
     </span>
    </p>
   </div>
   <div class='ocr_carea' id='block_1_4' title="bbox 142 530 1704 613">
    <p class='ocr_par' dir='ltr' id='par_1_4' title="bbox 142 530 1704 613">
     <span class='ocr_line' id='line_1_4' title="bbox 142 530 1704 613; baseline -0.012 -11"><span class='ocrx_word' id='word_1_24' title='bbox 142 551 409 604; x_wconf 82' lang='lat' dir='ltr'><strong>beatorum</strong></span> <span class='ocrx_word' id='word_1_25' title='bbox 460 542 834 613; x_wconf 80' lang='lat' dir='ltr'><strong>apostolorum</strong></span> <span class='ocrx_word' id='word_1_26' title='bbox 887 539 1028 593; x_wconf 90' lang='lat' dir='ltr'><strong>Petri</strong></span> <span class='ocrx_word' id='word_1_27' title='bbox 1059 546 1114 591; x_wconf 83' lang='lat' dir='ltr'><strong>et</strong></span> <span class='ocrx_word' id='word_1_28' title='bbox 1149 535 1302 590; x_wconf 82' lang='lat' dir='ltr'><strong>Pauli</strong></span> <span class='ocrx_word' id='word_1_29' title='bbox 1331 543 1385 588; x_wconf 89' lang='lat' dir='ltr'><strong>et</strong></span> <span class='ocrx_word' id='word_1_30' title='bbox 1408 533 1580 588; x_wconf 87' lang='lat' dir='ltr'><strong>sancti</strong></span> <span class='ocrx_word' id='word_1_31' title='bbox 1609 530 1704 585; x_wconf 84' lang='lat' dir='ltr'><strong>Jo-</strong></span> 
     </span>
    </p>
   </div>
   <div class='ocr_carea' id='block_1_5' title="bbox 144 624 1706 706">
    <p class='ocr_par' dir='ltr' id='par_1_5' title="bbox 144 624 1706 706">
     <span class='ocr_line' id='line_1_5' title="bbox 144 624 1706 706; baseline -0.012 -12"><span class='ocrx_word' id='word_1_32' title='bbox 144 639 328 694; x_wconf 87' lang='lat' dir='ltr'><strong>hannis</strong></span> <span class='ocrx_word' id='word_1_33' title='bbox 398 637 669 706; x_wconf 78' lang='lat' dir='ltr'><strong>baptista.</strong></span> <span class='ocrx_word' id='word_1_34' title='bbox 743 633 874 687; x_wconf 89' lang='lat' dir='ltr'><strong>Item</strong></span> <span class='ocrx_word' id='word_1_35' title='bbox 944 631 1105 685; x_wconf 86' lang='lat' dir='ltr'><strong>aliam</strong></span> <span class='ocrx_word' id='word_1_36' title='bbox 1178 627 1352 683; x_wconf 89' lang='lat' dir='ltr'><strong>sancti</strong></span> <span class='ocrx_word' id='word_1_37' title='bbox 1440 624 1706 679; x_wconf 76' lang='lat' dir='ltr'><strong>Johannis</strong></span> 
     </span>
    </p>
   </div>
   <div class='ocr_carea' id='block_1_6' title="bbox 141 713 1704 799">
    <p class='ocr_par' dir='ltr' id='par_1_6' title="bbox 141 713 1704 799">
     <span class='ocr_line' id='line_1_6' title="bbox 141 713 1704 799; baseline -0.012 -15"><span class='ocrx_word' id='word_1_38' title='bbox 141 729 376 799; x_wconf 72' lang='lat' dir='ltr'><strong>baptista:</strong></span> <span class='ocrx_word' id='word_1_39' title='bbox 439 727 494 780; x_wconf 91' lang='lat' dir='ltr'><strong>in</strong></span> <span class='ocrx_word' id='word_1_40' title='bbox 566 725 785 780; x_wconf 86' lang='lat' dir='ltr'><strong>civitate</strong></span> <span class='ocrx_word' id='word_1_41' title='bbox 839 719 1156 776; x_wconf 85' lang='lat' dir='ltr'><strong>Albanensi.</strong></span> <span class='ocrx_word' id='word_1_42' title='bbox 1227 717 1358 772; x_wconf 88' lang='lat' dir='ltr'><strong>Item</strong></span> <span class='ocrx_word' id='word_1_43' title='bbox 1418 716 1580 771; x_wconf 89' lang='lat' dir='ltr'><strong>aliam</strong></span> <span class='ocrx_word' id='word_1_44' title='bbox 1651 713 1704 767; x_wconf 90' lang='lat' dir='ltr'><strong>in</strong></span> 
     </span>
    </p>
   </div>
   <div class='ocr_carea' id='block_1_7' title="bbox 141 803 1708 888">
    <p class='ocr_par' dir='ltr' id='par_1_7' title="bbox 141 803 1708 888">
     <span class='ocr_line' id='line_1_7' title="bbox 141 803 1708 888; baseline -0.011 -14"><span class='ocrx_word' id='word_1_45' title='bbox 141 821 265 874; x_wconf 87' lang='lat' dir='ltr'><strong>urbe</strong></span> <span class='ocrx_word' id='word_1_46' title='bbox 285 816 504 887; x_wconf 86' lang='lat' dir='ltr'><strong>Neapoli</strong></span> <span class='ocrx_word' id='word_1_47' title='bbox 519 813 733 888; x_wconf 59' lang='lat' dir='ltr'><strong>[Beas].</strong></span> <span class='ocrx_word' id='word_1_48' title='bbox 761 813 906 867; x_wconf 82' lang='lat' dir='ltr'><strong>Idem</strong></span> <span class='ocrx_word' id='word_1_49' title='bbox 928 809 1322 867; x_wconf 89' lang='lat' dir='ltr'><strong>Constantinus</strong></span> <span class='ocrx_word' id='word_1_50' title='bbox 1341 807 1643 876; x_wconf 90' lang='lat' dir='ltr'><strong>Drepanam</strong></span> <span class='ocrx_word' id='word_1_51' title='bbox 1663 803 1708 834; x_wconf 73' lang='grc'>⁸⁸</span> 
     </span>
    </p>
   </div>
   <div class='ocr_carea' id='block_1_8' title="bbox 139 896 1706 981">
    <p class='ocr_par' dir='ltr' id='par_1_8' title="bbox 139 896 1706 981">
     <span class='ocr_line' id='line_1_8' title="bbox 139 896 1706 981; baseline -0.01 -17"><span class='ocrx_word' id='word_1_52' title='bbox 139 909 391 981; x_wconf 72' lang='lat' dir='ltr'><strong>Bythinia</strong></span> <span class='ocrx_word' id='word_1_53' title='bbox 410 908 683 963; x_wconf 83' lang='lat' dir='ltr'><strong>civitatem</strong></span> <span class='ocrx_word' id='word_1_54' title='bbox 715 905 772 959; x_wconf 91' lang='lat' dir='ltr'><strong>in</strong></span> <span class='ocrx_word' id='word_1_55' title='bbox 798 906 1064 958; x_wconf 84' lang='lat' dir='ltr'><strong>honorem</strong></span> <span class='ocrx_word' id='word_1_56' title='bbox 1090 899 1347 971; x_wconf 83' lang='lat' dir='ltr'><strong>martyris</strong></span> <span class='ocrx_word' id='word_1_57' title='bbox 1377 896 1604 952; x_wconf 84' lang='lat' dir='ltr'><strong>Luciani</strong></span> <span class='ocrx_word' id='word_1_58' title='bbox 1634 897 1706 952; x_wconf 86' lang='lat' dir='ltr'><strong>ibi</strong></span> 
     </span>
    </p>
   </div>
   <div class='ocr_carea' id='block_1_9' title="bbox 139 987 1706 1056">
    <p class='ocr_par' dir='ltr' id='par_1_9' title="bbox 139 987 1706 1056">
     <span class='ocr_line' id='line_1_9' title="bbox 139 987 1706 1056; baseline -0.009 0"><span class='ocrx_word' id='word_1_59' title='bbox 139 999 329 1056; x_wconf 87' lang='lat' dir='ltr'><strong>conditi</strong></span> <span class='ocrx_word' id='word_1_60' title='bbox 365 999 678 1053; x_wconf 82' lang='lat' dir='ltr'><strong>instaurans</strong></span> <span class='ocrx_word' id='word_1_61' title='bbox 700 1010 768 1050; x_wconf 82' lang='lat' dir='ltr'><strong>ex</strong></span> <span class='ocrx_word' id='word_1_62' title='bbox 804 994 1071 1049; x_wconf 88' lang='lat' dir='ltr'><strong>vocabulo</strong></span> <span class='ocrx_word' id='word_1_63' title='bbox 1105 991 1296 1046; x_wconf 83' lang='lat' dir='ltr'><strong>matris</strong></span> <span class='ocrx_word' id='word_1_64' title='bbox 1324 1006 1438 1046; x_wconf 81' lang='lat' dir='ltr'><strong>sua</strong></span> <span class='ocrx_word' id='word_1_65' title='bbox 1475 987 1706 1044; x_wconf 64' lang='lat' dir='ltr'><strong>I&#39;leleno-</strong></span> 
     </span>
    </p>
   </div>
   <div class='ocr_carea' id='block_1_10' title="bbox 139 1084 1707 1158">
    <p class='ocr_par' dir='ltr' id='par_1_10' title="bbox 139 1084 1707 1158">
     <span class='ocr_line' id='line_1_10' title="bbox 139 1084 1707 1158; baseline -0.01 -10"><span class='ocrx_word' id='word_1_66' title='bbox 139 1093 292 1154; x_wconf 72' lang='lat' dir='ltr'><strong>mlim</strong></span> <span class='ocrx_word' id='word_1_67' title='bbox 348 1087 702 1158; x_wconf 85' lang='lat' dir='ltr'><strong>nuncupavit.</strong></span> <span class='ocrx_word' id='word_1_68' title='bbox 761 1085 1061 1141; x_wconf 87' lang='lat' dir='ltr'><strong>Constituit</strong></span> <span class='ocrx_word' id='word_1_69' title='bbox 1108 1084 1307 1154; x_wconf 89' lang='lat' dir='ltr'><strong>templa</strong></span> <span class='ocrx_word' id='word_1_70' title='bbox 1370 1095 1707 1153; x_wconf 77' lang='lat' dir='ltr'><strong>paganorum</strong></span> 
     </span>
    </p>
   </div>
   <div class='ocr_carea' id='block_1_11' title="bbox 138 1175 1707 1241">
    <p class='ocr_par' dir='ltr' id='par_1_11' title="bbox 138 1175 1707 1241">
     <span class='ocr_line' id='line_1_11' title="bbox 138 1175 1707 1241; baseline -0.008 -1"><span class='ocrx_word' id='word_1_71' title='bbox 138 1185 328 1240; x_wconf 89' lang='lat' dir='ltr'><strong>claudi.</strong></span> <span class='ocrx_word' id='word_1_72' title='bbox 361 1181 462 1238; x_wconf 83' lang='lat' dir='ltr'><strong>Hie</strong></span> <span class='ocrx_word' id='word_1_73' title='bbox 493 1189 740 1236; x_wconf 89' lang='lat' dir='ltr'><strong>statuens</strong></span> <span class='ocrx_word' id='word_1_74' title='bbox 765 1179 956 1233; x_wconf 80' lang='lat' dir='ltr'><strong>urbem</strong></span> <span class='ocrx_word' id='word_1_75' title='bbox 981 1177 1224 1233; x_wconf 86' lang='lat' dir='ltr'><strong>nominis</strong></span> <span class='ocrx_word' id='word_1_76' title='bbox 1253 1176 1338 1232; x_wconf 93' lang='lat' dir='ltr'><strong>sui</strong></span> <span class='ocrx_word' id='word_1_77' title='bbox 1371 1177 1424 1230; x_wconf 91' lang='lat' dir='ltr'><strong>in</strong></span> <span class='ocrx_word' id='word_1_78' title='bbox 1452 1175 1707 1241; x_wconf 81' lang='lat' dir='ltr'><strong>Trachin,</strong></span> 
     </span>
    </p>
   </div>
   <div class='ocr_carea' id='block_1_12' title="bbox 137 1266 1708 1341">
    <p class='ocr_par' dir='ltr' id='par_1_12' title="bbox 137 1266 1708 1341">
     <span class='ocr_line' id='line_1_12' title="bbox 137 1266 1708 1341; baseline -0.005 -13"><span class='ocrx_word' id='word_1_79' title='bbox 137 1270 660 1341; x_wconf 86' lang='lat' dir='ltr'><strong>Constantinopolim</strong></span> <span class='ocrx_word' id='word_1_80' title='bbox 689 1269 996 1339; x_wconf 85' lang='lat' dir='ltr'><strong>appellavit,</strong></span> <span class='ocrx_word' id='word_1_81' title='bbox 1021 1284 1186 1339; x_wconf 91' lang='lat' dir='ltr'><strong>quam</strong></span> <span class='ocrx_word' id='word_1_82' title='bbox 1214 1277 1268 1323; x_wconf 78' lang='lat' dir='ltr'><strong>et</strong></span> <span class='ocrx_word' id='word_1_83' title='bbox 1291 1268 1474 1325; x_wconf 87' lang='lat' dir='ltr'><strong>sedem</strong></span> <span class='ocrx_word' id='word_1_84' title='bbox 1497 1266 1708 1336; x_wconf 89' lang='lat' dir='ltr'><strong>imperii</strong></span> 
     </span>
    </p>
   </div>
   <div class='ocr_carea' id='block_1_13' title="bbox 138 1359 1708 1434">
    <p class='ocr_par' dir='ltr' id='par_1_13' title="bbox 138 1359 1708 1434">
     <span class='ocr_line' id='line_1_13' title="bbox 138 1359 1708 1434; baseline -0.005 -14"><span class='ocrx_word' id='word_1_85' title='bbox 138 1377 186 1420; x_wconf 89' lang='lat' dir='ltr'><strong>et</strong></span> <span class='ocrx_word' id='word_1_86' title='bbox 213 1367 376 1421; x_wconf 89' lang='lat' dir='ltr'><strong>totius</strong></span> <span class='ocrx_word' id='word_1_87' title='bbox 399 1363 642 1420; x_wconf 89' lang='lat' dir='ltr'><strong>Orientis</strong></span> <span class='ocrx_word' id='word_1_88' title='bbox 663 1371 829 1434; x_wconf 88' lang='lat' dir='ltr'><strong>caput</strong></span> <span class='ocrx_word' id='word_1_89' title='bbox 848 1378 970 1418; x_wconf 86' lang='lat' dir='ltr'><strong>esse</strong></span> <span class='ocrx_word' id='word_1_90' title='bbox 1002 1362 1194 1416; x_wconf 78' lang='lat' dir='ltr'><strong>voluit.</strong></span> <span class='ocrx_word' id='word_1_91' title='bbox 1220 1360 1370 1415; x_wconf 82' lang='lat' dir='ltr'><strong>Fecit</strong></span> <span class='ocrx_word' id='word_1_92' title='bbox 1402 1359 1564 1415; x_wconf 90' lang='lat' dir='ltr'><strong>etiam</strong></span> <span class='ocrx_word' id='word_1_93' title='bbox 1595 1359 1708 1428; x_wconf 91' lang='lat' dir='ltr'><strong>pri-</strong></span> 
     </span>
    </p>
   </div>
   <div class='ocr_carea' id='block_1_14' title="bbox 140 1452 1712 1529">
    <p class='ocr_par' dir='ltr' id='par_1_14' title="bbox 140 1452 1712 1529">
     <span class='ocr_line' id='line_1_14' title="bbox 140 1452 1712 1529; baseline -0.004 -17"><span class='ocrx_word' id='word_1_94' title='bbox 140 1459 380 1529; x_wconf 83' lang='lat' dir='ltr'><strong>vilegium</strong></span> <span class='ocrx_word' id='word_1_95' title='bbox 425 1466 629 1513; x_wconf 87' lang='lat' dir='ltr'><strong>saneta</strong></span> <span class='ocrx_word' id='word_1_96' title='bbox 668 1456 930 1511; x_wconf 79' lang='lat' dir='ltr'><strong>Romana</strong></span> <span class='ocrx_word' id='word_1_97' title='bbox 965 1455 1210 1512; x_wconf 80' lang='lat' dir='ltr'><strong>ecclesia</strong></span> <span class='ocrx_word' id='word_1_98' title='bbox 1244 1455 1390 1524; x_wconf 91' lang='lat' dir='ltr'><strong>quod</strong></span> <span class='ocrx_word' id='word_1_99' title='bbox 1428 1452 1712 1509; x_wconf 89' lang='lat' dir='ltr'><strong>constituit</strong></span> 
     </span>
    </p>
   </div>
   <div class='ocr_carea' id='block_1_15' title="bbox 139 1547 1711 1620">
    <p class='ocr_par' dir='ltr' id='par_1_15' title="bbox 139 1547 1711 1620">
     <span class='ocr_line' id='line_1_15' title="bbox 139 1547 1711 1620; baseline -0.003 -14"><span class='ocrx_word' id='word_1_100' title='bbox 139 1553 282 1606; x_wconf 84' lang='lat' dir='ltr'><strong>beato</strong></span> <span class='ocrx_word' id='word_1_101' title='bbox 308 1565 465 1620; x_wconf 80' lang='lat' dir='ltr'><strong>papa</strong></span> <span class='ocrx_word' id='word_1_102' title='bbox 499 1549 762 1604; x_wconf 90' lang='lat' dir='ltr'><strong>Silvestro</strong></span> <span class='ocrx_word' id='word_1_103' title='bbox 782 1558 836 1604; x_wconf 91' lang='lat' dir='ltr'><strong>et</strong></span> <span class='ocrx_word' id='word_1_104' title='bbox 874 1549 1128 1604; x_wconf 88' lang='lat' dir='ltr'><strong>omnibus</strong></span> <span class='ocrx_word' id='word_1_105' title='bbox 1151 1547 1561 1604; x_wconf 89' lang='lat' dir='ltr'><strong>successoribus</strong></span> <span class='ocrx_word' id='word_1_106' title='bbox 1591 1547 1711 1615; x_wconf 84' lang='lat' dir='ltr'><strong>ejus</strong></span> 
     </span>
    </p>
   </div>
   <div class='ocr_carea' id='block_1_16' title="bbox 141 1639 1710 1715">
    <p class='ocr_par' dir='ltr' id='par_1_16' title="bbox 141 1639 1710 1715">
     <span class='ocr_line' id='line_1_16' title="bbox 141 1639 1710 1715; baseline -0.003 -16"><span class='ocrx_word' id='word_1_107' title='bbox 141 1644 480 1715; x_wconf 90' lang='lat' dir='ltr'><strong>pontiﬁcibus</strong></span> <span class='ocrx_word' id='word_1_108' title='bbox 520 1659 695 1713; x_wconf 90' lang='lat' dir='ltr'><strong>usque</strong></span> <span class='ocrx_word' id='word_1_109' title='bbox 740 1643 796 1696; x_wconf 90' lang='lat' dir='ltr'><strong>in</strong></span> <span class='ocrx_word' id='word_1_110' title='bbox 842 1650 1190 1712; x_wconf 88' lang='lat' dir='ltr'><strong>perpetuum,</strong></span> <span class='ocrx_word' id='word_1_111' title='bbox 1239 1650 1294 1695; x_wconf 92' lang='lat' dir='ltr'><strong>et</strong></span> <span class='ocrx_word' id='word_1_112' title='bbox 1339 1641 1537 1710; x_wconf 84' lang='lat' dir='ltr'><strong>eptulit</strong></span> <span class='ocrx_word' id='word_1_113' title='bbox 1579 1639 1710 1694; x_wconf 90' lang='lat' dir='ltr'><strong>illud</strong></span> 
     </span>
    </p>
   </div>
   <div class='ocr_carea' id='block_1_17' title="bbox 138 1731 1708 1806">
    <p class='ocr_par' dir='ltr' id='par_1_17' title="bbox 138 1731 1708 1806">
     <span class='ocr_line' id='line_1_17' title="bbox 138 1731 1708 1806; baseline -0.002 -15"><span class='ocrx_word' id='word_1_114' title='bbox 138 1752 289 1806; x_wconf 86' lang='lat' dir='ltr'><strong>super</strong></span> <span class='ocrx_word' id='word_1_115' title='bbox 313 1751 521 1806; x_wconf 90' lang='lat' dir='ltr'><strong>corpus</strong></span> <span class='ocrx_word' id='word_1_116' title='bbox 546 1735 688 1790; x_wconf 87' lang='lat' dir='ltr'><strong>beati</strong></span> <span class='ocrx_word' id='word_1_117' title='bbox 719 1733 865 1789; x_wconf 89' lang='lat' dir='ltr'><strong>Petri</strong></span> <span class='ocrx_word' id='word_1_118' title='bbox 888 1734 1140 1803; x_wconf 86' lang='lat' dir='ltr'><strong>apostoli.</strong></span> <span class='ocrx_word' id='word_1_119' title='bbox 1164 1731 1321 1800; x_wconf 88' lang='lat' dir='ltr'><strong>Quod</strong></span> <span class='ocrx_word' id='word_1_120' title='bbox 1347 1733 1435 1789; x_wconf 91' lang='lat' dir='ltr'><strong>hic</strong></span> <span class='ocrx_word' id='word_1_121' title='bbox 1468 1733 1708 1788; x_wconf 86' lang='lat' dir='ltr'><strong>inserere</strong></span> 
     </span>
    </p>
   </div>
   <div class='ocr_carea' id='block_1_18' title="bbox 141 1824 1709 1898">
    <p class='ocr_par' dir='ltr' id='par_1_18' title="bbox 141 1824 1709 1898">
     <span class='ocr_line' id='line_1_18' title="bbox 141 1824 1709 1898; baseline -0.002 -16"><span class='ocrx_word' id='word_1_122' title='bbox 141 1843 237 1882; x_wconf 87' lang='lat' dir='ltr'><strong>non</strong></span> <span class='ocrx_word' id='word_1_123' title='bbox 258 1828 483 1898; x_wconf 83' lang='lat' dir='ltr'><strong>pigebit.</strong></span> <span class='ocrx_word' id='word_1_124' title='bbox 501 1826 598 1880; x_wconf 81' lang='lat' dir='ltr'><strong>Est</strong></span> <span class='ocrx_word' id='word_1_125' title='bbox 615 1835 796 1882; x_wconf 91' lang='lat' dir='ltr'><strong>autem</strong></span> <span class='ocrx_word' id='word_1_126' title='bbox 826 1825 1140 1896; x_wconf 89' lang='lat' dir='ltr'><strong>hujusmodi</strong></span> <span class='ocrx_word' id='word_1_127' title='bbox 1169 1825 1454 1896; x_wconf 83' lang='lat' dir='ltr'><strong>(Decret.):</strong></span> <span class='ocrx_word' id='word_1_128' title='bbox 1479 1845 1497 1877; x_wconf 74' lang='grc' dir='ltr'><strong><em>ι</em></strong></span> <span class='ocrx_word' id='word_1_129' title='bbox 1518 1824 1576 1879; x_wconf 90' lang='lat' dir='ltr'><strong>In</strong></span> <span class='ocrx_word' id='word_1_130' title='bbox 1608 1840 1709 1879; x_wconf 90' lang='lat' dir='ltr'><strong>no-</strong></span> 
     </span>
    </p>
   </div>
   <div class='ocr_carea' id='block_1_19' title="bbox 138 1917 1709 1985">
    <p class='ocr_par' dir='ltr' id='par_1_19' title="bbox 138 1917 1709 1985">
     <span class='ocr_line' id='line_1_19' title="bbox 138 1917 1709 1985; baseline -0.002 -11"><span class='ocrx_word' id='word_1_131' title='bbox 138 1920 270 1974; x_wconf 88' lang='lat' dir='ltr'><strong>mine</strong></span> <span class='ocrx_word' id='word_1_132' title='bbox 299 1928 510 1975; x_wconf 80' lang='lat' dir='ltr'><strong>sancta</strong></span> <span class='ocrx_word' id='word_1_133' title='bbox 542 1929 597 1974; x_wconf 91' lang='lat' dir='ltr'><strong>et</strong></span> <span class='ocrx_word' id='word_1_134' title='bbox 632 1919 924 1974; x_wconf 86' lang='lat' dir='ltr'><strong>individua</strong></span> <span class='ocrx_word' id='word_1_135' title='bbox 955 1917 1260 1985; x_wconf 85' lang='lat' dir='ltr'><strong>Trinitatis,</strong></span> <span class='ocrx_word' id='word_1_136' title='bbox 1290 1917 1467 1975; x_wconf 88' lang='lat' dir='ltr'><strong>Patris</strong></span> <span class='ocrx_word' id='word_1_137' title='bbox 1501 1918 1709 1974; x_wconf 78' lang='lat' dir='ltr'><strong>scilicet</strong></span> 
     </span>
    </p>
   </div>
   <div class='ocr_carea' id='block_1_20' title="bbox 136 2011 1710 2082">
    <p class='ocr_par' dir='ltr' id='par_1_20' title="bbox 136 2011 1710 2082">
     <span class='ocr_line' id='line_1_20' title="bbox 136 2011 1710 2082; baseline 0 -16"><span class='ocrx_word' id='word_1_138' title='bbox 136 2022 184 2066; x_wconf 88' lang='lat' dir='ltr'><strong>ct</strong></span> <span class='ocrx_word' id='word_1_139' title='bbox 210 2012 322 2067; x_wconf 85' lang='lat' dir='ltr'><strong>Filii</strong></span> <span class='ocrx_word' id='word_1_140' title='bbox 357 2021 419 2068; x_wconf 90' lang='lat' dir='ltr'><strong>et</strong></span> <span class='ocrx_word' id='word_1_141' title='bbox 449 2011 687 2082; x_wconf 88' lang='lat' dir='ltr'><strong>Spiritus</strong></span> <span class='ocrx_word' id='word_1_142' title='bbox 713 2013 908 2067; x_wconf 86' lang='lat' dir='ltr'><strong>sancti.</strong></span> <span class='ocrx_word' id='word_1_143' title='bbox 951 2011 1250 2081; x_wconf 89' lang='lat' dir='ltr'><strong>Imperator</strong></span> <span class='ocrx_word' id='word_1_144' title='bbox 1287 2028 1456 2069; x_wconf 86' lang='lat' dir='ltr'><strong>casar</strong></span> <span class='ocrx_word' id='word_1_145' title='bbox 1491 2011 1710 2066; x_wconf 85' lang='lat' dir='ltr'><strong>Flavius</strong></span> 
     </span>
    </p>
   </div>
   <div class='ocr_carea' id='block_1_21' title="bbox 137 2103 1711 2168">
    <p class='ocr_par' dir='ltr' id='par_1_21' title="bbox 137 2103 1711 2168">
     <span class='ocr_line' id='line_1_21' title="bbox 137 2103 1711 2168; baseline 0 -10"><span class='ocrx_word' id='word_1_146' title='bbox 137 2104 542 2168; x_wconf 86' lang='lat' dir='ltr'><strong>Constantinus,</strong></span> <span class='ocrx_word' id='word_1_147' title='bbox 579 2105 632 2158; x_wconf 85' lang='lat' dir='ltr'><strong>in</strong></span> <span class='ocrx_word' id='word_1_148' title='bbox 661 2105 882 2159; x_wconf 90' lang='lat' dir='ltr'><strong>Christo</strong></span> <span class='ocrx_word' id='word_1_149' title='bbox 910 2103 1039 2159; x_wconf 75' lang='lat' dir='ltr'><strong>Iesu</strong></span> <span class='ocrx_word' id='word_1_150' title='bbox 1077 2120 1185 2158; x_wconf 86' lang='lat' dir='ltr'><strong>una</strong></span> <span class='ocrx_word' id='word_1_151' title='bbox 1221 2120 1286 2159; x_wconf 83' lang='lat' dir='ltr'><strong>ex</strong></span> <span class='ocrx_word' id='word_1_152' title='bbox 1313 2105 1501 2158; x_wconf 87' lang='lat' dir='ltr'><strong>eadem</strong></span> <span class='ocrx_word' id='word_1_153' title='bbox 1529 2103 1711 2158; x_wconf 85' lang='lat' dir='ltr'><strong>Trini-</strong></span> 
     </span>
    </p>
   </div>
   <div class='ocr_carea' id='block_1_22' title="bbox 137 2195 1706 2266">
    <p class='ocr_par' dir='ltr' id='par_1_22' title="bbox 137 2195 1706 2266">
     <span class='ocr_line' id='line_1_22' title="bbox 137 2195 1706 2266; baseline 0.002 -17"><span class='ocrx_word' id='word_1_154' title='bbox 137 2197 252 2251; x_wconf 85' lang='lat' dir='ltr'><strong>tatis</strong></span> <span class='ocrx_word' id='word_1_155' title='bbox 285 2213 524 2266; x_wconf 80' lang='lat' dir='ltr'><strong>persona</strong></span> <span class='ocrx_word' id='word_1_156' title='bbox 565 2197 834 2251; x_wconf 66' lang='lat' dir='ltr'><strong>salvaure</strong></span> <span class='ocrx_word' id='word_1_157' title='bbox 870 2197 1093 2251; x_wconf 85' lang='lat' dir='ltr'><strong>domino</strong></span> <span class='ocrx_word' id='word_1_158' title='bbox 1128 2195 1241 2251; x_wconf 88' lang='lat' dir='ltr'><strong>Deo</strong></span> <span class='ocrx_word' id='word_1_159' title='bbox 1281 2206 1471 2252; x_wconf 92' lang='lat' dir='ltr'><strong>nostro</strong></span> <span class='ocrx_word' id='word_1_160' title='bbox 1516 2196 1706 2263; x_wconf 87' lang='lat' dir='ltr'><strong>ﬁdelis,</strong></span> 
     </span>
    </p>
   </div>
   <div class='ocr_carea' id='block_1_23' title="bbox 137 2289 1710 2355">
    <p class='ocr_par' dir='ltr' id='par_1_23' title="bbox 137 2289 1710 2355">
     <span class='ocr_line' id='line_1_23' title="bbox 137 2289 1710 2355; baseline 0.002 -13"><span class='ocrx_word' id='word_1_161' title='bbox 137 2299 468 2354; x_wconf 84' lang='lat' dir='ltr'><strong>mansuetus,</strong></span> <span class='ocrx_word' id='word_1_162' title='bbox 497 2289 788 2354; x_wconf 85' lang='lat' dir='ltr'><strong>maximus,</strong></span> <span class='ocrx_word' id='word_1_163' title='bbox 812 2289 1110 2355; x_wconf 77' lang='lat' dir='ltr'><strong>beneficus,</strong></span> <span class='ocrx_word' id='word_1_164' title='bbox 1139 2289 1545 2355; x_wconf 76' lang='lat' dir='ltr'><strong>Alamannicus,</strong></span> <span class='ocrx_word' id='word_1_165' title='bbox 1572 2290 1710 2345; x_wconf 87' lang='lat' dir='ltr'><strong>Brit-</strong></span> 
     </span>
    </p>
   </div>
   <div class='ocr_carea' id='block_1_24' title="bbox 139 2375 1704 2449">
    <p class='ocr_par' dir='ltr' id='par_1_24' title="bbox 139 2375 1704 2449">
     <span class='ocr_line' id='line_1_24' title="bbox 139 2375 1704 2449; baseline 0.004 -21"><span class='ocrx_word' id='word_1_166' title='bbox 139 2377 354 2443; x_wconf 87' lang='lat' dir='ltr'><strong>tanicus,</strong></span> <span class='ocrx_word' id='word_1_167' title='bbox 380 2375 652 2443; x_wconf 81' lang='lat' dir='ltr'><strong>Hunicus,</strong></span> <span class='ocrx_word' id='word_1_168' title='bbox 675 2377 820 2446; x_wconf 90' lang='lat' dir='ltr'><strong>pius,</strong></span> <span class='ocrx_word' id='word_1_169' title='bbox 848 2376 998 2444; x_wconf 81' lang='lat' dir='ltr'><strong>felix,</strong></span> <span class='ocrx_word' id='word_1_170' title='bbox 1028 2379 1203 2435; x_wconf 89' lang='lat' dir='ltr'><strong>victor</strong></span> <span class='ocrx_word' id='word_1_171' title='bbox 1236 2389 1289 2436; x_wconf 88' lang='lat' dir='ltr'><strong>et</strong></span> <span class='ocrx_word' id='word_1_172' title='bbox 1321 2381 1704 2449; x_wconf 88' lang='lat' dir='ltr'><strong>triumphator,</strong></span> 
     </span>
    </p>
   </div>
   <div class='ocr_carea' id='block_1_25' title="bbox 137 2470 1710 2545">
    <p class='ocr_par' dir='ltr' id='par_1_25' title="bbox 137 2470 1710 2545">
     <span class='ocr_line' id='line_1_25' title="bbox 137 2470 1710 2545; baseline 0.005 -23"><span class='ocrx_word' id='word_1_173' title='bbox 137 2483 333 2539; x_wconf 82' lang='lat' dir='ltr'><strong>semper</strong></span> <span class='ocrx_word' id='word_1_174' title='bbox 380 2479 672 2540; x_wconf 87' lang='lat' dir='ltr'><strong>augustus,</strong></span> <span class='ocrx_word' id='word_1_175' title='bbox 714 2470 1064 2526; x_wconf 88' lang='lat' dir='ltr'><strong>sanctissimo</strong></span> <span class='ocrx_word' id='word_1_176' title='bbox 1105 2488 1168 2527; x_wconf 90' lang='lat' dir='ltr'><strong>ac</strong></span> <span class='ocrx_word' id='word_1_177' title='bbox 1214 2473 1530 2529; x_wconf 86' lang='lat' dir='ltr'><strong>beatissimo</strong></span> <span class='ocrx_word' id='word_1_178' title='bbox 1569 2477 1710 2545; x_wconf 87' lang='lat' dir='ltr'><strong>patri</strong></span> 
     </span>
    </p>
   </div>
   <div class='ocr_carea' id='block_1_26' title="bbox 139 2558 1735 2636">
    <p class='ocr_par' dir='ltr' id='par_1_26' title="bbox 139 2558 1735 2636">
     <span class='ocr_line' id='line_1_26' title="bbox 139 2558 1735 2636; baseline 0.009 -26"><span class='ocrx_word' id='word_1_179' title='bbox 139 2558 386 2615; x_wconf 81' lang='lat' dir='ltr'><strong>Silvestre</strong></span> <span class='ocrx_word' id='word_1_180' title='bbox 426 2562 577 2617; x_wconf 88' lang='lat' dir='ltr'><strong>urbis</strong></span> <span class='ocrx_word' id='word_1_181' title='bbox 606 2561 1060 2634; x_wconf 78' lang='lat' dir='ltr'><strong>llomaepiscopo</strong></span> <span class='ocrx_word' id='word_1_182' title='bbox 1085 2575 1141 2620; x_wconf 90' lang='lat' dir='ltr'><strong>et</strong></span> <span class='ocrx_word' id='word_1_183' title='bbox 1171 2581 1342 2636; x_wconf 83' lang='lat' dir='ltr'><strong>papa,</strong></span> <span class='ocrx_word' id='word_1_184' title='bbox 1369 2575 1424 2620; x_wconf 92' lang='lat' dir='ltr'><strong>et</strong></span> <span class='ocrx_word' id='word_1_185' title='bbox 1452 2568 1735 2624; x_wconf 45' lang='lat' dir='ltr'><strong>omnibusr</strong></span> 
     </span>
    </p>
   </div>
   <div class='ocr_carea' id='block_1_27' title="bbox 135 2650 1711 2730">
    <p class='ocr_par' dir='ltr' id='par_1_27' title="bbox 135 2650 1711 2730">
     <span class='ocr_line' id='line_1_27' title="bbox 135 2650 1711 2730; baseline 0.008 -26"><span class='ocrx_word' id='word_1_186' title='bbox 135 2650 240 2720; x_wconf 88' lang='lat' dir='ltr'><strong>ejus</strong></span> <span class='ocrx_word' id='word_1_187' title='bbox 267 2654 687 2709; x_wconf 84' lang='lat' dir='ltr'><strong>successoribus</strong></span> <span class='ocrx_word' id='word_1_188' title='bbox 727 2655 821 2725; x_wconf 85' lang='lat' dir='ltr'><strong>qui</strong></span> <span class='ocrx_word' id='word_1_189' title='bbox 856 2655 910 2710; x_wconf 94' lang='lat' dir='ltr'><strong>in</strong></span> <span class='ocrx_word' id='word_1_190' title='bbox 937 2656 1064 2711; x_wconf 88' lang='lat' dir='ltr'><strong>sede</strong></span> <span class='ocrx_word' id='word_1_191' title='bbox 1110 2657 1254 2713; x_wconf 87' lang='lat' dir='ltr'><strong>beati</strong></span> <span class='ocrx_word' id='word_1_192' title='bbox 1294 2657 1439 2713; x_wconf 89' lang='lat' dir='ltr'><strong>Petri</strong></span> <span class='ocrx_word' id='word_1_193' title='bbox 1481 2663 1711 2730; x_wconf 88' lang='lat' dir='ltr'><strong>apostoli</strong></span> 
     </span>
    </p>
   </div>
   <div class='ocr_carea' id='block_1_28' title="bbox 139 2743 1710 2819">
    <p class='ocr_par' dir='ltr' id='par_1_28' title="bbox 139 2743 1710 2819">
     <span class='ocr_line' id='line_1_28' title="bbox 139 2743 1710 2819; baseline 0.008 -23"><span class='ocrx_word' id='word_1_194' title='bbox 139 2743 324 2798; x_wconf 84' lang='lat' dir='ltr'><strong>sessuri</strong></span> <span class='ocrx_word' id='word_1_195' title='bbox 346 2754 484 2799; x_wconf 88' lang='lat' dir='ltr'><strong>sunt</strong></span> <span class='ocrx_word' id='word_1_196' title='bbox 506 2762 680 2815; x_wconf 91' lang='lat' dir='ltr'><strong>usque</strong></span> <span class='ocrx_word' id='word_1_197' title='bbox 699 2746 754 2801; x_wconf 91' lang='lat' dir='ltr'><strong>in</strong></span> <span class='ocrx_word' id='word_1_198' title='bbox 779 2747 886 2802; x_wconf 87' lang='lat' dir='ltr'><strong>ﬁne</strong></span> <span class='ocrx_word' id='word_1_199' title='bbox 897 2749 1065 2804; x_wconf 90' lang='lat' dir='ltr'><strong>seculi</strong></span> <span class='ocrx_word' id='word_1_200' title='bbox 1081 2751 1452 2819; x_wconf 90' lang='lat' dir='ltr'><strong>pontiﬁcibus,</strong></span> <span class='ocrx_word' id='word_1_201' title='bbox 1481 2768 1582 2807; x_wconf 90' lang='lat' dir='ltr'><strong>nec</strong></span> <span class='ocrx_word' id='word_1_202' title='bbox 1599 2769 1710 2808; x_wconf 87' lang='lat' dir='ltr'><strong>non</strong></span> 
     </span>
    </p>
   </div>
   <div class='ocr_carea' id='block_1_29' title="bbox 136 2832 1712 2902">
    <p class='ocr_par' dir='ltr' id='par_1_29' title="bbox 136 2832 1712 2902">
     <span class='ocr_line' id='line_1_29' title="bbox 136 2832 1712 2902; baseline 0.01 -16"><span class='ocrx_word' id='word_1_203' title='bbox 136 2832 284 2889; x_wconf 85' lang='lat' dir='ltr'><strong>etiam</strong></span> <span class='ocrx_word' id='word_1_204' title='bbox 325 2837 594 2894; x_wconf 86' lang='lat' dir='ltr'><strong>omnibus</strong></span> <span class='ocrx_word' id='word_1_205' title='bbox 637 2839 1094 2896; x_wconf 86' lang='lat' dir='ltr'><strong>reverentissimis</strong></span> <span class='ocrx_word' id='word_1_206' title='bbox 1129 2851 1184 2898; x_wconf 90' lang='lat' dir='ltr'><strong>et</strong></span> <span class='ocrx_word' id='word_1_207' title='bbox 1232 2842 1344 2900; x_wconf 89' lang='lat' dir='ltr'><strong>Deo</strong></span> <span class='ocrx_word' id='word_1_208' title='bbox 1384 2846 1712 2902; x_wconf 92' lang='lat' dir='ltr'><strong>amabilibus</strong></span> 
     </span>
    </p>
   </div>
   <div class='ocr_carea' id='block_1_30' title="bbox 139 2926 1712 3004">
    <p class='ocr_par' dir='ltr' id='par_1_30' title="bbox 139 2926 1712 3004">
     <span class='ocr_line' id='line_1_30' title="bbox 139 2926 1712 3004; baseline 0.01 -26"><span class='ocrx_word' id='word_1_209' title='bbox 139 2926 408 2984; x_wconf 85' lang='lat' dir='ltr'><strong>catholicis</strong></span> <span class='ocrx_word' id='word_1_210' title='bbox 451 2929 722 3002; x_wconf 88' lang='lat' dir='ltr'><strong>episcopis</strong></span> <span class='ocrx_word' id='word_1_211' title='bbox 751 2931 1036 3004; x_wconf 86' lang='lat' dir='ltr'><strong>eidemque</strong></span> <span class='ocrx_word' id='word_1_212' title='bbox 1059 2946 1424 2993; x_wconf 89' lang='lat' dir='ltr'><strong>sacrosancta</strong></span> <span class='ocrx_word' id='word_1_213' title='bbox 1452 2937 1712 2994; x_wconf 80' lang='lat' dir='ltr'><strong>Romana</strong></span> 
     </span>
    </p>
   </div>
   <div class='ocr_carea' id='block_1_31' title="bbox 139 3017 1709 3097">
    <p class='ocr_par' dir='ltr' id='par_1_31' title="bbox 139 3017 1709 3097">
     <span class='ocr_line' id='line_1_31' title="bbox 139 3017 1709 3097; baseline 0.01 -25"><span class='ocrx_word' id='word_1_214' title='bbox 139 3017 362 3075; x_wconf 81' lang='lat' dir='ltr'><strong>ecclesia</strong></span> <span class='ocrx_word' id='word_1_215' title='bbox 396 3036 496 3090; x_wconf 88' lang='lat' dir='ltr'><strong>per</strong></span> <span class='ocrx_word' id='word_1_216' title='bbox 528 3022 668 3078; x_wconf 90' lang='lat' dir='ltr'><strong>hanc</strong></span> <span class='ocrx_word' id='word_1_217' title='bbox 696 3033 941 3080; x_wconf 90' lang='lat' dir='ltr'><strong>nostram</strong></span> <span class='ocrx_word' id='word_1_218' title='bbox 979 3026 1313 3097; x_wconf 88' lang='lat' dir='ltr'><strong>imperialem</strong></span> <span class='ocrx_word' id='word_1_219' title='bbox 1359 3031 1709 3087; x_wconf 89' lang='lat' dir='ltr'><strong>constitutio-</strong></span> 
     </span>
    </p>
   </div>
   <div class='ocr_carea' id='block_1_32' title="bbox 141 3115 1718 3190">
    <p class='ocr_par' dir='ltr' id='par_1_32' title="bbox 141 3115 1718 3190">
     <span class='ocr_line' id='line_1_32' title="bbox 141 3115 1718 3190; baseline 0.009 -25"><span class='ocrx_word' id='word_1_220' title='bbox 141 3126 248 3166; x_wconf 92' lang='lat' dir='ltr'><strong>nem</strong></span> <span class='ocrx_word' id='word_1_221' title='bbox 275 3115 543 3184; x_wconf 87' lang='lat' dir='ltr'><strong>subjectis</strong></span> <span class='ocrx_word' id='word_1_222' title='bbox 574 3116 629 3170; x_wconf 92' lang='lat' dir='ltr'><strong>in</strong></span> <span class='ocrx_word' id='word_1_223' title='bbox 660 3118 918 3174; x_wconf 90' lang='lat' dir='ltr'><strong>universo</strong></span> <span class='ocrx_word' id='word_1_224' title='bbox 939 3120 1070 3174; x_wconf 86' lang='lat' dir='ltr'><strong>orbe</strong></span> <span class='ocrx_word' id='word_1_225' title='bbox 1102 3128 1395 3190; x_wconf 88' lang='lat' dir='ltr'><strong>terrarum,</strong></span> <span class='ocrx_word' id='word_1_226' title='bbox 1422 3139 1633 3178; x_wconf 87' lang='lat' dir='ltr'><strong>necnon</strong></span> <span class='ocrx_word' id='word_1_227' title='bbox 1665 3134 1718 3179; x_wconf 91' lang='lat' dir='ltr'><strong>et</strong></span> 
     </span>
    </p>
   </div>
   <div class='ocr_carea' id='block_1_33' title="bbox 145 3207 1719 3286">
    <p class='ocr_par' dir='ltr' id='par_1_33' title="bbox 145 3207 1719 3286">
     <span class='ocr_line' id='line_1_33' title="bbox 145 3207 1719 3286; baseline 0.009 -27"><span class='ocrx_word' id='word_1_228' title='bbox 145 3207 358 3274; x_wconf 85' lang='lat' dir='ltr'><strong>posteris</strong></span> <span class='ocrx_word' id='word_1_229' title='bbox 393 3223 588 3263; x_wconf 88' lang='lat' dir='ltr'><strong>eorum</strong></span> <span class='ocrx_word' id='word_1_230' title='bbox 616 3211 852 3266; x_wconf 75' lang='lat' dir='ltr'><strong>cunctis&quot;</strong></span> <span class='ocrx_word' id='word_1_231' title='bbox 873 3211 1198 3282; x_wconf 90' lang='lat' dir='ltr'><strong>postfuturis</strong></span> <span class='ocrx_word' id='word_1_232' title='bbox 1229 3217 1562 3286; x_wconf 88' lang='lat' dir='ltr'><strong>temporibus</strong></span> <span class='ocrx_word' id='word_1_233' title='bbox 1587 3234 1719 3273; x_wconf 91' lang='lat' dir='ltr'><strong>con-</strong></span> 
     </span>
    </p>
   </div>
   <div class='ocr_carea' id='block_1_34' title="bbox 144 3297 1720 3378">
    <p class='ocr_par' dir='ltr' id='par_1_34' title="bbox 144 3297 1720 3378">
     <span class='ocr_line' id='line_1_34' title="bbox 144 3297 1720 3378; baseline 0.01 -29"><span class='ocrx_word' id='word_1_234' title='bbox 144 3297 351 3365; x_wconf 89' lang='lat' dir='ltr'><strong>stitutis,</strong></span> <span class='ocrx_word' id='word_1_235' title='bbox 393 3301 568 3371; x_wconf 83' lang='lat' dir='ltr'><strong>gratia</strong></span> <span class='ocrx_word' id='word_1_236' title='bbox 584 3344 598 3366; x_wconf 94' lang='lat'><strong>,</strong></span> <span class='ocrx_word' id='word_1_237' title='bbox 616 3318 744 3372; x_wconf 83' lang='lat' dir='ltr'><strong>pax,</strong></span> <span class='ocrx_word' id='word_1_238' title='bbox 769 3304 1050 3374; x_wconf 86' lang='lat' dir='ltr'><strong>gaudium,</strong></span> <span class='ocrx_word' id='word_1_239' title='bbox 1075 3306 1480 3378; x_wconf 81' lang='lat' dir='ltr'><strong>longanimitas,</strong></span> <span class='ocrx_word' id='word_1_240' title='bbox 1505 3310 1720 3365; x_wconf 84' lang='lat' dir='ltr'><strong>miseri-</strong></span> 
     </span>
    </p>
   </div>
   <div class='ocr_carea' id='block_1_35' title="bbox 140 3391 1718 3467">
    <p class='ocr_par' dir='ltr' id='par_1_35' title="bbox 140 3391 1718 3467">
     <span class='ocr_line' id='line_1_35' title="bbox 140 3391 1718 3467; baseline 0.01 -25"><span class='ocrx_word' id='word_1_241' title='bbox 140 3391 327 3458; x_wconf 86' lang='lat' dir='ltr'><strong>cordia,</strong></span> <span class='ocrx_word' id='word_1_242' title='bbox 349 3410 381 3448; x_wconf 88' lang='lat' dir='ltr'><strong>a</strong></span> <span class='ocrx_word' id='word_1_243' title='bbox 407 3391 522 3448; x_wconf 90' lang='lat' dir='ltr'><strong>Deo</strong></span> <span class='ocrx_word' id='word_1_244' title='bbox 543 3404 697 3464; x_wconf 90' lang='lat' dir='ltr'><strong>patre</strong></span> <span class='ocrx_word' id='word_1_245' title='bbox 722 3396 1096 3467; x_wconf 88' lang='lat' dir='ltr'><strong>omnipotente</strong></span> <span class='ocrx_word' id='word_1_246' title='bbox 1122 3407 1177 3453; x_wconf 92' lang='lat' dir='ltr'><strong>et</strong></span> <span class='ocrx_word' id='word_1_247' title='bbox 1204 3397 1331 3455; x_wconf 83' lang='lat' dir='ltr'><strong>Jesu</strong></span> <span class='ocrx_word' id='word_1_248' title='bbox 1355 3400 1578 3456; x_wconf 88' lang='lat' dir='ltr'><strong>Christo</strong></span> <span class='ocrx_word' id='word_1_249' title='bbox 1608 3403 1718 3457; x_wconf 89' lang='lat' dir='ltr'><strong>ﬁlio</strong></span> 
     </span>
    </p>
   </div>
   <div class='ocr_carea' id='block_1_36' title="bbox 143 3481 1713 3564">
    <p class='ocr_par' dir='ltr' id='par_1_36' title="bbox 143 3481 1713 3564">
     <span class='ocr_line' id='line_1_36' title="bbox 143 3481 1713 3564; baseline 0.01 -29"><span class='ocrx_word' id='word_1_250' title='bbox 143 3481 248 3550; x_wconf 85' lang='lat' dir='ltr'><strong>ejus</strong></span> <span class='ocrx_word' id='word_1_251' title='bbox 283 3494 336 3539; x_wconf 91' lang='lat' dir='ltr'><strong>et</strong></span> <span class='ocrx_word' id='word_1_252' title='bbox 380 3484 594 3555; x_wconf 86' lang='lat' dir='ltr'><strong>Spiritu</strong></span> <span class='ocrx_word' id='word_1_253' title='bbox 629 3497 820 3542; x_wconf 90' lang='lat' dir='ltr'><strong>sancto</strong></span> <span class='ocrx_word' id='word_1_254' title='bbox 853 3489 908 3543; x_wconf 90' lang='lat' dir='ltr'><strong>in</strong></span> <span class='ocrx_word' id='word_1_255' title='bbox 951 3490 1208 3546; x_wconf 91' lang='lat' dir='ltr'><strong>omnibus</strong></span> <span class='ocrx_word' id='word_1_256' title='bbox 1248 3492 1400 3548; x_wconf 91' lang='lat' dir='ltr'><strong>vobis</strong></span> <span class='ocrx_word' id='word_1_257' title='bbox 1443 3493 1560 3564; x_wconf 87' lang='lat' dir='ltr'><strong>(fol.</strong></span> <span class='ocrx_word' id='word_1_258' title='bbox 1601 3495 1713 3556; x_wconf 74' lang='grc'><strong>20).</strong></span> 
     </span>
    </p>
   </div>
   <div class='ocr_carea' id='block_1_37' title="bbox 141 3572 1721 3654">
    <p class='ocr_par' dir='ltr' id='par_1_37' title="bbox 141 3572 1721 3654">
     <span class='ocr_line' id='line_1_37' title="bbox 141 3572 1721 3654; baseline 0.011 -28"><span class='ocrx_word' id='word_1_259' title='bbox 141 3572 278 3640; x_wconf 84' lang='lat' dir='ltr'><strong>Quod</strong></span> <span class='ocrx_word' id='word_1_260' title='bbox 297 3579 517 3648; x_wconf 85' lang='lat' dir='ltr'><strong>cqualis</strong></span> <span class='ocrx_word' id='word_1_261' title='bbox 539 3579 779 3635; x_wconf 83' lang='lat' dir='ltr'><strong>salvator</strong></span> <span class='ocrx_word' id='word_1_262' title='bbox 793 3590 848 3637; x_wconf 81' lang='lat' dir='ltr'><strong>et</strong></span> <span class='ocrx_word' id='word_1_263' title='bbox 870 3583 1178 3654; x_wconf 89' lang='lat' dir='ltr'><strong>redemptor</strong></span> <span class='ocrx_word' id='word_1_264' title='bbox 1198 3585 1553 3644; x_wconf 85' lang='lat' dir='ltr'><strong>nosterJesus</strong></span> <span class='ocrx_word' id='word_1_265' title='bbox 1566 3588 1721 3643; x_wconf 90' lang='lat' dir='ltr'><strong>Chri—</strong></span> 
     </span>
    </p>
   </div>
   <div class='ocr_carea' id='block_1_38' title="bbox 145 3671 1717 3751">
    <p class='ocr_par' dir='ltr' id='par_1_38' title="bbox 145 3671 1717 3751">
     <span class='ocr_line' id='line_1_38' title="bbox 145 3671 1717 3751; baseline 0.01 -33"><span class='ocrx_word' id='word_1_266' title='bbox 145 3675 267 3734; x_wconf 85' lang='lat' dir='ltr'><strong>stus,</strong></span> <span class='ocrx_word' id='word_1_267' title='bbox 293 3671 556 3726; x_wconf 89' lang='lat' dir='ltr'><strong>altissimi</strong></span> <span class='ocrx_word' id='word_1_268' title='bbox 580 3674 752 3742; x_wconf 87' lang='lat' dir='ltr'><strong>patris</strong></span> <span class='ocrx_word' id='word_1_269' title='bbox 778 3675 940 3741; x_wconf 89' lang='lat' dir='ltr'><strong>ﬁlius,</strong></span> <span class='ocrx_word' id='word_1_270' title='bbox 969 3691 1066 3745; x_wconf 89' lang='lat' dir='ltr'><strong>per</strong></span> <span class='ocrx_word' id='word_1_271' title='bbox 1095 3693 1226 3733; x_wconf 92' lang='lat' dir='ltr'><strong>suos</strong></span> <span class='ocrx_word' id='word_1_272' title='bbox 1246 3687 1466 3735; x_wconf 86' lang='lat' dir='ltr'><strong>sanctos</strong></span> <span class='ocrx_word' id='word_1_273' title='bbox 1493 3691 1717 3751; x_wconf 90' lang='lat' dir='ltr'><strong>aposto-</strong></span> 
     </span>
    </p>
   </div>
   <div class='ocr_carea' id='block_1_39' title="bbox 144 3757 1719 3842">
    <p class='ocr_par' dir='ltr' id='par_1_39' title="bbox 144 3757 1719 3842">
     <span class='ocr_line' id='line_1_39' title="bbox 144 3757 1719 3842; baseline 0.013 -33"><span class='ocrx_word' id='word_1_274' title='bbox 144 3757 214 3814; x_wconf 88' lang='lat' dir='ltr'><strong>los</strong></span> <span class='ocrx_word' id='word_1_275' title='bbox 243 3759 462 3818; x_wconf 88' lang='lat' dir='ltr'><strong>Petrum</strong></span> <span class='ocrx_word' id='word_1_276' title='bbox 493 3773 548 3818; x_wconf 89' lang='lat' dir='ltr'><strong>et</strong></span> <span class='ocrx_word' id='word_1_277' title='bbox 573 3763 825 3832; x_wconf 87' lang='lat' dir='ltr'><strong>Paulum,</strong></span> <span class='ocrx_word' id='word_1_278' title='bbox 863 3767 1255 3826; x_wconf 82' lang='lat' dir='ltr'><strong>interveniente</strong></span> <span class='ocrx_word' id='word_1_279' title='bbox 1275 3780 1504 3842; x_wconf 89' lang='lat' dir='ltr'><strong>patrono</strong></span> <span class='ocrx_word' id='word_1_280' title='bbox 1530 3785 1719 3831; x_wconf 88' lang='lat' dir='ltr'><strong>nostro</strong></span> 
     </span>
    </p>
   </div>
   <div class='ocr_carea' id='block_1_40' title="bbox 144 3848 1718 3934">
    <p class='ocr_par' dir='ltr' id='par_1_40' title="bbox 144 3848 1718 3934">
     <span class='ocr_line' id='line_1_40' title="bbox 144 3848 1718 3934; baseline 0.013 -32"><span class='ocrx_word' id='word_1_281' title='bbox 144 3848 389 3910; x_wconf 89' lang='lat' dir='ltr'><strong>Silvestro</strong></span> <span class='ocrx_word' id='word_1_282' title='bbox 434 3871 653 3911; x_wconf 90' lang='lat' dir='ltr'><strong>summo</strong></span> <span class='ocrx_word' id='word_1_283' title='bbox 674 3859 930 3927; x_wconf 89' lang='lat' dir='ltr'><strong>pontiﬁce</strong></span> <span class='ocrx_word' id='word_1_284' title='bbox 951 3869 1006 3916; x_wconf 91' lang='lat' dir='ltr'><strong>et</strong></span> <span class='ocrx_word' id='word_1_285' title='bbox 1035 3862 1328 3918; x_wconf 88' lang='lat' dir='ltr'><strong>universali</strong></span> <span class='ocrx_word' id='word_1_286' title='bbox 1358 3881 1516 3934; x_wconf 89' lang='lat' dir='ltr'><strong>papa,</strong></span> <span class='ocrx_word' id='word_1_287' title='bbox 1549 3867 1718 3922; x_wconf 76' lang='lat' dir='ltr'><strong>mim-</strong></span> 
     </span>
    </p>
   </div>
   <div class='ocr_carea' id='block_1_41' title="bbox 145 3942 1720 4030">
    <p class='ocr_par' dir='ltr' id='par_1_41' title="bbox 145 3942 1720 4030">
     <span class='ocr_line' id='line_1_41' title="bbox 145 3942 1720 4030; baseline 0.011 -33"><span class='ocrx_word' id='word_1_288' title='bbox 145 3942 306 4000; x_wconf 86' lang='lat' dir='ltr'><strong>biliter</strong></span> <span class='ocrx_word' id='word_1_289' title='bbox 346 3949 570 4018; x_wconf 79' lang='lat' dir='ltr'><strong>operari</strong></span> <span class='ocrx_word' id='word_1_290' title='bbox 614 3951 868 4021; x_wconf 88' lang='lat' dir='ltr'><strong>dignatus</strong></span> <span class='ocrx_word' id='word_1_291' title='bbox 909 3961 1013 4020; x_wconf 88' lang='lat' dir='ltr'><strong>est,</strong></span> <span class='ocrx_word' id='word_1_292' title='bbox 1046 3955 1250 4025; x_wconf 89' lang='lat' dir='ltr'><strong>liquida</strong></span> <span class='ocrx_word' id='word_1_293' title='bbox 1279 3959 1594 4014; x_wconf 87' lang='lat' dir='ltr'><strong>narratione</strong></span> <span class='ocrx_word' id='word_1_294' title='bbox 1623 3977 1720 4030; x_wconf 79' lang='lat' dir='ltr'><strong>per</strong></span> 
     </span>
    </p>
   </div>
   <div class='ocr_carea' id='block_1_42' title="bbox 145 4032 1719 4120">
    <p class='ocr_par' dir='ltr' id='par_1_42' title="bbox 145 4032 1719 4120">
     <span class='ocr_line' id='line_1_42' title="bbox 145 4032 1719 4120; baseline 0.014 -34"><span class='ocrx_word' id='word_1_295' title='bbox 145 4032 290 4105; x_wconf 88' lang='lat' dir='ltr'><strong>hujus</strong></span> <span class='ocrx_word' id='word_1_296' title='bbox 328 4050 538 4095; x_wconf 76' lang='lat' dir='ltr'><strong>nostra</strong></span> <span class='ocrx_word' id='word_1_297' title='bbox 578 4041 876 4111; x_wconf 88' lang='lat' dir='ltr'><strong>imperialis</strong></span> <span class='ocrx_word' id='word_1_298' title='bbox 909 4047 1317 4104; x_wconf 79' lang='lat' dir='ltr'><strong>constitutionis</strong></span> <span class='ocrx_word' id='word_1_299' title='bbox 1354 4051 1607 4120; x_wconf 81' lang='lat' dir='ltr'><strong>paginam</strong></span> <span class='ocrx_word' id='word_1_300' title='bbox 1649 4054 1719 4108; x_wconf 88' lang='lat' dir='ltr'><strong>ad</strong></span> 
     </span>
    </p>
   </div>
   <div class='ocr_carea' id='block_1_43' title="bbox 143 4128 1719 4206">
    <p class='ocr_par' dir='ltr' id='par_1_43' title="bbox 143 4128 1719 4206">
     <span class='ocr_line' id='line_1_43' title="bbox 143 4128 1719 4206; baseline 0.013 -28"><span class='ocrx_word' id='word_1_301' title='bbox 143 4128 462 4198; x_wconf 84' lang='lat' dir='ltr'><strong>agnitionem</strong></span> <span class='ocrx_word' id='word_1_302' title='bbox 489 4135 735 4189; x_wconf 86' lang='lat' dir='ltr'><strong>omnium</strong></span> <span class='ocrx_word' id='word_1_303' title='bbox 761 4138 1084 4206; x_wconf 90' lang='lat' dir='ltr'><strong>populorum</strong></span> <span class='ocrx_word' id='word_1_304' title='bbox 1107 4140 1364 4196; x_wconf 90' lang='lat' dir='ltr'><strong>universo</strong></span> <span class='ocrx_word' id='word_1_305' title='bbox 1387 4143 1519 4197; x_wconf 88' lang='lat' dir='ltr'><strong>orbe</strong></span> <span class='ocrx_word' id='word_1_306' title='bbox 1549 4153 1719 4199; x_wconf 90' lang='lat' dir='ltr'><strong>terra-</strong></span> 
     </span>
    </p>
   </div>
   <div class='ocr_carea' id='block_1_44' title="bbox 143 4224 1717 4297">
    <p class='ocr_par' dir='ltr' id='par_1_44' title="bbox 143 4224 1717 4297">
     <span class='ocr_line' id='line_1_44' title="bbox 143 4224 1717 4297; baseline 0.012 -24"><span class='ocrx_word' id='word_1_307' title='bbox 143 4233 250 4274; x_wconf 87' lang='lat' dir='ltr'><strong>rum</strong></span> <span class='ocrx_word' id='word_1_308' title='bbox 279 4224 496 4278; x_wconf 87' lang='lat' dir='ltr'><strong>studuit</strong></span> <span class='ocrx_word' id='word_1_309' title='bbox 532 4242 835 4297; x_wconf 81' lang='lat' dir='ltr'><strong>propagare</strong></span> <span class='ocrx_word' id='word_1_310' title='bbox 863 4239 1051 4285; x_wconf 90' lang='lat' dir='ltr'><strong>nostra</strong></span> <span class='ocrx_word' id='word_1_311' title='bbox 1079 4235 1525 4290; x_wconf 88' lang='lat' dir='ltr'><strong>mansuetissima</strong></span> <span class='ocrx_word' id='word_1_312' title='bbox 1565 4252 1717 4292; x_wconf 84' lang='lat' dir='ltr'><strong>scre-</strong></span> 
     </span>
    </p>
   </div>
   <div class='ocr_carea' id='block_1_45' title="bbox 145 4311 1719 4400">
    <p class='ocr_par' dir='ltr' id='par_1_45' title="bbox 145 4311 1719 4400">
     <span class='ocr_line' id='line_1_45' title="bbox 145 4311 1719 4400; baseline 0.013 -35"><span class='ocrx_word' id='word_1_313' title='bbox 145 4311 292 4382; x_wconf 88' lang='lat' dir='ltr'><strong>nitas,</strong></span> <span class='ocrx_word' id='word_1_314' title='bbox 332 4317 578 4386; x_wconf 88' lang='lat' dir='ltr'><strong>primum</strong></span> <span class='ocrx_word' id='word_1_315' title='bbox 608 4319 828 4388; x_wconf 84' lang='lat' dir='ltr'><strong>quidem</strong></span> <span class='ocrx_word' id='word_1_316' title='bbox 861 4320 1022 4377; x_wconf 90' lang='lat' dir='ltr'><strong>ﬁdem</strong></span> <span class='ocrx_word' id='word_1_317' title='bbox 1046 4332 1312 4392; x_wconf 89' lang='lat' dir='ltr'><strong>nostram,</strong></span> <span class='ocrx_word' id='word_1_318' title='bbox 1338 4343 1503 4396; x_wconf 89' lang='lat' dir='ltr'><strong>quam</strong></span> <span class='ocrx_word' id='word_1_319' title='bbox 1530 4344 1560 4383; x_wconf 88' lang='lat' dir='ltr'><strong>a</strong></span> <span class='ocrx_word' id='word_1_320' title='bbox 1597 4346 1719 4400; x_wconf 84' lang='lat' dir='ltr'><strong>pre—</strong></span> 
     </span>
    </p>
   </div>
   <div class='ocr_carea' id='block_1_46' title="bbox 143 4402 1719 4489">
    <p class='ocr_par' dir='ltr' id='par_1_46' title="bbox 143 4402 1719 4489">
     <span class='ocr_line' id='line_1_46' title="bbox 143 4402 1719 4489; baseline 0.013 -33"><span class='ocrx_word' id='word_1_321' title='bbox 143 4402 241 4458; x_wconf 87' lang='lat' dir='ltr'><strong>lato</strong></span> <span class='ocrx_word' id='word_1_322' title='bbox 275 4416 590 4463; x_wconf 83' lang='lat' dir='ltr'><strong>exortatnre</strong></span> <span class='ocrx_word' id='word_1_323' title='bbox 630 4420 820 4466; x_wconf 87' lang='lat' dir='ltr'><strong>nostro</strong></span> <span class='ocrx_word' id='word_1_324' title='bbox 852 4411 1118 4469; x_wconf 84' lang='lat' dir='ltr'><strong>Silvestre</strong></span> <span class='ocrx_word' id='word_1_325' title='bbox 1159 4416 1453 4472; x_wconf 87' lang='lat' dir='ltr'><strong>universali</strong></span> <span class='ocrx_word' id='word_1_326' title='bbox 1492 4435 1628 4489; x_wconf 90' lang='lat' dir='ltr'><strong>papa</strong></span> <span class='ocrx_word' id='word_1_327' title='bbox 1665 4430 1719 4476; x_wconf 90' lang='lat' dir='ltr'><strong>et</strong></span> 
     </span>
    </p>
   </div>
   <div class='ocr_carea' id='block_1_47' title="bbox 145 4497 1716 4568">
    <p class='ocr_par' dir='ltr' id='par_1_47' title="bbox 145 4497 1716 4568">
     <span class='ocr_line' id='line_1_47' title="bbox 145 4497 1716 4568; baseline 0.013 -21"><span class='ocrx_word' id='word_1_328' title='bbox 145 4497 382 4560; x_wconf 88' lang='lat' dir='ltr'><strong>pontiﬁce</strong></span> <span class='ocrx_word' id='word_1_329' title='bbox 407 4499 588 4554; x_wconf 90' lang='lat' dir='ltr'><strong>edocti</strong></span> <span class='ocrx_word' id='word_1_330' title='bbox 613 4516 827 4568; x_wconf 91' lang='lat' dir='ltr'><strong>sumus,</strong></span> <span class='ocrx_word' id='word_1_331' title='bbox 853 4502 1043 4558; x_wconf 90' lang='lat' dir='ltr'><strong>intima</strong></span> <span class='ocrx_word' id='word_1_332' title='bbox 1069 4505 1252 4561; x_wconf 90' lang='lat' dir='ltr'><strong>c0rdis</strong></span> <span class='ocrx_word' id='word_1_333' title='bbox 1277 4507 1622 4565; x_wconf 83' lang='lat' dir='ltr'><strong>confessione</strong></span> <span class='ocrx_word' id='word_1_334' title='bbox 1647 4513 1716 4567; x_wconf 88' lang='lat' dir='ltr'><strong>ad</strong></span> 
     </span>
    </p>
   </div>
   <div class='ocr_carea' id='block_1_48' title="bbox 144 4587 1714 4668">
    <p class='ocr_par' dir='ltr' id='par_1_48' title="bbox 144 4587 1714 4668">
     <span class='ocr_line' id='line_1_48' title="bbox 144 4587 1714 4668; baseline 0.012 -28"><span class='ocrx_word' id='word_1_335' title='bbox 144 4587 484 4649; x_wconf 89' lang='lat' dir='ltr'><strong>instruendas</strong></span> <span class='ocrx_word' id='word_1_336' title='bbox 521 4595 766 4650; x_wconf 90' lang='lat' dir='ltr'><strong>omnium</strong></span> <span class='ocrx_word' id='word_1_337' title='bbox 785 4607 993 4652; x_wconf 89' lang='lat' dir='ltr'><strong>mentes</strong></span> <span class='ocrx_word' id='word_1_338' title='bbox 1023 4597 1384 4668; x_wconf 76' lang='lat' dir='ltr'><strong>profer-entes,</strong></span> <span class='ocrx_word' id='word_1_339' title='bbox 1429 4610 1483 4658; x_wconf 91' lang='lat' dir='ltr'><strong>et</strong></span> <span class='ocrx_word' id='word_1_340' title='bbox 1512 4603 1586 4658; x_wconf 87' lang='lat' dir='ltr'><strong>ita</strong></span> <span class='ocrx_word' id='word_1_341' title='bbox 1617 4604 1714 4658; x_wconf 91' lang='lat' dir='ltr'><strong>de-</strong></span> 
     </span>
    </p>
   </div>
   <div class='ocr_carea' id='block_1_49' title="bbox 144 4685 1718 4765">
    <p class='ocr_par' dir='ltr' id='par_1_49' title="bbox 144 4685 1718 4765">
     <span class='ocr_line' id='line_1_49' title="bbox 144 4685 1718 4765; baseline 0.011 -32"><span class='ocrx_word' id='word_1_342' title='bbox 144 4695 282 4737; x_wconf 86' lang='lat' dir='ltr'><strong>mum</strong></span> <span class='ocrx_word' id='word_1_343' title='bbox 322 4685 706 4742; x_wconf 78' lang='lat' dir='ltr'><strong>misericordia</strong></span> <span class='ocrx_word' id='word_1_344' title='bbox 737 4688 832 4742; x_wconf 91' lang='lat' dir='ltr'><strong>Dei</strong></span> <span class='ocrx_word' id='word_1_345' title='bbox 870 4704 1035 4760; x_wconf 88' lang='lat' dir='ltr'><strong>super</strong></span> <span class='ocrx_word' id='word_1_346' title='bbox 1076 4706 1176 4747; x_wconf 90' lang='lat' dir='ltr'><strong>nos</strong></span> <span class='ocrx_word' id='word_1_347' title='bbox 1209 4692 1462 4748; x_wconf 71' lang='lat' dir='ltr'><strong>diffusam</strong></span> <span class='ocrx_word' id='word_1_348' title='bbox 1502 4712 1718 4765; x_wconf 82' lang='lat' dir='ltr'><strong>annun-</strong></span> 
     </span>
    </p>
   </div>
   <div class='ocr_carea' id='block_1_50' title="bbox 141 4771 1719 4855">
    <p class='ocr_par' dir='ltr' id='par_1_50' title="bbox 141 4771 1719 4855">
     <span class='ocr_line' id='line_1_50' title="bbox 141 4771 1719 4855; baseline 0.009 -29"><span class='ocrx_word' id='word_1_349' title='bbox 141 4771 354 4830; x_wconf 87' lang='lat' dir='ltr'><strong>ciantes.</strong></span> <span class='ocrx_word' id='word_1_350' title='bbox 377 4775 556 4833; x_wconf 86' lang='lat' dir='ltr'><strong>Nosse</strong></span> <span class='ocrx_word' id='word_1_351' title='bbox 581 4778 726 4833; x_wconf 91' lang='lat' dir='ltr'><strong>enim</strong></span> <span class='ocrx_word' id='word_1_352' title='bbox 760 4795 858 4836; x_wconf 86' lang='lat' dir='ltr'><strong>vos</strong></span> <span class='ocrx_word' id='word_1_353' title='bbox 884 4782 1158 4849; x_wconf 89' lang='lat' dir='ltr'><strong>volumus,</strong></span> <span class='ocrx_word' id='word_1_354' title='bbox 1200 4784 1343 4840; x_wconf 89' lang='lat' dir='ltr'><strong>sicut</strong></span> <span class='ocrx_word' id='word_1_355' title='bbox 1365 4801 1462 4855; x_wconf 92' lang='lat' dir='ltr'><strong>per</strong></span> <span class='ocrx_word' id='word_1_356' title='bbox 1480 4787 1719 4842; x_wconf 87' lang='lat' dir='ltr'><strong>anterio—</strong></span> 
     </span>
    </p>
   </div>
   <div class='ocr_carea' id='block_1_51' title="bbox 145 4862 1721 4950">
    <p class='ocr_par' dir='ltr' id='par_1_51' title="bbox 145 4862 1721 4950">
     <span class='ocr_line' id='line_1_51' title="bbox 145 4862 1721 4950; baseline 0.007 -29"><span class='ocrx_word' id='word_1_357' title='bbox 145 4880 246 4920; x_wconf 85' lang='lat' dir='ltr'><strong>rem</strong></span> <span class='ocrx_word' id='word_1_358' title='bbox 280 4880 531 4925; x_wconf 89' lang='lat' dir='ltr'><strong>nostram</strong></span> <span class='ocrx_word' id='word_1_359' title='bbox 553 4888 768 4927; x_wconf 89' lang='lat' dir='ltr'><strong>sacram</strong></span> <span class='ocrx_word' id='word_1_360' title='bbox 796 4877 1188 4946; x_wconf 89' lang='lat' dir='ltr'><strong>pragmaticam</strong></span> <span class='ocrx_word' id='word_1_361' title='bbox 1217 4877 1523 4947; x_wconf 81' lang='lat' dir='ltr'><strong>jussidnem</strong></span> <span class='ocrx_word' id='word_1_362' title='bbox 1551 4862 1721 4950; x_wconf 41' lang='lat' dir='ltr'><strong>signi-ﬁ</strong></span> 
     </span>
    </p>
   </div>
   <div class='ocr_carea' id='block_1_52' title="bbox 142 4954 1721 5033">
    <p class='ocr_par' dir='ltr' id='par_1_52' title="bbox 142 4954 1721 5033">
     <span class='ocr_line' id='line_1_52' title="bbox 142 4954 1721 5033; baseline 0.009 -24"><span class='ocrx_word' id='word_1_363' title='bbox 142 4954 439 5025; x_wconf 87' lang='lat' dir='ltr'><strong>ﬁcavimus,</strong></span> <span class='ocrx_word' id='word_1_364' title='bbox 463 4977 566 5016; x_wconf 90' lang='lat' dir='ltr'><strong>nos</strong></span> <span class='ocrx_word' id='word_1_365' title='bbox 590 4978 620 5016; x_wconf 88' lang='lat' dir='ltr'><strong>a</strong></span> <span class='ocrx_word' id='word_1_366' title='bbox 645 4963 874 5019; x_wconf 87' lang='lat' dir='ltr'><strong>culturis</strong></span> <span class='ocrx_word' id='word_1_367' title='bbox 898 4963 1190 5033; x_wconf 90' lang='lat' dir='ltr'><strong>idolorum,</strong></span> <span class='ocrx_word' id='word_1_368' title='bbox 1218 4967 1527 5023; x_wconf 88' lang='lat' dir='ltr'><strong>simulacris</strong></span> <span class='ocrx_word' id='word_1_369' title='bbox 1555 4969 1721 5023; x_wconf 88' lang='lat' dir='ltr'><strong>mutis</strong></span> 
     </span>
    </p>
   </div>
   <div class='ocr_carea' id='block_1_53' title="bbox 141 5051 1720 5130">
    <p class='ocr_par' dir='ltr' id='par_1_53' title="bbox 141 5051 1720 5130">
     <span class='ocr_line' id='line_1_53' title="bbox 141 5051 1720 5130; baseline 0.01 -31"><span class='ocrx_word' id='word_1_370' title='bbox 141 5056 190 5100; x_wconf 90' lang='lat' dir='ltr'><strong>et</strong></span> <span class='ocrx_word' id='word_1_371' title='bbox 217 5051 572 5119; x_wconf 87' lang='lat' dir='ltr'><strong>manufactis,</strong></span> <span class='ocrx_word' id='word_1_372' title='bbox 605 5054 891 5111; x_wconf 89' lang='lat' dir='ltr'><strong>diabolicis</strong></span> <span class='ocrx_word' id='word_1_373' title='bbox 930 5057 1421 5127; x_wconf 88' lang='lat' dir='ltr'><strong>compositionibus</strong></span> <span class='ocrx_word' id='word_1_374' title='bbox 1457 5068 1622 5130; x_wconf 89' lang='lat' dir='ltr'><strong>atque</strong></span> <span class='ocrx_word' id='word_1_375' title='bbox 1651 5061 1720 5115; x_wconf 89' lang='lat' dir='ltr'><strong>ab</strong></span> 
     </span>
    </p>
   </div>
   <div class='ocr_carea' id='block_1_54' title="bbox 141 5145 1716 5223">
    <p class='ocr_par' dir='ltr' id='par_1_54' title="bbox 141 5145 1716 5223">
     <span class='ocr_line' id='line_1_54' title="bbox 141 5145 1716 5223; baseline 0.01 -30"><span class='ocrx_word' id='word_1_376' title='bbox 141 5145 389 5202; x_wconf 89' lang='lat' dir='ltr'><strong>omnibus</strong></span> <span class='ocrx_word' id='word_1_377' title='bbox 423 5145 641 5202; x_wconf 86' lang='lat' dir='ltr'><strong>Satana</strong></span> <span class='ocrx_word' id='word_1_378' title='bbox 668 5149 881 5218; x_wconf 88' lang='lat' dir='ltr'><strong>pompis</strong></span> <span class='ocrx_word' id='word_1_379' title='bbox 909 5150 1218 5218; x_wconf 89' lang='lat' dir='ltr'><strong>recessisse,</strong></span> <span class='ocrx_word' id='word_1_380' title='bbox 1254 5160 1309 5206; x_wconf 90' lang='lat' dir='ltr'><strong>et</strong></span> <span class='ocrx_word' id='word_1_381' title='bbox 1342 5153 1408 5207; x_wconf 89' lang='lat' dir='ltr'><strong>ad</strong></span> <span class='ocrx_word' id='word_1_382' title='bbox 1451 5153 1716 5223; x_wconf 80' lang='lat' dir='ltr'><strong>integram</strong></span> 
     </span>
    </p>
   </div>
   <div class='ocr_carea' id='block_1_55' title="bbox 143 5233 1718 5315">
    <p class='ocr_par' dir='ltr' id='par_1_55' title="bbox 143 5233 1718 5315">
     <span class='ocr_line' id='line_1_55' title="bbox 143 5233 1718 5315; baseline 0.011 -30"><span class='ocrx_word' id='word_1_383' title='bbox 143 5233 564 5294; x_wconf 76' lang='lat' dir='ltr'><strong>Christianorum</strong></span> <span class='ocrx_word' id='word_1_384' title='bbox 593 5239 775 5304; x_wconf 84' lang='lat' dir='ltr'><strong>fidem,</strong></span> <span class='ocrx_word' id='word_1_385' title='bbox 797 5257 919 5311; x_wconf 85' lang='lat' dir='ltr'><strong>qua</strong></span> <span class='ocrx_word' id='word_1_386' title='bbox 941 5250 1022 5298; x_wconf 91' lang='lat' dir='ltr'><strong>est</strong></span> <span class='ocrx_word' id='word_1_387' title='bbox 1047 5243 1140 5297; x_wconf 85' lang='lat' dir='ltr'><strong>lux</strong></span> <span class='ocrx_word' id='word_1_388' title='bbox 1161 5259 1289 5299; x_wconf 90' lang='lat' dir='ltr'><strong>vera</strong></span> <span class='ocrx_word' id='word_1_389' title='bbox 1316 5253 1370 5299; x_wconf 92' lang='lat' dir='ltr'><strong>et</strong></span> <span class='ocrx_word' id='word_1_390' title='bbox 1394 5245 1505 5299; x_wconf 88' lang='lat' dir='ltr'><strong>vita</strong></span> <span class='ocrx_word' id='word_1_391' title='bbox 1526 5261 1718 5315; x_wconf 84' lang='lat' dir='ltr'><strong>perpe-</strong></span> 
     </span>
    </p>
   </div>
   <div class='ocr_carea' id='block_1_56' title="bbox 144 5331 1718 5406">
    <p class='ocr_par' dir='ltr' id='par_1_56' title="bbox 144 5331 1718 5406">
     <span class='ocr_line' id='line_1_56' title="bbox 144 5331 1718 5406; baseline 0.008 -27"><span class='ocrx_word' id='word_1_392' title='bbox 144 5331 246 5392; x_wconf 85' lang='lat' dir='ltr'><strong>tua,</strong></span> <span class='ocrx_word' id='word_1_393' title='bbox 285 5331 626 5399; x_wconf 85' lang='lat' dir='ltr'><strong>pervenisse,</strong></span> <span class='ocrx_word' id='word_1_394' title='bbox 654 5333 940 5389; x_wconf 86' lang='lat' dir='ltr'><strong>credentes</strong></span> <span class='ocrx_word' id='word_1_395' title='bbox 975 5333 1131 5404; x_wconf 76' lang='lat' dir='ltr'><strong>juxta</strong></span> <span class='ocrx_word' id='word_1_396' title='bbox 1161 5335 1215 5390; x_wconf 90' lang='lat' dir='ltr'><strong>id</strong></span> <span class='ocrx_word' id='word_1_397' title='bbox 1253 5336 1398 5406; x_wconf 92' lang='lat' dir='ltr'><strong>quod</strong></span> <span class='ocrx_word' id='word_1_398' title='bbox 1435 5352 1536 5392; x_wconf 86' lang='lat' dir='ltr'><strong>nos</strong></span> <span class='ocrx_word' id='word_1_399' title='bbox 1574 5337 1718 5391; x_wconf 89' lang='lat' dir='ltr'><strong>idem</strong></span> 
     </span>
    </p>
   </div>
   <div class='ocr_carea' id='block_1_57' title="bbox 143 5416 1720 5495">
    <p class='ocr_par' dir='ltr' id='par_1_57' title="bbox 143 5416 1720 5495">
     <span class='ocr_line' id='line_1_57' title="bbox 143 5416 1720 5495; baseline 0.006 -23"><span class='ocrx_word' id='word_1_400' title='bbox 143 5416 400 5477; x_wconf 74' lang='lat' dir='ltr'><strong>almiﬁcus</strong></span> <span class='ocrx_word' id='word_1_401' title='bbox 429 5439 683 5480; x_wconf 89' lang='lat' dir='ltr'><strong>summus</strong></span> <span class='ocrx_word' id='word_1_402' title='bbox 717 5434 873 5495; x_wconf 85' lang='lat' dir='ltr'><strong>pater</strong></span> <span class='ocrx_word' id='word_1_403' title='bbox 911 5435 967 5481; x_wconf 90' lang='lat' dir='ltr'><strong>et</strong></span> <span class='ocrx_word' id='word_1_404' title='bbox 1005 5427 1195 5482; x_wconf 92' lang='lat' dir='ltr'><strong>doctor</strong></span> <span class='ocrx_word' id='word_1_405' title='bbox 1230 5437 1417 5483; x_wconf 90' lang='lat' dir='ltr'><strong>noster</strong></span> <span class='ocrx_word' id='word_1_406' title='bbox 1457 5427 1720 5482; x_wconf 89' lang='lat' dir='ltr'><strong>Silvester</strong></span> 
     </span>
    </p>
   </div>
   <div class='ocr_carea' id='block_1_58' title="bbox 143 5508 1715 5596">
    <p class='ocr_par' dir='ltr' id='par_1_58' title="bbox 143 5508 1715 5596">
     <span class='ocr_line' id='line_1_58' title="bbox 143 5508 1715 5596; baseline 0.014 -36"><span class='ocrx_word' id='word_1_407' title='bbox 143 5508 412 5580; x_wconf 78' lang='lat' dir='ltr'><strong>instruxit,</strong></span> <span class='ocrx_word' id='word_1_408' title='bbox 444 5517 666 5572; x_wconf 86' lang='lat' dir='ltr'><strong>credere</strong></span> <span class='ocrx_word' id='word_1_409' title='bbox 708 5519 762 5572; x_wconf 91' lang='lat' dir='ltr'><strong>in</strong></span> <span class='ocrx_word' id='word_1_410' title='bbox 806 5517 977 5596; x_wconf 78' lang='lat' dir='ltr'><strong>Deum</strong></span> <span class='ocrx_word' id='word_1_411' title='bbox 1018 5529 1224 5590; x_wconf 90' lang='lat' dir='ltr'><strong>patrem</strong></span> <span class='ocrx_word' id='word_1_412' title='bbox 1262 5523 1715 5592; x_wconf 84' lang='lat' dir='ltr'><strong>omnipotentem,</strong></span> 
     </span>
    </p>
   </div>
   <div class='ocr_carea' id='block_1_59' title="bbox 151 5601 1719 5675">
    <p class='ocr_par' dir='ltr' id='par_1_59' title="bbox 151 5601 1719 5675">
     <span class='ocr_line' id='line_1_59' title="bbox 151 5601 1719 5675; baseline 0.011 -22"><span class='ocrx_word' id='word_1_413' title='bbox 151 5601 400 5660; x_wconf 81' lang='lat' dir='ltr'><strong>factorem</strong></span> <span class='ocrx_word' id='word_1_414' title='bbox 436 5609 538 5662; x_wconf 89' lang='lat' dir='ltr'><strong>celi</strong></span> <span class='ocrx_word' id='word_1_415' title='bbox 562 5616 618 5663; x_wconf 92' lang='lat' dir='ltr'><strong>et</strong></span> <span class='ocrx_word' id='word_1_416' title='bbox 648 5618 829 5675; x_wconf 76' lang='lat' dir='ltr'><strong>terra,</strong></span> <span class='ocrx_word' id='word_1_417' title='bbox 856 5611 1150 5669; x_wconf 80' lang='lat' dir='ltr'><strong>visibilium</strong></span> <span class='ocrx_word' id='word_1_418' title='bbox 1173 5615 1417 5670; x_wconf 89' lang='lat' dir='ltr'><strong>omnium</strong></span> <span class='ocrx_word' id='word_1_419' title='bbox 1445 5624 1498 5670; x_wconf 91' lang='lat' dir='ltr'><strong>et</strong></span> <span class='ocrx_word' id='word_1_420' title='bbox 1529 5616 1719 5672; x_wconf 87' lang='lat' dir='ltr'><strong>invisi-</strong></span> 
     </span>
    </p>
   </div>
   <div class='ocr_carea' id='block_1_60' title="bbox 1810 531 3388 604">
    <p class='ocr_par' dir='ltr' id='par_1_60' title="bbox 1810 531 3388 604">
     <span class='ocr_line' id='line_1_60' title="bbox 1810 531 3388 604; baseline 0.002 -19"><span class='ocrx_word' id='word_1_421' title='bbox 1810 531 2100 586; x_wconf 90' lang='lat' dir='ltr'><strong>Dominum</strong></span> <span class='ocrx_word' id='word_1_422' title='bbox 2141 539 2414 598; x_wconf 89' lang='lat' dir='ltr'><strong>nostrum,</strong></span> <span class='ocrx_word' id='word_1_423' title='bbox 2441 541 2623 587; x_wconf 89' lang='lat' dir='ltr'><strong>creata</strong></span> <span class='ocrx_word' id='word_1_424' title='bbox 2656 541 2783 589; x_wconf 91' lang='lat' dir='ltr'><strong>sunt</strong></span> <span class='ocrx_word' id='word_1_425' title='bbox 2815 533 3021 598; x_wconf 90' lang='lat' dir='ltr'><strong>omnia,</strong></span> <span class='ocrx_word' id='word_1_426' title='bbox 3043 541 3100 589; x_wconf 89' lang='lat' dir='ltr'><strong>et</strong></span> <span class='ocrx_word' id='word_1_427' title='bbox 3127 533 3182 588; x_wconf 90' lang='lat' dir='ltr'><strong>in</strong></span> <span class='ocrx_word' id='word_1_428' title='bbox 3211 531 3388 604; x_wconf 88' lang='lat' dir='ltr'><strong>Spiri-</strong></span> 
     </span>
    </p>
   </div>
   <div class='ocr_carea' id='block_1_61' title="bbox 1809 625 3390 682">
    <p class='ocr_par' dir='ltr' id='par_1_61' title="bbox 1809 625 3390 682">
     <span class='ocr_line' id='line_1_61' title="bbox 1809 625 3390 682; baseline 0.001 -2"><span class='ocrx_word' id='word_1_429' title='bbox 1809 634 1925 680; x_wconf 89' lang='lat' dir='ltr'><strong>tum</strong></span> <span class='ocrx_word' id='word_1_430' title='bbox 1970 633 2222 680; x_wconf 90' lang='lat' dir='ltr'><strong>sanctum</strong></span> <span class='ocrx_word' id='word_1_431' title='bbox 2261 625 2544 680; x_wconf 91' lang='lat' dir='ltr'><strong>dominum</strong></span> <span class='ocrx_word' id='word_1_432' title='bbox 2589 635 2646 681; x_wconf 91' lang='lat' dir='ltr'><strong>et</strong></span> <span class='ocrx_word' id='word_1_433' title='bbox 2683 626 3074 682; x_wconf 88' lang='lat' dir='ltr'><strong>viviﬁcatorem</strong></span> <span class='ocrx_word' id='word_1_434' title='bbox 3118 627 3390 682; x_wconf 70' lang='lat' dir='ltr'><strong>universae</strong></span> 
     </span>
    </p>
   </div>
   <div class='ocr_carea' id='block_1_62' title="bbox 1809 714 3389 788">
    <p class='ocr_par' dir='ltr' id='par_1_62' title="bbox 1809 714 3389 788">
     <span class='ocr_line' id='line_1_62' title="bbox 1809 714 3389 788; baseline 0 -16"><span class='ocrx_word' id='word_1_435' title='bbox 1809 725 2089 772; x_wconf 87' lang='lat' dir='ltr'><strong>creatura.</strong></span> <span class='ocrx_word' id='word_1_436' title='bbox 2116 714 2225 772; x_wconf 87' lang='lat' dir='ltr'><strong>Nos</strong></span> <span class='ocrx_word' id='word_1_437' title='bbox 2245 715 2461 774; x_wconf 85' lang='lat' dir='ltr'><strong>Patrem</strong></span> <span class='ocrx_word' id='word_1_438' title='bbox 2483 727 2537 771; x_wconf 87' lang='lat' dir='ltr'><strong>et</strong></span> <span class='ocrx_word' id='word_1_439' title='bbox 2557 715 2756 771; x_wconf 90' lang='lat' dir='ltr'><strong>Filium</strong></span> <span class='ocrx_word' id='word_1_440' title='bbox 2777 725 2833 772; x_wconf 93' lang='lat' dir='ltr'><strong>et</strong></span> <span class='ocrx_word' id='word_1_441' title='bbox 2851 716 3113 788; x_wconf 90' lang='lat' dir='ltr'><strong>Spiritum</strong></span> <span class='ocrx_word' id='word_1_442' title='bbox 3139 726 3389 775; x_wconf 84' lang='lat' dir='ltr'><strong>sanctum</strong></span> 
     </span>
    </p>
   </div>
   <div class='ocr_carea' id='block_1_63' title="bbox 1809 807 3390 882">
    <p class='ocr_par' dir='ltr' id='par_1_63' title="bbox 1809 807 3390 882">
     <span class='ocr_line' id='line_1_63' title="bbox 1809 807 3390 882; baseline -0.001 -18"><span class='ocrx_word' id='word_1_443' title='bbox 1809 807 2152 874; x_wconf 88' lang='lat' dir='ltr'><strong>conﬁtemur,</strong></span> <span class='ocrx_word' id='word_1_444' title='bbox 2185 807 2258 862; x_wconf 92' lang='lat' dir='ltr'><strong>ita</strong></span> <span class='ocrx_word' id='word_1_445' title='bbox 2292 816 2352 861; x_wconf 93' lang='lat' dir='ltr'><strong>ut</strong></span> <span class='ocrx_word' id='word_1_446' title='bbox 2375 809 2430 862; x_wconf 91' lang='lat' dir='ltr'><strong>in</strong></span> <span class='ocrx_word' id='word_1_447' title='bbox 2462 807 2728 864; x_wconf 91' lang='lat' dir='ltr'><strong>Trinitate</strong></span> <span class='ocrx_word' id='word_1_448' title='bbox 2751 808 2990 880; x_wconf 86' lang='lat' dir='ltr'><strong>perfecta</strong></span> <span class='ocrx_word' id='word_1_449' title='bbox 3011 810 3083 866; x_wconf 91' lang='lat' dir='ltr'><strong>sit</strong></span> <span class='ocrx_word' id='word_1_450' title='bbox 3109 809 3390 882; x_wconf 87' lang='lat' dir='ltr'><strong>plenitudo</strong></span> 
     </span>
    </p>
   </div>
   <div class='ocr_carea' id='block_1_64' title="bbox 1809 900 3391 970">
    <p class='ocr_par' dir='ltr' id='par_1_64' title="bbox 1809 900 3391 970">
     <span class='ocr_line' id='line_1_64' title="bbox 1809 900 3391 970; baseline 0.001 -16"><span class='ocrx_word' id='word_1_451' title='bbox 1809 900 2110 955; x_wconf 75' lang='lat' dir='ltr'><strong>divinitatis</strong></span> <span class='ocrx_word' id='word_1_452' title='bbox 2148 908 2203 954; x_wconf 90' lang='lat' dir='ltr'><strong>et</strong></span> <span class='ocrx_word' id='word_1_453' title='bbox 2239 900 2422 954; x_wconf 88' lang='lat' dir='ltr'><strong>unitas</strong></span> <span class='ocrx_word' id='word_1_454' title='bbox 2455 902 2758 970; x_wconf 87' lang='lat' dir='ltr'><strong>potestatis.</strong></span> <span class='ocrx_word' id='word_1_455' title='bbox 2801 900 2964 956; x_wconf 87' lang='lat' dir='ltr'><strong>Pater</strong></span> <span class='ocrx_word' id='word_1_456' title='bbox 3008 901 3179 970; x_wconf 88' lang='lat' dir='ltr'><strong>Deus,</strong></span> <span class='ocrx_word' id='word_1_457' title='bbox 3217 900 3391 958; x_wconf 87' lang='lat' dir='ltr'><strong>Filius</strong></span> 
     </span>
    </p>
   </div>
   <div class='ocr_carea' id='block_1_65' title="bbox 1811 989 3390 1061">
    <p class='ocr_par' dir='ltr' id='par_1_65' title="bbox 1811 989 3390 1061">
     <span class='ocr_line' id='line_1_65' title="bbox 1811 989 3390 1061; baseline 0.001 -17"><span class='ocrx_word' id='word_1_458' title='bbox 1811 990 1974 1058; x_wconf 89' lang='lat' dir='ltr'><strong>Deus,</strong></span> <span class='ocrx_word' id='word_1_459' title='bbox 1990 989 2226 1061; x_wconf 88' lang='lat' dir='ltr'><strong>Spiritus</strong></span> <span class='ocrx_word' id='word_1_460' title='bbox 2243 999 2465 1046; x_wconf 88' lang='lat' dir='ltr'><strong>sanctus</strong></span> <span class='ocrx_word' id='word_1_461' title='bbox 2486 991 2657 1058; x_wconf 90' lang='lat' dir='ltr'><strong>Deus;</strong></span> <span class='ocrx_word' id='word_1_462' title='bbox 2681 999 2734 1046; x_wconf 89' lang='lat' dir='ltr'><strong>et</strong></span> <span class='ocrx_word' id='word_1_463' title='bbox 2755 1001 2863 1047; x_wconf 90' lang='lat' dir='ltr'><strong>tres</strong></span> <span class='ocrx_word' id='word_1_464' title='bbox 2884 1007 3055 1046; x_wconf 91' lang='lat' dir='ltr'><strong>unum</strong></span> <span class='ocrx_word' id='word_1_465' title='bbox 3077 1001 3225 1048; x_wconf 91' lang='lat' dir='ltr'><strong>sunt.</strong></span> <span class='ocrx_word' id='word_1_466' title='bbox 3252 990 3390 1048; x_wconf 86' lang='lat' dir='ltr'><strong>Tres</strong></span> 
     </span>
    </p>
   </div>
   <div class='ocr_carea' id='block_1_66' title="bbox 1811 1082 3391 1155">
    <p class='ocr_par' dir='ltr' id='par_1_66' title="bbox 1811 1082 3391 1155">
     <span class='ocr_line' id='line_1_66' title="bbox 1811 1082 3391 1155; baseline 0.003 -19"><span class='ocrx_word' id='word_1_467' title='bbox 1811 1082 1994 1152; x_wconf 87' lang='lat' dir='ltr'><strong>itaque</strong></span> <span class='ocrx_word' id='word_1_468' title='bbox 2012 1097 2278 1152; x_wconf 83' lang='lat' dir='ltr'><strong>persona,</strong></span> <span class='ocrx_word' id='word_1_469' title='bbox 2303 1082 2397 1138; x_wconf 91' lang='lat' dir='ltr'><strong>sed</strong></span> <span class='ocrx_word' id='word_1_470' title='bbox 2422 1098 2530 1138; x_wconf 84' lang='lat' dir='ltr'><strong>una</strong></span> <span class='ocrx_word' id='word_1_471' title='bbox 2550 1091 2822 1152; x_wconf 83' lang='lat' dir='ltr'><strong>potestas;</strong></span> <span class='ocrx_word' id='word_1_472' title='bbox 2855 1099 2983 1139; x_wconf 91' lang='lat' dir='ltr'><strong>nam</strong></span> <span class='ocrx_word' id='word_1_473' title='bbox 3006 1099 3221 1155; x_wconf 88' lang='lat' dir='ltr'><strong>semper</strong></span> <span class='ocrx_word' id='word_1_474' title='bbox 3245 1084 3391 1140; x_wconf 88' lang='lat' dir='ltr'><strong>Deus</strong></span> 
     </span>
    </p>
   </div>
   <div class='ocr_carea' id='block_1_67' title="bbox 1811 1175 3391 1247">
    <p class='ocr_par' dir='ltr' id='par_1_67' title="bbox 1811 1175 3391 1247">
     <span class='ocr_line' id='line_1_67' title="bbox 1811 1175 3391 1247; baseline 0.001 -17"><span class='ocrx_word' id='word_1_475' title='bbox 1811 1190 1871 1230; x_wconf 91' lang='lat' dir='ltr'><strong>se</strong></span> <span class='ocrx_word' id='word_1_476' title='bbox 1894 1175 2063 1230; x_wconf 89' lang='lat' dir='ltr'><strong>edidit</strong></span> <span class='ocrx_word' id='word_1_477' title='bbox 2083 1190 2150 1231; x_wconf 82' lang='lat' dir='ltr'><strong>ex</strong></span> <span class='ocrx_word' id='word_1_478' title='bbox 2173 1190 2232 1231; x_wconf 90' lang='lat' dir='ltr'><strong>se</strong></span> <span class='ocrx_word' id='word_1_479' title='bbox 2259 1175 2406 1246; x_wconf 90' lang='lat' dir='ltr'><strong>quod</strong></span> <span class='ocrx_word' id='word_1_480' title='bbox 2438 1190 2653 1244; x_wconf 87' lang='lat' dir='ltr'><strong>semper</strong></span> <span class='ocrx_word' id='word_1_481' title='bbox 2681 1184 2800 1230; x_wconf 88' lang='lat' dir='ltr'><strong>erat</strong></span> <span class='ocrx_word' id='word_1_482' title='bbox 2820 1175 3085 1247; x_wconf 84' lang='lat' dir='ltr'><strong>gignenda</strong></span> <span class='ocrx_word' id='word_1_483' title='bbox 3115 1176 3184 1232; x_wconf 90' lang='lat' dir='ltr'><strong>ad</strong></span> <span class='ocrx_word' id='word_1_484' title='bbox 3205 1177 3391 1233; x_wconf 87' lang='lat' dir='ltr'><strong>secula</strong></span> 
     </span>
    </p>
   </div>
   <div class='ocr_carea' id='block_1_68' title="bbox 1810 1265 3393 1338">
    <p class='ocr_par' dir='ltr' id='par_1_68' title="bbox 1810 1265 3393 1338">
     <span class='ocr_line' id='line_1_68' title="bbox 1810 1265 3393 1338; baseline 0.001 -19"><span class='ocrx_word' id='word_1_485' title='bbox 1810 1266 2058 1321; x_wconf 84' lang='lat' dir='ltr'><strong>verbum.</strong></span> <span class='ocrx_word' id='word_1_486' title='bbox 2092 1266 2158 1321; x_wconf 86' lang='lat' dir='ltr'><strong>Et</strong></span> <span class='ocrx_word' id='word_1_487' title='bbox 2183 1267 2404 1338; x_wconf 88' lang='lat' dir='ltr'><strong>quando</strong></span> <span class='ocrx_word' id='word_1_488' title='bbox 2425 1266 2617 1322; x_wconf 88' lang='lat' dir='ltr'><strong>eodem</strong></span> <span class='ocrx_word' id='word_1_489' title='bbox 2640 1265 2757 1322; x_wconf 83' lang='lat' dir='ltr'><strong>solo</strong></span> <span class='ocrx_word' id='word_1_490' title='bbox 2783 1281 2896 1322; x_wconf 89' lang='lat' dir='ltr'><strong>sua</strong></span> <span class='ocrx_word' id='word_1_491' title='bbox 2925 1266 3202 1337; x_wconf 89' lang='lat' dir='ltr'><strong>sapientia</strong></span> <span class='ocrx_word' id='word_1_492' title='bbox 3223 1266 3393 1321; x_wconf 89' lang='lat' dir='ltr'><strong>verbo</strong></span> 
     </span>
    </p>
   </div>
   <div class='ocr_carea' id='block_1_69' title="bbox 1811 1357 3394 1425">
    <p class='ocr_par' dir='ltr' id='par_1_69' title="bbox 1811 1357 3394 1425">
     <span class='ocr_line' id='line_1_69' title="bbox 1811 1357 3394 1425; baseline 0.001 -13"><span class='ocrx_word' id='word_1_493' title='bbox 1811 1358 2122 1413; x_wconf 88' lang='lat' dir='ltr'><strong>universam</strong></span> <span class='ocrx_word' id='word_1_494' title='bbox 2157 1357 2415 1414; x_wconf 84' lang='lat' dir='ltr'><strong>formavit</strong></span> <span class='ocrx_word' id='word_1_495' title='bbox 2445 1368 2775 1425; x_wconf 88' lang='lat' dir='ltr'><strong>creaturam,</strong></span> <span class='ocrx_word' id='word_1_496' title='bbox 2805 1373 2930 1412; x_wconf 90' lang='lat' dir='ltr'><strong>cum</strong></span> <span class='ocrx_word' id='word_1_497' title='bbox 2958 1372 3025 1412; x_wconf 89' lang='lat' dir='ltr'><strong>eo</strong></span> <span class='ocrx_word' id='word_1_498' title='bbox 3053 1367 3171 1414; x_wconf 86' lang='lat' dir='ltr'><strong>erat</strong></span> <span class='ocrx_word' id='word_1_499' title='bbox 3194 1367 3394 1414; x_wconf 82' lang='lat' dir='ltr'><strong>cuneta</strong></span> 
     </span>
    </p>
   </div>
   <div class='ocr_carea' id='block_1_70' title="bbox 1812 1447 3393 1521">
    <p class='ocr_par' dir='ltr' id='par_1_70' title="bbox 1812 1447 3393 1521">
     <span class='ocr_line' id='line_1_70' title="bbox 1812 1447 3393 1521; baseline 0 -15"><span class='ocrx_word' id='word_1_500' title='bbox 1812 1464 1916 1506; x_wconf 89' lang='lat' dir='ltr'><strong>suo</strong></span> <span class='ocrx_word' id='word_1_501' title='bbox 1943 1450 2185 1506; x_wconf 88' lang='lat' dir='ltr'><strong>archano</strong></span> <span class='ocrx_word' id='word_1_502' title='bbox 2213 1465 2550 1521; x_wconf 89' lang='lat' dir='ltr'><strong>componens</strong></span> <span class='ocrx_word' id='word_1_503' title='bbox 2577 1449 2905 1506; x_wconf 89' lang='lat' dir='ltr'><strong>ministerio.</strong></span> <span class='ocrx_word' id='word_1_504' title='bbox 2946 1447 3116 1520; x_wconf 88' lang='lat' dir='ltr'><strong>Igitur</strong></span> <span class='ocrx_word' id='word_1_505' title='bbox 3137 1449 3393 1520; x_wconf 87' lang='lat' dir='ltr'><strong>perfectis</strong></span> 
     </span>
    </p>
   </div>
   <div class='ocr_carea' id='block_1_71' title="bbox 1811 1541 3395 1614">
    <p class='ocr_par' dir='ltr' id='par_1_71' title="bbox 1811 1541 3395 1614">
     <span class='ocr_line' id='line_1_71' title="bbox 1811 1541 3395 1614; baseline 0.001 -17"><span class='ocrx_word' id='word_1_506' title='bbox 1811 1542 2052 1597; x_wconf 65' lang='lat' dir='ltr'><strong>mlorum</strong></span> <span class='ocrx_word' id='word_1_507' title='bbox 2093 1543 2389 1614; x_wconf 89' lang='lat' dir='ltr'><strong>virtutibus</strong></span> <span class='ocrx_word' id='word_1_508' title='bbox 2419 1552 2475 1598; x_wconf 90' lang='lat' dir='ltr'><strong>et</strong></span> <span class='ocrx_word' id='word_1_509' title='bbox 2499 1542 2771 1598; x_wconf 90' lang='lat' dir='ltr'><strong>universis</strong></span> <span class='ocrx_word' id='word_1_510' title='bbox 2806 1551 2964 1598; x_wconf 86' lang='lat' dir='ltr'><strong>terra</strong></span> <span class='ocrx_word' id='word_1_511' title='bbox 2999 1541 3264 1607; x_wconf 86' lang='lat' dir='ltr'><strong>materiis,</strong></span> <span class='ocrx_word' id='word_1_512' title='bbox 3302 1542 3395 1612; x_wconf 92' lang='lat' dir='ltr'><strong>pio</strong></span> 
     </span>
    </p>
   </div>
   <div class='ocr_carea' id='block_1_72' title="bbox 1812 1632 3392 1704">
    <p class='ocr_par' dir='ltr' id='par_1_72' title="bbox 1812 1632 3392 1704">
     <span class='ocr_line' id='line_1_72' title="bbox 1812 1632 3392 1704; baseline -0.001 -14"><span class='ocrx_word' id='word_1_513' title='bbox 1812 1633 2093 1704; x_wconf 87' lang='lat' dir='ltr'><strong>sapientia</strong></span> <span class='ocrx_word' id='word_1_514' title='bbox 2125 1643 2259 1690; x_wconf 89' lang='lat' dir='ltr'><strong>nutu</strong></span> <span class='ocrx_word' id='word_1_515' title='bbox 2295 1634 2364 1689; x_wconf 87' lang='lat' dir='ltr'><strong>ad</strong></span> <span class='ocrx_word' id='word_1_516' title='bbox 2397 1633 2690 1704; x_wconf 87' lang='lat' dir='ltr'><strong>imaginem</strong></span> <span class='ocrx_word' id='word_1_517' title='bbox 2716 1641 2771 1689; x_wconf 93' lang='lat' dir='ltr'><strong>et</strong></span> <span class='ocrx_word' id='word_1_518' title='bbox 2793 1632 3206 1688; x_wconf 89' lang='lat' dir='ltr'><strong>similitudinem</strong></span> <span class='ocrx_word' id='word_1_519' title='bbox 3235 1647 3392 1688; x_wconf 86' lang='lat' dir='ltr'><strong>suam</strong></span> 
     </span>
    </p>
   </div>
   <div class='ocr_carea' id='block_1_73' title="bbox 1811 1725 3397 1797">
    <p class='ocr_par' dir='ltr' id='par_1_73' title="bbox 1811 1725 3397 1797">
     <span class='ocr_line' id='line_1_73' title="bbox 1811 1725 3397 1797; baseline 0 -17"><span class='ocrx_word' id='word_1_520' title='bbox 1811 1727 2049 1796; x_wconf 89' lang='lat' dir='ltr'><strong>primum</strong></span> <span class='ocrx_word' id='word_1_521' title='bbox 2074 1727 2142 1782; x_wconf 90' lang='lat' dir='ltr'><strong>de</strong></span> <span class='ocrx_word' id='word_1_522' title='bbox 2167 1727 2301 1780; x_wconf 90' lang='lat' dir='ltr'><strong>limo</strong></span> <span class='ocrx_word' id='word_1_523' title='bbox 2325 1735 2484 1782; x_wconf 85' lang='lat' dir='ltr'><strong>terra</strong></span> <span class='ocrx_word' id='word_1_524' title='bbox 2503 1726 2712 1797; x_wconf 87' lang='lat' dir='ltr'><strong>ﬁngens</strong></span> <span class='ocrx_word' id='word_1_525' title='bbox 2737 1725 3037 1792; x_wconf 90' lang='lat' dir='ltr'><strong>hominem,</strong></span> <span class='ocrx_word' id='word_1_526' title='bbox 3067 1725 3214 1781; x_wconf 90' lang='lat' dir='ltr'><strong>hunc</strong></span> <span class='ocrx_word' id='word_1_527' title='bbox 3232 1740 3397 1796; x_wconf 74' lang='lat' dir='ltr'><strong>para~</strong></span> 
     </span>
    </p>
   </div>
   <div class='ocr_carea' id='block_1_74' title="bbox 1740 1779 3396 1889">
    <p class='ocr_par' dir='ltr' id='par_1_74' title="bbox 1740 1779 3396 1889">
     <span class='ocr_line' id='line_1_74' title="bbox 1740 1779 3396 1889; baseline 0 -17"><span class='ocrx_word' id='word_1_528' title='bbox 1740 1779 1784 1837; x_wconf 72' lang='grc' dir='ltr'><strong>Β</strong></span> <span class='ocrx_word' id='word_1_529' title='bbox 1812 1779 1934 1874; x_wconf 74' lang='lat' dir='ltr'><strong>diso</strong></span> <span class='ocrx_word' id='word_1_530' title='bbox 1968 1818 2153 1889; x_wconf 89' lang='lat' dir='ltr'><strong>posuit</strong></span> <span class='ocrx_word' id='word_1_531' title='bbox 2206 1819 2520 1889; x_wconf 89' lang='lat' dir='ltr'><strong>voluptatis.</strong></span> <span class='ocrx_word' id='word_1_532' title='bbox 2559 1779 2732 1884; x_wconf 61' lang='lat' dir='ltr'><strong>Quem</strong></span> <span class='ocrx_word' id='word_1_533' title='bbox 2781 1818 3041 1888; x_wconf 85' lang='lat' dir='ltr'><strong>antiquus</strong></span> <span class='ocrx_word' id='word_1_534' title='bbox 3073 1833 3301 1888; x_wconf 88' lang='lat' dir='ltr'><strong>serpens</strong></span> <span class='ocrx_word' id='word_1_535' title='bbox 3337 1828 3396 1874; x_wconf 90' lang='lat' dir='ltr'><strong>et</strong></span> 
     </span>
    </p>
   </div>
   <div class='ocr_carea' id='block_1_75' title="bbox 1808 1910 3394 1980">
    <p class='ocr_par' dir='ltr' id='par_1_75' title="bbox 1808 1910 3394 1980">
     <span class='ocr_line' id='line_1_75' title="bbox 1808 1910 3394 1980; baseline 0.002 -15"><span class='ocrx_word' id='word_1_536' title='bbox 1808 1911 2068 1980; x_wconf 87' lang='lat' dir='ltr'><strong>antiquus</strong></span> <span class='ocrx_word' id='word_1_537' title='bbox 2097 1911 2274 1966; x_wconf 91' lang='lat' dir='ltr'><strong>hostis</strong></span> <span class='ocrx_word' id='word_1_538' title='bbox 2317 1910 2533 1966; x_wconf 89' lang='lat' dir='ltr'><strong>invidus</strong></span> <span class='ocrx_word' id='word_1_539' title='bbox 2562 1910 2832 1977; x_wconf 89' lang='lat' dir='ltr'><strong>diabolus,</strong></span> <span class='ocrx_word' id='word_1_540' title='bbox 2856 1926 2953 1980; x_wconf 89' lang='lat' dir='ltr'><strong>per</strong></span> <span class='ocrx_word' id='word_1_541' title='bbox 2986 1911 3394 1968; x_wconf 87' lang='lat' dir='ltr'><strong>amarissimum</strong></span> 
     </span>
    </p>
   </div>
   <div class='ocr_carea' id='block_1_76' title="bbox 1810 2002 3394 2074">
    <p class='ocr_par' dir='ltr' id='par_1_76' title="bbox 1810 2002 3394 2074">
     <span class='ocr_line' id='line_1_76' title="bbox 1810 2002 3394 2074; baseline 0.002 -18"><span class='ocrx_word' id='word_1_542' title='bbox 1810 2002 1941 2073; x_wconf 87' lang='lat' dir='ltr'><strong>tigni</strong></span> <span class='ocrx_word' id='word_1_543' title='bbox 1961 2003 2115 2058; x_wconf 89' lang='lat' dir='ltr'><strong>vetiti</strong></span> <span class='ocrx_word' id='word_1_544' title='bbox 2138 2011 2380 2074; x_wconf 83' lang='lat' dir='ltr'><strong>gustum,</strong></span> <span class='ocrx_word' id='word_1_545' title='bbox 2403 2002 2619 2058; x_wconf 79' lang='lat' dir='ltr'><strong>exulem</strong></span> <span class='ocrx_word' id='word_1_546' title='bbox 2643 2003 2712 2057; x_wconf 91' lang='lat' dir='ltr'><strong>ab</strong></span> <span class='ocrx_word' id='word_1_547' title='bbox 2735 2003 2940 2058; x_wconf 90' lang='lat' dir='ltr'><strong>eisdem</strong></span> <span class='ocrx_word' id='word_1_548' title='bbox 2961 2002 3140 2058; x_wconf 75' lang='lat' dir='ltr'><strong>effecit</strong></span> <span class='ocrx_word' id='word_1_549' title='bbox 3157 2003 3394 2074; x_wconf 88' lang='lat' dir='ltr'><strong>gaudiis,</strong></span> 
     </span>
    </p>
   </div>
   <div class='ocr_carea' id='block_1_77' title="bbox 1807 2096 3398 2166">
    <p class='ocr_par' dir='ltr' id='par_1_77' title="bbox 1807 2096 3398 2166">
     <span class='ocr_line' id='line_1_77' title="bbox 1807 2096 3398 2166; baseline 0.001 -15"><span class='ocrx_word' id='word_1_550' title='bbox 1807 2111 1984 2165; x_wconf 87' lang='lat' dir='ltr'><strong>eoque</strong></span> <span class='ocrx_word' id='word_1_551' title='bbox 2013 2096 2244 2166; x_wconf 78' lang='lat' dir='ltr'><strong>expulso</strong></span> <span class='ocrx_word' id='word_1_552' title='bbox 2275 2111 2385 2150; x_wconf 88' lang='lat' dir='ltr'><strong>non</strong></span> <span class='ocrx_word' id='word_1_553' title='bbox 2411 2096 2610 2151; x_wconf 87' lang='lat' dir='ltr'><strong>desunt</strong></span> <span class='ocrx_word' id='word_1_554' title='bbox 2635 2111 2733 2150; x_wconf 88' lang='lat' dir='ltr'><strong>sua</strong></span> <span class='ocrx_word' id='word_1_555' title='bbox 2773 2110 3048 2151; x_wconf 85' lang='lat' dir='ltr'><strong>venenosa</strong></span> <span class='ocrx_word' id='word_1_556' title='bbox 3070 2097 3257 2152; x_wconf 90' lang='lat' dir='ltr'><strong>multis</strong></span> <span class='ocrx_word' id='word_1_557' title='bbox 3276 2111 3398 2152; x_wconf 82' lang='lat' dir='ltr'><strong>mo-</strong></span> 
     </span>
    </p>
   </div>
   <div class='ocr_carea' id='block_1_78' title="bbox 1810 2188 3396 2259">
    <p class='ocr_par' dir='ltr' id='par_1_78' title="bbox 1810 2188 3396 2259">
     <span class='ocr_line' id='line_1_78' title="bbox 1810 2188 3396 2259; baseline 0.003 -16"><span class='ocrx_word' id='word_1_558' title='bbox 1810 2189 1896 2244; x_wconf 83' lang='lat' dir='ltr'><strong>dis</strong></span> <span class='ocrx_word' id='word_1_559' title='bbox 1917 2189 2188 2259; x_wconf 81' lang='lat' dir='ltr'><strong>protelare</strong></span> <span class='ocrx_word' id='word_1_560' title='bbox 2205 2188 2410 2258; x_wconf 88' lang='lat' dir='ltr'><strong>jacula,</strong></span> <span class='ocrx_word' id='word_1_561' title='bbox 2430 2198 2541 2244; x_wconf 91' lang='lat' dir='ltr'><strong>uta</strong></span> <span class='ocrx_word' id='word_1_562' title='bbox 2563 2189 2650 2243; x_wconf 88' lang='lat' dir='ltr'><strong>via</strong></span> <span class='ocrx_word' id='word_1_563' title='bbox 2675 2189 2919 2244; x_wconf 87' lang='lat' dir='ltr'><strong>veritatis</strong></span> <span class='ocrx_word' id='word_1_564' title='bbox 2941 2190 3243 2246; x_wconf 88' lang='lat' dir='ltr'><strong>humanum</strong></span> <span class='ocrx_word' id='word_1_565' title='bbox 3269 2190 3396 2247; x_wconf 89' lang='lat' dir='ltr'><strong>abs-</strong></span> 
     </span>
    </p>
   </div>
   <div class='ocr_carea' id='block_1_79' title="bbox 1799 2282 3399 2352">
    <p class='ocr_par' dir='ltr' id='par_1_79' title="bbox 1799 2282 3399 2352">
     <span class='ocr_line' id='line_1_79' title="bbox 1799 2282 3399 2352; baseline 0.002 -15"><span class='ocrx_word' id='word_1_566' title='bbox 1799 2282 2038 2338; x_wconf 83' lang='lat' dir='ltr'><strong>&#39;trahens</strong></span> <span class='ocrx_word' id='word_1_567' title='bbox 2069 2296 2262 2352; x_wconf 89' lang='lat' dir='ltr'><strong>genus,</strong></span> <span class='ocrx_word' id='word_1_568' title='bbox 2295 2282 2566 2337; x_wconf 89' lang='lat' dir='ltr'><strong>idolorum</strong></span> <span class='ocrx_word' id='word_1_569' title='bbox 2588 2283 2836 2350; x_wconf 88' lang='lat' dir='ltr'><strong>cultura,</strong></span> <span class='ocrx_word' id='word_1_570' title='bbox 2857 2293 3123 2340; x_wconf 90' lang='lat' dir='ltr'><strong>creatura</strong></span> <span class='ocrx_word' id='word_1_571' title='bbox 3145 2283 3399 2340; x_wconf 85' lang='lat' dir='ltr'><strong>videlicet</strong></span> 
     </span>
    </p>
   </div>
   <div class='ocr_carea' id='block_1_80' title="bbox 1809 2372 3400 2448">
    <p class='ocr_par' dir='ltr' id='par_1_80' title="bbox 1809 2372 3400 2448">
     <span class='ocr_line' id='line_1_80' title="bbox 1809 2372 3400 2448; baseline 0.003 -21"><span class='ocrx_word' id='word_1_572' title='bbox 1809 2378 1867 2427; x_wconf 87' lang='lat' dir='ltr'><strong>et</strong></span> <span class='ocrx_word' id='word_1_573' title='bbox 1891 2387 2001 2426; x_wconf 90' lang='lat' dir='ltr'><strong>non</strong></span> <span class='ocrx_word' id='word_1_574' title='bbox 2025 2372 2279 2439; x_wconf 86' lang='lat' dir='ltr'><strong>creatori,</strong></span> <span class='ocrx_word' id='word_1_575' title='bbox 2309 2373 2582 2430; x_wconf 88' lang='lat' dir='ltr'><strong>deservire</strong></span> <span class='ocrx_word' id='word_1_576' title='bbox 2605 2375 2853 2430; x_wconf 90' lang='lat' dir='ltr'><strong>suadent.</strong></span> <span class='ocrx_word' id='word_1_577' title='bbox 2882 2373 3154 2442; x_wconf 89' lang='lat' dir='ltr'><strong>Quatinus</strong></span> <span class='ocrx_word' id='word_1_578' title='bbox 3175 2391 3274 2448; x_wconf 90' lang='lat' dir='ltr'><strong>per</strong></span> <span class='ocrx_word' id='word_1_579' title='bbox 3294 2375 3400 2432; x_wconf 85' lang='lat' dir='ltr'><strong>hoc</strong></span> 
     </span>
    </p>
   </div>
   <div class='ocr_carea' id='block_1_81' title="bbox 1811 2465 3400 2534">
    <p class='ocr_par' dir='ltr' id='par_1_81' title="bbox 1811 2465 3400 2534">
     <span class='ocr_line' id='line_1_81' title="bbox 1811 2465 3400 2534; baseline 0.001 -14"><span class='ocrx_word' id='word_1_580' title='bbox 1811 2479 1906 2520; x_wconf 89' lang='lat' dir='ltr'><strong>eos</strong></span> <span class='ocrx_word' id='word_1_581' title='bbox 1927 2480 2069 2534; x_wconf 84' lang='lat' dir='ltr'><strong>quos</strong></span> <span class='ocrx_word' id='word_1_582' title='bbox 2095 2465 2212 2521; x_wconf 91' lang='lat' dir='ltr'><strong>suis</strong></span> <span class='ocrx_word' id='word_1_583' title='bbox 2237 2466 2466 2521; x_wconf 89' lang='lat' dir='ltr'><strong>valuerit</strong></span> <span class='ocrx_word' id='word_1_584' title='bbox 2490 2465 2703 2522; x_wconf 88' lang='lat' dir='ltr'><strong>irretire</strong></span> <span class='ocrx_word' id='word_1_585' title='bbox 2728 2466 2959 2532; x_wconf 91' lang='lat' dir='ltr'><strong>insidiis,</strong></span> <span class='ocrx_word' id='word_1_586' title='bbox 2998 2482 3185 2523; x_wconf 89' lang='lat' dir='ltr'><strong>secum</strong></span> <span class='ocrx_word' id='word_1_587' title='bbox 3208 2476 3400 2524; x_wconf 91' lang='lat' dir='ltr'><strong>eterno</strong></span> 
     </span>
    </p>
   </div>
   <div class='ocr_carea' id='block_1_82' title="bbox 1813 2556 3401 2627">
    <p class='ocr_par' dir='ltr' id='par_1_82' title="bbox 1813 2556 3401 2627">
     <span class='ocr_line' id='line_1_82' title="bbox 1813 2556 3401 2627; baseline 0.002 -16"><span class='ocrx_word' id='word_1_588' title='bbox 1813 2556 2010 2612; x_wconf 80' lang='lat' dir='ltr'><strong>alliciat</strong></span> <span class='ocrx_word' id='word_1_589' title='bbox 2059 2558 2462 2613; x_wconf 89' lang='lat' dir='ltr'><strong>concremando</strong></span> <span class='ocrx_word' id='word_1_590' title='bbox 2509 2557 2794 2627; x_wconf 90' lang='lat' dir='ltr'><strong>supplicio.</strong></span> <span class='ocrx_word' id='word_1_591' title='bbox 2859 2557 2964 2615; x_wconf 90' lang='lat' dir='ltr'><strong>Sed</strong></span> <span class='ocrx_word' id='word_1_592' title='bbox 3022 2559 3168 2615; x_wconf 90' lang='lat' dir='ltr'><strong>Deus</strong></span> <span class='ocrx_word' id='word_1_593' title='bbox 3210 2569 3401 2616; x_wconf 85' lang='lat' dir='ltr'><strong>noster</strong></span> 
     </span>
    </p>
   </div>
   <div class='ocr_carea' id='block_1_83' title="bbox 1813 2649 3396 2722">
    <p class='ocr_par' dir='ltr' id='par_1_83' title="bbox 1813 2649 3396 2722">
     <span class='ocr_line' id='line_1_83' title="bbox 1813 2649 3396 2722; baseline 0.002 -19"><span class='ocrx_word' id='word_1_594' title='bbox 1813 2649 2072 2706; x_wconf 90' lang='lat' dir='ltr'><strong>misertus</strong></span> <span class='ocrx_word' id='word_1_595' title='bbox 2111 2650 2394 2720; x_wconf 89' lang='lat' dir='ltr'><strong>plasmatis</strong></span> <span class='ocrx_word' id='word_1_596' title='bbox 2429 2650 2536 2715; x_wconf 91' lang='lat' dir='ltr'><strong>sui,</strong></span> <span class='ocrx_word' id='word_1_597' title='bbox 2576 2650 2819 2720; x_wconf 86' lang='lat' dir='ltr'><strong>dirigens</strong></span> <span class='ocrx_word' id='word_1_598' title='bbox 2854 2660 3076 2707; x_wconf 89' lang='lat' dir='ltr'><strong>sanctos</strong></span> <span class='ocrx_word' id='word_1_599' title='bbox 3106 2667 3238 2708; x_wconf 88' lang='lat' dir='ltr'><strong>suos</strong></span> <span class='ocrx_word' id='word_1_600' title='bbox 3267 2668 3396 2722; x_wconf 92' lang='lat' dir='ltr'><strong>pro-</strong></span> 
     </span>
    </p>
   </div>
   <div class='ocr_carea' id='block_1_84' title="bbox 1813 2740 3400 2812">
    <p class='ocr_par' dir='ltr' id='par_1_84' title="bbox 1813 2740 3400 2812">
     <span class='ocr_line' id='line_1_84' title="bbox 1813 2740 3400 2812; baseline 0.003 -17"><span class='ocrx_word' id='word_1_601' title='bbox 1813 2742 2026 2812; x_wconf 91' lang='lat' dir='ltr'><strong>phetas,</strong></span> <span class='ocrx_word' id='word_1_602' title='bbox 2057 2757 2156 2812; x_wconf 88' lang='lat' dir='ltr'><strong>per</strong></span> <span class='ocrx_word' id='word_1_603' title='bbox 2191 2757 2332 2812; x_wconf 91' lang='lat' dir='ltr'><strong>quos</strong></span> <span class='ocrx_word' id='word_1_604' title='bbox 2361 2742 2548 2797; x_wconf 90' lang='lat' dir='ltr'><strong>lumen</strong></span> <span class='ocrx_word' id='word_1_605' title='bbox 2585 2740 2784 2796; x_wconf 87' lang='lat' dir='ltr'><strong>futura</strong></span> <span class='ocrx_word' id='word_1_606' title='bbox 2821 2742 2964 2809; x_wconf 86' lang='lat' dir='ltr'><strong>vita,</strong></span> <span class='ocrx_word' id='word_1_607' title='bbox 2989 2743 3285 2800; x_wconf 84' lang='lat' dir='ltr'><strong>adventum</strong></span> <span class='ocrx_word' id='word_1_608' title='bbox 3318 2745 3400 2799; x_wconf 86' lang='lat' dir='ltr'><strong>vi-</strong></span> 
     </span>
    </p>
   </div>
   <div class='ocr_carea' id='block_1_85' title="bbox 1811 2833 3399 2894">
    <p class='ocr_par' dir='ltr' id='par_1_85' title="bbox 1811 2833 3399 2894">
     <span class='ocr_line' id='line_1_85' title="bbox 1811 2833 3399 2894; baseline 0.001 -4"><span class='ocrx_word' id='word_1_609' title='bbox 1811 2835 2008 2890; x_wconf 87' lang='lat' dir='ltr'><strong>delicet</strong></span> <span class='ocrx_word' id='word_1_610' title='bbox 2037 2834 2130 2890; x_wconf 86' lang='lat' dir='ltr'><strong>ﬁlii</strong></span> <span class='ocrx_word' id='word_1_611' title='bbox 2158 2835 2244 2890; x_wconf 88' lang='lat' dir='ltr'><strong>sui</strong></span> <span class='ocrx_word' id='word_1_612' title='bbox 2266 2834 2474 2890; x_wconf 91' lang='lat' dir='ltr'><strong>domini</strong></span> <span class='ocrx_word' id='word_1_613' title='bbox 2504 2834 2678 2890; x_wconf 87' lang='lat' dir='ltr'><strong>nostri</strong></span> <span class='ocrx_word' id='word_1_614' title='bbox 2702 2833 2797 2889; x_wconf 91' lang='lat' dir='ltr'><strong>Dei</strong></span> <span class='ocrx_word' id='word_1_615' title='bbox 2823 2844 2878 2890; x_wconf 90' lang='lat' dir='ltr'><strong>et</strong></span> <span class='ocrx_word' id='word_1_616' title='bbox 2905 2836 3194 2894; x_wconf 87' lang='lat' dir='ltr'><strong>salvatoris</strong></span> <span class='ocrx_word' id='word_1_617' title='bbox 3222 2840 3399 2894; x_wconf 88' lang='lat' dir='ltr'><strong>nostri</strong></span> 
     </span>
    </p>
   </div>
   <div class='ocr_carea' id='block_1_86' title="bbox 1813 2927 3399 3002">
    <p class='ocr_par' dir='ltr' id='par_1_86' title="bbox 1813 2927 3399 3002">
     <span class='ocr_line' id='line_1_86' title="bbox 1813 2927 3399 3002; baseline 0.003 -20"><span class='ocrx_word' id='word_1_618' title='bbox 1813 2927 1944 2984; x_wconf 84' lang='lat' dir='ltr'><strong>Jesu</strong></span> <span class='ocrx_word' id='word_1_619' title='bbox 1973 2927 2180 2983; x_wconf 89' lang='lat' dir='ltr'><strong>Christi</strong></span> <span class='ocrx_word' id='word_1_620' title='bbox 2215 2928 2580 2995; x_wconf 89' lang='lat' dir='ltr'><strong>adnuncians,</strong></span> <span class='ocrx_word' id='word_1_621' title='bbox 2612 2927 2762 2983; x_wconf 89' lang='lat' dir='ltr'><strong>misit</strong></span> <span class='ocrx_word' id='word_1_622' title='bbox 2790 2929 3023 2985; x_wconf 88' lang='lat' dir='ltr'><strong>eundem</strong></span> <span class='ocrx_word' id='word_1_623' title='bbox 3056 2930 3399 3002; x_wconf 87' lang='lat' dir='ltr'><strong>unigenitum</strong></span> 
     </span>
    </p>
   </div>
   <div class='ocr_carea' id='block_1_87' title="bbox 1816 3021 3400 3095">
    <p class='ocr_par' dir='ltr' id='par_1_87' title="bbox 1816 3021 3400 3095">
     <span class='ocr_line' id='line_1_87' title="bbox 1816 3021 3400 3095; baseline 0.004 -19"><span class='ocrx_word' id='word_1_624' title='bbox 1816 3023 1986 3076; x_wconf 84' lang='lat' dir='ltr'><strong>tilium</strong></span> <span class='ocrx_word' id='word_1_625' title='bbox 2014 3037 2174 3077; x_wconf 92' lang='lat' dir='ltr'><strong>suum</strong></span> <span class='ocrx_word' id='word_1_626' title='bbox 2209 3030 2264 3078; x_wconf 92' lang='lat' dir='ltr'><strong>et</strong></span> <span class='ocrx_word' id='word_1_627' title='bbox 2286 3023 2566 3092; x_wconf 88' lang='lat' dir='ltr'><strong>sapientia</strong></span> <span class='ocrx_word' id='word_1_628' title='bbox 2599 3023 2825 3078; x_wconf 89' lang='lat' dir='ltr'><strong>verbum</strong></span> <span class='ocrx_word' id='word_1_629' title='bbox 2852 3021 2969 3094; x_wconf 89' lang='lat' dir='ltr'><strong>(fol.</strong></span> <span class='ocrx_word' id='word_1_630' title='bbox 3007 3023 3136 3095; x_wconf 76' lang='lat'><strong>20‘).</strong></span> <span class='ocrx_word' id='word_1_631' title='bbox 3171 3025 3274 3094; x_wconf 90' lang='lat' dir='ltr'><strong>Qui</strong></span> <span class='ocrx_word' id='word_1_632' title='bbox 3301 3029 3400 3083; x_wconf 90' lang='lat' dir='ltr'><strong>de-</strong></span> 
     </span>
    </p>
   </div>
   <div class='ocr_carea' id='block_1_88' title="bbox 1745 3115 3402 3189">
    <p class='ocr_par' dir='ltr' id='par_1_88' title="bbox 1745 3115 3402 3189">
     <span class='ocr_line' id='line_1_88' title="bbox 1745 3115 3402 3189; baseline 0.004 -20"><span class='ocrx_word' id='word_1_633' title='bbox 1745 3127 1791 3189; x_wconf 64' lang='grc' dir='ltr'><strong>(ζ</strong></span> <span class='ocrx_word' id='word_1_634' title='bbox 1821 3115 2089 3171; x_wconf 88' lang='lat' dir='ltr'><strong>scendens</strong></span> <span class='ocrx_word' id='word_1_635' title='bbox 2124 3115 2192 3172; x_wconf 89' lang='lat' dir='ltr'><strong>de</strong></span> <span class='ocrx_word' id='word_1_636' title='bbox 2233 3115 2365 3171; x_wconf 88' lang='lat' dir='ltr'><strong>celis</strong></span> <span class='ocrx_word' id='word_1_637' title='bbox 2397 3125 2618 3186; x_wconf 89' lang='lat' dir='ltr'><strong>propter</strong></span> <span class='ocrx_word' id='word_1_638' title='bbox 2660 3125 2903 3172; x_wconf 87' lang='lat' dir='ltr'><strong>nostram</strong></span> <span class='ocrx_word' id='word_1_639' title='bbox 2949 3117 3200 3182; x_wconf 86' lang='lat' dir='ltr'><strong>salutem,</strong></span> <span class='ocrx_word' id='word_1_640' title='bbox 3242 3129 3402 3176; x_wconf 88' lang='lat' dir='ltr'><strong>natus</strong></span> 
     </span>
    </p>
   </div>
   <div class='ocr_carea' id='block_1_89' title="bbox 1816 3203 3402 3279">
    <p class='ocr_par' dir='ltr' id='par_1_89' title="bbox 1816 3203 3402 3279">
     <span class='ocr_line' id='line_1_89' title="bbox 1816 3203 3402 3279; baseline 0.004 -19"><span class='ocrx_word' id='word_1_641' title='bbox 1816 3205 1884 3260; x_wconf 87' lang='lat' dir='ltr'><strong>de</strong></span> <span class='ocrx_word' id='word_1_642' title='bbox 1920 3203 2125 3274; x_wconf 90' lang='lat' dir='ltr'><strong>Spiritu</strong></span> <span class='ocrx_word' id='word_1_643' title='bbox 2155 3215 2347 3261; x_wconf 87' lang='lat' dir='ltr'><strong>sancto</strong></span> <span class='ocrx_word' id='word_1_644' title='bbox 2372 3216 2426 3262; x_wconf 88' lang='lat' dir='ltr'><strong>et</strong></span> <span class='ocrx_word' id='word_1_645' title='bbox 2456 3206 2627 3263; x_wconf 84' lang='lat' dir='ltr'><strong>Maria</strong></span> <span class='ocrx_word' id='word_1_646' title='bbox 2651 3207 2878 3279; x_wconf 84' lang='lat' dir='ltr'><strong>virgine,</strong></span> <span class='ocrx_word' id='word_1_647' title='bbox 2902 3211 3128 3264; x_wconf 87' lang='lat' dir='ltr'><strong>verbum</strong></span> <span class='ocrx_word' id='word_1_648' title='bbox 3157 3226 3287 3266; x_wconf 89' lang='lat' dir='ltr'><strong>caro</strong></span> <span class='ocrx_word' id='word_1_649' title='bbox 3315 3210 3402 3266; x_wconf 82' lang='lat' dir='ltr'><strong>fa--</strong></span> 
     </span>
    </p>
   </div>
   <div class='ocr_carea' id='block_1_90' title="bbox 1818 3302 3405 3378">
    <p class='ocr_par' dir='ltr' id='par_1_90' title="bbox 1818 3302 3405 3378">
     <span class='ocr_line' id='line_1_90' title="bbox 1818 3302 3405 3378; baseline 0.005 -23"><span class='ocrx_word' id='word_1_650' title='bbox 1818 3309 1964 3355; x_wconf 89' lang='lat' dir='ltr'><strong>ctum</strong></span> <span class='ocrx_word' id='word_1_651' title='bbox 1990 3311 2074 3356; x_wconf 91' lang='lat' dir='ltr'><strong>est</strong></span> <span class='ocrx_word' id='word_1_652' title='bbox 2099 3311 2155 3357; x_wconf 91' lang='lat' dir='ltr'><strong>et</strong></span> <span class='ocrx_word' id='word_1_653' title='bbox 2184 3302 2450 3358; x_wconf 88' lang='lat' dir='ltr'><strong>habitavit</strong></span> <span class='ocrx_word' id='word_1_654' title='bbox 2473 3303 2529 3358; x_wconf 90' lang='lat' dir='ltr'><strong>in</strong></span> <span class='ocrx_word' id='word_1_655' title='bbox 2556 3303 2736 3370; x_wconf 91' lang='lat' dir='ltr'><strong>nobis,</strong></span> <span class='ocrx_word' id='word_1_656' title='bbox 2762 3320 2863 3360; x_wconf 89' lang='lat' dir='ltr'><strong>nec</strong></span> <span class='ocrx_word' id='word_1_657' title='bbox 2890 3305 3076 3362; x_wconf 91' lang='lat' dir='ltr'><strong>amisit</strong></span> <span class='ocrx_word' id='word_1_658' title='bbox 3101 3308 3247 3378; x_wconf 88' lang='lat' dir='ltr'><strong>quod</strong></span> <span class='ocrx_word' id='word_1_659' title='bbox 3286 3307 3405 3364; x_wconf 80' lang='lat' dir='ltr'><strong>fue-</strong></span> 
     </span>
    </p>
   </div>
   <div class='ocr_carea' id='block_1_91' title="bbox 1817 3394 3403 3468">
    <p class='ocr_par' dir='ltr' id='par_1_91' title="bbox 1817 3394 3403 3468">
     <span class='ocr_line' id='line_1_91' title="bbox 1817 3394 3403 3468; baseline 0.006 -21"><span class='ocrx_word' id='word_1_660' title='bbox 1817 3402 1922 3459; x_wconf 89' lang='lat' dir='ltr'><strong>rat,</strong></span> <span class='ocrx_word' id='word_1_661' title='bbox 1959 3394 2052 3450; x_wconf 87' lang='lat' dir='ltr'><strong>sed</strong></span> <span class='ocrx_word' id='word_1_662' title='bbox 2094 3395 2239 3466; x_wconf 87' lang='lat' dir='ltr'><strong>cepit</strong></span> <span class='ocrx_word' id='word_1_663' title='bbox 2283 3411 2408 3451; x_wconf 90' lang='lat' dir='ltr'><strong>esse</strong></span> <span class='ocrx_word' id='word_1_664' title='bbox 2449 3397 2597 3466; x_wconf 91' lang='lat' dir='ltr'><strong>quod</strong></span> <span class='ocrx_word' id='word_1_665' title='bbox 2627 3412 2738 3452; x_wconf 94' lang='lat' dir='ltr'><strong>non</strong></span> <span class='ocrx_word' id='word_1_666' title='bbox 2769 3407 2908 3463; x_wconf 89' lang='lat' dir='ltr'><strong>erat,</strong></span> <span class='ocrx_word' id='word_1_667' title='bbox 2945 3399 3219 3468; x_wconf 82' lang='lat' dir='ltr'><strong>perfectus</strong></span> <span class='ocrx_word' id='word_1_668' title='bbox 3257 3399 3403 3456; x_wconf 89' lang='lat' dir='ltr'><strong>Deus</strong></span> 
     </span>
    </p>
   </div>
   <div class='ocr_carea' id='block_1_92' title="bbox 1817 3487 3404 3559">
    <p class='ocr_par' dir='ltr' id='par_1_92' title="bbox 1817 3487 3404 3559">
     <span class='ocr_line' id='line_1_92' title="bbox 1817 3487 3404 3559; baseline 0.003 -18"><span class='ocrx_word' id='word_1_669' title='bbox 1817 3496 1872 3541; x_wconf 91' lang='lat' dir='ltr'><strong>et</strong></span> <span class='ocrx_word' id='word_1_670' title='bbox 1899 3488 2093 3554; x_wconf 89' lang='lat' dir='ltr'><strong>homo;</strong></span> <span class='ocrx_word' id='word_1_671' title='bbox 2128 3497 2188 3542; x_wconf 89' lang='lat' dir='ltr'><strong>ut</strong></span> <span class='ocrx_word' id='word_1_672' title='bbox 2218 3487 2362 3544; x_wconf 88' lang='lat' dir='ltr'><strong>Deus</strong></span> <span class='ocrx_word' id='word_1_673' title='bbox 2386 3489 2675 3559; x_wconf 89' lang='lat' dir='ltr'><strong>perﬁciens</strong></span> <span class='ocrx_word' id='word_1_674' title='bbox 2702 3489 2996 3558; x_wconf 89' lang='lat' dir='ltr'><strong>mirabilia,</strong></span> <span class='ocrx_word' id='word_1_675' title='bbox 3025 3500 3087 3546; x_wconf 91' lang='lat' dir='ltr'><strong>ut</strong></span> <span class='ocrx_word' id='word_1_676' title='bbox 3112 3493 3278 3548; x_wconf 89' lang='lat' dir='ltr'><strong>homo</strong></span> <span class='ocrx_word' id='word_1_677' title='bbox 3298 3493 3404 3547; x_wconf 84' lang='lat' dir='ltr'><strong>hn-</strong></span> 
     </span>
    </p>
   </div>
   <div class='ocr_carea' id='block_1_93' title="bbox 1794 3579 3407 3663">
    <p class='ocr_par' dir='ltr' id='par_1_93' title="bbox 1794 3579 3407 3663">
     <span class='ocr_line' id='line_1_93' title="bbox 1794 3579 3407 3663; baseline 0.005 -31"><span class='ocrx_word' id='word_1_678' title='bbox 1794 3595 2011 3663; x_wconf 21' lang='lat' dir='ltr'><strong>vmanas</strong></span> <span class='ocrx_word' id='word_1_679' title='bbox 2041 3579 2320 3636; x_wconf 86' lang='lat' dir='ltr'><strong>sustinens</strong></span> <span class='ocrx_word' id='word_1_680' title='bbox 2360 3581 2666 3651; x_wconf 87' lang='lat' dir='ltr'><strong>passiones.</strong></span> <span class='ocrx_word' id='word_1_681' title='bbox 2700 3581 2777 3637; x_wconf 86' lang='lat' dir='ltr'><strong>Ita</strong></span> <span class='ocrx_word' id='word_1_682' title='bbox 2807 3599 2995 3639; x_wconf 85' lang='lat' dir='ltr'><strong>verum</strong></span> <span class='ocrx_word' id='word_1_683' title='bbox 3033 3585 3310 3644; x_wconf 80' lang='lat' dir='ltr'><strong>hominem</strong></span> <span class='ocrx_word' id='word_1_684' title='bbox 3349 3598 3407 3641; x_wconf 81' lang='lat' dir='ltr'><strong>et</strong></span> 
     </span>
    </p>
   </div>
   <div class='ocr_carea' id='block_1_94' title="bbox 1817 3671 3406 3745">
    <p class='ocr_par' dir='ltr' id='par_1_94' title="bbox 1817 3671 3406 3745">
     <span class='ocr_line' id='line_1_94' title="bbox 1817 3671 3406 3745; baseline 0.004 -20"><span class='ocrx_word' id='word_1_685' title='bbox 1817 3688 2008 3727; x_wconf 89' lang='lat' dir='ltr'><strong>verum</strong></span> <span class='ocrx_word' id='word_1_686' title='bbox 2063 3671 2234 3728; x_wconf 90' lang='lat' dir='ltr'><strong>Deum</strong></span> <span class='ocrx_word' id='word_1_687' title='bbox 2302 3674 2616 3743; x_wconf 89' lang='lat' dir='ltr'><strong>predicante</strong></span> <span class='ocrx_word' id='word_1_688' title='bbox 2668 3683 2822 3745; x_wconf 85' lang='lat' dir='ltr'><strong>patre</strong></span> <span class='ocrx_word' id='word_1_689' title='bbox 2887 3687 3078 3733; x_wconf 91' lang='lat' dir='ltr'><strong>nostro</strong></span> <span class='ocrx_word' id='word_1_690' title='bbox 3144 3679 3406 3736; x_wconf 79' lang='lat' dir='ltr'><strong>Silvestre</strong></span> 
     </span>
    </p>
   </div>
   <div class='ocr_carea' id='block_1_95' title="bbox 1817 3766 3407 3839">
    <p class='ocr_par' dir='ltr' id='par_1_95' title="bbox 1817 3766 3407 3839">
     <span class='ocr_line' id='line_1_95' title="bbox 1817 3766 3407 3839; baseline 0.003 -17"><span class='ocrx_word' id='word_1_691' title='bbox 1817 3781 2036 3822; x_wconf 91' lang='lat' dir='ltr'><strong>summo</strong></span> <span class='ocrx_word' id='word_1_692' title='bbox 2074 3766 2331 3837; x_wconf 87' lang='lat' dir='ltr'><strong>pontiﬁce</strong></span> <span class='ocrx_word' id='word_1_693' title='bbox 2377 3767 2752 3839; x_wconf 87' lang='lat' dir='ltr'><strong>intelligimus,</strong></span> <span class='ocrx_word' id='word_1_694' title='bbox 2801 3777 2862 3824; x_wconf 93' lang='lat' dir='ltr'><strong>ut</strong></span> <span class='ocrx_word' id='word_1_695' title='bbox 2901 3785 3092 3825; x_wconf 89' lang='lat' dir='ltr'><strong>verum</strong></span> <span class='ocrx_word' id='word_1_696' title='bbox 3129 3770 3302 3827; x_wconf 92' lang='lat' dir='ltr'><strong>Deum</strong></span> <span class='ocrx_word' id='word_1_697' title='bbox 3350 3782 3407 3826; x_wconf 89' lang='lat' dir='ltr'><strong>et</strong></span> 
     </span>
    </p>
   </div>
   <div class='ocr_carea' id='block_1_96' title="bbox 1816 3858 3408 3931">
    <p class='ocr_par' dir='ltr' id='par_1_96' title="bbox 1816 3858 3408 3931">
     <span class='ocr_line' id='line_1_96' title="bbox 1816 3858 3408 3931; baseline 0.001 -17"><span class='ocrx_word' id='word_1_698' title='bbox 1816 3874 2006 3914; x_wconf 89' lang='lat' dir='ltr'><strong>verum</strong></span> <span class='ocrx_word' id='word_1_699' title='bbox 2034 3859 2312 3914; x_wconf 90' lang='lat' dir='ltr'><strong>hominem</strong></span> <span class='ocrx_word' id='word_1_700' title='bbox 2345 3858 2518 3915; x_wconf 87' lang='lat' dir='ltr'><strong>fuisse</strong></span> <span class='ocrx_word' id='word_1_701' title='bbox 2545 3875 2656 3914; x_wconf 92' lang='lat' dir='ltr'><strong>non</strong></span> <span class='ocrx_word' id='word_1_702' title='bbox 2685 3861 3040 3931; x_wconf 85' lang='lat' dir='ltr'><strong>abnegemus.</strong></span> <span class='ocrx_word' id='word_1_703' title='bbox 3083 3860 3189 3928; x_wconf 85' lang='lat' dir='ltr'><strong>Qui</strong></span> <span class='ocrx_word' id='word_1_704' title='bbox 3218 3863 3408 3918; x_wconf 83' lang='lat' dir='ltr'><strong>electis</strong></span> 
     </span>
    </p>
   </div>
   <div class='ocr_carea' id='block_1_97' title="bbox 1819 3952 3406 4026">
    <p class='ocr_par' dir='ltr' id='par_1_97' title="bbox 1819 3952 3406 4026">
     <span class='ocr_line' id='line_1_97' title="bbox 1819 3952 3406 4026; baseline 0.003 -21"><span class='ocrx_word' id='word_1_705' title='bbox 1819 3952 1887 4006; x_wconf 76' lang='grc'><strong>12</strong></span> <span class='ocrx_word' id='word_1_706' title='bbox 1920 3953 2180 4022; x_wconf 89' lang='lat' dir='ltr'><strong>apostolis</strong></span> <span class='ocrx_word' id='word_1_707' title='bbox 2201 3953 2479 4007; x_wconf 86' lang='lat' dir='ltr'><strong>miraculis</strong></span> <span class='ocrx_word' id='word_1_708' title='bbox 2510 3968 2693 4008; x_wconf 91' lang='lat' dir='ltr'><strong>coram</strong></span> <span class='ocrx_word' id='word_1_709' title='bbox 2719 3954 2799 4007; x_wconf 85' lang='lat' dir='ltr'><strong>eis</strong></span> <span class='ocrx_word' id='word_1_710' title='bbox 2824 3963 2879 4007; x_wconf 91' lang='lat' dir='ltr'><strong>et</strong></span> <span class='ocrx_word' id='word_1_711' title='bbox 2907 3953 3192 4010; x_wconf 89' lang='lat' dir='ltr'><strong>innumera</strong></span> <span class='ocrx_word' id='word_1_712' title='bbox 3218 3956 3406 4026; x_wconf 91' lang='lat' dir='ltr'><strong>populi</strong></span> 
     </span>
    </p>
   </div>
   <div class='ocr_carea' id='block_1_98' title="bbox 1819 4044 3403 4102">
    <p class='ocr_par' dir='ltr' id='par_1_98' title="bbox 1819 4044 3403 4102">
     <span class='ocr_line' id='line_1_98' title="bbox 1819 4044 3403 4102; baseline 0.003 -4"><span class='ocrx_word' id='word_1_713' title='bbox 1819 4045 2165 4100; x_wconf 89' lang='lat' dir='ltr'><strong>multitudine</strong></span> <span class='ocrx_word' id='word_1_714' title='bbox 2199 4045 2526 4101; x_wconf 84' lang='lat' dir='ltr'><strong>coruscavit.</strong></span> <span class='ocrx_word' id='word_1_715' title='bbox 2559 4044 2898 4100; x_wconf 90' lang='lat' dir='ltr'><strong>Conﬁtemur</strong></span> <span class='ocrx_word' id='word_1_716' title='bbox 2935 4046 3170 4102; x_wconf 90' lang='lat' dir='ltr'><strong>eundem</strong></span> <span class='ocrx_word' id='word_1_717' title='bbox 3216 4047 3403 4102; x_wconf 91' lang='lat' dir='ltr'><strong>Domi-</strong></span> 
     </span>
    </p>
   </div>
   <div class='ocr_carea' id='block_1_99' title="bbox 1817 4138 3404 4214">
    <p class='ocr_par' dir='ltr' id='par_1_99' title="bbox 1817 4138 3404 4214">
     <span class='ocr_line' id='line_1_99' title="bbox 1817 4138 3404 4214; baseline 0.004 -23"><span class='ocrx_word' id='word_1_718' title='bbox 1817 4154 1948 4192; x_wconf 92' lang='lat' dir='ltr'><strong>num</strong></span> <span class='ocrx_word' id='word_1_719' title='bbox 1975 4148 2222 4192; x_wconf 89' lang='lat' dir='ltr'><strong>nostrum</strong></span> <span class='ocrx_word' id='word_1_720' title='bbox 2252 4139 2536 4193; x_wconf 90' lang='lat' dir='ltr'><strong>dominum</strong></span> <span class='ocrx_word' id='word_1_721' title='bbox 2562 4138 2841 4195; x_wconf 88' lang='lat' dir='ltr'><strong>Christum</strong></span> <span class='ocrx_word' id='word_1_722' title='bbox 2868 4149 2922 4194; x_wconf 92' lang='lat' dir='ltr'><strong>ct</strong></span> <span class='ocrx_word' id='word_1_723' title='bbox 2947 4140 3204 4211; x_wconf 82' lang='lat' dir='ltr'><strong>implesse</strong></span> <span class='ocrx_word' id='word_1_724' title='bbox 3232 4143 3404 4214; x_wconf 86' lang='lat' dir='ltr'><strong>legem</strong></span> 
     </span>
    </p>
   </div>
   <div class='ocr_carea' id='block_1_100' title="bbox 1818 4227 3407 4296">
    <p class='ocr_par' dir='ltr' id='par_1_100' title="bbox 1818 4227 3407 4296">
     <span class='ocr_line' id='line_1_100' title="bbox 1818 4227 3407 4296; baseline 0.004 -14"><span class='ocrx_word' id='word_1_725' title='bbox 1818 4237 1874 4282; x_wconf 89' lang='lat' dir='ltr'><strong>et</strong></span> <span class='ocrx_word' id='word_1_726' title='bbox 1918 4227 2232 4296; x_wconf 85' lang='lat' dir='ltr'><strong>prophetas,</strong></span> <span class='ocrx_word' id='word_1_727' title='bbox 2262 4242 2511 4295; x_wconf 83' lang='lat' dir='ltr'><strong>passum,</strong></span> <span class='ocrx_word' id='word_1_728' title='bbox 2547 4229 2893 4293; x_wconf 81' lang='lat' dir='ltr'><strong>cruciﬁxum,</strong></span> <span class='ocrx_word' id='word_1_729' title='bbox 2923 4231 3226 4286; x_wconf 90' lang='lat' dir='ltr'><strong>secundum</strong></span> <span class='ocrx_word' id='word_1_730' title='bbox 3258 4231 3407 4288; x_wconf 91' lang='lat' dir='ltr'><strong>Scri-</strong></span> 
     </span>
    </p>
   </div>
   <div class='ocr_carea' id='block_1_101' title="bbox 1819 4319 3404 4393">
    <p class='ocr_par' dir='ltr' id='par_1_101' title="bbox 1819 4319 3404 4393">
     <span class='ocr_line' id='line_1_101' title="bbox 1819 4319 3404 4393; baseline 0.003 -20"><span class='ocrx_word' id='word_1_731' title='bbox 1819 4329 2010 4390; x_wconf 87' lang='lat' dir='ltr'><strong>pturas</strong></span> <span class='ocrx_word' id='word_1_732' title='bbox 2039 4319 2208 4373; x_wconf 90' lang='lat' dir='ltr'><strong>tercia</strong></span> <span class='ocrx_word' id='word_1_733' title='bbox 2238 4319 2326 4373; x_wconf 89' lang='lat' dir='ltr'><strong>die</strong></span> <span class='ocrx_word' id='word_1_734' title='bbox 2361 4335 2388 4372; x_wconf 89' lang='lat' dir='ltr'><strong>a</strong></span> <span class='ocrx_word' id='word_1_735' title='bbox 2421 4319 2652 4385; x_wconf 89' lang='lat' dir='ltr'><strong>mortuis</strong></span> <span class='ocrx_word' id='word_1_736' title='bbox 2686 4320 3016 4386; x_wconf 86' lang='lat' dir='ltr'><strong>surrexisse,</strong></span> <span class='ocrx_word' id='word_1_737' title='bbox 3062 4334 3404 4393; x_wconf 89' lang='lat' dir='ltr'><strong>assumptum</strong></span> 
     </span>
    </p>
   </div>
   <div class='ocr_carea' id='block_1_102' title="bbox 1821 4412 3408 4482">
    <p class='ocr_par' dir='ltr' id='par_1_102' title="bbox 1821 4412 3408 4482">
     <span class='ocr_line' id='line_1_102' title="bbox 1821 4412 3408 4482; baseline 0.003 -16"><span class='ocrx_word' id='word_1_738' title='bbox 1821 4413 1875 4466; x_wconf 93' lang='lat' dir='ltr'><strong>in</strong></span> <span class='ocrx_word' id='word_1_739' title='bbox 1913 4413 2079 4477; x_wconf 90' lang='lat' dir='ltr'><strong>celos,</strong></span> <span class='ocrx_word' id='word_1_740' title='bbox 2108 4420 2273 4482; x_wconf 87' lang='lat' dir='ltr'><strong>atque</strong></span> <span class='ocrx_word' id='word_1_741' title='bbox 2312 4412 2590 4466; x_wconf 87' lang='lat' dir='ltr'><strong>sedentem</strong></span> <span class='ocrx_word' id='word_1_742' title='bbox 2635 4412 2702 4466; x_wconf 93' lang='lat' dir='ltr'><strong>ad</strong></span> <span class='ocrx_word' id='word_1_743' title='bbox 2729 4412 3010 4467; x_wconf 80' lang='lat' dir='ltr'><strong>dexteram</strong></span> <span class='ocrx_word' id='word_1_744' title='bbox 3053 4412 3250 4482; x_wconf 87' lang='lat' dir='ltr'><strong>Patris,</strong></span> <span class='ocrx_word' id='word_1_745' title='bbox 3280 4415 3408 4471; x_wconf 86' lang='lat' dir='ltr'><strong>inde</strong></span> 
     </span>
    </p>
   </div>
   <div class='ocr_carea' id='block_1_103' title="bbox 1818 4503 3407 4578">
    <p class='ocr_par' dir='ltr' id='par_1_103' title="bbox 1818 4503 3407 4578">
     <span class='ocr_line' id='line_1_103' title="bbox 1818 4503 3407 4578; baseline 0.003 -19"><span class='ocrx_word' id='word_1_746' title='bbox 1818 4513 2110 4560; x_wconf 90' lang='lat' dir='ltr'><strong>venturum</strong></span> <span class='ocrx_word' id='word_1_747' title='bbox 2135 4504 2383 4573; x_wconf 88' lang='lat' dir='ltr'><strong>judicare</strong></span> <span class='ocrx_word' id='word_1_748' title='bbox 2408 4503 2564 4559; x_wconf 88' lang='lat' dir='ltr'><strong>vivos</strong></span> <span class='ocrx_word' id='word_1_749' title='bbox 2599 4513 2654 4558; x_wconf 90' lang='lat' dir='ltr'><strong>et</strong></span> <span class='ocrx_word' id='word_1_750' title='bbox 2691 4514 2967 4572; x_wconf 88' lang='lat' dir='ltr'><strong>mortuos;</strong></span> <span class='ocrx_word' id='word_1_751' title='bbox 3001 4505 3161 4576; x_wconf 90' lang='lat' dir='ltr'><strong>cujus</strong></span> <span class='ocrx_word' id='word_1_752' title='bbox 3191 4506 3407 4578; x_wconf 88' lang='lat' dir='ltr'><strong>imperii</strong></span> 
     </span>
    </p>
   </div>
   <div class='ocr_carea' id='block_1_104' title="bbox 1820 4595 3402 4654">
    <p class='ocr_par' dir='ltr' id='par_1_104' title="bbox 1820 4595 3402 4654">
     <span class='ocr_line' id='line_1_104' title="bbox 1820 4595 3402 4654; baseline 0.003 -4"><span class='ocrx_word' id='word_1_753' title='bbox 1820 4613 1927 4651; x_wconf 91' lang='lat' dir='ltr'><strong>non</strong></span> <span class='ocrx_word' id='word_1_754' title='bbox 1957 4597 2063 4652; x_wconf 91' lang='lat' dir='ltr'><strong>erit</strong></span> <span class='ocrx_word' id='word_1_755' title='bbox 2091 4596 2234 4651; x_wconf 91' lang='lat' dir='ltr'><strong>ﬁnis.</strong></span> <span class='ocrx_word' id='word_1_756' title='bbox 2260 4595 2384 4651; x_wconf 84' lang='lat' dir='ltr'><strong>Hac</strong></span> <span class='ocrx_word' id='word_1_757' title='bbox 2404 4606 2490 4651; x_wconf 90' lang='lat' dir='ltr'><strong>est</strong></span> <span class='ocrx_word' id='word_1_758' title='bbox 2510 4595 2646 4652; x_wconf 91' lang='lat' dir='ltr'><strong>ﬁdes</strong></span> <span class='ocrx_word' id='word_1_759' title='bbox 2674 4605 2861 4651; x_wconf 90' lang='lat' dir='ltr'><strong>nostra</strong></span> <span class='ocrx_word' id='word_1_760' title='bbox 2883 4597 3187 4653; x_wconf 81' lang='lat' dir='ltr'><strong>orthodoxa</strong></span> <span class='ocrx_word' id='word_1_761' title='bbox 3218 4614 3249 4653; x_wconf 90' lang='lat' dir='ltr'><strong>a</strong></span> <span class='ocrx_word' id='word_1_762' title='bbox 3282 4599 3402 4654; x_wconf 82' lang='lat' dir='ltr'><strong>hea-</strong></span> 
     </span>
    </p>
   </div>
   <div class='ocr_carea' id='block_1_105' title="bbox 1819 4685 3407 4757">
    <p class='ocr_par' dir='ltr' id='par_1_105' title="bbox 1819 4685 3407 4757">
     <span class='ocr_line' id='line_1_105' title="bbox 1819 4685 3407 4757; baseline 0.001 -16"><span class='ocrx_word' id='word_1_763' title='bbox 1819 4687 2036 4742; x_wconf 90' lang='lat' dir='ltr'><strong>tissimo</strong></span> <span class='ocrx_word' id='word_1_764' title='bbox 2063 4686 2327 4742; x_wconf 85' lang='lat' dir='ltr'><strong>Silvestre</strong></span> <span class='ocrx_word' id='word_1_765' title='bbox 2351 4702 2569 4742; x_wconf 88' lang='lat' dir='ltr'><strong>sunnno</strong></span> <span class='ocrx_word' id='word_1_766' title='bbox 2595 4685 2852 4757; x_wconf 91' lang='lat' dir='ltr'><strong>pontiﬁce</strong></span> <span class='ocrx_word' id='word_1_767' title='bbox 2873 4686 3034 4742; x_wconf 88' lang='lat' dir='ltr'><strong>nobis</strong></span> <span class='ocrx_word' id='word_1_768' title='bbox 3058 4688 3293 4757; x_wconf 91' lang='lat' dir='ltr'><strong>prolata.</strong></span> <span class='ocrx_word' id='word_1_769' title='bbox 3320 4688 3407 4744; x_wconf 84' lang='lat' dir='ltr'><strong>ld-</strong></span> 
     </span>
    </p>
   </div>
   <div class='ocr_carea' id='block_1_106' title="bbox 1820 4779 3408 4855">
    <p class='ocr_par' dir='ltr' id='par_1_106' title="bbox 1820 4779 3408 4855">
     <span class='ocr_line' id='line_1_106' title="bbox 1820 4779 3408 4855; baseline 0.003 -20"><span class='ocrx_word' id='word_1_770' title='bbox 1820 4781 1969 4836; x_wconf 90' lang='lat' dir='ltr'><strong>circo</strong></span> <span class='ocrx_word' id='word_1_771' title='bbox 2011 4789 2329 4835; x_wconf 86' lang='lat' dir='ltr'><strong>exortamur</strong></span> <span class='ocrx_word' id='word_1_772' title='bbox 2357 4796 2576 4835; x_wconf 90' lang='lat' dir='ltr'><strong>omnem</strong></span> <span class='ocrx_word' id='word_1_773' title='bbox 2607 4780 2870 4850; x_wconf 88' lang='lat' dir='ltr'><strong>populum</strong></span> <span class='ocrx_word' id='word_1_774' title='bbox 2904 4787 2961 4834; x_wconf 89' lang='lat' dir='ltr'><strong>et</strong></span> <span class='ocrx_word' id='word_1_775' title='bbox 2997 4779 3245 4839; x_wconf 88' lang='lat' dir='ltr'><strong>diversas</strong></span> <span class='ocrx_word' id='word_1_776' title='bbox 3272 4799 3408 4855; x_wconf 88' lang='lat' dir='ltr'><strong>gen-</strong></span> 
     </span>
    </p>
   </div>
   <div class='ocr_carea' id='block_1_107' title="bbox 1818 4873 3409 4946">
    <p class='ocr_par' dir='ltr' id='par_1_107' title="bbox 1818 4873 3409 4946">
     <span class='ocr_line' id='line_1_107' title="bbox 1818 4873 3409 4946; baseline 0.003 -18"><span class='ocrx_word' id='word_1_777' title='bbox 1818 4874 1955 4928; x_wconf 92' lang='lat' dir='ltr'><strong>tium</strong></span> <span class='ocrx_word' id='word_1_778' title='bbox 1979 4874 2230 4929; x_wconf 90' lang='lat' dir='ltr'><strong>nationes</strong></span> <span class='ocrx_word' id='word_1_779' title='bbox 2255 4875 2400 4928; x_wconf 89' lang='lat' dir='ltr'><strong>hanc</strong></span> <span class='ocrx_word' id='word_1_780' title='bbox 2425 4875 2586 4929; x_wconf 89' lang='lat' dir='ltr'><strong>ﬁdem</strong></span> <span class='ocrx_word' id='word_1_781' title='bbox 2606 4882 2810 4940; x_wconf 90' lang='lat' dir='ltr'><strong>tenere,</strong></span> <span class='ocrx_word' id='word_1_782' title='bbox 2826 4873 3007 4929; x_wconf 88' lang='lat' dir='ltr'><strong>colere</strong></span> <span class='ocrx_word' id='word_1_783' title='bbox 3025 4883 3082 4929; x_wconf 90' lang='lat' dir='ltr'><strong>et</strong></span> <span class='ocrx_word' id='word_1_784' title='bbox 3103 4877 3409 4946; x_wconf 89' lang='lat' dir='ltr'><strong>predicarc,</strong></span> 
     </span>
    </p>
   </div>
   <div class='ocr_carea' id='block_1_108' title="bbox 1817 4965 3408 5042">
    <p class='ocr_par' dir='ltr' id='par_1_108' title="bbox 1817 4965 3408 5042">
     <span class='ocr_line' id='line_1_108' title="bbox 1817 4965 3408 5042; baseline 0.003 -22"><span class='ocrx_word' id='word_1_785' title='bbox 1817 4975 1872 5020; x_wconf 91' lang='lat' dir='ltr'><strong>et</strong></span> <span class='ocrx_word' id='word_1_786' title='bbox 1917 4965 1972 5019; x_wconf 93' lang='lat' dir='ltr'><strong>in</strong></span> <span class='ocrx_word' id='word_1_787' title='bbox 2018 4974 2221 5022; x_wconf 85' lang='lat' dir='ltr'><strong>sancta</strong></span> <span class='ocrx_word' id='word_1_788' title='bbox 2271 4965 2554 5021; x_wconf 90' lang='lat' dir='ltr'><strong>Trinitatis</strong></span> <span class='ocrx_word' id='word_1_789' title='bbox 2600 4965 2824 5021; x_wconf 90' lang='lat' dir='ltr'><strong>nomine</strong></span> <span class='ocrx_word' id='word_1_790' title='bbox 2867 4967 3099 5036; x_wconf 87' lang='lat' dir='ltr'><strong>gratiam</strong></span> <span class='ocrx_word' id='word_1_791' title='bbox 3145 4970 3408 5042; x_wconf 87' lang='lat' dir='ltr'><strong>baptismi</strong></span> 
     </span>
    </p>
   </div>
   <div class='ocr_carea' id='block_1_109' title="bbox 1818 5057 3408 5127">
    <p class='ocr_par' dir='ltr' id='par_1_109' title="bbox 1818 5057 3408 5127">
     <span class='ocr_line' id='line_1_109' title="bbox 1818 5057 3408 5127; baseline 0.003 -13"><span class='ocrx_word' id='word_1_792' title='bbox 1818 5057 2104 5127; x_wconf 89' lang='lat' dir='ltr'><strong>consequi,</strong></span> <span class='ocrx_word' id='word_1_793' title='bbox 2136 5066 2191 5112; x_wconf 91' lang='lat' dir='ltr'><strong>et</strong></span> <span class='ocrx_word' id='word_1_794' title='bbox 2223 5057 2519 5112; x_wconf 79' lang='lat' dir='ltr'><strong>dominum&#39;</strong></span> <span class='ocrx_word' id='word_1_795' title='bbox 2541 5057 2727 5113; x_wconf 85' lang='lat' dir='ltr'><strong>Jesum</strong></span> <span class='ocrx_word' id='word_1_796' title='bbox 2764 5059 3043 5115; x_wconf 91' lang='lat' dir='ltr'><strong>Christum</strong></span> <span class='ocrx_word' id='word_1_797' title='bbox 3077 5062 3408 5118; x_wconf 90' lang='lat' dir='ltr'><strong>salvatorem</strong></span> 
     </span>
    </p>
   </div>
   <div class='ocr_carea' id='block_1_110' title="bbox 1825 5149 3480 5224">
    <p class='ocr_par' dir='ltr' id='par_1_110' title="bbox 1825 5149 3480 5224">
     <span class='ocr_line' id='line_1_110' title="bbox 1825 5149 3480 5224; baseline 0.005 -19"><span class='ocrx_word' id='word_1_798' title='bbox 1825 5159 2096 5216; x_wconf 90' lang='lat' dir='ltr'><strong>nostrum,</strong></span> <span class='ocrx_word' id='word_1_799' title='bbox 2113 5151 2208 5221; x_wconf 91' lang='lat' dir='ltr'><strong>qui</strong></span> <span class='ocrx_word' id='word_1_800' title='bbox 2233 5167 2358 5204; x_wconf 90' lang='lat' dir='ltr'><strong>cum</strong></span> <span class='ocrx_word' id='word_1_801' title='bbox 2389 5149 2547 5205; x_wconf 88' lang='lat' dir='ltr'><strong>Patre</strong></span> <span class='ocrx_word' id='word_1_802' title='bbox 2569 5159 2622 5205; x_wconf 92' lang='lat' dir='ltr'><strong>et</strong></span> <span class='ocrx_word' id='word_1_803' title='bbox 2637 5149 2842 5221; x_wconf 90' lang='lat' dir='ltr'><strong>Spiritu</strong></span> <span class='ocrx_word' id='word_1_804' title='bbox 2865 5161 3058 5208; x_wconf 89' lang='lat' dir='ltr'><strong>sancto</strong></span> <span class='ocrx_word' id='word_1_805' title='bbox 3077 5169 3176 5224; x_wconf 90' lang='lat' dir='ltr'><strong>per</strong></span> <span class='ocrx_word' id='word_1_806' title='bbox 3197 5155 3410 5214; x_wconf 76' lang='lat' dir='ltr'><strong>inﬁnita</strong></span> <span class='ocrx_word' id='word_1_807' title='bbox 3473 5160 3480 5166; x_wconf 84' lang='grc'><em>’</em></span> 
     </span>
    </p>
   </div>
   <div class='ocr_carea' id='block_1_111' title="bbox 1820 5232 3500 5314">
    <p class='ocr_par' dir='ltr' id='par_1_111' title="bbox 1820 5232 3500 5314">
     <span class='ocr_line' id='line_1_111' title="bbox 1820 5232 3500 5314; baseline 0.005 -18"><span class='ocrx_word' id='word_1_808' title='bbox 1820 5241 1954 5297; x_wconf 89' lang='lat' dir='ltr'><strong>vivit</strong></span> <span class='ocrx_word' id='word_1_809' title='bbox 1981 5251 2036 5298; x_wconf 87' lang='lat' dir='ltr'><strong>et</strong></span> <span class='ocrx_word' id='word_1_810' title='bbox 2081 5252 2271 5313; x_wconf 88' lang='lat' dir='ltr'><strong>regnat</strong></span> <span class='ocrx_word' id='word_1_811' title='bbox 2299 5243 2504 5308; x_wconf 88' lang='lat' dir='ltr'><strong>secula,</strong></span> <span class='ocrx_word' id='word_1_812' title='bbox 2537 5258 2701 5314; x_wconf 89' lang='lat' dir='ltr'><strong>quem</strong></span> <span class='ocrx_word' id='word_1_813' title='bbox 2749 5243 3008 5300; x_wconf 88' lang='lat' dir='ltr'><strong>Silvester</strong></span> <span class='ocrx_word' id='word_1_814' title='bbox 3055 5246 3408 5304; x_wconf 85' lang='lat' dir='ltr'><strong>beatissimus</strong></span> <span class='ocrx_word' id='word_1_815' title='bbox 3435 5232 3450 5252; x_wconf 82' lang='grc'><em>’</em></span> <span class='ocrx_word' id='word_1_816' title='bbox 3490 5232 3500 5248; x_wconf 78' lang='grc'><em>’</em></span> 
     </span>
    </p>
   </div>
   <div class='ocr_carea' id='block_1_112' title="bbox 1819 5337 3410 5409">
    <p class='ocr_par' dir='ltr' id='par_1_112' title="bbox 1819 5337 3410 5409">
     <span class='ocr_line' id='line_1_112' title="bbox 1819 5337 3410 5409; baseline 0.006 -19"><span class='ocrx_word' id='word_1_817' title='bbox 1819 5344 1974 5406; x_wconf 89' lang='lat' dir='ltr'><strong>pater</strong></span> <span class='ocrx_word' id='word_1_818' title='bbox 2001 5345 2189 5392; x_wconf 90' lang='lat' dir='ltr'><strong>noster</strong></span> <span class='ocrx_word' id='word_1_819' title='bbox 2211 5337 2534 5392; x_wconf 86' lang='lat' dir='ltr'><strong>universalis</strong></span> <span class='ocrx_word' id='word_1_820' title='bbox 2569 5338 2814 5407; x_wconf 90' lang='lat' dir='ltr'><strong>predicat</strong></span> <span class='ocrx_word' id='word_1_821' title='bbox 2833 5337 3099 5409; x_wconf 81' lang='lat' dir='ltr'><strong>pontifex,</strong></span> <span class='ocrx_word' id='word_1_822' title='bbox 3127 5342 3293 5397; x_wconf 88' lang='lat' dir='ltr'><strong>corde</strong></span> <span class='ocrx_word' id='word_1_823' title='bbox 3319 5343 3410 5399; x_wconf 89' lang='lat' dir='ltr'><strong>de-</strong></span> 
     </span>
    </p>
   </div>
   <div class='ocr_carea' id='block_1_113' title="bbox 1823 5428 3404 5500">
    <p class='ocr_par' dir='ltr' id='par_1_113' title="bbox 1823 5428 3404 5500">
     <span class='ocr_line' id='line_1_113' title="bbox 1823 5428 3404 5500; baseline 0.004 -16"><span class='ocrx_word' id='word_1_824' title='bbox 1823 5439 1953 5485; x_wconf 89' lang='lat' dir='ltr'><strong>voto</strong></span> <span class='ocrx_word' id='word_1_825' title='bbox 1987 5430 2233 5484; x_wconf 85' lang='lat' dir='ltr'><strong>adorare.</strong></span> <span class='ocrx_word' id='word_1_826' title='bbox 2282 5428 2404 5500; x_wconf 86' lang='lat' dir='ltr'><strong>Ipse</strong></span> <span class='ocrx_word' id='word_1_827' title='bbox 2431 5431 2574 5485; x_wconf 86' lang='lat' dir='ltr'><strong>enim</strong></span> <span class='ocrx_word' id='word_1_828' title='bbox 2612 5431 2868 5487; x_wconf 90' lang='lat' dir='ltr'><strong>dominus</strong></span> <span class='ocrx_word' id='word_1_829' title='bbox 2907 5430 3052 5488; x_wconf 89' lang='lat' dir='ltr'><strong>Deus</strong></span> <span class='ocrx_word' id='word_1_830' title='bbox 3085 5443 3274 5491; x_wconf 90' lang='lat' dir='ltr'><strong>noster</strong></span> <span class='ocrx_word' id='word_1_831' title='bbox 3298 5436 3404 5491; x_wconf 91' lang='lat' dir='ltr'><strong>mi-</strong></span> 
     </span>
    </p>
   </div>
   <div class='ocr_carea' id='block_1_114' title="bbox 1824 5522 3407 5598">
    <p class='ocr_par' dir='ltr' id='par_1_114' title="bbox 1824 5522 3407 5598">
     <span class='ocr_line' id='line_1_114' title="bbox 1824 5522 3407 5598; baseline 0.003 -20"><span class='ocrx_word' id='word_1_832' title='bbox 1824 5531 2004 5578; x_wconf 89' lang='lat' dir='ltr'><strong>sertus</strong></span> <span class='ocrx_word' id='word_1_833' title='bbox 2023 5522 2154 5577; x_wconf 90' lang='lat' dir='ltr'><strong>mihi</strong></span> <span class='ocrx_word' id='word_1_834' title='bbox 2179 5523 2471 5592; x_wconf 90' lang='lat' dir='ltr'><strong>peccatori,</strong></span> <span class='ocrx_word' id='word_1_835' title='bbox 2494 5524 2698 5579; x_wconf 90' lang='lat' dir='ltr'><strong>nostris</strong></span> <span class='ocrx_word' id='word_1_836' title='bbox 2723 5539 2856 5581; x_wconf 90' lang='lat' dir='ltr'><strong>suos</strong></span> <span class='ocrx_word' id='word_1_837' title='bbox 2875 5533 3096 5582; x_wconf 88' lang='lat' dir='ltr'><strong>sanctos</strong></span> <span class='ocrx_word' id='word_1_838' title='bbox 3125 5528 3407 5598; x_wconf 82' lang='lat' dir='ltr'><strong>apostolos</strong></span> 
     </span>
    </p>
   </div>
   <div class='ocr_carea' id='block_1_115' title="bbox 1824 5616 3409 5690">
    <p class='ocr_par' dir='ltr' id='par_1_115' title="bbox 1824 5616 3409 5690">
     <span class='ocr_line' id='line_1_115' title="bbox 1824 5616 3409 5690; baseline 0.008 -21"><span class='ocrx_word' id='word_1_839' title='bbox 1824 5616 1891 5671; x_wconf 90' lang='lat' dir='ltr'><strong>ad</strong></span> <span class='ocrx_word' id='word_1_840' title='bbox 1928 5617 2258 5671; x_wconf 86' lang='lat' dir='ltr'><strong>visitandum</strong></span> <span class='ocrx_word' id='word_1_841' title='bbox 2289 5633 2391 5672; x_wconf 92' lang='lat' dir='ltr'><strong>nos</strong></span> <span class='ocrx_word' id='word_1_842' title='bbox 2427 5626 2482 5672; x_wconf 91' lang='lat' dir='ltr'><strong>et</strong></span> <span class='ocrx_word' id='word_1_843' title='bbox 2511 5617 2696 5673; x_wconf 90' lang='lat' dir='ltr'><strong>lumen</strong></span> <span class='ocrx_word' id='word_1_844' title='bbox 2731 5619 2818 5674; x_wconf 91' lang='lat' dir='ltr'><strong>sui</strong></span> <span class='ocrx_word' id='word_1_845' title='bbox 2853 5619 3160 5690; x_wconf 89' lang='lat' dir='ltr'><strong>splendoris</strong></span> <span class='ocrx_word' id='word_1_846' title='bbox 3195 5624 3409 5682; x_wconf 85' lang='lat' dir='ltr'><strong>infulsit</strong></span> 
     </span>
    </p>
   </div>
   <div class='ocr_carea' id='block_1_116' title="bbox 1377 5727 2047 5784">
    <p class='ocr_par' dir='ltr' id='par_1_116' title="bbox 1377 5727 2047 5784">
     <span class='ocr_line' id='line_1_116' title="bbox 1377 5727 2047 5784; baseline 0 -3"><span class='ocrx_word' id='word_1_847' title='bbox 1377 5727 1608 5784; x_wconf 59' lang='lat' dir='ltr'><strong>VARIZE</strong></span> <span class='ocrx_word' id='word_1_848' title='bbox 1649 5727 2047 5784; x_wconf 80' lang='lat' dir='ltr'><strong>LECTIONES.</strong></span> 
     </span>
    </p>
   </div>
   <div class='ocr_carea' id='block_1_117' title="bbox 207 5786 627 5860">
    <p class='ocr_par' dir='ltr' id='par_1_117' title="bbox 207 5786 627 5860">
     <span class='ocr_line' id='line_1_117' title="bbox 207 5786 627 5860; baseline 0.01 -17"><span class='ocrx_word' id='word_1_849' title='bbox 207 5786 250 5819; x_wconf 71' lang='grc'><strong>⁸⁸</strong></span> <span class='ocrx_word' id='word_1_850' title='bbox 279 5789 553 5860; x_wconf 71' lang='lat' dir='ltr'><strong>depravan</strong></span> <span class='ocrx_word' id='word_1_851' title='bbox 581 5811 627 5847; x_wconf 67' lang='grc' dir='ltr'><strong>ιτ.</strong></span> 
     </span>
    </p>
   </div>
  </div>
