3932 6298
603 385 672 439 47

603 497 763 552 nobis
789 504 842 550 et
866 495 1199 552 abstractum
1226 510 1255 548 a
1281 492 1515 548 tenebris
1536 492 1601 546 ad
1626 506 1809 546 veram
1834 507 1991 547 suam
2017 492 2191 545 lucem

604 599 661 644 et
693 589 1029 661 agnitionem
1065 589 1151 644 sui
1188 585 1424 642 nominis
1471 600 1557 639 me
1597 584 1912 653 pervenisse
1948 584 2188 655 gratula-

605 682 763 735 ntini.
796 679 931 735 Nam
960 695 1085 734 eum
1111 678 1313 734 dudum
1339 674 1514 729 valida
1541 674 1818 744 squaloris
1848 674 1997 743 lepra
2022 681 2190 728 totam

604 775 714 829 mei
735 773 985 844 corporis
1022 769 1306 826 invasisset
1325 781 1570 832 carnem,
1604 775 1659 820 et
1682 765 1979 820 multorum
2017 764 2189 819 medi-

607 879 801 920 corum
834 861 1269 919 convenientium
1307 873 1441 913 cura
1478 858 1850 921 adhiberetur,
1889 856 2023 911 nihil
2067 870 2192 926 pro-

608 956 713 1011 l‘nit
740 956 807 1011 ad
838 957 1082 1010 salutem.
1112 950 1189 1003 Ad
1224 951 1340 1005 haec
1372 948 1715 1004 advenerunt
1753 948 2062 1003 sacerdotes
2090 946 2195 1000 Ca-

608 1047 780 1119 pitolii
803 1048 1041 1102 dicentes
1065 1042 1198 1098 mihi
1228 1042 1426 1097 debere
1448 1038 1653 1095 fontem
1685 1039 1800 1095 tlcri
1825 1038 1878 1093 in
1901 1037 2192 1108 Capitolio,

606 1150 659 1193 ιιι
707 1137 964 1208 compleri
1016 1136 1165 1190 hunc
1210 1134 1566 1189 innocentum
1613 1132 1901 1203 sanguine,
1929 1142 1984 1186 et
2033 1131 2088 1185 in
2128 1146 2197 1185 eo

601 1230 811 1284 calente
836 1237 1012 1283 totum
1046 1240 1134 1280 me
1155 1238 1320 1294 posse
1350 1223 1623 1277 mandari.
1654 1221 1720 1277 Et
1758 1222 2060 1278 secundum
2100 1234 2196 1275 eo—

600 1336 725 1376 rum
767 1308 913 1374 dieta
959 1316 1266 1389 aggregatis
1304 1315 1554 1386 pluribus
1604 1314 2015 1381 innocenti-bus,
2065 1313 2195 1368 dum

606 1414 805 1467 vellent
829 1410 1079 1480 sacrilegi
1107 1422 1447 1479 paganorum
1477 1407 1787 1463 sacerdotes
1822 1420 1921 1462 eos
1967 1404 2197 1462 mactari

605 1515 664 1559 et
699 1521 763 1559 ex
792 1517 986 1558 eorum
1012 1501 1279 1573 sanguine
1312 1498 1514 1555 fontem
1551 1501 1764 1570 repleri,
1789 1513 2019 1555 cernens
2051 1513 2198 1553 sere-

607 1596 755 1650 nitas
789 1602 979 1649 nostra
1017 1595 1273 1649 lacrimas
1296 1601 1534 1648 matrum
1568 1606 1783 1655 eorum,
1814 1592 1943 1647 ilico
1977 1589 2198 1647 exorrui

584 1684 846 1746 'l‘acinus.
879 1687 1248 1757 misertusque
1286 1700 1500 1751 earum,
1533 1684 1788 1756 proprios
1830 1684 1939 1739 illis
1981 1683 2199 1739 restitui

608 1778 772 1843 ﬁlios,
809 1778 1066 1848 datisque
1089 1778 1359 1833 vehiculis
1399 1787 1453 1833 et
1477 1777 1638 1833 donis
1664 1776 1947 1833 concessis
1981 1775 2048 1831 ad
2072 1790 2202 1846 pro—

613 1884 730 1940 pria
778 1870 900 1927 illas
946 1884 1142 1926 omnes
1195 1870 1495 1942 gaudentes
1547 1868 1934 1925 relaxavimns.
1996 1867 2200 1924 Eadem

609 1971 776 2033 Igitur
790 1970 1067 2019 transacta
1088 1963 1179 2019 die
1196 1971 1471 2019 nocturno
1493 1962 1652 2017 nobis
1674 1960 1819 2019 facto
1835 1961 2054 2018 silentio
2068 1960 2200 2016 dum

609 2053 792 2109 somni
831 2060 1049 2125 tempus
1094 2053 1438 2119 advenisset,
1493 2053 1697 2108 adsunt
1747 2053 1980 2125 apostoli
2025 2052 2200 2109 sancti

609 2143 805 2199 Petrus
828 2152 882 2200 et
912 2143 1119 2200 Paulus
1143 2144 1388 2201 dicentes
1412 2145 1586 2199 mihi:
1626 2163 1643 2196 ι
1679 2143 1819 2211 Quia
1850 2142 2069 2216 ﬂagitiis
2104 2157 2202 2213 po-

607 2237 770 2293 suisti
791 2237 1108 2303 terminum,
1144 2246 1195 2292 et
1221 2237 1544 2293 eﬂ'usionem
1581 2237 1864 2308 sanguinis
1894 2235 2202 2293 innocentis

604 2329 858 2396 orruisti,
890 2328 1045 2385 missi
1072 2344 1267 2385 sumus
1297 2346 1329 2384 a
1348 2329 1573 2385 Christo
1603 2330 1831 2385 domino
1863 2336 2053 2385 nostro
2071 2327 2203 2383 dare

610 2421 709 2477 tibi
762 2422 1019 2478 sanitatis
1070 2421 1442 2493 recuperando
1491 2421 1804 2477 consilium.
1847 2421 1988 2477 Audi
2036 2421 2205 2492 igitur

614 2515 823 2569 monita
847 2522 1057 2579 nostra,
1079 2523 1133 2569 et
1153 2512 1238 2569 l‘ac
1259 2528 1602 2585 qtltecunqne
1622 2514 1931 2569 indicamus
1953 2514 2070 2569 tibi.
2101 2512 2205 2568 Sil-

610 2615 792 2662 vester
825 2606 1117 2678 episcopus
1157 2607 1397 2663 civitatis
1430 2607 1499 2662 ad
1528 2616 1769 2663 montem
1809 2605 2081 2678 Seraptim
2112 2604 2201 2660 l‘u-

592 2700 766 2769 giens
806 2698 1262 2770 persequutiones
1317 2707 1463 2767 tuas,
1509 2700 1565 2756 in
1616 2699 1870 2757 cavernis
1914 2713 2041 2757 cum
2086 2700 2203 2755 suis

572 2820 575 2821 ν
608 2790 828 2845 clericis
867 2791 1133 2847 latebram
1178 2790 1339 2847 fovet.
1372 2790 1531 2848 llunc
1555 2808 1681 2848 cum
1708 2792 1777 2848 ad
1805 2800 1858 2848 te
1884 2792 2201 2857 adduxeris,

606 2883 731 2950 ipse
771 2880 871 2937 tibi
911 2883 1181 2953 piscinam
1214 2884 1409 2939 salutis
1453 2885 1726 2952 ostendet,
1763 2885 1820 2939 in
1847 2900 1956 2955 qua
1987 2885 2119 2939 dum
2151 2893 2205 2939 te

596 2974 780 3029 :tertio
797 2975 1075 3040 merserit,
1107 2976 1289 3031 omnis
1315 2990 1346 3030 a
1383 2984 1435 3032 te
1456 2976 1621 3047 leprze
1650 2976 1904 3031 valetudo
1936 2976 2199 3047 ditl‘ugiet.

603 3066 775 3133 Quod
821 3082 946 3123 cum
993 3065 1198 3124 factum
1241 3066 1427 3133 fuerit,
1462 3068 1604 3124 hanc
1632 3067 2065 3124 vicissitudinem
2109 3079 2205 3123 tuo

608 3159 891 3215 Salvatori
913 3174 1228 3231 compensa,
1259 3169 1317 3214 ut
1350 3174 1542 3216 omnes
1569 3176 1666 3231 per
1687 3168 1861 3216 totum
1890 3161 2077 3216 orbem
2112 3169 2205 3216 tuo

573 3252 775 3323 -,jnssu
798 3252 1043 3309 ecclesiae
1074 3260 1472 3309 restaurentur.
1505 3252 1581 3309 Te
1605 3263 1787 3308 autem
1822 3254 2001 3324 ipsum
2028 3253 2080 3308 in
2104 3254 2208 3310 hac

614 3353 771 3415 parte
792 3344 1041 3416 puriﬁca,
1058 3354 1120 3400 ut
1143 3346 1329 3401 relicta
1354 3345 1506 3401 omni
1529 3347 1917 3417 superstitione
1937 3346 2208 3402 idolorum

602 3436 915 3491 Dominum
940 3436 1126 3491 vivum
1147 3445 1202 3490 et
1223 3451 1434 3502 verum,
1457 3436 1549 3506 qni
1575 3437 1727 3492 solus
1747 3446 1831 3493 est
1855 3436 1997 3492 Deus
2024 3452 2208 3503 verus,

608 3528 815 3585 adores
849 3530 1117 3595 et‘colas,
1161 3537 1221 3583 ut
1247 3529 1315 3585 ad
1355 3529 1476 3598 ejus
1513 3530 1851 3585 voluntatem
1883 3533 2140 3601 attingas.
2185 3549 2202 3581 ν

562 3646 571 3667 -.
619 3618 910 3690 Exurgens
940 3628 1124 3675 autem
1157 3634 1188 3674 a
1223 3634 1420 3675 somno
1450 3621 1702 3690 protinus
1726 3619 1882 3691 juxta
1913 3619 1967 3675 id
2001 3620 2148 3690 quod
2177 3635 2208 3676 a

620 3712 831 3769 sanctis
852 3712 1125 3782 apostolis
1164 3712 1482 3768 admonitus
1527 3727 1650 3767 sum
1680 3712 1885 3783 peregi,
1914 3712 2210 3767 advocato—

614 3817 727 3872 que
752 3801 945 3857 eodem
976 3800 1235 3871 precipuo
1274 3809 1330 3857 et
1350 3801 1640 3873 magniﬁco
1664 3811 1816 3872 patre
1847 3809 1905 3858 ct
1931 3801 2211 3857 illumina-

619 3903 740 3950 tore
770 3901 966 3950 nostro
993 3891 1258 3949 Silvestro
1284 3893 1583 3949 universali
1621 3909 1783 3965 papa,
1813 3894 2000 3949 omnia
2022 3909 2054 3949 a
2079 3910 2211 3950 san-

619 3984 725 4041 ctis
746 3983 1009 4055 apostolis
1031 3994 1280 4055 precepta
1302 3986 1356 4039 in
1378 3986 1545 4041 verba
1558 3986 1694 4053 dixi,
1716 3993 2214 4057 percunctatusque

572 4118 579 4123 .
620 4092 744 4132 sum
760 4092 908 4143 cum,
933 4078 1026 4147 qui
1042 4078 1318 4134 cssentdii
1338 4078 1430 4134 isti
1450 4077 1649 4135 Petrus
1661 4089 1714 4135 et
1731 4078 1935 4135 Paulus
1954 4077 2072 4149 (fol.
2094 4079 2208 4150 2i).

608 4167 717 4225 ‘llle
736 4183 872 4225 vero
905 4184 1015 4225 non
1046 4185 1142 4225 eos
1179 4184 1307 4226 vere
1335 4170 1470 4227 deos
1490 4171 1669 4227 dictos
1698 4172 1794 4238 ait,
1815 4173 1910 4229 sed
1935 4173 2214 4244 apostolos

570 4304 575 4309 .
624 4259 926 4318 Salvatoris
974 4259 1182 4316 domini
1228 4261 1402 4318 nostri
1445 4261 1577 4320 Iesu
1618 4262 1843 4320 Christi.
1882 4262 1951 4320 Et
1990 4280 2212 4320 rursum

620 4351 959 4425 interrogare
986 4354 1250 4424 cepimus
1291 4355 1526 4410 eundem
1567 4354 1949 4412 beatissimum
1993 4371 2212 4427 papam,

618 4452 806 4500 utrum
827 4460 1021 4502 eorum
1044 4446 1313 4517 imagines
1337 4446 1515 4517 pietas
1537 4446 1784 4513 haberet,
1812 4455 1874 4503 ut
1893 4463 1961 4503 ex
1985 4447 2216 4518 picturis

618 4536 959 4595 iusseramus
1000 4537 1103 4592 hos
1143 4552 1267 4593 esse
1302 4552 1446 4607 quos
1491 4551 1579 4593 me
1623 4537 1883 4596 revelatio
1929 4538 2209 4594 docuerat.

514 4668 517 4671 η
616 4627 779 4685 Tunc
822 4627 996 4684 isdem
1041 4628 1369 4685 venerabilis
1416 4638 1573 4700 pater
1604 4629 1875 4701 imagines
1911 4631 2210 4687 eorundem

620 4721 998 4791 apostolorum
1036 4736 1134 4792 per
1164 4721 1450 4778 diaconem
1495 4737 1660 4778 suum
1695 4722 1902 4779 exiberi
1946 4725 2207 4795 precepit.

572 4856 575 4859 η
621 4817 801 4880 Quam
825 4815 956 4872 dum
1000 4815 1300 4885 aspicerem
1339 4824 1394 4872 et
1422 4830 1615 4872 eorum
1647 4831 1791 4887 quos
1816 4816 1872 4872 in
1902 4832 2099 4874 somno
2128 4819 2211 4873 vi-

576 4960 579 4965 .
620 4910 809 4963 derata
858 4906 1123 4979 ﬁguratos
1180 4906 1236 4962 in
1290 4908 1427 4979 ipsis
1489 4908 1821 4979 imaginibus
1875 4910 2210 4981 aspexissem

621 4998 839 5065 vultus,
898 4998 1103 5070 ingenti
1151 4999 1391 5056 clamore
1432 5014 1626 5055 coram
1675 5002 1932 5058 omnibus
1978 5004 2213 5074 satrapis
2258 5040 2263 5047 ο

624 5090 767 5149 meis
790 5090 1079 5149 confessus
1104 5110 1226 5149 sum
1282 5110 1379 5151 eos
1416 5111 1541 5151 esse
1570 5110 1711 5166 quos
1741 5096 1795 5150 in
1838 5110 2036 5151 somno
2059 5095 2214 5150 vide-
2260 5126 2265 5139 ι

576 5214 583 5231 ι
623 5200 768 5240 ram.
792 5183 876 5242 Ad
897 5185 1016 5241 haec
1041 5185 1238 5241 indixit
1267 5187 1618 5244 beatissimus
1646 5186 1925 5255 Silvester,
1956 5187 2098 5243 idem
2121 5203 2217 5257 pa-

572 5308 579 5331 ς
622 5286 708 5333 tor
729 5286 936 5344 noster,
972 5276 1130 5333 urbis
1154 5276 1342 5335 Roma:
1362 5281 1673 5350 episcrpus,
1699 5280 1859 5336 nobis
1882 5279 2217 5351 paenitentiae

570 5412 577 5417 .
621 5382 847 5438 tempus
886 5368 1029 5425 intra
1060 5369 1321 5440 palatium
1363 5379 1619 5428 nostrum
1648 5371 2020 5428 Lateranense
2056 5371 2112 5426 in
2132 5371 2217 5443 je-

620 5460 782 5532 junio
801 5469 857 5517 et
878 5461 1081 5529 cilicio,
1112 5470 1175 5519 ut
1201 5465 1387 5519 omnia
1413 5470 1538 5535 quae
1564 5480 1597 5519 a
1620 5464 1781 5521 nobis
1805 5462 1973 5534 impie
1992 5470 2213 5534 peracta
2261 5483 2266 5489 ·

625 5560 794 5623 atque
819 5551 1304 5624 injustedisposita
1335 5553 1573 5623 fuerant,
1594 5556 1815 5629 vigiliis,
1848 5555 2095 5628 jejuniis,
2130 5555 2215 5611 la-

625 5644 817 5703 crimis
837 5654 893 5703 et
910 5647 1255 5705 orationibus
1279 5648 1422 5720 apud
1444 5649 1731 5705 dominum
1754 5657 2006 5705 nostrum
2027 5646 2215 5705 Iesum

625 5736 908 5796 Christum
953 5740 1289 5797 Salvatorem
1332 5743 1493 5799 nobis
1533 5743 1725 5800 donari
1773 5745 2212 5817 impetraremus.

624 5835 828 5893 Deinde
879 5851 976 5907 per
1020 5852 1217 5893 manus
1243 5836 1649 5907 impositionem
1684 5839 2007 5897 clericorum
2043 5855 2219 5911 usque

1596 377 1895 435 llUCONlS
1933 376 2226 432 ABBATIS
2266 374 2835 432 FLAVINIACENSIS

3774 374 3820 428 48

2224 504 2264 557 Α
2297 490 2363 544 ad
2387 490 2567 559 ipsum
2580 485 3013 559 presulem'veni,
3044 484 3226 554 ibique
3247 483 3645 540 abrenuncians
3657 476 3821 543 Satanae

2292 579 2510 649 pompis
2522 588 2576 632 et
2597 577 2857 647 operibus
2876 576 3021 646 ejus,
3045 584 3101 629 et
3117 574 3394 629 universis
3419 573 3576 630 idolis
3598 592 3739 632 manu
3761 578 3819 632 la-

2294 671 2417 734 ctis,
2444 672 2667 726 credere
2688 686 2777 726 me
2803 670 2915 725 dixi
2950 669 3004 723 in
3027 667 3197 723 Deum
3223 677 3433 738 patrem
3456 669 3821 739 omnip'steutrut

2296 762 2561 819 faetorem
2597 765 2721 819 (εαξΙί
2760 773 2814 819 ct
2851 771 3032 827 terra),
3085 760 3383 815 visibilium
3414 770 3470 816 et
3506 761 3820 827 invisibilitun,

2293 865 2349 913 et
2392 857 2445 911 in
2487 854 2673 912 Jcsum
2707 856 2988 911 Christum
3032 854 3257 908 unicum
3303 854 3586 909 dominum
3626 863 3821 911 nostrum

2293 949 2389 1020 qui
2435 955 2600 1005 natus
2638 957 2724 1004 cst
2764 949 2832 1004 de
2873 946 3080 1018 Spiritu
3122 954 3315 1001 sancto
3351 954 3410 1001 et
3449 944 3611 1001 Maria
3644 947 3823 1018 virgine,

2296 1048 2597 1111 spontanea
2644 1041 2925 1096 voluntate
2969 1050 3155 1095 ceram
3200 1039 3351 1094 omni
3377 1039 3577 1110 populo
3596 1039 3825 1096 confessas

2297 1148 2443 1188 sum.
2491 1132 2897 1203 Benedictoque
2949 1130 3100 1187 fonte
3143 1130 3254 1186 illic
3294 1145 3388 1186 me
3429 1130 3569 1185 trina
3609 1131 3825 1187 mersisne

2299 1224 2442 1279 unda
2480 1223 2671 1278 salutis
2696 1222 3024 1295 puriticavit.
3053 1220 3348 1293 Positoque
3384 1235 3474 1276 me
3497 1221 3549 1275 in
3577 1218 3724 1277 fontis
3740 1236 3825 1292 grc-

2298 1315 2431 1380 mio,
2478 1330 2701 1370 manum
2755 1326 2844 1369 me
2891 1315 2958 1370 de
2999 1315 3142 1369 emlo
3195 1314 3601 1384 contingentem
3643 1313 3825 1384 propriis

2299 1407 2479 1462 oculis
2515 1406 2647 1471 vidi,
2676 1407 2745 1461 de
2780 1422 2890 1477 qua
2924 1406 3165 1461 mundus
3195 1420 3495 1476 exurgens,
3524 1404 3592 1459 ab
3616 1404 3744 1459 omni
3765 1420 3825 1457 me

2301 1501 2466 1571 lepra:
2493 1501 2749 1570 squalore
2774 1500 3098 1555 mundatnm
3133 1499 3454 1570 cognoscite
3478 1496 3594 1568 (fol.
3616 1496 3730 1568 ειν).
3751 1494 3822 1550 Lc-

2300 1602 2535 1664 vatoque
2563 1607 2652 1648 me
2692 1593 2760 1648 de
2787 1592 3089 1648 venerabili
3130 1590 3282 1647 fonte
3317 1591 3614 1662 iMquue
3640 1590 3826 1646 vestibus

2301 1685 2552 1740 candidis
2588 1684 2927 1755 septiformis
2957 1684 3198 1755 Spiritus
3229 1685 3411 1740 sancti
3439 1683 3498 1738 in
3526 1682 3825 1755 consignatio-

2303 1790 2428 1830 nem
2466 1776 2738 1842 adhibuit,
2782 1776 2927 1831 beati
2972 1775 3252 1831 crismatis
3300 1776 3559 1831 unctione
3597 1784 3645 1830 et
3675 1782 3827 1830 unde

2234 1850 2277 1904 Β
2302 1865 2484 1923 crucis
2522 1868 2723 1923 vexillo
2754 1883 2932 1922 meam
2980 1867 3214 1922 frontem
3253 1866 3456 1933 linivit,
3485 1867 3693 1923 dicens:
3726 1885 3742 1915 ι
3767 1866 3826 1918 Si-

2313 1967 2444 2031 gnat
2481 1967 2534 2015 te
2554 1958 2823 2015 Dominus
2845 1959 3025 2031 sigillo
3050 1958 3173 2015 ﬂdei
3204 1975 3323 2017 sum
3351 1960 3406 2015 in
3436 1958 3644 2014 nomine
3678 1956 3825 2019 Patris,

2310 2061 2367 2107 et
2386 2051 2533 2119 Filii,
2573 2060 2630 2107 et
2660 2051 2899 2123 Spiritus
2932 2052 3109 2107 sancti
3142 2050 3196 2106 in
3239 2050 3647 2122 consignatione
3664 2049 3821 2110 tideiw

2303 2155 2644 2218 cunctusquc
2682 2147 2866 2203 clerus
2897 2145 3221 2217 respondit:
3273 2166 3294 2197 ι
3324 2147 3520 2201 Amen.
3552 2164 3569 2196 ι
3598 2144 3654 2200 Et
3682 2142 3827 2214 adjecit

2303 2239 2490 2311 presul
2516 2256 2531 2294 :
2560 2257 2583 2291 ι
2613 2237 2724 2293 Pax
2764 2238 2884 2294 tibi.
2918 2257 2939 2291 ι
2973 2237 3159 2292 Primo
3202 2237 3396 2309 itaque
3424 2246 3545 2308 post
3581 2245 3826 2307 perceptum

2307 2332 2450 2389 sacri
2474 2331 2822 2403 baptismatis
2845 2330 3167 2404 mysterium
3188 2338 3245 2385 et
3265 2339 3395 2401 post
3416 2330 3724 2386 curationem
3740 2342 3827 2381 ror-

2301 2425 2454 2496 poris
2488 2424 2595 2480 mei
2626 2439 2655 2479 a
2699 2424 2955 2495 squalore
2985 2425 3151 2494 lcprze.
3184 2423 3385 2495 agnovi
3431 2436 3535 2476 non
3571 2435 3679 2476 esse
3706 2419 3826 2473 alium

2304 2519 2475 2576 Deum
2505 2520 2609 2575 nisi
2651 2519 2869 2575 Patrem
2899 2530 2954 2576 et
2998 2518 3198 2574 Filium
3225 2528 3281 2574 et
3320 2516 3580 2589 Spiritum
3618 2524 3825 2572 sanctum,

2303 2630 2468 2687 quem
2510 2613 2865 2669 beatissimus
2896 2622 3052 2684 pater
3094 2610 3362 2668 Silvester
3390 2611 3639 2684 predicat,
3671 2607 3823 2663 trinita-

2309 2718 2418 2764 tem
2470 2707 2525 2762 in
2561 2707 2792 2772 unitate,
2830 2706 3093 2760 unitatem
3136 2705 3192 2759 in
3225 2705 3492 2760 trinitate.
3536 2701 3656 2758 Nam
3689 2712 3828 2755 omnes

2303 2800 2379 2854 dii
2428 2798 2671 2871 gentium
2719 2812 2861 2869 quos
2910 2797 3178 2853 hactenus
3229 2797 3403 2864 colui,
3428 2794 3664 2853 demonia
3709 2806 3828 2863 opera

2306 2907 2471 2947 manu
2499 2891 2783 2947 hominum
2818 2889 2960 2944 facta
2989 2889 3445 2961 compnbantur.
3478 2886 3674 2943 Etenim
3697 2899 3829 2955 quan-

2307 2992 2416 3039 tam
2457 2992 2781 3055 potestatem
2829 2982 2970 3037 idem
3020 2981 3275 3038 Salvator
3309 2983 3557 3054 apostolo
3595 2995 3684 3035 suo
3712 2976 3830 3030 Petro

2305 3077 2595 3133 contulerit
2620 3078 2674 3132 in
2699 3077 2839 3133 ctelo
2860 3085 2915 3131 et
2934 3077 2989 3131 in
3012 3084 3180 3143 terra,
3207 3076 3546 3133 lucidissime
3568 3073 3704 3130 nobis
3727 3071 3829 3124 idem
3906 3102 3907 3119 η

2234 3199 2278 3262 C
2309 3170 2636 3228 venerabilis
2666 3180 2821 3242 pater
2840 3170 3029 3235 edixit,
3055 3170 3186 3226 dum
3210 3169 3426 3226 ﬁdelem
3452 3185 3571 3223 eum
3602 3168 3649 3222 in
3673 3180 3754 3220 sua
3774 3162 3830 3214 in-

2309 3264 2679 3336 terrogatione
2699 3263 2985 3318 inveniens
3003 3262 3140 3318 dixit
3163 3281 3178 3317 :
3213 3282 3231 3315 ι
3262 3262 3349 3318 Tu
3373 3280 3434 3319 es
3454 3261 3632 3317 Petrus
3654 3267 3699 3313 et
3714 3267 3833 3324 super

2311 3355 2454 3411 hanc
2499 3363 2710 3426 petram
2752 3354 3021 3410 editieabo
3058 3355 3352 3410 ecclesiam
3400 3369 3590 3419 meam,
3625 3360 3673 3406 et
3709 3356 3835 3419 pom!

2310 3445 2469 3501 inferi
2510 3460 2620 3501 non
2653 3447 3026 3516 praevalebunt
3070 3447 3337 3503 adversus
3373 3463 3512 3512 eam,
3544 3454 3594 3500 et
3625 3443 3706 3498 tibi
3732 3438 3835 3494 dabo

2308 3539 2490 3594 claves
2511 3539 2663 3609 regni
2688 3539 2958 3605 celerum,
2989 3547 3044 3593 et
3068 3538 3441 3611 quodcunque
3462 3536 3694 3610 ligaveris
3711 3541 3833 3599 suprr

2311 3638 2515 3684 terram
2546 3630 2651 3684 erit
2677 3630 2902 3701 ligatum
2927 3639 2982 3684 et
3012 3629 3065 3684 in
3103 3629 3257 3694 celis,
3291 3640 3349 3685 et
3390 3630 3726 3701 quodcunque
3755 3617 3831 3673 sol-

2311 3721 2458 3777 veris
2485 3724 2652 3791 super
2674 3730 2878 3776 terram
2904 3721 3009 3777 erit
3032 3721 3270 3778 solutum
3308 3732 3367 3777 ct
3389 3724 3443 3776 in
3470 3720 3612 3776 eeiis.
3645 3737 3660 3768 ι
3685 3713 3833 3769 Mirm"

2311 3813 2418 3868 hoc
2443 3820 2531 3867 est
2550 3812 2705 3868 valde
2726 3821 2782 3868 et
2808 3813 3111 3885 gloriosum
3144 3813 3197 3868 in
3226 3822 3374 3869 terra
3406 3814 3568 3885 ligare
3586 3819 3635 3865 et
3658 3807 3834 3863 solvm'.

2310 3913 2367 3958 et
2390 3904 2445 3958 in
2460 3904 2596 3960 .celo
2627 3904 2852 3976 ligatum
2876 3914 2931 3960 et
2954 3906 3194 3960 solutum
3217 3920 3363 3961 esse.
3390 3905 3454 3961 Et
3473 3906 3595 3961 dum
3617 3902 3716 3957 btec
3736 3909 3835 3969 prr-

2311 3996 2529 4052 dicante
2549 3996 2868 4053 beatissimo
2892 3995 3158 4053 Silvestre
3179 4013 3532 4070 agnoscerem
3554 4005 3604 4052 et
3621 3984 3835 4050 beneﬁt-iis

2315 4086 2489 4157 ipsius
2514 4087 2658 4143 beati
2688 4087 2835 4143 Petri
2868 4088 3083 4160 integre
3110 4104 3200 4143 me
3233 4088 3455 4145 sanitati
3476 4084 3700 4157 corporis
3720 4077 3837 4135 resti-

2317 4188 2520 4245 tutum,
2559 4182 2693 4236 utile
2721 4181 3091 4251 indicavimus
3123 4198 3229 4237 una
3269 4198 3396 4238 eum
3427 4180 3667 4236 omnibus
3685 4169 3838 4229 nostris

2312 4274 2553 4345 satrapis
2600 4282 2656 4329 et
2693 4274 2954 4330 universo
2989 4283 3183 4329 senatu
3223 4283 3278 4329 et
3320 4282 3520 4331 cuncto
3545 4268 3722 4343 populo
3757 4260 3837 4315 llo-

2316 4380 2494 4421 manaa
2520 4366 2709 4438 glorias
2725 4374 2780 4421 et
2801 4366 3033 4437 imperio
3060 4366 3400 4437 subjacente,
3421 4364 3634 4422 utsicut
3656 4360 3701 4414 in
3721 4350 3838 4410 terris

2315 4458 2558 4515 vicarius
2604 4458 2701 4514 tllii
2748 4458 2968 4515 Domini
3013 4459 3232 4515 videtur
3273 4452 3410 4517 esse
3439 4456 3754 4516 constitutus,
3785 4444 3837 4496 ila

2244 4562 2291 4621 ι)
2315 4551 2482 4606 etiam
2503 4558 2566 4607 et
2580 4551 2870 4622 pontiﬁces
2891 4552 2986 4622 qui
3025 4552 3200 4623 ipsius
3232 4551 3499 4625 principis
3531 4542 3837 4620 apostolorum

2313 4644 2464 4699 vices
2492 4652 2705 4715 gerunt,
2731 4644 3073 4715 principatus
3109 4654 3435 4716 potestatem
3475 4636 3691 4713 amplius
3714 4639 3838 4702 quam

2317 4745 2534 4792 terrena
2587 4744 2792 4792 nostras
2838 4736 3140 4807 imperialis
3186 4735 3550 4792 mansuetudo
3591 4717 3838 4788 serenitatis

2318 4828 2520 4884 habere
2555 4828 2794 4896 videtur,
2833 4843 3156 4884 concessam
3200 4845 3229 4883 a
3273 4830 3434 4884 nobis
3469 4831 3738 4890 nostroque
3765 4812 3838 4865 int-

2317 4920 2470 4990 perio
2514 4918 2816 4986 obtineant,
2867 4921 3132 4993 eligentes
3178 4921 3338 4977 nobis
3378 4921 3552 4991 ipsum
3598 4907 3838 4985 princip?”

2318 5013 2692 5081 apostolorum
2714 5013 2798 5069 vel
2820 5013 2942 5083 ejus
2961 5014 3200 5069 vicarius
3224 5013 3411 5068 ﬁrmos
3430 5009 3565 5083 apud
3588 5005 3734 5060 Deum
3752 5006 3841 5050 esse

2318 5111 2600 5172 patronos.
2631 5101 2696 5158 Et
2725 5103 2869 5159 sicut
2909 5112 2993 5160 est
3018 5114 3204 5160 nostra
3238 5113 3453 5160 terrena
3482 5091 3749 5170 imperialis
3770 5098 3839 5155 p0-

2318 5195 2486 5249 tcntia
2532 5194 2653 5266 ejus
2696 5204 3104 5253 sacrosanctam
3154 5196 3455 5251 Romanam
3486 5187 3741 5248 ecclesiam
3767 5177 3838 5230 (10·

2316 5287 2590 5343 crevimus
2634 5288 2907 5343 honorare
2943 5297 2998 5343 et
3036 5289 3274 5359 amplius
3319 5302 3479 5359 quant
3518 5286 3737 5338 nostrum
3765 5267 3839 5319 im-

2317 5379 2530 5449 perium
2563 5388 2618 5434 et
2660 5387 2938 5436 terrenum
2971 5396 3199 5452 regnum
3246 5384 3427 5436 sedem
3475 5364 3834 5433 sacratissimaIn

2320 5469 2465 5526 beati
2498 5469 2645 5528 Petri
2669 5472 2909 5544 gloriose
2944 5474 3205 5539 exaltare,
3244 5474 3540 5529 tribuentes
3574 5463 3621 5521 ei

2319 5569 2431 5617 tem
2468 5570 2526 5618 et
2547 5562 2735 5635 glorias
2760 5564 3080 5637 dignitatem
3129 5575 3294 5636 atque
3327 5566 3562 5637 vigorem
3585 5563 3636 5613 et
3662 5554 3834 5607 honor"

2320 5650 2597 5711 licentiam
2638 5656 2995 5727 imperialem,
3029 5667 3194 5729 atque
3218 5659 3564 5714 decernentes
3592 5641 3832 5729 sancimus.

2319 5764 2383 5812 ut
2402 5754 2770 5827 principatum
2793 5753 3034 5823 optineat
3057 5727 3168 5809 tam
3193 5768 3357 5823 super
3374 5751 3406 5806 4
3420 5746 3684 5821 precipuas
3698 5727 3830 5789 sedes»

2323 5849 2743 5915 Antiochenam,
2774 5846 3217 5914 Alexandrinam,
3245 5827 3830 5906 ConstantinOpolitanam
3894 5844 3895 5873 ι
