3932 6298
94 369 155 423 ti)
298 340 313 353 ’
1279 362 1692 420 cunemcon.
1729 396 1796 405 —
1826 362 1953 420 LIB.
1986 363 2024 419 ι.
3280 373 3349 428 eo

91 491 141 534 et
180 476 695 542 terosolimitanam,
740 491 1016 547 quamque
1056 477 1229 532 eciam
1275 493 1439 547 super
1469 462 1660 533 omnes
1693 481 1734 537 Α
1763 491 1870 546 que
1908 478 1976 532 de
2009 477 2246 547 presenti
2271 480 2645 536 contradimus
2672 481 2931 552 palatium
2959 492 3208 540 nostrum
3246 484 3347 541 La-

93 568 337 625 universo
382 568 514 623 orbe
560 576 827 622 terrarum
872 566 968 622 Dei
1003 568 1282 624 ecclesias.
1324 568 1389 623 Et
1418 568 1659 639 portifex

92 661 177 731 qui
211 675 308 730 pro
332 668 578 730 tempore
610 658 785 729 ipsius
810 667 1175 715 sacrosancta:
1204 659 1464 715 Romanae
1483 662 1658 716 eccle-

92 753 177 809 size
198 751 455 817 extiterit,
483 751 681 806 celsior
694 760 750 806 et
767 751 1020 821 princeps
1048 751 1263 807 cunctis
1286 753 1662 808 sacerdotibus

93 841 245 896 wtins
287 840 480 895 mundi
529 839 751 905 existat,
794 849 850 895 et
901 840 1022 910 ejus
1072 840 1280 911 judicio
1321 856 1551 912 qumque
1592 840 1659 896 ad

92 931 282 988 cultum
307 929 404 986 Dei
426 938 480 985 et
500 930 621 985 fidei
647 931 1072 986 christianorum
1096 931 1442 987 stabilitatem
1464 946 1661 1002 procu-

94 1022 247 1077 randa
287 1021 513 1089 fuerint,
536 1022 902 1092 disponantur
932 1022 1049 1093 (fol.
1073 1023 1187 1094 2‘2).
1217 1022 1434 1080 Iustum
1461 1024 1661 1096 quippe

91 1122 247 1169 estut
270 1112 344 1168 ibi
384 1113 474 1168 lex
513 1122 703 1168 sancta
734 1124 900 1184 caput
939 1123 1118 1169 teneat
1173 1114 1530 1184 principatus,
1568 1114 1660 1169 ubi

93 1214 387 1260 sanctarum
420 1205 597 1276 legum
642 1205 924 1261 institutor
953 1204 1203 1261 Salvator
1229 1215 1415 1261 noster
1442 1206 1657 1262 beatum

95 1296 297 1351 Petrum
354 1297 664 1367 apostolum
726 1297 1068 1367 apostolatus
1119 1298 1368 1368 optinere
1421 1298 1661 1369 precepit

94 1389 413 1455 cathedram,
450 1390 547 1444 ubi
566 1398 621 1444 et
648 1389 831 1445 crucis
856 1390 1161 1461 patibulum
1188 1389 1467 1446 sustinens
1491 1390 1662 1446 beata:

96 1480 269 1536 mortis
291 1480 531 1551 sumpsit
558 1481 838 1551 poculum,
866 1481 1063 1551 suique
1086 1481 1332 1551 magistri
1359 1490 1415 1536 et
1454 1480 1661 1535 domini

98 1575 312 1629 imitator
367 1574 663 1645 apparuit;
718 1583 774 1630 et
814 1575 889 1630 ibi
919 1582 1108 1646 gentes
1164 1589 1265 1645 pro
1316 1571 1661 1629 confessione

96 1668 281 1724 Christi
324 1667 570 1725 nominis
619 1668 758 1723 colla
801 1667 1040 1734 flectant,
1096 1666 1189 1722 ubi
1236 1680 1429 1721 earum
1470 1664 1663 1721 doctor

100 1759 276 1817 Paulus
300 1769 533 1816 extenso
553 1759 695 1816 collo
726 1775 828 1830 pro
855 1759 1078 1815 Christo
1107 1757 1369 1829 martyrio
1397 1765 1483 1812 est
1509 1771 1664 1812 coro-

1763 575 2070 636 teranense,
2095 569 2241 639 quod
2264 572 2523 628 omnibus
2547 573 2602 627 in
2627 581 2742 629 toto
2766 575 2898 631 orbe
2926 582 3193 632 terrarum
3218 591 3368 646 pre-.

1761 656 1935 715 fertur
1957 667 2122 730 atque
2147 662 2353 719 eminet
2393 664 2639 733 palatiis;
2663 665 2857 722 deinde
2893 666 3161 734 diadema,
3193 669 3345 723 vidc-

1760 747 1887 804 licet
1941 764 2206 807 coronam
2265 753 2462 824 capitis
2526 756 2731 823 nostri,
2793 756 3065 830 simulque
3120 758 3341 831 frigiuin

1761 854 1990 895 necnon
2017 850 2072 897 et
2099 845 2529 912 superumcralc,
2560 846 2813 901 videlicet
2840 847 3018 904 lorum
3036 864 3146 920 quo
3172 850 3342 920 impc-

1758 929 1895 997 riale
1931 932 2135 990 assolet
2166 934 2475 995 circundari
2513 937 2736 1004 collum,
2759 926 2953 993 derum
2973 949 3029 995 et
3055 939 3340 996 clamidem

1760 1037 2090 1093 purpuream
2128 1034 2293 1096 atque
2324 1027 2566 1083 tunicam
2598 1030 2909 1086 coccineam
2938 1039 2994 1086 et
3017 1033 3206 1088 omnia
3234 1033 3339 1089 im-

1760 1114 1982 1184 perialia
2024 1116 2342 1174 indumenta
2384 1127 2440 1175 et
2467 1134 2683 1175 omnem
2728 1122 3134 1191 processionem
3172 1124 3345 1196 impe-

1760 1212 1912 1269 rialis
1936 1212 2194 1270 culminis
2228 1228 2323 1269 seu
2353 1224 2409 1270 et
2430 1215 2748 1284 dignitatem
2779 1215 3141 1288 imperialium
3168 1220 3342 1289 presi-

1758 1298 2002 1356 dentium
2043 1303 2320 1373 equitum;
2368 1303 2711 1360 conferentes
2750 1306 2912 1361 etiam
2945 1316 2999 1361 et
3040 1308 3343 1379 imperialia

1760 1401 1996 1462 sceptra,
2042 1393 2207 1449 simul
2246 1403 2407 1450 conta
2449 1403 2612 1466 atque
2656 1395 2810 1468 signa
2846 1397 3041 1453 blanda
3071 1406 3126 1454 et
3158 1399 3341 1455 omnia

1759 1483 1975 1539 diversa
2008 1495 2335 1541 ornamenta
2357 1487 2658 1558 imperialia
2686 1495 2741 1543 et
2758 1488 2992 1560 gloriam
3017 1498 3217 1545 nostrae
3243 1505 3342 1559 po-

1758 1574 1991 1631 testatis.
2022 1574 2181 1633 Viros
2208 1578 2372 1633 etiam
2394 1577 2868 1635 rcvcrentissimos
2890 1580 3120 1635 clericos
3143 1579 3342 1635 diversi

1758 1664 1972 1721 ordinis
2016 1666 2189 1722 eidem
2238 1678 2601 1724 sacrosancta:
2632 1668 2892 1735 Romanae
2933 1667 3177 1724 ecclesiae
3224 1684 3342 1723 ser-

1762 1756 1971 1814 vientcs
2014 1758 2146 1814 illud
2188 1760 2427 1826 culmen,
2470 1759 3239 1832 singularitatcnnpotentiam
3290 1772 3344 1818 et

101 1860 276 1918 natus;
312 1851 423 1908 illic
467 1868 644 1923 usque
667 1852 722 1907 in
760 1853 921 1906 linem
950 1858 1185 1922 querant
1217 1851 1521 1915 doctorem,
1563 1848 1656 1904 ubi
1690 1845 1732 1899 Β
1758 1849 2174 1919 prmeellentiam
2217 1851 2415 1908 habere
2458 1853 2757 1922 sancimus,
2788 1854 2944 1925 cujus
2969 1854 3344 1926 amplissimus

102 1952 320 1999 sanetum
370 1944 611 2015 quiescit
637 1943 879 1999 doctoris
920 1958 1161 2013 corpus;
1203 1950 1257 1997 et
1308 1940 1385 1996 ibi
1419 1940 1574 2011 proni
1608 1950 1663 1997 et

103 2034 343 2089 humiliati
364 2035 588 2091 celestis
617 2024 762 2106 regis
782 2033 987 2090 domini
1023 2031 1312 2088 salvatoris
1331 2031 1505 2088 nostri
1531 2030 1660 2087 Jesu

102 2126 278 2182 Christi
304 2126 644 2183 famulentur
672 2126 870 2194 cilicio,
913 2126 1005 2183 ubi
1041 2126 1264 2197 superbi
1288 2126 1489 2182 terreni
1520 2124 1662 2197 regis

104 2218 397 2274 serviebant.
436 2219 654 2275 interea
684 2235 848 2277 nosse
870 2220 1125 2276 volumus
1155 2233 1373 2275 omnem
1398 2220 1661 2290 populum

107 2311 452 2368 universarum
486 2313 729 2385 gentium
760 2321 816 2370 et
841 2313 1124 2370 nationum
1150 2329 1248 2384 per
1270 2321 1444 2368 totum
1473 2313 1660 2368 orbem

106 2413 365 2472 terrarum,
402 2407 787 2462 construxisse
819 2421 922 2461 nos
949 2407 1089 2460 intra
1117 2405 1379 2476 palatium
1410 2414 1659 2461 nostrum

108 2493 441 2552 Lateranensc
494 2496 670 2551 eidem
725 2497 985 2552 salvatori
1032 2504 1222 2552 nostro
1277 2495 1502 2552 domino
1552 2496 1661 2552 Deo

107 2584 209 2640 lusu
246 2585 462 2643 Christo
499 2588 783 2643 ecclesiam
830 2603 861 2642 a
914 2587 1302 2654 fundamentis,
1347 2596 1402 2643 et
1445 2589 1512 2642 12
1560 2605 1662 2644 nos

108 2676 265 2731 sciatis
289 2677 354 2733 de
378 2678 509 2749 ejus
539 2677 905 2735 fundamentis
940 2679 1240 2735 secundum
1275 2695 1563 2734 numerum
1596 2680 1662 2734 12

109 2770 443 2836 apostolorum
472 2770 742 2840 cophinos
773 2778 931 2826 terra;
958 2778 1188 2827 onustos
1210 2769 1444 2841 propriis
1466 2786 1660 2841 aspor-

110 2868 231 2914 tasse
254 2860 528 2927 humeris;
558 2876 726 2931 quam
754 2870 1162 2919 sacrosanctam
1189 2861 1477 2918 ecclesiam
1499 2868 1663 2931 caput

108 2949 405 3006 ctvcrtiwm
446 2950 702 3006 omnium
740 2951 1094 3007 ecclesiarum
1135 2951 1190 3007 in
1236 2953 1494 3008 universo
1529 2952 1661 3008 orbe

111 3048 339 3098 terrarum
361 3044 498 3108 dici,
524 3043 629 3099 coli
654 3054 708 3100 et
732 3045 979 3100 venerari
994 3054 1048 3101 et
1073 3046 1342 3117 predicari
1356 3047 1656 3112 sancimus,

110 3132 229 3188 sicut
258 3152 348 3206 per
377 3137 487 3191 alia
526 3145 711 3192 nostra
755 3136 1057 3208 imperialia
1096 3138 1313 3195 decreta
1343 3139 1654 3194 statuimus.

109 3222 502 3285 Construximus
563 3227 730 3283 etiam
783 3229 1042 3285 ecclesias
1105 3229 1387 3284 beatorum
1439 3228 1584 3284 Petri
1604 3237 1659 3285 et

113 3316 237 3374 Pauli
271 3322 576 3393 principum
607 3322 1003 3391 apostolorum,
1029 3339 1167 3394 quas
1186 3339 1323 3379 auro
1344 3333 1397 3379 et
1433 3332 1658 3396 argento

112 3406 551 3479 locupletavimus,
588 3412 679 3466 ubi
702 3421 757 3467 et
797 3413 1166 3470 sacratissima
1197 3429 1388 3470 eorum
1428 3431 1656 3486 corpora

111 3516 215 3554 cum
239 3517 426 3573 magno
452 3503 667 3559 honore
692 3503 1070 3567 recondentes,
1095 3505 1282 3562 thecas
1310 3505 1553 3576 ipsorum
1589 3521 1657 3561 ex

113 3592 300 3663 electro,
336 3595 425 3652 cui
460 3595 617 3651 nulla
657 3596 917 3652 fortitudo
958 3595 1350 3652 elementorum
1399 3599 1657 3668 prcvalet,

114 3691 475 3753 mutstruentes;
510 3702 729 3743 crucem
763 3702 830 3742 ex
858 3700 994 3741 auro
1026 3686 1321 3757 purissimo
1351 3695 1405 3742 et
1430 3689 1659 3758 gemmis

117 3773 339 3841 prcciosis
388 3795 492 3849 per
534 3778 782 3851 singulas
808 3794 1001 3835 eorum
1043 3778 1230 3834 thecas
1266 3778 1571 3850 posuimus,
1605 3790 1660 3837 et

116 3864 253 3922 clavis
285 3870 462 3928 aureis
495 3870 846 3936 confiximus,
874 3869 1072 3940 quibus
1101 3885 1201 3941 pro
1243 3870 1659 3927 concinnatione

117 3954 426 4016 luminarium
454 3961 663 4033 praedia
690 3962 1025 4018 contulimus
1046 3970 1102 4018 et
1131 3962 1295 4018 rebus
1314 3962 1544 4020 diversis
1564 3980 1659 4019 cas

117 4051 389 4124 ditavimus,
436 4066 501 4114 et
535 4073 632 4129 per
670 4065 913 4114 nostram
953 4055 1339 4127 imperialium.
1353 4055 1658 4127 jussionem

119 4156 294 4201 sacram
317 4158 424 4203 tam
456 4150 517 4204 in
541 4148 750 4205 oriente
782 4159 836 4204 et
863 4148 1145 4204 occidente
1175 4163 1340 4218 quam
1362 4147 1416 4202 in
1443 4156 1659 4217 septen-

120 4236 302 4294 trionali
336 4251 392 4297 ct
437 4242 788 4297 meridionali
840 4241 1019 4312 plaga,
1065 4240 1313 4295 videlicet
1357 4238 1411 4294 in
1450 4237 1656 4305 Judzea,

120 4323 296 4399 Grecia,
328 4332 475 4401 Asia,
511 4331 727 4401 'l‘racia,
768 4333 973 4402 Africa,
1012 4332 1166 4389 Italia
1195 4332 1279 4389 vel
1303 4331 1532 4388 diversis
1571 4332 1658 4386 in-

117 4422 246 4489 sulis,
281 4435 527 4482 nostram
562 4425 867 4499 largitatem
890 4427 972 4483 eis
994 4425 1387 4493 concessimus,
1413 4440 1475 4480 ea
1504 4441 1659 4497 pror-

120 4526 198 4568 sus
219 4518 414 4575 ratione
456 4528 521 4576 nt
549 4534 646 4591 per
675 4535 873 4576 manus
928 4519 1232 4575 beatissimi
1267 4518 1440 4589 patris
1482 4517 1657 4573 nostri
1690 4536 1737 4595 ι)

121 4602 327 4665 Silvestri
354 4614 629 4683 pontificis
663 4628 1156 4683 successorumquc
1188 4610 1309 4682 ejus
1329 4611 1513 4667 omnia
1545 4612 1658 4668 dis-

121 4710 371 4763 ponantur.
410 4705 656 4762 Gaudeat
686 4705 867 4777 itaque
902 4720 1012 4761 una
1045 4703 1332 4761 nobiscum
1353 4704 1532 4760 omnis
1561 4718 1656 4775 po-

120 4790 251 4855 νυιυε
279 4804 331 4850 et
353 4798 598 4869 gentium
635 4797 885 4854 nationes
927 4796 984 4852 in
1027 4795 1284 4852 universo
1321 4796 1453 4851 orbe
1486 4803 1656 4851 terra-

119 4893 238 4950 rum,
270 4902 402 4957 quos
438 4897 759 4945 exortamus
803 4903 997 4944 omnes
1046 4896 1108 4943 ut
1156 4886 1267 4943 Deo
1296 4894 1351 4944 et
1399 4887 1655 4943 salvatori

120 4984 275 5032 nostro
289 4978 411 5036 Jcsu
439 4980 659 5038 Christo
688 4981 987 5037 immensas
1007 4995 1116 5035 una
1143 4977 1430 5035 nobiscum
1454 4980 1656 5050 gratias

124 5064 354 5138 referatis,
384 5071 645 5144 quoniam
691 5072 808 5144 ipse
844 5070 989 5128 Deus
1016 5071 1072 5125 in
1100 5069 1233 5127 celis
1262 5069 1496 5141 desuper
1516 5078 1570 5125 et
1600 5071 1652 5125 in

121 5163 237 5213 terra
274 5162 554 5232 deorsum;
586 5164 683 5236 qui
717 5179 819 5221 nos
847 5179 943 5235 per
976 5178 1108 5220 suos
1132 5170 1353 5219 sanctos
1379 5163 1656 5234 apostolos

121 5248 312 5309 risitans
351 5265 600 5313 sanctum
646 5256 988 5329 baptismatis
1030 5263 1431 5329 sacramentum
1476 5255 1653 5325 perci-

122 5342 462 5414 W’ejussit,ct
472 5349 718 5421 corporis
736 5348 968 5406 sanitate
983 5348 1178 5421 dignos
1190 5346 1368 5403 effecit
1383 5344 1500 5417 (fol.
1519 5345 1651 5415 ΞΣ).

123 5426 206 5486 Ρη)
225 5451 322 5506 qua
357 5441 710 5499 concedimus
734 5440 869 5512 ipsis
893 5440 1100 5511 sanctis
1130 5440 1392 5512 apostolis
1422 5439 1658 5496 dominis

123 5524 251 5593 meis,
274 5538 326 5585 et
346 5546 443 5602 per
481 5548 577 5591 eos
603 5533 767 5590 etiam
795 5534 955 5589 beato
990 5532 1255 5589 Silvestro
1291 5533 1431 5605 patri
1470 5541 1657 5588 nostro

125 5622 304 5669 Summo
329 5621 566 5689 pontifici
587 5630 643 5677 et
669 5621 963 5676 universali
1000 5621 1151 5675 urbis
1193 5620 1378 5675 Romae
1404 5635 1575 5691 papar,
1605 5630 1659 5675 ct

125 5704 340 5764 omnibus
375 5710 495 5780 ejus
534 5711 942 5769 successoribus
982 5699 1332 5781 pontificibus
1360 5711 1453 5781 qui
1482 5704 1657 5781 usque

124 5789 170 5843 δη
198 5792 288 5853 line
315 5802 500 5858 mundi
547 5803 600 5860 in
626 5803 752 5861 sede
774 5803 916 5860 beati
947 5802 1091 5860 Petri
1122 5811 1281 5858 erunt
1310 5803 1536 5869 sessuri,
1572 5813 1653 5857 at—

1740 1938 1950 1997 -uoster
1982 1949 2208 1998 senatus
2243 1942 2456 1998 videtur
2477 1944 2647 2015 gloria
2678 1944 2957 2013 adornari,
2989 1946 3042 2002 id
3065 1955 3150 2014 est
3170 1947 3343 2018 patri-

1761 2031 1878 2088 cios
1907 2040 2071 2102 atque
2092 2033 2347 2089 consules
2377 2032 2533 2100 effici,
2562 2050 2786 2091 necnon
2809 2045 2862 2093 et
2892 2037 3091 2095 ceteris
3105 2036 3333 2111 dignita-

1762 2123 1910 2179 tibus
1953 2123 2327 2194 imperialibus
2370 2140 2466 2181 eos
2506 2127 2914 2200 promulgantes
2955 2130 3222 2188 decorari.
3275 2130 3345 2187 Et

1762 2214 1905 2273 sicut
1924 2223 2152 2271 ornatur
2174 2216 2470 2287 impcrialis
2492 2218 2716 2287 milicia,
2741 2219 2814 2275 ita
2837 2230 2891 2278 et
2912 2221 3115 2287 clerum
3142 2232 3344 2279 sanatio

1763 2304 2024 2365 Romana:
2068 2307 2311 2364 ecclesiae
2349 2308 2535 2365 ornari
2578 2310 2948 2382 decernimus,
2984 2322 3039 2371 et
3076 2316 3341 2386 quemad-

1762 2404 1987 2461 modum
2037 2404 2339 2476 imperialia
2390 2404 2566 2462 cilicia
2615 2406 2832 2465 diversa
2884 2409 3342 2465 cubiculariorum

1763 2497 2113 2553 ostiariorum
2147 2506 2203 2554 et
2242 2498 2489 2554 omnium
2530 2499 2910 2556 excubitorum
2951 2510 3237 2569 ornantur,
3269 2502 3349 2557 ita.

1761 2596 1817 2644 et
1846 2596 2092 2644 sanctam
2138 2587 2440 2645 Romanam
2471 2590 2756 2647 ecclesiam
2799 2590 3050 2648 decorari
3088 2593 3347 2648 volumus
3424 2607 3428 2611 '

1760 2690 1816 2738 et
1841 2690 1903 2737 ut
1939 2682 2276 2752 amplissime
2306 2681 2601 2751 pontificali
2638 2683 2834 2740 decore
2875 2681 3207 2755 prazfulgeat.
3239 2682 3343 2738 Dc-

1761 2771 2039 2828 cernimus
2074 2779 2129 2825 et
2169 2771 2274 2826 hoc
2313 2770 2526 2827 clericis
2563 2770 2805 2842 ejusdem
2842 2780 3044 2828 saneta:
3082 2772 3351 2830 Romana:

1759 2861 2024 2931 ecclesize,
2053 2876 2120 2916 ex
2150 2859 2561 2916 linteaminibus
2599 2861 2990 2918 candidissimo
3017 2863 3213 2919 decore
3239 2882 3337 2920 eo-

1761 2968 1883 3008 rum
1910 2951 2156 3008 decorari
2195 2966 2368 3021 equos
2393 2959 2448 3008 et
2486 2951 2559 3006 ita
2599 2953 2864 3023 equitare,
2894 2962 2949 3009 ct
2978 2955 3119 3011 sicut
3150 2964 3340 3019 noster

1761 3052 1984 3099 senatus
2024 3042 2397 3099 calciamentis
2442 3042 2612 3098 utitur
2653 3058 2779 3099 cum
2823 3043 3114 3111 udonibus,
3159 3044 3213 3100 id
3254 3054 3338 3101 est
3438 3048 3445 3053 ’

1762 3134 1995 3193 candido
2032 3132 2368 3202 linteamine,
2414 3133 2704 3202 illustrari;
2735 3142 2796 3190 ut
2837 3134 2977 3191 sicut
3008 3134 3224 3191 celestia
3263 3136 3337 3191 ita

1759 3235 1816 3282 et
1834 3234 2049 3282 terrena
2071 3227 2415 3282 decorentur.
2446 3225 2563 3281 Prae
2583 3224 2839 3281 omnibus
2860 3235 3040 3281 autem
3063 3226 3345 3282 licentiam.

1763 3317 2063 3372 tribuentes
2104 3316 2207 3387 ipsi
2258 3316 2605 3371 sanctissimo
2642 3313 2783 3386 patri
2826 3324 3015 3372 nostro
3054 3315 3338 3385 Silvestro,

1761 3408 1917 3464 urbis
1939 3407 2127 3463 Romae
2165 3406 2422 3478 episcopo
2444 3414 2498 3462 et
2526 3422 2698 3477 papze,
2727 3415 2782 3461 et
2807 3407 3061 3463 omnibus
3086 3407 3180 3479 qui
3214 3415 3340 3479 post

1759 3516 1887 3556 cum
1917 3499 1972 3555 in
1996 3514 2311 3556 successum
2350 3498 2624 3569 perpetuis
2654 3498 2992 3569 temporibus
3019 3498 3338 3553 advenerim

1759 3590 2091 3648 beatissimis
2120 3589 2492 3661 pontificibus,
2508 3604 2607 3660 pro
2627 3589 2833 3645 honore
2857 3598 2910 3644 et
2934 3588 3104 3663 gloria
3128 3588 3334 3645 Christi

1759 3682 1968 3738 domini
1990 3681 2164 3738 nostri
2189 3681 2243 3737 in
2280 3680 2468 3737 eadem
2493 3695 2690 3751 magna
2719 3678 2815 3737 Dei
2838 3680 3105 3737 catholica
3126 3689 3179 3736 et
3203 3695 3337 3751 apo—

1760 3774 1951 3832 stolica
1990 3774 2221 3832 ecclesia
2268 3789 2335 3830 ex
2379 3772 2586 3829 nostris
2637 3772 2858 3841 inclitis,
2882 3788 3043 3843 quem
3087 3773 3336 3844 placatus

1760 3868 1982 3940 proprio
2006 3867 2237 3925 consilio
2259 3867 2520 3923 clerieare
2552 3866 2784 3922 voluerit
2813 3875 2867 3922 et
2893 3868 2948 3921 in
2992 3881 3221 3922 numero
3249 3882 3336 3922 re-

1760 3959 2079 4032 ligiosorum
2123 3957 2444 4015 clericorum
2481 3958 2848 4026 dinumerare,
2883 3958 3033 4013 nullo
3058 3973 3124 4013 ex
3154 3958 3337 4012 omni-

1758 4052 1863 4108 bus
1896 4059 2243 4123 presumente
2281 4050 2513 4120 superbe
2558 4064 2735 4120 agere.
2768 4047 3118 4104 Deerevimus
3154 4047 3337 4119 itaque

1759 4153 1812 4199 et
1856 4143 1961 4199 hoc
2009 4150 2069 4197 ut
2106 4141 2247 4196 idem
2294 4140 2620 4195 venerabilis
2666 4148 2819 4209 pater
2858 4147 3041 4194 noster
3081 4137 3339 4195 Silvestcr

1760 4249 2009 4290 summus
2039 4232 2279 4304 pontifex
2325 4231 2407 4286 vel
2442 4245 2635 4287 omnes
2675 4231 2795 4302 ejus
2836 4245 3180 4287 successores
3216 4231 3336 4286 dia-

1758 4326 1938 4392 dema,
1979 4323 2229 4379 videlicet
2256 4337 2517 4378 coronam
2543 4338 2608 4376 ex
2645 4321 2821 4391 capite
2844 4329 3055 4387 nostro,
3081 4321 3227 4391 quod
3260 4321 3337 4375 illi

1758 4416 2156 4483 concessimus,
2181 4430 2247 4470 ex
2272 4429 2408 4470 auro
2429 4412 2726 4485 purissimo
2746 4420 2801 4467 et
2824 4410 3052 4483 gemmis
3072 4410 3337 4481 preciosis

1764 4508 1840 4563 uti
1865 4507 2100 4564 debeant
2121 4514 2176 4561 et
2205 4506 2261 4561 in
2292 4519 2395 4562 suo
2423 4503 2600 4576 capite
2629 4502 2696 4558 ad
2738 4501 2951 4557 laudem
2983 4498 3078 4556 Dei
3107 4514 3209 4571 pro
3233 4500 3335 4554 bor-

1764 4616 1896 4657 nore
1923 4599 2068 4656 beati
2106 4596 2251 4654 Petri
2284 4605 2498 4669 gestare
2530 4595 2646 4668 (fol.
2679 4593 2793 4665 23).
2824 4592 2944 4663 Ipse
2982 4606 3113 4648 vero
3144 4591 3338 4647 beatus

1761 4709 1897 4767 papa
1942 4707 2109 4762 supra
2138 4704 2398 4746 coronam
2430 4688 2740 4753 clericatus,
2780 4700 2945 4755 quam
2968 4682 3107 4754 gerit
3128 4681 3195 4737 ad
3222 4680 3340 4752 glo-

1759 4788 1898 4842 riam
1920 4785 2066 4841 beati
2086 4782 2253 4849 Petri,
2275 4781 2502 4837 omnino
2524 4781 2640 4851 ipsa
2660 4795 2726 4834 es
2750 4791 2885 4833 auro
2906 4791 3017 4831 non
3037 4782 3121 4831 est
3140 4774 3346 4845 passus

1758 4877 1835 4933 uti
1863 4890 2085 4933 corona.
2115 4873 2355 4945 Frigium
2382 4888 2513 4927 vero
2533 4870 2769 4926 candido
2791 4868 2969 4923 nitore
2994 4864 3337 4937 splendidum

1761 4967 2217 5025 resurrectionem
2262 4963 2591 5020 dominicam
2635 4960 2959 5031 designans,
3001 4957 3122 5028 eius
3149 4970 3341 5013 saera-

1764 5064 1977 5121 tissimo
2005 5061 2192 5117 vertici
2238 5058 2493 5114 manibus
2536 5055 2740 5111 nostris
2779 5053 3179 5125 imposuimus:
3220 5059 3337 5107 sta—

1763 5168 1976 5214 tuentes
2002 5156 2191 5212 eodem
2239 5152 2402 5224 frigio
2443 5165 2636 5206 omnes
2686 5150 2808 5221 ejus
2842 5162 3189 5205 successores
3228 5146 3355 5203 sino-

1763 5250 2023 5325 gulariter
2089 5246 2167 5303 uti
2228 5246 2282 5300 in
2344 5241 2789 5314 processionibus
2843 5241 2911 5296 ad
2977 5238 3334 5295 imitationem

1763 5338 1975 5411 imperii
2026 5334 2218 5392 nostri.
2270 5332 2426 5388 Unde
2476 5341 2539 5386 ut
2582 5345 2691 5386 non
2746 5329 2971 5385 vilescat
3010 5327 3339 5399 pontificalis

1760 5447 1926 5502 apex,
1976 5427 2070 5484 sed
2128 5425 2302 5497 magis
2364 5424 2600 5495 amplius
2646 5436 2811 5494 quam
2864 5420 3069 5479 terreni
3121 5420 3336 5491 imperii

1758 5522 1997 5595 dignitas
2044 5529 2099 5575 et
2144 5517 2331 5591 gloria!
2383 5517 2625 5589 potentia
2678 5515 2988 5583 decoretur,
3040 5529 3170 5571 ecce
3221 5521 3335 5569 tam

1759 5618 2017 5689 palatium
2044 5623 2291 5671 nostrum
2332 5622 2390 5668 ut
2426 5614 2705 5685 praelatum
2723 5618 2829 5680 est,
2847 5625 3120 5683 quamque
3150 5610 3337 5668 Romae

1762 5710 1913 5766 urbis
1936 5717 1991 5765 et
2010 5722 2202 5763 omnes
2233 5706 2400 5763 ltalim
2440 5722 2536 5763 seu
2585 5704 3000 5761 occidentalium
3052 5703 3334 5775 regionum

1760 5800 2070 5871 provincias
2091 5799 2212 5855 loca
2243 5807 2293 5857 ct
2316 5799 2563 5857 civitates
2581 5796 2821 5868 sepcfato
2854 5794 3172 5852 beatissimo
3196 5813 3337 5868 pon-
