3932 6298
611 386 676 443 51
1597 377 1901 435 HUGONIS
1936 378 2231 435 ABBATIS
2268 375 2837 434 FLAVINIACENSIS
3728 379 3775 434 52
3880 380 3881 453 Ῐ

610 497 745 555 tiﬁci
770 493 1067 552 universali
1111 508 1265 566 papae
1290 491 1429 563 patri
1456 498 1646 546 nostro
1671 489 1936 546 Silvestro
1970 499 2190 546 contra-
2217 496 2263 550 Α
2289 490 2432 561 apud
2464 489 2812 546 Arelatenses
2861 488 2966 543 600
3007 498 3246 560 patrum,
3313 488 3511 545 Marino
3546 490 3648 560 ejus
3670 493 3776 549 urbis
3880 488 3881 519 δ

611 591 804 646 dentes
831 596 997 660 atque
1015 587 1380 658 relinquentes
1401 582 1521 653 ejus
1555 582 1641 638 vel
1657 597 2037 639 successorum
2067 583 2188 654 ejus

610 680 936 753 pontificum
958 677 1208 752 potestati
1227 684 1282 731 et
1313 674 1532 743 ditioni,
1570 673 1731 730 firma
1763 674 2032 745 imperiali
2055 689 2188 730 cen-

611 772 743 830 sura
769 788 867 844 per
893 772 1034 827 hanc
1087 776 1332 851 nostram
1382 766 1678 823 divinalem
1733 781 1949 823 sacram
1976 773 2031 822 et
2062 770 2190 838 pra-

610 865 906 937 gmaticum
947 860 1300 918 constitutum
1359 858 1709 915 decernimus
1764 857 2188 929 disponendum,

611 966 776 1029 atque
800 955 902 1011 sub
939 953 1064 1024 jure
1112 960 1317 1009 sancta
1359 950 1623 1007 Romanae
1648 950 1894 1007 ecclesias
1939 950 2190 1006 concedi-

610 1044 735 1104 mus
764 1044 1214 1118 permanendum.
1248 1042 1406 1100 Unde
1453 1057 1757 1114 congruum
1811 1042 2189 1115 perspeximus

605 1140 853 1195 nostrum
874 1137 1169 1208 imperium
1206 1144 1261 1193 et
1293 1133 1450 1207 regni
1479 1142 1805 1207 potestatem
1832 1132 2188 1191 orientalibus

604 1232 889 1290 transferri
909 1242 965 1289 et
1004 1232 1360 1289 transmutari
1415 1230 1730 1303 regionibus
1758 1230 1898 1285 etin
1929 1228 2189 1286 Bizantiae

602 1322 899 1395 provinciae
935 1323 992 1378 in
1047 1324 1254 1395 optimo
1288 1323 1410 1379 loco
1458 1322 1667 1379 nomini
1695 1330 1889 1379 nostro
1912 1323 2186 1379 civitatem

601 1415 845 1472 ediﬁcari
872 1424 929 1471 et
963 1424 1217 1472 nostrum
1243 1415 1353 1472 illic
1378 1416 1635 1473 constitui
1678 1415 1990 1486 imperium,
2016 1431 2187 1487 quum

604 1506 700 1561 ubi
729 1506 1068 1579 principatus
1100 1507 1442 1564 sacerdotum
1496 1515 1552 1563 et
1601 1507 1916 1562 christianum
1976 1506 2190 1580 religio-

605 1600 694 1656 nis
745 1609 908 1672 eaput
943 1600 1013 1656 ab
1051 1601 1380 1672 imperatore
1424 1600 1610 1657 celesti
1667 1601 2027 1656 constitutum
2080 1607 2187 1668 est,

598 1692 812 1761 justum
841 1707 950 1748 non
980 1700 1066 1747 est
1113 1700 1172 1747 ut
1204 1692 1314 1748 illic
1358 1692 1655 1764 imperator
1695 1701 1947 1748 terrenus
1992 1691 2191 1749 habeat

611 1790 953 1853 potestatem.
1019 1781 1146 1839 Haec
1204 1798 1335 1839 vero
1386 1785 1568 1840 omnia
1631 1799 1753 1855 quae
1782 1799 1878 1855 per
1911 1784 2054 1840 hanc
2086 1799 2188 1840 no-

604 1847 775 1929 stram
804 1874 1141 1945 imperialem
1177 1888 1388 1931 sacram
1415 1885 1470 1931 et
1499 1891 1597 1947 per
1647 1847 1753 1930 alia
1783 1847 2058 1931 —divinalia
2087 1875 2177 1932 de-

2289 1875 2491 1931 scopus
2524 1859 2632 1916 loci
2678 1859 2993 1932 designaret
3016 1869 3073 1917 et
3104 1860 3309 1918 crisma
3334 1861 3407 1917 ab
3446 1859 3672 1931 episeopo
3698 1874 3791 1912 con-

600 1976 749 2023 creta
770 1968 1067 2025 statuimus
1095 1976 1258 2041 atque
1286 1969 1700 2035 conlirmamus,
1733 1982 1908 2040 usque
1933 1968 1989 2024 in
2020 1967 2184 2024 linem

601 2061 790 2115 mundi
826 2060 1032 2118 illibata
1071 2070 1127 2117 et
1178 2061 1505 2118 inconcussa
1536 2060 1903 2131 permanenda
1938 2060 2186 2116 decerni-

602 2167 749 2207 mus.
775 2150 930 2209 Unde
955 2167 1143 2209 coram
1171 2152 1284 2209 Deo
1304 2152 1426 2209 vivo
1446 2153 1540 2223 qui
1576 2167 1681 2209 nos
1715 2167 1945 2224 regnare
1976 2168 2183 2224 praece-

601 2244 682 2315 pit
704 2252 759 2300 et
794 2259 981 2301 coram
1015 2245 1135 2316 ejus
1180 2245 1410 2301 terribili
1445 2244 1654 2316 judicio
1702 2244 2045 2301 obtestamur
2087 2259 2184 2316 per

603 2335 710 2391 hoc
744 2344 992 2391 nostrum
1026 2336 1303 2408 imperiale
1340 2337 1699 2393 constitutum
1725 2351 1917 2392 omnes
1964 2352 2182 2394 succes-

601 2441 755 2483 sores
787 2435 1008 2484 nostros
1033 2427 1392 2500 imperatores
1430 2438 1484 2483 et
1512 2437 1739 2485 cunctos
1765 2429 2055 2501 optimates
2092 2444 2178 2484 sa-

601 2529 784 2590 trapas
818 2528 872 2576 et
897 2519 1294 2593 amplissimum
1338 2530 1588 2577 senatum
1645 2530 1699 2577 et
1725 2521 2040 2577 universum
2076 2535 2177 2592 po-

598 2611 788 2682 pulum
830 2611 888 2668 in
939 2621 1056 2670 toto
1110 2613 1241 2670 orbe
1271 2622 1540 2670 terrarum
1568 2629 1716 2669 nunc
1739 2613 1873 2669 etin
1895 2622 2175 2684 posterum

599 2704 814 2760 eunetis
842 2713 989 2761 retro
1025 2706 1363 2778 temporibus
1388 2705 1615 2777 imperio
1643 2714 1833 2762 nostro
1885 2705 2175 2776 subjacen-

601 2806 737 2865 tem,
764 2797 899 2853 nulli
921 2812 1113 2853 eorum
1140 2813 1364 2871 quoquo
1417 2798 1579 2853 modo
1622 2798 1784 2854 licere
1818 2799 1934 2854 haec
1979 2813 2102 2867 quae
2145 2813 2175 2852 a

599 2885 761 2942 nobis
788 2886 1053 2959 imperiali
1084 2888 1364 2944 sanctione
1393 2895 1756 2944 sacrosancta:
1797 2886 2058 2943 Romana:
2083 2903 2175 2943 ec-

600 2978 780 3035 clesiae
805 2979 889 3036 vel
917 2979 1174 3036 omnibus
1194 2980 1315 3049 ejus
1358 2979 1706 3051 pontificibus
1734 2993 1996 3036 concessa
2049 2986 2179 3035 sunt

600 3069 866 3143 refragari
889 3079 985 3127 aut
1011 3070 1354 3144 confringcw
1382 3072 1466 3127 vel
1497 3072 1552 3127 in
1596 3087 1875 3143 quoquam
1908 3070 2177 3128 convelle-

601 3178 678 3219 τυ·
705 3160 763 3218 Si
790 3163 914 3235 ίιιιίε
940 3172 1143 3231 παίδων
1173 3163 1318 3237 ειυοά
1352 3177 1461 3219 ηοη
1492 3163 1786 3266 ξδνθίὲίηιυεν
1828 3162 1885 3266 if‘
1938 3162 2044 3266 Ροθ
2087 3172 2173 3219 ιε’
2205 3207 2248 3266 ο
2279 3195 2433 3265 2,m.
2465 3195 2524 3264 7,
2554 3160 2722 3253 meo.
2757 3194 2905 3253 eum
2957 3195 3010 3251 6.
3061 3160 3513 3260 Nonfdctobn;
3546 3207 3591 3247 e.
3617 3202 3660 3244 ο.
3685 3185 3728 3241 d.
3756 3181 3800 3235 ei

598 3263 838 3310 mirator
866 3263 961 3310 aut
1015 3262 1358 3326 contemptor
1401 3254 1662 3323 extiterit,
1696 3254 1898 3311 eternis
1923 3254 2182 3326 dampna-

600 3347 846 3404 tionibus
871 3346 1152 3418 subjaceat
1175 3348 1789 3415 innodatus,etsanctos
1800 3346 1895 3404 Dei
1906 3347 2181 3420 principes

600 3439 973 3509 apostolorum
1003 3438 1149 3495 Petri
1176 3449 1230 3496 et
1265 3439 1417 3496 Pauli
1445 3439 1549 3497 sibi
1575 3441 1630 3496 in
1658 3441 1899 3512 presenti
1926 3448 1983 3498 et
2008 3441 2066 3496 in
2094 3440 2179 3496 vi-

602 3539 656 3586 ta
681 3528 867 3587 futura
909 3532 1109 3588 sentiat
1158 3533 1486 3600 contrarios,
1530 3532 1660 3588 etin
1688 3531 1900 3589 inferno
1931 3531 2179 3589 inferiori

609 3637 1009 3696 concrematus,
1044 3643 1170 3683 cum
1219 3627 1437 3685 diabolo
1465 3637 1520 3684 et
1549 3628 1806 3685 omnibus
1834 3628 2015 3700 impiis
2043 3629 2178 3685 deli-

600 3721 713 3777 ciat
738 3720 857 3793 (fol.
888 3722 1019 3792 23').
1043 3720 1218 3793 Hujus
1264 3738 1394 3778 vero
1438 3722 1736 3794 imperialis
1760 3722 1933 3778 nostri
1976 3723 2179 3779 decreti

598 3816 854 3899 paginam
880 3818 1117 3890 pi-Opriis
1138 3818 1392 3875 manibus
1428 3819 1771 3888 rebor-antes,
1802 3834 1968 3891 super
2016 3836 2179 3878 vene-

596 3916 769 3972 rabile
822 3932 1023 3988 corpus
1075 3917 1217 3974 beati
1276 3916 1421 3974 Petri
1483 3918 1858 3989 apostolorum
1916 3918 2178 3991 principis

598 4011 906 4081 posuimus,
937 4012 1121 4084 ibique
1138 4012 1312 4068 eidem
1343 4010 1440 4069 Dei
1489 4011 1739 4083 apostolo
1779 4011 2176 4085 spopondimus

596 4119 700 4161 nos
720 4113 919 4162 cuneta
967 4104 1350 4162 inviolabiliter
1396 4104 1704 4172 custodire;
1739 4112 1794 4163 et
1816 4102 2022 4161 nostris
2048 4120 2176 4161 suc-

593 4200 904 4258 cessoribus
936 4199 1358 4271 imperatoribus
1395 4199 1450 4257 in
1484 4199 1755 4256 mandatis
1792 4198 2172 4271 relinquimus,

591 4304 647 4350 et
676 4294 997 4352 beatissimo
1043 4294 1186 4365 patri
1242 4302 1432 4350 nostro
1505 4292 1766 4349 Silvestre
1809 4293 2039 4365 ejusque
2078 4309 2175 4365 per

589 4405 719 4446 eum
746 4389 959 4446 cunctis
1001 4388 1435 4454 successoribus,
1464 4387 1690 4444 domino
1746 4385 1859 4441 Deo
1890 4395 1947 4442 et
1991 4387 2171 4443 salva-

588 4491 708 4536 tore
727 4488 921 4537 nostro
940 4479 1068 4536 Jesu
1094 4479 1315 4534 Christo
1353 4486 1648 4544 annuente,
1683 4477 1953 4534 tradimus
1975 4493 2170 4548 peren-

2252 2894 2368 2963 .23,
2393 2912 2468 2952 m.
2494 2896 2548 2965 5,
2579 2896 2633 2953 d.
2671 2897 2759 2954 15.

2289 583 2565 653 episcopo,
2587 580 2819 637 Claudio
2841 578 3158 636 Viennensi.

2358 671 2516 727 Nono
2557 672 2723 743 igitur
2769 687 2916 727 anno
2963 680 3254 743 postquam
3290 671 3646 729 Constantinus
3665 673 3777 729 fidem

2287 764 2489 822 Christi
2510 765 2770 837 suscepit,
2796 766 3058 836 pestilens
3089 767 3316 824 morbus
3336 768 3473 823 Arrii
3493 769 3542 823 in
3574 778 3670 824 toto
3687 770 3780 824 orbe

2238 888 2251 902 -
2285 857 2518 915 diffusus
2543 865 2648 925 est,
2699 873 2732 913 a
2769 873 2881 928 quo
2909 857 3145 914 Arriana
3191 859 3399 915 heresis
3438 858 3697 932 [Hircum].
3726 860 3780 914 Ad

2287 950 2446 1021 cujus
2478 950 2762 1024 perfidiam
2790 949 3178 1006 destruendam
3222 950 3364 1022 apud
3396 951 3571 1006 urbem
3607 948 3780 1005 Nieazam

2287 1039 2357 1095 ab
2388 1039 2700 1095 Alexandro
2728 1037 2771 1093 Ι.
2791 1039 2906 1108 55⁸,
2932 1054 3078 1095 anno
3097 1038 3168 1095 ab
3202 1039 3313 1096 inc.
3346 1038 3493 1095 Dom.
3521 1038 3611 1094 519
3631 1039 3689 1106 τί,
3711 1037 3782 1093 518

2287 1131 2528 1204 episcopi
2559 1131 2875 1204 congregati
2903 1140 3053 1200 sunt,
3084 1132 3428 1203 preceptione
3467 1147 3604 1203 papa:
3635 1129 3782 1186 Silves-

2287 1224 2378 1291 tri,
2411 1223 2501 1278 ubi
2526 1231 2581 1278 et
2603 1223 2721 1293 ipse
2754 1237 2851 1279 rex
2886 1221 3133 1278 interfuit
3150 1231 3205 1279 et
3232 1222 3579 1279 hereticorum
3630 1220 3782 1277 machi-

2287 1329 2388 1369 nas
2423 1311 2661 1368 omousii
2713 1311 3057 1383 oppositione
3079 1311 3394 1369 deleverunt
3450 1310 3614 1382 (Gesta
3639 1328 3682 1381 p.
3705 1308 3781 1378 lt).

2286 1402 2650 1474 Congregavit
2677 1403 2722 1435 "
2751 1402 2917 1459 etiam
2952 1400 3215 1459 Silvester
3257 1418 3395 1474 papa
3439 1403 3493 1457 in
3517 1402 3633 1457 urbe
3663 1398 3784 1454 Roma

2286 1495 2579 1551 concilium
2609 1510 2735 1550 cum
2778 1493 3018 1550 consilio
3061 1495 3280 1566 augusti
3312 1495 3397 1550 15.
3431 1493 3543 1550 Kal.
3590 1493 3695 1548 Julii
3715 1490 3786 1546 267

2285 1584 2594 1657 episcopos,
2616 1592 2673 1639 et
2699 1584 3015 1655 dampnavit
3066 1584 3265 1641 iterum
3303 1584 3580 1653 Calixtum,
3606 1583 3786 1647 Arrium,

2287 1676 2541 1733 Fotinum
2569 1685 2622 1732 et
2654 1675 2971 1745 Sabellium,
3014 1687 3069 1734 et
3097 1677 3387 1734 constituit
3413 1686 3472 1734 ut
3492 1677 3788 1749 presbyterum

2288 1767 2584 1825 Arrianum
2614 1767 3027 1839 resipiscentem
3065 1783 3177 1825 non
3209 1768 3540 1839 susciperent
3589 1766 3677 1821 nisi
3708 1765 3789 1835 epi-

2288 1948 2407 2016 ﬁei,
2440 1958 2495 2004 et
2523 1958 2583 2006 ut
2603 1949 2845 2021 episcopi
2900 1950 3235 2021 baptizatum
3287 1950 3596 2021 consigncnt
3636 1957 3794 2019 propter

2287 2039 2584 2107 hereticos,
2613 2048 2669 2096 et
2701 2049 2764 2095 ut
2782 2040 3120 2112 baptizatum
3169 2056 3402 2114 puerum
3455 2038 3701 2112 presbyter
3721 2037 3795 2092 cri-

2286 2146 2462 2192 smate
2486 2136 2644 2193 liniat
2676 2147 2898 2210 propter
2940 2140 3283 2196 occasionem
3314 2138 3525 2205 mortis,
3551 2146 3598 2192 et
3628 2143 3676 2189 ut
3711 2130 3795 2186 nul-

2290 2228 2378 2285 lus
2403 2229 2578 2285 laicus
2604 2230 2810 2285 crimen
2840 2212 3040 2287 elcrico
3068 2231 3268 2287 audeat
3294 2231 3511 2287 inferre.
3539 2227 3627 2284 llic
3662 2222 3795 2294 sepul-

2284 2330 2372 2378 tus
2390 2330 2476 2379 est
2520 2322 2574 2377 in
2627 2322 2898 2379 cimiterio
2931 2323 3197 2380 Priscilla:
3236 2324 3415 2395 pridie
3446 2321 3557 2378 Kal.
3610 2312 3793 2373 Janua‘ii

2281 2429 2404 2470 vere
2429 2414 2733 2471 catholicus
2755 2425 2809 2472 et
2846 2414 3164 2485 confessor;
3191 2424 3247 2472 et
3266 2414 3502 2472 cessavit
3522 2413 3796 2485 episcopatus

2278 2503 2472 2562 diebus
2515 2506 2583 2561 15
2612 2504 2913 2579 [Ηηειιοιιῖ.
2973 2506 3215 2563 Moritur
3257 2503 3642 2562 Constantinus
3693 2509 3795 2554 anno

2278 2596 2455 2654 tetatis
2489 2612 2603 2654 suae
2624 2597 2716 2665 65,
2746 2598 2959 2669 imperii
2980 2598 3070 2655 '50.

2346 2711 2508 2766 Anno
2534 2726 2664 2768 vero
2709 2712 2779 2769 ab
2821 2712 2930 2769 ine.
2983 2712 3140 2768 Dom.
3174 2712 3299 2768 541.
3343 2709 3679 2768 Constantius
3702 2717 3793 2760 cum

2278 2801 2641 2860 Constantino
2666 2812 2722 2859 et
2762 2804 3065 2863 Constante
3118 2803 3390 2861 fratribus
3431 2806 3797 2873 regnavenmta.

2348 3010 2507 3065 Anno
2532 3010 2603 3067 ab
2632 3011 2740 3067 inc.
2775 3009 2932 3066 Dom.
2973 3010 3099 3067 5⁵58.
3138 3008 3359 3083 praefuit
3395 3008 3640 3065 Romana:
3678 3000 3801 3057 eccle-

2280 3100 2376 3158 size
2405 3100 2642 3170 Marcus,
2675 3103 2898 3158 natione
2934 3100 3236 3168 Romanus,
3293 3111 3450 3173 patre
3494 3098 3663 3154 Prisco
3685 3091 3802 3147 struis

2289 3287 2474 3359 (Gesta
2504 3305 2557 3359 ρ.
2597 3288 2707 3361 R.).
2733 3288 2833 3344 Cui
2868 3288 3137 3345 successit
3176 3287 3359 3345 Julius
3390 3286 3672 3346 Romanus,
3694 3284 3805 3348 patre

2288 3379 2535 3448 Rustico,
2568 3397 2619 3437 a.
2652 3381 2840 3448 45,111.
2865 3381 2921 3447 2,
2947 3381 3000 3436 d.
3027 3381 3079 3435 7.
3109 3378 3256 3436 Obiit
3280 3381 3335 3435 2.
3386 3379 3511 3436 ldus
3550 3371 3750 3447 Aprilis:
3770 3382 3804 3421 ι’·

2285 3488 2335 3529 e.
2362 3472 2415 3529 d.
2445 3473 2710 3530 26.Anno
2740 3473 2893 3546 regni
2917 3474 3226 3530 Constantii
3276 3473 3367 3528 15.
3405 3465 3666 3546 [nil-28024.]
3694 3461 3805 3517 Con-

2287 3572 2439 3620 stans
2463 3565 2804 3633 interficitur,
2840 3573 2965 3638 post
2984 3582 3144 3637 quem
3191 3563 3548 3621 Constantius
3572 3559 3706 3617 solus
3736 3568 3807 3623 ορ·
3886 3559 3887 3638 ξ

2287 3658 2448 3714 tinuit
2500 3659 2809 3730 imperium.
2859 3657 3061 3714 Eodem
3116 3672 3262 3714 anno
3312 3656 3574 3713 Romanae
3620 3645 3809 3707 ecclesia
3886 3664 3887 3733 1

2284 3752 2658 3823 pontificatum
2685 3755 2928 3825 suscepit
2960 3752 3233 3820 Liberius,
3269 3753 3417 3809 sedit
3456 3768 3507 3807 a.
3535 3751 3586 3815 6,
3615 3763 3681 3803 m.
3703 3743 3748 3809 3,
3768 3739 3809 3794 ά.

2282 3844 2316 3899 4
2352 3841 2535 3915 (Gesta
2553 3862 2606 3917 ρ.
2642 3845 2755 3917 ιι).
2805 3844 3013 3901 Dehinc
3046 3846 3299 3916 impietas
3324 3844 3559 3900 Arriana
3590 3840 3810 3895 Consum

2282 3934 2341 3989 tii
2372 3934 2504 3993 fulta
2518 3936 2755 4009 presidio
2778 3937 2976 4003 exiliis,
2997 3937 3312 3993 carceribus
3340 3945 3399 3993 et
3424 3933 3589 3991 variis
3612 3923 3811 3987 alliictio-

2281 4040 2414 4081 num
2438 4011 2617 4081 modis
2640 4025 2821 4100 primo
2869 4025 3251 4093 Athanasium,
3293 4024 3495 4082 deinde
3539 4034 3713 4078 omnes
3731 4027 3810 4069 non

2280 4133 2394 4174 suae
2435 4118 2606 4190 partis
2689 4119 2980 4193 episcopos
3036 4127 3370 4191 perscquuta
3423 4125 3511 4176 est
3556 4104 3811 4190 [limans].
3886 4170 3887 4181 .

2278 4207 2615 4266 Athanasius
2646 4218 2761 4268 toto
2788 4212 2920 4267 orbe
2941 4211 3155 4284 fugiens
3180 4228 3211 4268 a
3239 4211 3542 4267 Maximino
3579 4202 3815 4262 Trevir-il-

2279 4318 2339 4357 se
2363 4303 2661 4374 suscipitur
2686 4303 2868 4375 (Gesta
2897 4323 2951 4375 ρ.
3002 4305 3115 4376 R.).
3151 4304 3407 4361 Liberius
3442 4314 3577 4375 papa
3617 4295 3767 4370 primo
3792 4304 3816 4343 ι

2277 4392 2600 4450 Constantio
2622 4411 2721 4469 pro
2748 4396 2872 4452 lidei
2896 4396 3243 4453 confessione
3260 4394 3429 4453 exilio
3450 4394 3720 4463 relegatus.
3732 4383 3817 4436 Hoc

2282 4482 2382 4541 fuit
2403 4500 2548 4540 anno
2572 4486 2627 4552 5,
2659 4493 2715 4541 et
2742 4486 3096 4543 substituitur
3123 4502 3250 4542 cum
3279 4486 3402 4557 ejus
3436 4481 3663 4540 consilio
3699 4472 3815 4530 Felix

590 4572 735 4629 niter
756 4581 920 4643 atque
939 4571 1169 4628 feliciter
1191 4570 1537 4641 possidenda.
1562 4568 1756 4625 Amen.
1787 4568 2056 4626 Divinitas
2073 4585 2173 4628 vos
2206 4567 2253 4627 D
2276 4569 2361 4624 vir
2386 4572 2689 4628 catholicus
2711 4582 2766 4628 et
2809 4573 3058 4630 Arriana:
3085 4574 3343 4630 hereseos
3368 4569 3722 4628 adversarius.
3743 4560 3817 4616 Hic

585 4673 875 4721 conservet
896 4679 994 4735 per
1026 4663 1230 4719 multos
1251 4677 1448 4729 annos,
1505 4660 1840 4718 sanctissimi
1881 4670 1938 4717 et
1969 4661 2169 4721 beatis-

586 4758 713 4812 simi
740 4766 941 4827 patres.
963 4755 1159 4812 Datum
1197 4753 1369 4810 Roma
1413 4754 1517 4810 sub
1565 4753 1653 4809 die
1698 4753 1752 4808 5.
1800 4751 2165 4810 Kalendarum

587 4847 880 4918 Aprilium,
928 4846 1154 4904 domino
1200 4854 1392 4901 nostro
1432 4844 1622 4900 Flavio
1676 4843 1925 4916 Augusto
1971 4854 2166 4917 quater

582 4948 639 4994 et
661 4939 945 4995 Gallicana
960 4939 1096 4995 viris
1133 4937 1454 4995 clarissimis
1500 4938 1839 4994 consulibus.
1876 4957 1894 4989 ι
1925 4938 2159 4995 Ambro-

583 5031 700 5087 sius
730 5030 776 5063 "
811 5029 866 5084 in
902 5030 1043 5085 libro
1070 5030 1136 5085 de
1171 5029 1324 5085 obitu
1336 5027 1652 5096 Theodosii,
1673 5028 2032 5085 Constantino
2055 5031 2159 5087 hoc

582 5122 639 5176 in
665 5121 874 5177 ultimis
902 5120 1201 5178 constituto
1244 5120 1588 5191 baptismatis
1612 5120 1781 5193 gratia
1814 5121 1999 5177 omnia
2029 5138 2156 5193 pec—

578 5220 703 5270 cata
753 5213 1042 5279 dimiserit,
1099 5222 1283 5269 tamen
1331 5214 1477 5283 quod
1510 5212 1721 5284 primus
1768 5213 2158 5284 imperatorum

581 5304 834 5373 credidit,
862 5314 919 5362 et
938 5314 1063 5377 post
1083 5320 1143 5361 se
1170 5305 1521 5361 hereditatem
1549 5305 1669 5361 lidei
1702 5305 2038 5376 principibus
2066 5306 2160 5362 de-

582 5399 823 5471 reliquit,
852 5399 1038 5472 magni
1062 5397 1245 5455 meriti
1267 5398 1448 5454 locum
1473 5398 1728 5469 repperit.

655 5490 820 5564 [Ano]
842 5490 1003 5547 Anno
1062 5491 1109 5525 ⁷ο
1152 5499 1276 5561 post
1330 5489 1438 5544 inc.
1475 5488 1632 5544 Dom.
1662 5489 1786 5544 625.
1841 5489 1895 5544 6.
1922 5489 2160 5561 synodus

2274 4661 2404 4718 fecit
2426 4664 2720 4719 concilium
2742 4664 2811 4720 48
2834 4666 3239 4737 episcoporum,
3261 4673 3318 4722 et
3335 4665 3536 4736 dejecit
3569 4658 3815 4718 Ursacium

2271 4760 2327 4808 et
2352 4751 2632 4810 Valentem
2654 4758 3000 4829 presbyteros
3020 4756 3495 4813 communicantes
3512 4749 3815 4812 Constantiu-

2269 4846 2441 4914 Quem
2473 4857 2662 4918 postea
2694 4847 2895 4905 Valens
2930 4858 2987 4905 et
3010 4847 3282 4916 Ursatius,
3318 4847 3631 4905 faventceis
3660 4842 3816 4899 eodem

2265 4939 2587 4997 Constantio
2616 4949 2852 5013 augusto
2886 4942 3144 5009 Arriano,
3190 4943 3511 5013 dejccerunt
3546 4942 3682 4996 facto
3712 4949 3819 4990 con-

2263 5033 2391 5089 cilio
2420 5050 2544 5089 cum
2573 5034 2845 5101 hereticis,
2880 5043 2935 5090 et
2955 5033 3231 5091 Liberium
3253 5035 3324 5090 ab
3347 5035 3817 5105 ipsisdeprat'aluﬂl

2262 5136 2317 5182 et
2338 5126 2405 5181 ad
2430 5142 2671 5182 errorem
2720 5143 2881 5184 suum
2911 5143 3260 5194 conversum,
3316 5127 3573 5182 Limenio
3604 5134 3658 5180 et
3687 5122 3819 5177 Catu-

2265 5216 2378 5272 lino
2401 5217 2746 5281 consulibus,
2794 5217 2862 5272 de
2885 5218 3051 5271 exilio
3078 5218 3309 5274 Romam
3356 5223 3756 5275 revocaverunt,
3776 5218 3818 5263 et

2264 5309 2311 5341 ⁷³
2334 5308 2474 5364 facta
2495 5318 2576 5365 est
2607 5311 2957 5382 persequutio
2984 5310 3038 5365 in
3065 5311 3234 5377 clero,
3269 5310 3341 5365 ita
3394 5319 3457 5365 ut
3501 5309 3656 5365 multi
3695 5318 3811 5361 mar-

2267 5399 2409 5471 tyrio
2428 5408 2842 5455 coronarentur.
2862 5400 3012 5456 Felix
3026 5417 3158 5457 vero
3180 5401 3475 5472 episcopus
3507 5396 3756 5456 habitavit
3774 5393 3817 5445 in

2270 5490 2471 5561 praedio
2500 5506 2621 5556 suo,
2659 5491 2751 5545 ubi
2774 5501 2829 5547 et
2872 5492 2924 5546 in
2965 5508 3097 5564 pace
3128 5492 3333 5564 quievit
3356 5493 3410 5547 4.
3447 5491 3569 5547 Kal.
3592 5491 3722 5561 Aug.
3743 5483 3820 5540 Li'

1932 5624 2161 5678 νΑηιίΕ
2202 5590 2604 5681 LEC’I‘IONES.

657 5740 702 5772 θ’
725 5738 1050 5796 Ambrosius
1083 5771 1151 5781 -—
1182 5740 1419 5810 repperit
1446 5740 1499 5792 in
1534 5754 1700 5807 marg.

1775 5740 1818 5769 ⁷⁰
1837 5739 2000 5812 ᾼηηο
2022 5738 2417 5812 -——_Vielinrnse
2448 5740 2500 5793 in
2538 5756 2702 5812 marg.

2781 5745 2820 5774 ⁷¹
2849 5742 3173 5799 CCCXXIIH
3229 5761 3363 5798 corr.
3424 5737 3742 5800 CCCXVIIII
3777 5751 3813 5791 ι.

506 5874 511 5879 ,
554 5789 626 5843 ’τι
660 5789 1125 5883 ϋόῇέίἱιέδὲιῖῖίῖ-
1159 5789 1362 5867 (ista;
1382 5789 1561 5866 ἴδ’ξεέί
1588 5789 1753 5879 ἡέᾶἑθ.
1835 5789 2053 5862 “Et;
2083 5789 2499 5881 migrasse:
