3932 6298
118 379 178 434 53
1330 372 1745 431 CHRONICON.
1782 405 1850 414 -—
1883 374 2008 429 LIB.
2050 372 2089 427 1.
3264 371 3333 424 51

117 493 279 549 huius
328 489 504 559 itaque
531 489 883 544 consentiens
927 487 1251 544 Constantio
1288 498 1524 561 augusto
1567 489 1670 545 Ar-
1698 490 1743 547 Α
1770 489 1977 544 cultum
2025 503 2325 543 conversus
2373 486 2705 545 christianos
2758 487 3121 559 persequitur.
3164 485 3350 541 Primo

117 582 273 646 riano,
293 593 398 634 non
422 586 628 632 tantum
660 578 1026 647 rebaptizatus
1049 587 1152 644 est,
1175 580 1269 634 sed
1303 595 1586 635 assensum
1617 580 1668 634 ei
1769 583 1891 652 ejus
1915 597 2061 635 anno
2106 580 2297 635 beatus
2352 577 2618 634 Martinus
2665 578 2924 634 miliciam
2989 581 3269 645 deserens,
3316 596 3347 633 a

118 670 342 743 praebuit,
371 677 427 724 et
451 679 634 740 postea
655 668 874 739 praefuit
907 669 963 723 in
1010 679 1161 740 parte
1197 671 1362 726 annis
1389 671 1437 726 7.
1466 668 1668 727 Omnes
1771 673 1931 729 beato
1992 670 2197 726 llilario
2241 671 2566 742 baptizatus,
2606 670 2780 726 factus
2815 679 2900 727 est
2942 671 3144 727 Christi
3191 672 3348 726 miles

116 764 230 818 anni
252 762 476 817 feliciter
496 762 550 816 in
574 761 765 817 ordine
789 761 986 817 Liberii
1009 772 1387 820 numerantur.
1430 764 1559 821 Post
1580 763 1670 818 Li-
1770 761 2040 835 egregius.
2080 759 2283 815 Juliani
2330 762 2527 816 blanda
2572 760 2673 815 fuit
2721 762 3092 832 persequutio,
3118 761 3348 817 illiciens

118 854 304 909 berium
354 852 589 910 cessavit
640 852 989 924 episcopatus
1030 855 1236 910 diebus
1292 855 1346 909 6.
1388 855 1671 923 Successit
1772 853 1945 924 magis
1970 868 2134 924 quam
2168 853 2473 923 impellens,
2516 863 2570 908 et
2603 854 2758 908 multi
2805 854 3081 909 voluntate
3130 853 3351 925 propria

117 944 266 1008 Felix,
289 944 504 998 natione
544 942 847 1011 Romanus,
890 953 1044 1014 patre
1079 945 1400 1013 Anastasio;
1448 947 1589 1002 sedit
1615 962 1667 1001 a.
1772 953 2118 1000 corruerunt.
2157 943 2409 999 Julianus
2452 961 2583 1013 ergo
2628 946 2682 999 in
2704 944 2900 1001 Persas
2926 945 3200 1015 profectus
3228 954 3353 1016 post

119 1036 161 1099 l.
183 1051 251 1091 In.
281 1034 336 1098 3,
359 1034 414 1089 d.
439 1034 493 1089 2.
520 1033 619 1089 Hic
652 1035 946 1090 declaravit
976 1035 1356 1092 Constantium
1380 1047 1669 1109 augustum
1773 1036 2056 1091 victoriam
2079 1052 2109 1090 a
2146 1035 2435 1091 contrariis
2459 1036 2708 1091 hostibus
2728 1045 3032 1105 separatus,
3056 1052 3086 1090 a
3116 1038 3351 1107 quodam

117 1127 390 1183 hereticum
416 1134 471 1181 et
490 1127 883 1198 rebaptizatum
914 1130 984 1182 ab
1006 1126 1240 1184 Eusebio
1254 1128 1671 1186 Nichomedien-
1774 1127 1841 1182 de
1871 1128 1988 1183 suis
2013 1135 2177 1182 conto
2222 1125 2313 1180 ilia
2343 1126 2623 1196 perfossus
2671 1127 2890 1182 interiit.
2915 1127 3044 1183 Post
3067 1144 3228 1198 quem
3261 1145 3350 1184 se-

117 1233 167 1272 se
199 1217 249 1271 in
277 1217 398 1272 villa
419 1217 690 1289 Aquilone
706 1220 862 1290 juxta
890 1218 1320 1290 Nichomediam,
1350 1231 1405 1278 et
1441 1238 1539 1293 pro
1571 1223 1673 1278 hoc
1774 1218 1960 1288 quenti
2019 1218 2108 1274 die
2176 1217 2497 1295 Jovinianus
2569 1218 2993 1274 Christianorum
3056 1220 3352 1290 imperator

116 1310 271 1380 capite
288 1318 573 1366 truncatur
594 1311 648 1366 5.
686 1310 815 1368 ldus
854 1311 1169 1381 Novembr.,
1197 1323 1254 1369 et
1294 1316 1529 1371 cessavit
1560 1315 1674 1385 cpi-
1774 1310 2027 1375 efﬁcitur,
2076 1326 2237 1381 quem
2303 1309 2553 1365 Julianus
2620 1318 2866 1381 apostata
2907 1311 3105 1366 milicia
3169 1312 3353 1383 priva—

118 1410 347 1471 scopatus
404 1401 602 1459 diebus
650 1402 739 1457 38.
803 1401 1058 1473 Sepultus
1106 1413 1192 1460 est
1250 1405 1335 1460 l7.
1393 1404 1509 1460 Kal.
1574 1405 1675 1462 De-
1774 1413 1945 1468 verat,
1986 1404 2115 1473 quia
2150 1404 2310 1458 idolis
2359 1403 2668 1458 sacrilicare
2709 1403 2971 1459 noluisset
3002 1402 3215 1476 [Beas].
3257 1403 3358 1460 llic

118 1490 299 1544 cembr.
1776 1496 2136 1553 Athanasium
2174 1498 2468 1553 revocavit.
2508 1496 2657 1551 Laeta
2695 1498 2815 1568 ejus
2866 1504 2921 1551 et
2953 1497 3181 1559 honesta
3215 1498 3366 1567 priu-

177 1581 519 1639 Constantius
552 1582 768 1638 Gallum
798 1598 1055 1639 cwsaretn
1109 1594 1361 1655 nepotem
1396 1602 1556 1642 suum
1593 1586 1676 1641 in—
1776 1586 1915 1657 cipia
1943 1604 2093 1644 mors
2124 1588 2415 1645 immatura
2452 1588 2697 1657 corrupit
2727 1627 2743 1655 ,
2792 1588 3026 1643 moritur
3061 1587 3112 1667 8.
3138 1586 3371 1657 imperii

121 1675 304 1732 terfecit
342 1675 646 1749 [HIBRON.].
686 1677 895 1734 Dehinc
937 1677 1218 1735 Julianum
1239 1696 1495 1737 caasarcm
1528 1681 1673 1749 fecit,
1780 1694 1987 1736 mense.

120 1778 165 1822 et
193 1768 241 1822 in
272 1768 470 1824 Gallias
504 1770 720 1826 direxit.
768 1769 1037 1828 Eusebius
1083 1771 1463 1842 Vercellensis,
1484 1774 1679 1847 Diony-
1714 1837 1751 1847 __
1850 1775 2009 1830 Anno
2040 1776 2108 1830 ab
2136 1774 2514 1831 incarnatione
2536 1773 2752 1829 Domini
2792 1772 2916 1828 567.
2951 1771 3382 1847 Valentinianus.

122 1860 219 1915 sius
247 1858 688 1929 Mediolanensis,
718 1871 772 1918 et
817 1860 1035 1918 Lucifer
1062 1864 1408 1921 Caralitanus
1435 1866 1679 1937 insignes
1714 1837 1754 1892 Β
1782 1866 2047 1922 successit
2086 1865 2374 1921 Joviniano
2428 1882 2551 1921 cum
2589 1864 2755 1920 fratre
2787 1862 3029 1920 Valente.
3065 1844 3265 1919 Valens
3299 1865 3373 1920 ab

124 1950 378 2007 habentur.
412 1952 994 2026 [PnosrcujPaulinus
1035 1954 1379 2014 Trevir-ensis
1414 1957 1469 2012 in
1497 1957 1680 2030 Frigia
1784 1957 2030 2014 Eudoxio
2051 1957 2421 2013 Nicbomediaa
2449 1957 2706 2028 episcopo
2744 1955 2976 2013 Arriano
2999 1955 3366 2027 rebaptizatus
3434 1987 3447 2007 κ

122 2042 320 2101 exulans
362 2045 623 2111 moritur,
667 2045 996 2103 Constantio
1043 2049 1235 2104 novies
1281 2057 1337 2104 et
1381 2048 1598 2107 Juliano
1620 2051 1674 2106 2.
1784 2051 2118 2111 christianos
2171 2050 2551 2122 persequitur;
2602 2049 2850 2121 regnavit
2894 2049 3053 2106 annis
3112 2049 3371 2105 undecim

123 2135 435 2192 consulibus.
465 2136 691 2195 Lucifer
711 2139 759 2171 "
792 2137 1140 2197 Caralitanus
1167 2140 1299 2196 dum
1334 2140 1570 2213 rigorem
1590 2143 1680 2213 ju—
1786 2140 1981 2215 [Anc].
2011 2139 2266 2211 llylarius
2292 2141 2337 2170 ""
2376 2139 2716 2196 Pictavensis
2754 2147 2810 2195 et
2860 2137 3157 2195 Nectareus
3207 2137 3371 2194 Vien—

124 2225 261 2281 stitiae
279 2243 400 2299 erga
432 2228 623 2299 lapsos
672 2245 782 2285 non
840 2230 1124 2298 relaxat,a
1166 2248 1399 2289 suorum
1429 2250 1680 2292 connuu-
1785 2230 1973 2287 uensis
2023 2232 2334 2287 moriuntur
2365 2229 2580 2303 [ΒεοΑΙ.
2634 2230 2949 2298 Gratianus,
3003 2229 3377 2286 Valentiniani

125 2319 262 2374 nioue
281 2319 513 2376 descivit
533 2321 603 2374 ⁷⁸.
1787 2324 1954 2389 ﬁlius,
1995 2324 2165 2378 tercio
2200 2321 2561 2380 Valentiniani
2586 2322 2915 2380 etValentis
2960 2322 3367 2380 annoAmbia-

181 2408 545 2467 Priscillianus
584 2410 933 2470 Galliciensis
978 2416 1273 2487 episcopus
1323 2418 1559 2474 heresim
1595 2418 1682 2473 sui
1788 2416 2191 2486 nisitnperator
2226 2416 2457 2471 ellicitur
2492 2413 2791 2487 [lbenom].
2842 2414 3225 2481 Athanaricus,
3275 2429 3373 2468 rex

128 2502 335 2558 nominis
355 2504 607 2559 condidit
630 2503 893 2561 Gratiano
923 2507 976 2561 6.
1000 2516 1056 2563 et
1106 2508 1413 2565 Theodosio
1453 2510 1688 2566 consuli—
1788 2505 2113 2572 Gothorum,
2142 2505 2475 2560 christianos
2506 2506 2854 2576 persequitur
2882 2513 2936 2559 et
2967 2505 3167 2559 multos
3200 2504 3370 2560 inter-

130 2595 228 2650 bus.
268 2594 648 2653 Priscillianus
696 2597 754 2652 in
817 2599 1027 2670 synodo
1076 2599 1454 2672 Burdigaleusi
1495 2602 1686 2671 damp-
1790 2596 1921 2661 ﬁcit,
1947 2596 2191 2666 reliquos
2216 2596 2436 2652 sedibus
2463 2595 2699 2664 propriis
2732 2580 2919 2675 pulsos
2955 2595 3021 2649 ad
3045 2595 3223 2648 solum
3257 2593 3370 2648 Ro-

128 2688 334 2743 tundum
368 2704 426 2744 se
491 2688 802 2761 intelligens
836 2690 904 2745 ad
953 2690 1253 2746 Maximum
1300 2692 1686 2762 imperatorem
1791 2702 2014 2740 manum
2038 2685 2275 2755 expellit.
2317 2684 2474 2738 Anno
2519 2683 2882 2738 Valentiniani
2921 2693 2975 2737 et
3028 2682 3267 2737 Valentis
3319 2682 3374 2736 '5.

130 2777 260 2849 fugit,
286 2780 352 2835 ab
373 2780 589 2836 Evodio
611 2781 850 2853 prefecto
863 2783 1088 2853 pretorii
1109 2782 1289 2854 gladio
1311 2783 1563 2851 addictus
1582 2793 1684 2840 est.
1794 2779 2061 2835 Damasus
2083 2786 2205 2849 post
2228 2775 2455 2831 Felicem
2474 2819 2488 2841 ,
2513 2785 2665 2847 patre
2690 2774 2951 2842 Antonio,
2987 2773 3247 2829 Romanae
3282 2788 3376 2828 ec-

131 2870 305 2927 ltacius
327 2882 380 2928 et
405 2871 669 2931 Ursatius
703 2873 948 2945 episc0pi
982 2874 1307 2931 Priscilliani
1340 2884 1691 2931 accusatores
1794 2871 1973 2927 elesia:
1995 2870 2371 2941 pontiﬁcatum
2399 2868 2638 2938 suscepit
2670 2882 2816 2924 anno
2858 2867 2926 2923 ab
2950 2867 3057 2923 inc.
3091 2865 3244 2922 Dom.
3271 2866 3378 2924 379.

131 2963 189 3017 ob
212 2980 383 3020 necem
402 2966 534 3037 ejus
572 2967 962 3023 communione
992 2967 1296 3038 privantur,
1342 2966 1614 3023 Archadio
1633 2968 1688 3022 2.
1797 2962 1979 3034 (Gesta
2004 2979 2056 3032 p.
2084 2960 2200 3035 .12.).
2235 2959 2299 3015 Et
2325 2976 2449 3015 cum
2486 2960 2677 3014 eodem
2699 2959 2984 3015 ordinatus
3012 2966 3095 3013 est
3121 2954 3379 3022 Ursinus,

131 3064 175 3108 ct
196 3054 373 3113 Ruﬁno
402 3057 939 3133 eonsulibus[Aoo].
988 3057 1242 3116 Florebat
1275 3068 1405 3116 tunc
1451 3068 1695 3130 tempere
1796 3064 1851 3111 et
1874 3056 2017 3110 facto
2060 3055 2293 3109 concilio
2346 3054 2676 3108 constitutus
2722 3061 2809 3108 est
2836 3052 3105 3108 Damasus
3146 3051 3201 3105 in
3253 3050 3381 3105 sedc

135 3143 382 3204 Nectarius
410 3148 741 3205 Viennensis
770 3150 1085 3225 episcopus.
1723 3201 1762 3225 η
1802 3144 2123 3216 apostolica,
2146 3155 2200 3200 et
2244 3143 2477 3199 Ursinus
2529 3143 2708 3200 factus
2740 3153 2824 3200 est
2847 3140 3131 3213 Neapolim
3163 3143 3382 3223 episco-

192 3201 1152 3312 tamtam"litiga‘gs'iigazggsis
1179 3224 1305 3298 cum
1365 3243 1508 3313 apud
1555 3241 1696 3298 αοη-
1722 3201 1764 3259 C
1798 3201 1922 3306 ρῖιε.
1965 3201 2122 3290 Sedit
2147 3250 2198 3289 a.
2234 3233 2320 3298 l8,
2354 3249 2427 3289 m.
2484 3233 2541 3299 2,
2584 3233 2638 3288 d.
2670 3232 2722 3289 6.
2772 3231 2928 3289 llunc
2959 3201 3299 3289 Concordius
3324 3240 3384 3291 et

136 3332 523 3403 stantinopolim
550 3332 751 3387 librum
777 3348 877 3403 pro
908 3349 966 3389 se
987 3332 1312 3390 Constantio
1336 3335 1691 3406 pan-exisset,
1798 3326 2068 3383 Addiscus
2093 3326 2176 3381 vel
2201 3324 2451 3382 Calistus.
2487 3325 2746 3381 diacones
2784 3324 3046 3381 invidiose
3069 3324 3135 3379 de
3172 3323 3382 3381 adulte—

134 3421 189 3475 de
216 3424 367 3479 exilio
384 3423 601 3480 Gallias
633 3424 822 3492 rediit,
869 3412 1171 3496 omnesque
1200 3442 1335 3497 pene
1356 3427 1524 3482 totius
1547 3427 1699 3484 orbis
1801 3419 1867 3474 rii
1897 3419 2130 3476 crimine
2186 3425 2605 3485 accusaverunt,
2633 3432 2743 3487 quo
2793 3424 2974 3471 tamen
3025 3432 3084 3471 se
3117 3423 3387 3485 purgante

379 3516 484 3572 sub
513 3516 735 3571 nomine
752 3516 904 3588 pacis
930 3517 1075 3589 regis
1100 3526 1155 3573 et
1183 3517 1541 3574 Arrianorum
1568 3534 1700 3575 coa-
1802 3512 1855 3567 in
1890 3512 2098 3584 synodo
2126 3511 2233 3566 244
2263 3510 2668 3581 episcoporum,
2694 3508 2793 3581 ipsi
2834 3508 3111 3579 dampnati
3132 3516 3185 3562 et
3213 3508 3279 3562 de
3303 3522 3389 3562 eeo

139 3607 285 3662 sartio
304 3610 650 3679 polluuntur.
1100 3646 1103 3649 »
1182 3612 1183 3615 “
1802 3603 1967 3660 clesia
1992 3602 2220 3675 projecti
2252 3603 2508 3673 laqueum
2544 3617 2708 3673 quem
2748 3600 3095 3659 intenderant
3143 3600 3390 3655 incurre-

198 3696 301 3765 (fol.
331 3699 421 3770 2i)
476 3699 843 3756 Constantius
865 3716 915 3755 a.
942 3701 1032 3756 20.
1061 3702 1213 3774 regni
1242 3701 1326 3758 sui
1353 3700 1581 3756 Romam
1607 3702 1693 3756 in-
1804 3705 1953 3753 runt.
2011 3694 2187 3765 llujus
2223 3703 2416 3765 rogatu
2450 3692 2812 3765 Hieronymus
2839 3692 3132 3765 plurimum
3187 3693 3242 3746 in
3294 3690 3389 3746 Dei

141 3790 376 3857 greditur,
417 3802 475 3847 et
542 3791 636 3845 22.
699 3808 847 3846 anno
893 3793 1136 3865 synodus
1185 3794 1329 3863 apud
1369 3794 1699 3861 Ariminum,
1805 3790 2104 3846 desudante
2135 3787 2369 3844 servicio
2405 3785 2690 3844 constituit
2734 3793 2795 3840 ut
2836 3785 3029 3856 psalmi
3081 3785 3169 3839 die
3193 3792 3390 3838 noctu—

142 3879 309 3936 deinde
328 3884 470 3953 apud
523 3882 889 3939 Mediolanum
935 3874 1078 3941 facta
1104 3894 1210 3953 est,
1236 3885 1291 3940 in
1341 3902 1449 3956 qua
1479 3886 1701 3956 antiqua
1806 3901 1914 3957 que
1961 3884 2017 3940 in
2072 3881 2301 3939 ecclesia
2347 3889 2695 3938 canerentur.
2744 3879 2809 3934 Et
2831 3879 2961 3951 quia
3022 3877 3394 3933 indiﬁ‘erenter

140 3970 227 4026 3l8
246 3976 630 4047 episeOporum
659 3977 793 4033 ﬁdes
833 3978 1059 4033 recitata
1093 3988 1195 4034 est.
1226 3976 1434 4047 Dehinc
1456 3980 1701 4035 omnium
1808 3978 2145 4034 canebantur
2160 3991 2224 4030 ex
2262 3982 2533 4045 prazcepto
2556 3972 2729 4043 ipsius
2767 3969 3006 4037 Damasi,
3054 3970 3161 4025 hoc
3202 3970 3394 4024 beatus

141 4039 497 4135 episcoporum
554 4068 879 4123 auctoritate
912 4068 1123 4123 heresis
1157 4039 1389 4124 Arrian'a
1413 4069 1706 4138 dampnata
1811 4068 2178 4140 Hieronymus
2203 4039 2283 4123 sic
2312 4039 2518 4131 divisit,
2545 4039 2605 4119 ut
2631 4065 2683 4118 iu
2711 4062 2816 4118 ﬁne
2846 4061 3041 4133 psalmi
3079 4061 3263 4116 Gloria
3293 4059 3397 4114 Pa-

140 4160 225 4206 cst.
249 4154 469 4213 Moritur
496 4157 860 4215 Constantius
891 4176 1036 4215 anno
1058 4160 1234 4216 aptatis
1251 4176 1364 4215 sua:
1394 4161 1463 4215 45
1495 4159 1702 4234 [Rea].
1814 4160 1905 4226 tri,
1927 4157 2068 4213 Filio
2105 4166 2158 4212 et
2190 4156 2417 4226 Spiritui
2473 4163 2664 4210 saneto
2697 4154 2767 4208 ab
2818 4152 3076 4208 omnibus
3098 4151 3391 4217 diceretur,

143 4241 254 4300 Post
270 4264 426 4318 quem
455 4247 714 4306 Julianus
741 4251 868 4306 35“
893 4252 962 4307 ab
996 4252 1243 4323 Augusto
1294 4253 1541 4324 regnavit
1572 4269 1624 4309 a.
1652 4254 1707 4321 2,
1812 4251 2125 4321 addiditque
2154 4257 2339 4319 postea
2392 4247 2535 4303 sicut
2565 4254 2683 4301 erat
2704 4244 2757 4299 in
2788 4242 3056 4314 principio
3085 4251 3138 4298 et
3166 4242 3396 4311 reliqua,

147 4350 207 4390 In.
231 4337 278 4393 8.
309 4338 402 4397 llis
422 4341 472 4373 ⁷⁸
503 4341 644 4396 adde
673 4340 707 4396 6
729 4340 823 4412 qui
874 4353 1276 4409 remanserunt,
1303 4344 1361 4399 ﬁt
1392 4360 1595 4402 ann....
1623 4361 1709 4401 re-
1815 4344 1882 4399 ad
1918 4340 2250 4399 confutanda
2289 4339 2476 4410 utique
2525 4336 2772 4392 Arriana:
2822 4335 3078 4388 hereseos
3120 4342 3397 4387 crementa

147 4441 342 4485 manent
360 4431 396 4486 2
420 4448 529 4499 m.,
556 4433 611 4487 d.
653 4432 725 4487 28
751 4431 1052 4506 [lin-2mm].
1088 4433 1397 4506 Magnentio
1423 4436 1564 4506 apud
1594 4436 1708 4491 Au-
1817 4434 2228 4492 nefandissima.
2261 4432 2428 4487 Sexto
2451 4430 2497 4463 ⁷⁸
2524 4428 2736 4485 decimo
2790 4440 2936 4481 anno
2960 4423 3270 4495 presulatus
3294 4422 3400 4479 Da-

148 4521 500 4610 gustudunum
551 4523 846 4594 arripiente
891 4525 1205 4595 imperium.
1259 4525 1532 4584 Constans
1580 4529 1712 4584 haut
1746 4555 1789 4610 ο
1819 4526 1980 4595 masi,
2011 4539 2157 4581 anno
2184 4524 2218 4579 5
2260 4520 2506 4579 Gratiani
2552 4530 2605 4575 et
2633 4516 3018 4584 Valentiniani,
3048 4515 3287 4571 secunda
3311 4529 3399 4587 sy-

148 4606 284 4681 longe
310 4614 377 4668 ab
407 4612 759 4686 Hispaniain
786 4622 970 4670 castro
1014 4615 1217 4671 llelena
1248 4617 1595 4686 interﬁcitur,
1634 4621 1705 4676 ob
1746 4606 1775 4610 —
1816 4619 1993 4675 nodus
2054 4613 2683 4685 ConstantinOpolitana.
2744 4610 2891 4666 Obiit
2932 4608 3202 4664 Damasus
3262 4623 3401 4679 papa

149 4714 290 4767 quam
314 4718 426 4759 rem
480 4703 808 4759 conturbata
849 4704 1125 4775 republica
1190 4703 1479 4763 Veteranio
1535 4708 1706 4777 Misae,
1816 4710 1990 4782 pridie
2012 4707 2138 4764 ldus
2208 4706 2515 4773 Decembr.,
2559 4711 2615 4758 et
2635 4701 2872 4758 cessavit
2900 4699 3247 4771 episcopatus
3285 4698 3402 4753 dies

149 4788 459 4862 Nepotianus
482 4794 673 4851 Romae
706 4796 1000 4865 imperator
1049 4796 1226 4853 factus
1275 4807 1379 4865 est,
1422 4798 1612 4870 Sergio
1656 4810 1709 4856 et
1817 4804 1879 4859 5i
1916 4800 2059 4872 (ib.).

151 4877 385 4954 Nigriano
416 4887 742 4942 consulibus
756 4884 1057 4961 [llrenorn].
1095 4886 1379 4960 Nepotiani
1410 4900 1574 4960 caput
1604 4892 1714 4962 pilo
1891 4889 2253 4961 Temporibus
2279 4889 2442 4960 igitur
2472 4885 2688 4959 Tybcrii
2716 4882 2936 4939 caesaris
2974 4896 3107 4953 gens
3148 4882 3402 4954 quaedam

151 4970 269 5030 Pisa:
299 4978 491 5033 urbem
528 4979 930 5046 circumlatum,
964 4977 1284 5035 Vctranioui
1306 4982 1446 5051 apud
1474 4980 1711 5054 Naysum
1821 4999 2041 5056 egressa
2077 4982 2146 5037 ab
2180 4981 2358 5037 insula
2399 4975 2763 5035 Scandinavia
2816 4988 2979 5043 super
3032 4972 3243 5028 Renum
3279 4988 3407 5029 con-

153 5067 337 5137 rcgium
370 5070 589 5142 insigne
632 5069 959 5125 detractum.
1008 5069 1352 5143 Magnentius
1381 5071 1530 5127 Miser:
1549 5089 1714 5144 supe—
1821 5072 1962 5131 sedit
1990 5070 2144 5140 (Vita
2165 5068 2221 5124 S.
2250 5066 2627 5141 Sigismundi).
2677 5065 2741 5120 Et
2771 5075 3014 5136 tempore
3046 5063 3406 5119 Valentiniani

156 5167 287 5214 ratus
315 5170 401 5216 est
444 5169 573 5232 post
618 5162 967 5217 consulatum
995 5160 1170 5235 Sergii
1205 5170 1261 5218 et
1293 5161 1556 5235 Nigriani.
1597 5163 1713 5220 Ma-
1822 5163 1890 5219 ad
1925 5162 2135 5217 Renum
2166 5158 2958 5231 usquedescendcntcs,castra
2982 5171 3105 5227 quae
3125 5155 3196 5210 ibi
3209 5170 3408 5228 posue-

154 5250 385 5313 gnentius
411 5251 667 5324 Lugduni
693 5252 747 5306 in
778 5252 978 5323 palatio
1012 5269 1071 5309 se
1109 5253 1399 5311 interfecit.
1430 5254 1720 5312 Decentius
1823 5264 1952 5311 runt
1973 5254 2173 5324 burgas
2196 5252 2242 5283 '"'
2255 5257 2676 5314 vocaverunt,et
2695 5249 2766 5303 ob
2783 5249 2836 5303 id
2858 5255 3185 5317 acceperunt
3209 5260 3407 5299 nomen

156 5338 304 5397 frater
325 5345 470 5415 ejus,
500 5360 665 5415 quem
690 5345 759 5400 ad
792 5345 1023 5401 tuendas
1064 5344 1269 5403 Gallias
1289 5362 1545 5403 caesarcm
1574 5345 1719 5403 fece-
1829 5345 2245 5417 Burgundiones
2287 5340 2595 5414 [Fanni-10.],
2625 5341 2721 5411 qui
2745 5349 2903 5396 antea
2925 5354 3025 5395 nec
3050 5338 3409 5393 nominaban-

160 5441 245 5497 rat,
268 5434 522 5492 Senonas
544 5436 740 5507 laqueo
762 5436 926 5491 vitam
982 5436 1174 5492 ﬁnivit.
1223 5437 1321 5494 llic
1348 5439 1414 5494 ad
1447 5439 1719 5494 idolorum
1832 5445 1939 5505 tur,
1968 5435 2153 5506 ibique
2199 5433 2334 5487 nihil
2378 5432 2522 5489 aliud
2564 5432 2949 5502 presumebant
3005 5428 3112 5485 nisi
3140 5434 3408 5499 quantum

1426 5593 1655 5649 VARI/1‘3
1693 5592 2092 5649 LECTIONES.

225 5703 272 5777 ζξ
288 5704 509 5777 Lucifer
554 5736 631 5777 -ν
676 5705 1003 5762 Viennensis
1045 5707 1333 5777 episcopus
1364 5707 1418 5759 in
1451 5722 1617 5775 marg.
1723 5707 1769 5739 ⁷⁵
1801 5703 2029 5762 descivit
2058 5720 2194 5758 corr.
2232 5704 2473 5777 deseruit
2507 5719 2552 5756 τ.
2659 5700 2715 5777 ’⁷⁸
2740 5697 2836 5754 llis
2858 5728 2924 5738 -—
2945 5696 3117 5753 ﬁnivit
3162 5697 3217 5750 in
3240 5710 3411 5765 marg:

165 5769 200 5802 "
232 5771 483 5846 Hylarius
515 5776 708 5833 ——d.6
766 5778 817 5834 in
841 5793 1007 5849 marg.
1080 5769 1132 5809 '7"
1194 5769 1357 5832 Sexto
1400 5808 1469 5817 —
1518 5769 1636 5833 dics
1676 5778 1759 5833 3|.
1805 5778 1859 5830 in
1915 5791 2079 5847 marg.
2159 5777 2203 5811 "
2230 5775 2435 5847 burgus
2485 5789 2619 5827 corr.
2659 5771 2859 5844 burgas
2898 5785 2943 5825 c.
