3932 6298
529 386 602 444 55
1525 371 1828 431 IIIIGONIS
1865 366 2164 429 ABBATIS
2203 365 2774 425 FLAVINIACENSIS
3728 363 3781 421 56

529 510 717 569 preeto
741 502 987 552 ementes
1026 507 1059 548 a
1099 489 1385 549 Germanis
1434 486 1702 558 stipendia
1756 484 2116 556 accipiebant.
2148 489 2195 546 Α
2226 480 2388 555 [Aoo]
2416 481 2540 549 Quo
2573 482 2621 516 ⁸⁸
2648 490 2896 553 tempore
2924 477 3293 569 Viennensem
3332 476 3622 548 ecclesiam
3655 492 3782 549 rcge-

535 589 634 646 Ubi
667 603 795 646 cum
826 587 1040 644 duobus
1062 585 1221 640 annis
1251 580 1598 646 resedissent,
1621 593 1721 650 per
1748 578 1956 649 legatos
1977 574 2122 630 invi-

430 680 433 683 ’
532 680 629 736 tati
652 694 683 734 a
710 677 978 734 Romanis
1005 683 1060 732 et
1092 673 1258 730 Gallis
1277 671 1372 743 qui
1413 672 1469 726 in
1522 669 1974 741 Lugdunensium
2001 683 2124 739 pro-

534 769 710 826 vincia
734 767 1009 839 Cisalpina
1053 764 1223 820 Gallia
1250 771 1467 818 comata
1490 761 1811 818 residebant
1837 759 1955 833 (fol.
1980 759 2117 830 ἓν),

533 870 593 916 ut
624 860 831 916 tributa
857 859 936 914 rei
959 855 1189 927 publica:
1214 870 1444 910 renuere
1464 862 1709 926 possent,
1738 853 1813 908 ibi
1834 867 1959 908 cum
1985 867 2124 907 uxo-

532 953 686 1010 ribus
707 963 761 1009 et
789 949 971 1006 liberis
995 948 1140 1019 jussi
1167 957 1298 1005 sunt
1319 947 1561 1003 residere
1585 945 1740 1018 (Vita
1779 943 2050 1016 Sigism.),
2069 953 2123 1000 et

529 1046 604 1101 ibi
638 1049 1017 1100 remanserunt
1066 1040 1250 1097 levato
1286 1054 1453 1110 super
1496 1053 1557 1095 se
1608 1052 1736 1110 rege
1774 1035 2120 1105 Gundioebo,

428 1168 431 1173 -
527 1136 621 1206 qui
649 1134 750 1189 fuit
769 1148 968 1205 genere
1016 1132 1336 1188 Athanariei
1379 1130 1791 1203 persequutoris
1840 1130 1985 1202 regis
2011 1130 2123 1186 Go-

522 1226 744 1281 tborum
783 1225 965 1298 (Crn.,
1003 1223 1129 1279 Vita
1184 1224 1242 1280 S.
1295 1222 1674 1295 Cbrotbildis).
1704 1221 2123 1280 Valentinianus

524 1319 551 1372 l
568 1317 611 1373 l.
640 1333 789 1374 anno
819 1318 975 1389 regni
1000 1318 1087 1374 sui
1110 1316 1165 1371 in
1191 1316 1472 1373 Britannia
1490 1332 1786 1389 oppressus
1816 1317 1864 1351 ⁸ο
1890 1327 1995 1386 est,
2016 1332 2120 1373 vo-

521 1410 660 1465 mitu
690 1411 979 1482 sanguinis
1019 1407 1293 1466 extinctus
1335 1417 1420 1465 est
1476 1407 1780 1483 [ΗιειιοΝ.].
1837 1408 2121 1466 Successit

531 1500 730 1558 Valens
756 1518 883 1558 cum
930 1500 1192 1558 Gratiano
1236 1512 1292 1557 et
1348 1500 1750 1569 Valentiniano,
1780 1501 1906 1558 ﬁliis
1933 1501 2120 1559 fratris

528 1593 638 1661 sui,
666 1594 916 1666 regnavit
944 1594 989 1626 ⁸¹
1018 1592 1181 1649 annis
1210 1595 1265 1661 4,
1304 1593 1398 1665 qui
1421 1601 1477 1649 et
1503 1593 1677 1665 legem
1718 1593 1814 1649 dat
1833 1601 1896 1649 ut
1926 1607 2120 1650 mona-

526 1685 616 1741 ehi
640 1685 955 1753 militarent,
991 1686 1237 1742 nolentes
1275 1685 1443 1756 jussit
1492 1682 1746 1741 interﬁci.
1807 1682 2026 1742 Iustina
2070 1683 2118 1718 ⁸⁸

527 1785 733 1845 autem,
759 1776 1060 1851 superioris
1093 1775 1462 1833 Valentiniani
1483 1791 1645 1842 uxor,
1669 1774 2116 1831 Valentinianum

2225 575 2320 630 bat
2348 573 2558 642 Niceta,
2579 575 2666 629 vir
2694 571 3172 646 praeclarissimas,
3194 579 3250 626 et
3267 567 3458 626 Justus
3493 569 3784 641 Lugdunen-

2224 682 2362 723 sem.
2395 664 2495 724 IIic
2515 667 2618 723 sub
2640 665 2942 722 Paschasio
2971 664 3214 721 nutritus
3233 671 3290 719 et
3318 661 3534 719 Claudii
3569 663 3780 734 episcopi

2222 758 2488 814 diaconus
2513 758 2581 814 ad
2607 757 3029 829 Lugdunensem
3051 754 3341 812 ecclesiam
3353 755 3645 827 regendam
3662 765 3785 810 tran-

2223 850 2398 906 slatus
2415 858 2520 906 est.
2552 848 2804 923 Synodus
2829 847 2934 905 150
2961 857 3180 920 patrum
3209 856 3575 919 congregatur
3598 846 3652 902 in
3677 847 3785 901 urbe

2221 943 2372 1013 regia
2408 942 2513 999 sub
2542 941 2779 999 Damaso
2804 956 2944 1013 papa
2961 949 3018 997 et
3051 940 3315 998 Gratiano
3340 939 3590 1011 principe
3619 946 3785 995 contra

2220 1032 2600 1090 Macedonium
2646 1043 2703 1090 et
2732 1030 3063 1090 Eudoxium.
3102 1030 3309 1107 [lnam]
3356 1030 3506 1088 Inter
3530 1030 3786 1087 Romanos

2220 1132 2276 1180 et
2297 1122 2507 1180 Gothos
2542 1124 2702 1195 plura
2731 1123 3034 1180 certamina
3054 1131 3443 1179 conseruntur.

2293 1214 2587 1290 [Pnosrsn]
2618 1214 2779 1271 Anno
2817 1215 2872 1272 5.
2919 1215 3085 1286 regni.
3104 1212 3403 1271 Theodosii
3444 1213 3786 1270 Athanaricus

2220 1320 2313 1361 rex
2347 1304 2675 1362 Gotthorum
2703 1320 2764 1362 se
2787 1303 3098 1361 Theodosio
3143 1304 3330 1372 tradit,
3351 1313 3407 1360 et
3430 1303 3790 1360 Constantine

2220 1397 2387 1468 polim
2409 1398 2659 1465 veniens,
2711 1412 2913 1469 magno
2952 1412 2985 1453 a
3022 1396 3268 1468 principe
3297 1398 3509 1453 honore
3557 1397 3787 1459 donatus.

2223 1489 2310 1544 l5.
2333 1489 2422 1545 die
2447 1489 2676 1557 interiit,
2706 1497 2763 1546 et
2799 1488 3053 1546 Alarieus
3083 1490 3374 1558 successit,
3404 1488 3729 1545 Merabaudo
3748 1496 3791 1543 et

2220 1580 2521 1638 Saturnino
2543 1582 2885 1639 consulibus.
2915 1581 3123 1657 [Iam]
3165 1581 3470 1639 Undecimo
3488 1599 3639 1640 anno
3662 1588 3790 1657 regni

2221 1675 2308 1731 sui
2337 1673 2568 1730 Romam
2598 1675 2884 1747 ingressus
2911 1691 3037 1732 cum
3081 1675 3196 1732 ﬁlio
3237 1673 3508 1744 Honorio,
3538 1676 3684 1749 leges
3701 1676 3793 1733 lio-

2187 1774 2511 1822 ‘manorum
2534 1767 2745 1839 integra
2775 1768 3158 1825 emendatione
3186 1768 3447 1824 correxit.
3475 1767 3677 1842 [Ben]
3699 1768 3793 1825 Ila-

527 1883 760 1942 puerum
783 1871 850 1927 ad
881 1871 1118 1927 heresim
1141 1870 1504 1926 Arrianorum
1533 1868 2114 1940 declinarepersuasit,
2149 1859 2193 1915 Β
2218 1857 2421 1925 Simus.
2448 1859 2536 1914 Vir
2582 1868 2842 1917 strenuus
2884 1868 2940 1917 et
2981 1868 3218 1932 augusto
3238 1860 3460 1934 dignus,
3488 1862 3601 1918 nisi
3629 1873 3793 1918 contra

524 1969 644 2017 erat
675 1961 822 2017 enim
856 1968 911 2017 et
962 1962 1079 2032 ipsa
1114 1960 1368 2017 Arriana.
1402 1959 1680 2032 Preceptis
1729 1975 1862 2031 ergo
1889 1959 2120 2033 impera-

523 2051 703 2122 toriis,
725 2053 975 2111 Arrianis
992 2054 1285 2110 traduntur
1304 2053 1570 2120 ecclesiae,
1603 2061 1659 2109 et
1678 2053 1734 2108 in
1750 2051 2119 2109 Mediolanen-

524 2143 572 2199 si
608 2145 840 2209 ecclesia
875 2145 923 2178 ⁸³
949 2144 1257 2201 Auxentius
1281 2152 1635 2215 promovetur
1669 2144 1963 2201 hereticus.
1987 2142 2122 2200 Post

523 2235 685 2308 cujus
706 2252 885 2294 seram
901 2245 1137 2293 mortem
1183 2237 1476 2293 Ambrosio
1499 2236 1758 2309 episcopo
1779 2236 1966 2293 divino
1980 2245 2118 2293 nutu

523 2326 847 2407 constituto,
882 2342 1008 2384 eum
1057 2328 1113 2383 in
1137 2343 1264 2383 eum
1308 2328 1459 2400 regia
1505 2328 1817 2405 desevirent
1835 2319 2114 2397 mandata,

524 2426 580 2472 ct
604 2433 713 2473 una
734 2433 846 2491 quo
890 2417 1111 2475 Arriani
1156 2420 1517 2475 convenirent
1564 2427 1841 2491 peteretur
1889 2419 2117 2477 basilica

524 2524 629 2567 nec
655 2496 1062 2582 impetraretur,
1120 2511 1464 2583 populusque
1518 2512 1758 2581 civitatis
1800 2511 2119 2570 observaret

523 2601 897 2679 Ambrosium,
923 2620 992 2661 ne
1018 2605 1073 2660 vi
1131 2612 1323 2677 raptus
1355 2605 1425 2660 ab
1463 2604 1692 2661 ecclesia
1733 2604 1895 2662 exilio
1920 2605 2117 2679 religa-

523 2705 699 2766 retur,
730 2711 1040 2755 sermonem
1072 2697 1283 2766 babuit,
1318 2713 1479 2770 quem
1530 2697 1599 2755 de
1635 2698 1915 2756 tradendis
1962 2698 2114 2756 basi-

522 2786 645 2844 licis
668 2796 860 2845 contra
892 2788 1226 2845 Auxentium
1261 2789 1634 2861 prmtitulavit,
1664 2806 1827 2862 quem
1870 2790 1999 2862 quia
2025 2791 2114 2847 his

522 2879 729 2936 nostris
748 2881 1088 2951 temporibus
1111 2896 1415 2953 congruere
1434 2882 1661 2949 scimus,
1692 2883 1824 2939 huic
1846 2883 2114 2953 opusculo

527 2970 818 3028 adnectere
847 2971 1166 3029 curabimus
1209 2971 1344 3043 (58).
1373 2969 1548 3027 Tanta
1589 2971 1734 3028 enim
1775 2972 1970 3029 beatus
1990 2972 2116 3028 Am—

522 3062 773 3130 brosius,
830 3077 956 3119 cum
994 3062 1236 3133 undique
1284 3060 1517 3119 Iustinae
1562 3061 1811 3118 Arrianae
1837 3063 2040 3135 reginae
2059 3072 2114 3124 et

525 3156 674 3228 regis
724 3164 1072 3228 appeteretur
1103 3154 1340 3223 insidiis,
1383 3155 1437 3210 in
1466 3155 1697 3212 ecclesia
1751 3153 1848 3212 Dei
1898 3155 2113 3212 labora-

520 3249 603 3306 vit
628 3258 683 3305 et
708 3248 997 3306 desudavit
1040 3248 1332 3315 industria,
1385 3257 1445 3304 ut
1493 3264 1591 3319 per
1611 3263 1739 3305 eum
1762 3248 1829 3304 ad
1859 3248 2112 3303 ultimum

521 3350 686 3399 rectae
714 3341 839 3397 ﬁdei
866 3349 982 3397 tota
1004 3341 1333 3397 subderetur
1353 3340 1526 3409 Italia,
1556 3340 1702 3398 Gens
1727 3342 1894 3413 igitur
1920 3340 2113 3398 Huno-

521 3450 646 3491 rum
677 3435 771 3489 diu
792 3433 1088 3490 inaccessis
1111 3434 1323 3490 reclusa
1348 3434 1626 3491 montibus
1656 3433 1870 3508 [Osos],
1916 3450 2112 3507 repen-

526 3529 638 3584 tina
673 3528 825 3585 rabie
846 3527 1052 3599 percita
1081 3527 1288 3586 exarsit
1312 3526 1366 3581 in
1394 3526 1621 3593 Gothos,
1644 3541 1852 3599 eosque
1878 3528 2113 3599 sparsim

522 3614 881 3676 eonturliatos
907 3620 976 3675 ab
1003 3618 1244 3691 antiquis
1269 3619 1490 3676 sedibus
1522 3619 1692 3690 pellit.
1746 3619 1909 3676 Gothi
1958 3635 2111 3686 vero,

526 3712 760 3767 transito
783 3711 1034 3767 Danubio
1054 3710 1347 3784 fugientes,
1370 3727 1401 3766 a
1424 3710 1651 3767 Valente
1676 3711 1795 3767 sine
1830 3727 2111 3767 armorum

521 3804 862 3875 depositione
884 3811 1015 3859 sunt
1036 3803 1277 3874 suscepti
1298 3801 1514 3877 [Beas].
1560 3801 1793 3874 Moxque
1816 3818 1912 3874 per
1931 3804 2111 3859 avari-

523 3898 667 3952 ciam
693 3894 918 3950 Maximi
940 3895 1096 3951 ducis
1119 3893 1262 3951 fame
1286 3896 1354 3951 ad
1389 3895 1763 3952 rebellandum
1780 3896 1977 3964 coacti,
1996 3894 2117 3951 fun-

522 3990 732 4044 duntur
754 3988 809 4043 in
841 3983 1059 4055 Tracia,
1083 3987 1338 4059 victoque
1383 3986 1626 4045 Valentis
1667 3989 1909 4044 exercitu
1951 3988 2115 4044 simul

521 4079 709 4136 omnia
729 4080 991 4148 ca2dibus,
1024 4080 1292 4137 incendiis
1315 4081 1631 4153 rapinisque
1662 4080 1922 4137 fuderunt
1959 4080 2115 4155 [Ilis-

521 4171 697 4247 noa.].
728 4170 847 4245 Ipse
880 4173 1200 4245 imperator,
1241 4173 1356 4229 suis
1383 4189 1561 4247 usque
1588 4174 1658 4230 ad
1686 4174 2111 4230 internecionem

523 4265 685 4335 cesis,
714 4282 840 4322 cum
875 4267 1071 4339 sagitta
1101 4267 1325 4325 saucius
1372 4266 1605 4339 fugeret,
1636 4277 1691 4324 et
1730 4268 1918 4324 dolore
1942 4268 2115 4323 nimio

524 4374 653 4430 sepe
679 4375 823 4431 equo
845 4359 1140 4427 laberetur,
1169 4359 1236 4414 ad
1267 4360 1532 4431 proxima:
1555 4360 1756 4415 villula:
1796 4359 2112 4416 casellulam

522 4452 843 4523 deportatus
872 4460 957 4507 est
983 4449 1200 4524 [Beas].
1233 4449 1354 4519 Quo
1383 4452 1798 4524 insequentibus
1845 4452 2112 4520 barbaris,

2219 1951 2548 2007 sacramenti
2576 1951 2735 2007 ﬁdem
2750 1967 2848 2023 per
2891 1952 3236 2025 tyrannidem
3265 1954 3586 2011 emersisset
3613 1956 3680 2023 ⁸⁸,
3707 1971 3783 2011 eo

2218 2043 2343 2098 dem
2366 2058 2514 2099 anno
2544 2044 2598 2099 in
2641 2043 2909 2100 Brittania
2958 2045 3166 2102 invitus
3196 2046 3267 2101 ab
3294 2046 3543 2103 exercitu
3592 2047 3798 2119 impera-

2218 2144 2309 2192 tor
2332 2144 2571 2202 creatus,
2599 2137 2655 2191 in
2701 2135 2932 2193 Galliam
2961 2137 3204 2205 transiit,
3253 2137 3440 2208 ibique
3491 2137 3794 2195 Gratianum

2219 2235 2514 2297 augustum
2552 2226 2695 2284 dolis
2742 2221 3181 2284 circumventum
3221 2225 3473 2299 Lugduni
3525 2227 3794 2285 interfecit.

2219 2315 2375 2373 Unde
2402 2317 2449 2350 ⁸⁸
2477 2317 2867 2375 Jheronimus:
2898 2339 2917 2371 ι
2959 2318 3213 2375 Cruenta:
3263 2318 3341 2375 ait
3362 2336 3564 2376 manus
3591 2321 3797 2393 vestigia

2217 2410 2459 2480 parietes
2492 2409 2574 2466 tui
2624 2409 2893 2483 Lugdune
2933 2411 2979 2444 ⁸⁷
3026 2419 3300 2467 testantur
3327 2412 3431 2483 (ep.
3458 2412 3577 2485 60).
3612 2434 3632 2466 ι
3683 2412 3796 2469 Fra-

2214 2510 2464 2574 tremque
2477 2503 2600 2575 ejus
2620 2501 3067 2559 Valentinianum
3107 2502 3262 2560 Italia
3283 2505 3515 2576 expulit,
3546 2514 3605 2563 et
3632 2504 3797 2561 Victo-

2216 2610 2331 2653 rem
2360 2595 2536 2652 ﬁlium
2564 2611 2727 2652 suum
2757 2596 3018 2665 instituit,
3047 2598 3143 2668 qui
3168 2598 3363 2654 eodem
3394 2614 3547 2655 anno
3567 2615 3681 2672 quo
3708 2598 3800 2654 Ila-

2211 2690 2399 2748 ximus
2454 2688 2674 2747 occisus
2725 2698 2810 2747 est
2860 2690 2932 2747 ab
2979 2689 3301 2763 Arbogaste.
3360 2689 3588 2764 [83”;
3648 2691 3799 2749 Paes-

2216 2780 2363 2854 run].

2286 2873 2445 2933 Hunc
2462 2876 2508 2910 ⁸⁸
2535 2890 2667 2949 ergo
2699 2874 2998 2933 Maximum
3051 2877 3378 2935 Ambrosius
3406 2894 3439 2934 a
3463 2879 3801 2935 communio—

2216 2968 2302 3025 nis
2328 2970 2609 3026 consortio
2633 2969 2957 3043 segregavit,
2983 2985 3308 3028 ammonens
3327 2978 3390 3027 ut
3409 2970 3573 3028 eﬁ‘usi
3601 2972 3801 3045 sanguio

2215 3062 2301 3119 nis
2330 3061 2538 3118 domini
2571 3062 2657 3119 sui
2685 3070 2741 3119 et
2760 3063 2908 3135 quod
2936 3071 3022 3120 est
3060 3063 3281 3135 gravius
3311 3062 3626 3123 innocentis
3667 3066 3806 3137 peni-

2217 3155 2442 3211 tentiam
2490 3162 2693 3228 ageret.
2750 3154 2858 3212 Sed
2898 3171 3025 3212 cum
3071 3156 3162 3211 ille
3184 3157 3545 3227 penitentiam
3585 3158 3805 3215 declinat

2140 3227 2185 3289 (ἶ
2219 3249 2489 3319 superbus
2515 3227 2735 3320 spiritu,
2761 3264 2872 3304 non
2897 3248 3077 3305 solum
3104 3247 3349 3304 futuram
3376 3250 3472 3306 sed
3513 3259 3573 3306 et
3591 3266 3803 3322 presen-

2217 3350 2324 3397 tem
2365 3340 2595 3398 salutem
2629 3341 2836 3398 amisit.
2886 3339 3089 3398 Contra
3131 3357 3297 3413 quem
3339 3340 3693 3400 Theodosius
3719 3353 3807 3414 pu-

2215 3433 2418 3504 gnavit,
2450 3442 2505 3489 et
2532 3448 2600 3489 eo
2626 3431 2938 3502 interfecto,
2987 3431 3437 3490 Valentinianum
3485 3450 3664 3508 regno
3702 3449 3808 3489 res-

2215 3526 2362 3584 tituit
2414 3524 2665 3601 [01105.],
2710 3526 2951 3598 peractis
2993 3541 3026 3583 a
3073 3527 3384 3584 conditione
3436 3528 3633 3584 mundi
3682 3525 3809 3582 5690

2217 3619 2408 3688 annis,
2454 3618 2551 3690 qui
2594 3618 2739 3690 apud
2797 3617 3063 3675 Viennam
3115 3634 3260 3674 anno
3308 3620 3563 3691 sequenti
3618 3619 3812 3676 scelere

2216 3712 2536 3785 Arbogastis
2557 3711 2777 3768 comitis
2798 3710 3119 3769 interfectus
3139 3720 3224 3768 est
3260 3711 3435 3784 (Ian.
3470 3711 3577 3784 Ep.
3611 3712 3723 3784 60).
3755 3710 3808 3765 Et

2214 3804 2283 3860 de
2318 3804 2425 3860 hoc
2446 3801 2839 3860 Jheronimus:
2886 3822 2907 3856 ι
2960 3803 3312 3872 Adolescens,
3352 3805 3554 3876 inquit,
3585 3805 3815 3862 Valenti—

2216 3895 2417 3953 nianus
2443 3910 2581 3966 pene
2599 3910 2737 3967 puer
2755 3904 2885 3969 post
2911 3895 3119 3969 fugam,
3150 3905 3275 3968 post
3300 3897 3484 3966 exilia,
3516 3908 3648 3970 post
3666 3914 3814 3955 meu-

2217 3993 2469 4056 peratum
2502 3985 2675 4054 multo
2704 3987 2974 4058 sanguine
3018 3987 3333 4059 imperium,
3370 3988 3508 4043 baut
3528 3989 3728 4060 procul
3755 3988 3817 4043 ab

2216 4079 2352 4135 urbe
2386 4077 2642 4135 fraternae
2669 4078 2717 4111 ⁸⁹
2746 4079 2942 4136 mortis
2969 4081 3191 4137 conscia
3217 4090 3445 4137 necatus
3471 4090 3582 4148 est,
3630 4091 3688 4139 et
3734 4097 3817 4136 ca-

2215 4174 2381 4230 daver
2402 4172 2654 4229 exanime
2675 4171 3000 4228 infamatum
3026 4172 3322 4244 suspendio
3346 4171 3566 4248 [Bson].
3602 4194 3622 4228 ι
3656 4173 3820 4229 Annis

2218 4267 2279 4321 ll
2319 4265 2682 4335 Theodosius,
2712 4265 3021 4321 viventibus
3043 4265 3311 4321 Gratiano
3331 4264 3810 4331 etValentiniano,

2219 4356 2492 4416 Orientem
2517 4359 2678 4425 rexit,
2703 4367 2829 4430 post
2850 4366 3084 4414 mortem
3103 4372 3296 4414 eorum
3317 4357 3351 4412 6
3372 4358 3537 4416 annis
3555 4359 3822 4433 regnavit.

2213 4449 2403 4522 Ipsum
2432 4450 2479 4484 ⁹⁰
2504 4466 2726 4523 quoque
2772 4450 3019 4523 prefatus
3063 4450 3404 4507 admirabilis
3450 4450 3655 4509 doctor
3695 4452 3823 4507 Am-

520 4542 746 4597 incensa
775 4540 960 4606 domo,
995 4541 1275 4611 sepultura
1310 4542 1507 4607 caruit,
1540 4541 1773 4597 eundem
1800 4542 2010 4598 habens
2034 4543 2116 4598 lo-
2150 4590 2193 4615 n
2218 4544 2438 4601 brosius
2490 4544 2561 4599 ab
2617 4543 2870 4615 ingressu
2932 4542 3181 4599 ecclesiae
3233 4549 3289 4599 et
3345 4558 3376 4597 a
3430 4544 3826 4600 communione

520 4649 646 4690 cum
673 4641 727 4688 et
763 4633 957 4688 mortis
982 4642 1037 4687 et
1078 4634 1338 4703 sepulcri,
1372 4649 1423 4688 a.
1452 4632 1610 4689 Dom.
1642 4633 1767 4689 577.
1795 4665 1865 4674 —
1895 4634 2114 4691 Gratia-

522 4743 629 4782 nus
653 4737 837 4781 autem
870 4742 996 4781 cum
1047 4724 1216 4781 fratre
1260 4725 1644 4782 Valentiniano
1672 4729 1916 4799 regnavit
1955 4730 2115 4787 annis

521 4815 575 4880 6,
601 4830 633 4869 a
655 4830 766 4885 quo
788 4813 1135 4870 Theodosius
1156 4816 1363 4872 electus
1393 4816 1447 4871 in
1498 4816 1810 4888 imperium,
1845 4820 2116 4877 maximas

522 4910 645 4964 illas
677 4908 948 4965 Seithicas
979 4919 1187 4982 gentes,
1240 4908 1293 4963 id
1345 4917 1429 4963 est
1480 4908 1844 4975 Alemannos,
1904 4907 2111 4979 Hunos,

521 5001 754 5071 Gothos,
792 5002 1006 5073 magnis
1039 5002 1338 5071 multisque
1369 5000 1573 5071 prmliis
1619 4999 1778 5056 fudit.
1808 5001 1980 5073 Cujus
2003 5004 2116 5058 vir-

521 5104 693 5150 tutem
720 5102 776 5150 et
805 5094 1157 5150 concordiam
1204 5109 1313 5148 non
1365 5092 1601 5149 ferentes
1631 5092 1873 5161 Arriani,
1908 5096 2118 5166 post/io

521 5203 699 5243 annos
742 5187 1027 5255 ecclesias,
1087 5201 1226 5258 quas
1277 5187 1330 5240 vi
1394 5195 1707 5256 tenuerant,
1752 5189 2112 5261 reliquerunt.

2221 4646 2691 4695 sacramentorum
2741 4651 2842 4707 pro
2884 4635 3215 4706 quibusdam
3261 4634 3586 4693 excessibus
3642 4637 3826 4708 prolu-

2220 4730 2379 4798 buit;
2429 4729 2577 4801 quod
2616 4729 2689 4785 ita
2736 4727 3198 4784 clementissimus
3244 4725 3548 4796 imperator
3585 4728 3828 4801 gratanti

2222 4823 2408 4878 animo
2443 4820 2685 4892 suscepit
2714 4827 2776 4876 ut
2796 4818 3072 4890 publicam
3113 4817 3474 4890 penitentiam
3520 4835 3636 4874 non
3665 4819 3827 4874 abor—

2223 4922 2385 4970 reret.
2419 4912 2709 4968 Interfecto
2732 4921 2914 4968 autem
2943 4909 3327 4965 Valentiniano
3348 4920 3600 4981 augustae
3626 4924 3831 4965 memo-

2220 5006 2317 5062 ria:
2352 5007 2405 5061 in
2454 5006 2617 5061 annis
2646 5003 3004 5076 juvenilibus,
3056 5000 3335 5073 Eugenius
3372 5002 3622 5072 suscepit
3661 5000 3831 5072 impe-

2219 5099 2383 5165 rium,
2419 5097 2514 5170 qui
2539 5098 2666 5169 quia
2696 5097 2763 5152 de
2806 5097 3099 5166 repetenda
3136 5109 3234 5148 ara
3278 5091 3538 5150 Victoria:
3563 5109 3631 5150 se
3666 5091 3831 5151 sacri.

2218 5193 2362 5265 legio
2400 5192 2642 5257 miscuit,
2688 5188 3014 5245 Ambrosius
3036 5202 3266 5242 munera
3296 5186 3417 5258 ejus
3446 5187 3661 5259 sprevit
3686 5195 3743 5242 et
3767 5186 3834 5239 ab

1820 5345 2052 5401 VARUE
2094 5347 2480 5404 LECTIONES

594 5456 642 5491 "°
664 5474 717 5515 o.
752 5473 805 5514 e.
831 5459 887 5512 in
920 5474 1089 5530 ’καῖρε
1167 5454 1210 5530 ⁸ῗ
1236 5473 1281 5512 ι’·
1320 5472 1372 5512 ³·
1398 5458 1450 5514 4ο
1477 5458 1533 5530 ίξι
1561 5473 1734 5530 Ψανθν

515 5540 601 5589 est
628 5532 683 5602 in
713 5546 884 5600 marg.
948 5529 1007 5602 γε’
1037 5527 1393 5602 eversissetc.
1469 5529 1517 5602 'f'
1560 5527 1712 5602 Unde
1738 5560 1809 5569 —
1832 5537 2103 5586 testantur
2128 5532 2182 5586 iu
2208 5549 2378 5602 marg.

516 5602 559 5641 ’ν
615 5601 774 5657 Frate
821 5598 869 5656 ὁ.
944 5601 989 5631 ¹⁹⁰
1042 5598 1223 5670 Ipsum
1250 5598 1640 5654 —-interfectus
1683 5600 1737 5653 in
1788 5617 1936 5671 marg

1815 5459 1860 5489 "
1888 5456 2101 5515 Iustina
2123 5492 2192 5501 ——
2222 5459 2377 5516 Italia
2403 5462 2455 5516 in
2480 5478 2649 5532 marg.

2729 5458 2774 5492 ⁸³
2802 5457 3046 5515 ecclesia:
3069 5475 3117 5513 ε.
3191 5457 3239 5491 ⁸⁸
3262 5455 3385 5526 Quo
3418 5487 3491 5497 ——
3521 5458 3830 5515 translatus

2469 5533 2513 5563 ’⁸⁷
2546 5528 2812 5603 Lugdune
2849 5547 2895 5585 r.
2974 5529 3020 5563 ⁸⁸
3048 5529 3205 5584 Hunc
3227 5560 3292 5569 —-
3315 5528 3502 5584 amisit
3545 5529 3604 5583 in
3659 5545 3831 5600 marg.

2020 5733 2250 5789 NOT/E.

597 5825 707 5899 {58)
737 5826 1012 5883 Ambrosii
1044 5825 1271 5898 cpistola
1307 5826 1370 5881 2i
1413 5825 1480 5882 ad
1506 5822 1968 5883 \‘alrntinianum.
1998 5828 2189 5884 Sermo

2301 5837 2492 5884 contra
2513 5826 2845 5882 Auxentium
2869 5823 2931 5892 Il,
2950 5825 3074 5880 863.
