3932 6298
148 360 203 413 57
1397 347 1810 406 CllRONICON.
1828 380 1894 389 -—-
1911 350 2039 406 LIB.
2079 351 2118 406 l.
2310 426 2313 429 ν
3287 361 3358 415 58

147 468 338 528 ecclesia
367 480 484 523 eum
508 473 560 520 et
582 464 873 535 compliccs
905 465 1024 535 ejus
1050 463 1265 534 alijecit,
1289 478 1463 532 neque
1484 472 1670 533 postea
1702 467 1746 522 Α
1773 460 1836 515 21
1884 462 2063 532 (Gesta
2108 480 2159 535 p.
2212 463 2320 531 IL).
2376 440 2651 523 Successit
2703 468 3048 527 Innocentius
3094 470 3356 545 Albanus,

148 562 310 616 fariem
340 557 452 629 ejus
484 556 612 611 vidit
650 554 871 628 [lnam].
917 552 1020 629 Qui
1047 571 1172 611 cum
1216 555 1331 611 suis
1361 555 1617 609 omnibus
1643 568 1673 608 a

149 651 412 708 Theodosio
440 658 518 703 est
543 647 877 702 interfectus.
914 646 1212 703 Defunctus
1230 656 1314 703 est
1337 645 1678 703 Theodosius

149 742 392 799 Mediolani
419 738 502 796 17.
532 753 675 794 anno
696 740 847 811 regni
874 739 980 794 sui.

203 835 339 888 Anno
379 833 444 888 ab
481 829 588 886 inc.
625 830 783 885 Dom.
821 830 944 886 397.
988 824 1218 886 Siricius
1251 845 1384 900 papa
1438 846 1470 885 a
1517 827 1679 885 Petro

146 924 219 991 10,
243 932 380 995 patre
408 918 688 995 Tyburtio,
741 922 881 977 sedit
925 922 1084 979 annis
1135 923 1202 977 15
1251 920 1434 993 (Gesta
1462 938 1515 993 ρ.
1563 920 1675 991 R.).

147 1013 225 1071 llic
264 1014 484 1103 precepit
529 1013 894 1084 penitentibus
932 1012 987 1067 in
1036 1013 1228 1069 ultimo
1268 1013 1526 1068 viaticum
1565 1028 1679 1092 non

145 1104 318 1177 negari.
362 1101 499 1159 Obiit
541 1102 593 1157 8.
641 1101 759 1159 Kal.
808 1102 934 1168 Mai,
971 1112 1022 1159 et
1069 1104 1302 1160 cessavit
1337 1103 1682 1174 episcopatus

145 1193 305 1249 diebus
325 1193 391 1248 20
416 1193 529 1265 (fol.
550 1194 666 1266 25).
714 1193 817 1250 Cui
843 1203 967 1265 post
987 1195 1103 1251 dies
1124 1194 1195 1251 90
1219 1194 1484 1251 successit
1512 1194 1684 1251 Anas—

144 1287 287 1343 tasius
309 1284 613 1353 Romanus,
657 1296 809 1357 patre
846 1285 1101 1343 Maximo.
1150 1286 1249 1343 llic
1296 1287 1579 1343 constituit
1623 1296 1686 1344 ut

143 1378 528 1451 quotiescunque
556 1380 896 1452 evangelium
927 1380 1206 1445 recitatur,
1244 1381 1552 1436 sacerdotes
1573 1396 1683 1435 non

145 1470 347 1538 sedeant,
372 1471 461 1527 sed
482 1480 626 1526 stent
643 1470 816 1526 curvi.
851 1469 927 1526 De
961 1472 1066 1527 hoc
1084 1469 1437 1526 Jheronimus
1459 1472 1515 1525 in
1536 1471 1685 1542 epis~

146 1563 256 1618 stola
274 1564 334 1619 ad
367 1563 629 1635 principia
657 1563 732 1619 ita
755 1563 1000 1634 loquitur
1039 1561 1313 1637 [limante
1357 1580 1437 1634 ep.
1469 1563 1590 1619 127.
1618 1564 1639 1637 ]
1666 1584 1680 1621 :

151 1675 165 1707 ι
195 1653 292 1712 Non
323 1656 545 1710 multum
581 1664 797 1725 tempus
823 1655 878 1710 in
910 1655 1090 1711 medio
1123 1655 1388 1711 successit
1425 1655 1477 1710 in
1507 1657 1687 1726 ponti-

146 1746 277 1802 iicatu
293 1747 368 1802 vir
391 1748 619 1820 insignis
638 1746 981 1814 Anastasius,
994 1763 1156 1819 quem
1175 1747 1270 1803 diu
1291 1746 1465 1803 Roma
1486 1748 1687 1804 habere

147 1854 231 1892 non
255 1840 452 1907 meruit,
482 1856 553 1895 ne
594 1839 744 1895 orbis
782 1848 947 1910 caput
987 1840 1091 1895 sub
1127 1840 1219 1896 tali
1245 1841 1504 1912 episcopo
1532 1850 1688 1897 trun-

143 1941 349 1998 caretur;
373 1932 536 1987 immo
552 1930 760 1987 idcirco
780 1940 965 2002 raptus
982 1940 1144 2003 atque
1171 1933 1466 1990 translatus
1489 1941 1594 2002 est,
1621 1949 1691 1991 ne

146 2022 409 2078 simulatam
452 2024 779 2080 sententiam
828 2024 1083 2094 precibus
1115 2024 1233 2080 suis
1280 2023 1495 2081 flectere
1519 2028 1707 2081 cona-‘

146 2123 286 2182 retur,
325 2132 343 2166 ι
382 2124 565 2186 aperte
605 2114 891 2170 insinuans
916 2121 1135 2185 raptum
1175 2130 1301 2170 eum
1341 2124 1469 2172 ante
1506 2116 1690 2189 irrup-

146 2207 309 2261 tioncm
336 2205 489 2263 Urbis
509 2206 719 2288 factam
760 2209 863 2264 sub
898 2208 1120 2265 Alarico
1172 2205 1484 2283 [i’nosrtzn].
1513 2208 1705 2282 lmpe-'

147 2302 271 2356 rabat
306 2310 426 2359 tunc
468 2303 779 2359 Archadius
820 2317 947 2358 cum
995 2300 1165 2359 fratre
1216 2301 1489 2381 Honorio;
1534 2305 1692 2377 cujus

148 2409 263 2448 anno
286 2393 331 2449 7.
362 2394 496 2451 facta
525 2402 616 2450 est
659 2394 916 2449 revelatio
956 2395 1399 2465 prothomartiris
1431 2394 1691 2467 Stephani

148 2486 190 2541 5.
232 2485 495 2543 Kalendar.
550 2485 861 2553 Deccmbr.,
908 2493 964 2542 et
1019 2487 1104 2543 11.
1134 2486 1254 2558 ejus
1277 2503 1424 2543 anno
1453 2487 1589 2543 obiit
1629 2482 1690 2543 S.

149 2575 371 2636 llartinus
400 2581 451 2636 5.
482 2579 615 2636 ldus
642 2578 778 2635 Nov.
810 2578 941 2635 feria
981 2578 1033 2647 1,
1068 2578 1197 2634 luna
1224 2579 1311 2647 15,
1342 2595 1490 2635 anno
1517 2580 1694 2638 aetatis

151 2683 240 2725 sua
281 2669 369 2738 71,
401 2671 750 2743 episcopatus
776 2670 848 2725 23
888 2669 1030 2742 (ib.).
1072 2668 1338 2742 Regnavit
1386 2669 1727 2741 Archadius‘

152 2760 277 2819 annis
306 2763 394 2831 15;
440 2764 529 2820 cui
583 2762 859 2819 llonorius
889 2760 1156 2819 successit
1203 2777 1327 2818 cum
1385 2760 1695 2818 Theodosio

152 2853 354 2924 minore;
396 2857 556 2927 cujus
606 2866 870 2926 tempore,
920 2869 1066 2910 anno
1116 2855 1187 2910 ab
1235 2854 1343 2909 inc.
1380 2853 1538 2933 Dom.
1566 2854 1692 2923 453,

151 2943 226 2998 6”
257 2945 493 3004 Celestini
527 2964 686 3020 papa:
731 2963 896 3016 anno,
946 2947 1104 3003 tertia
1149 2946 1389 3019 synodus
1423 2943 1694 3018 Ephesina

148 3035 233 3092 200
261 3048 457 3109 patrum
506 3050 703 3098 contra
748 3038 1061 3096 Nestorium
1107 3038 1269 3111 regiae
1305 3037 1457 3093 urbis
1484 3035 1696 3110 episco-

1776 561 1929 622 patrc
1958 552 2313 625 Innocentio;
2356 559 2495 615 sedit
2526 576 2577 615 a.
2613 561 2699 626 l5,
2725 577 2799 617 m.
2824 561 2881 629 2,
2909 561 3071 620 (1.21.
3119 562 3266 620 Obiit
3302 564 3385 620 5‘.’

1778 642 1897 698 Kal.
1919 645 2167 717 Augusti;
2194 649 2426 704 cessavit
2445 650 2787 722 episcopatus
2807 653 2860 708 d.
2877 653 2966 710 22.
2996 654 3080 711 Ab
3100 657 3201 712 hoc
3220 656 3362 712 ordi-

1778 745 1939 791 natus
1960 736 2194 792 mittitur
2219 738 2286 792 ad
2317 737 2535 796 Scottos
2556 742 2617 795 in
2646 742 2921 801 Christum
2944 748 3225 804 credentes
3244 744 3362 802 Pal-

1779 825 1954 882 la‘iius
1989 827 2199 897 primus
2243 829 2555 899 episcopus,
2582 844 2727 885 anno
2761 833 2831 889 ab
2870 836 2976 892 inc.
3024 835 3185 894 Dom.
3231 836 3360 902 431,

1779 932 1925 973 anno
1946 919 2160 988 imperii
2194 917 2485 976 Theodosii
2506 922 2741 992 junioris
2769 922 2822 980 8.
2952 918 2956 923 ’
3068 924 3071 931 “
3332 914 3343 943 ⁵

1852 1007 2095 1065 Eudoxia
2132 1008 2427 1067 Theodosii
2462 1012 2723 1084 principis
2762 1017 2902 1072 uxor
2930 1015 3358 1091 Hierosolymam
3416 1086 3419 1091 η

1781 1096 2022 1169 profecta
2075 1094 2269 1175 [Beas]
2324 1111 2595 1170 catenam,
2625 1102 2741 1183 qua“
2760 1104 2952 1164 Petrus
3001 1113 3283 1180 apostolus
3318 1124 3362 1169 ‘a

1782 1187 1997 1247 Nerone
2047 1192 2263 1250 vinctus
2315 1194 2417 1250 fuit
2462 1195 2515 1250 in
2569 1212 2862 1264 carcere,a
2902 1200 3140 1271 quodam
3176 1203 3366 1260 Iudaeo

1784 1282 2022 1352 suscepit
2053 1291 2107 1338 et
2136 1280 2365 1340 Romam
2402 1301 2524 1341 cum
2570 1278 2757 1342 multis
2783 1289 2905 1345 aliis
2933 1292 3178 1363 reliquiis
3224 1303 3369 1348 attu-

1784 1372 1866 1429 lit.
1890 1370 2232 1431 TheodOsius
2254 1392 2399 1430 anno
2420 1377 2632 1448 imperii
2658 1379 2742 1433 sui
2762 1376 2853 1434 27.
2883 1381 3037 1449 obiit,
3059 1384 3148 1439 cui
3171 1386 3367 1440 eodem

1784 1477 1931 1521 anno
1953 1462 2263 1521 Marcianus
2284 1469 2548 1524 successit
2568 1468 2635 1537 ",
2660 1480 2714 1525 et
2735 1480 2949 1541 sumpta
2972 1473 3027 1528 in
3056 1476 3370 1548 coniugium

1786 1569 1975 1612 sumre
2015 1553 2307 1612 Theodosii
2334 1567 2525 1630 regnat
2563 1559 2617 1614 in
2647 1550 2903 1630 partibus.
2933 1556 3171 1620 Orientis
3213 1569 3373 1622 annis

1789 1647 1820 1701 7
1849 1645 2075 1722 [Inst].
2095 1646 2505 1706 Valentinianus
2528 1660 2581 1707 et
2600 1651 2838 1709 Placidia
2862 1639 3050 1711 Romae
3069 1665 3375 1722 morantur,

1785 1737 1986 1809 vixque
2016 1753 2149 1795 suos
2175 1740 2310 1795 lines
2329 1740 2398 1796 ab
2418 1740 2730 1799 incursione
2756 1742 3112 1803 barbarorum
3135 1747 3374 1819 gentium

1720 1804 1764 1860 Β
1789 1804 2077 1886 defendere
2102 1839 2157 1886 et
2186 1831 2327 1887 tueri
2361 1834 2671 1905 praevalent.
2696 1833 3072 1907 Temporibus
3096 1804 3166 1871 ⁶³υ
3178 1834 3401 1895 Valen-'

1791 1922 1983 1977 tiniani
2023 1931 2078 1978 et
2112 1922 2366 1980 Placidia:
2408 1926 2601 1982 matris
2632 1927 2755 1997 ejus
2780 1928 2953 2000 viguit
2983 1928 3040 1985 S.
3062 1929 3378 1987 'Germam't's

1790 2013 2286 2072 Autissiodorensis
2345 2019 2683 2089 temporibus
2724 2018 2933 2076 Zosimi
2971 2030 3026 2078 ct
3080 2020 3377 2090 Bonefaeii,

1790 2102 2049 2160 Celestini
2085 2121 2240 2178 papae
2265 2116 2320 2163 et
2360 2107 2523 2178 Xisti,
2562 2107 2764 2166 'Hilarii
2786 2130 2791 2135 ο
2815 2110 3170 2182 Arelatensis,
3207 2118 3381 2186 presi-

1791 2194 1951 2252 dente
1978 2196 2328 2269 Lugdunensi
2351 2201 2581 2257 ecclesia
2609 2211 2732 2274 post
2748 2219 2755 2239 ί
2768 2202 3086 2261 Senatorem
3098 2203 3382 2263 Eucherio

1792 2288 2063 2357 pontiﬁce,
2088 2288 2315 2347 Ysichio
2343 2291 2656 2363 Viennensi,
2704 2306 2760 2351 et
2783 2298 2907 2368 post
2925 2308 3051 2351 eum
3077 2295 3382 2353 Claudiano
3485 2362 3489 2366 _

1793 2372 2103 2455 [Pnosren].
2136 2378 2445 2440 Theodosio
2472 2383 2638 2442 15.13!
2655 2380 3039 2443 Valentiniano
3053 2388 3111 2444 2.
3140 2390 3385 2445 consuli~

1793 2467 1896 2524 bus
1919 2469 2225 2529 Germanus
2244 2470 2725 2532 Britanniam‘l‘vit.
2756 2476 3087 2550 Gaysericus
3112 2480 3260 2535 enim
3286 2464 3382 2535 rex

1794 2558 2187 2619 Wandalorum
2216 2563 2457 2621 Siciliam
2478 2568 2730 2635 vastavit,
2766 2570 2821 2624 et
2864 2570 3041 2626 terras
3076 2576 3270 2627 omnes
3315 2570 3383 2626 ad
3483 2641 3487 2645 ν

1788 2651 1882 2722 jus
1925 2653 2138 2724 imperii
2183 2656 2709 2727 pertinentes;enec'
2744 2661 2921 2730 potuit
2969 2660 3386 2717 Valentinianus

1794 2743 1866 2798 ab
1888 2744 2244 2804 insectatione
2265 2748 2624 2806 barbarorum
2651 2761 2854 2807 terram
2893 2764 3049 2807 suam
3093 2752 3386 2809 defendere

1795 2836 1979 2906 (Gesta
2013 2853 2065 2909 ρ.
2118 2838 2230 2911 R.).
2256 2838 2397 2897 Post
2430 2841 2764 2899 Celestinum
2795 2844 2945 2900 sedit
2966 2843 3153 2901 Roma:
3180 2843 3389 2917 Xystus

1794 2945 1934 3002 papa
1974 2929 2277 3001 Romanus,
2309 2944 2463 3006 patre
2489 2933 2681 3008 Xysto,
2730 2953 2782 2991 a.
2806 2935 2886 3005 ‘8,
2919 2937 3101 2994 d.’M.
3137 2936 3235 2995 llic
3250 2949 3390 3010 post

1796 3034 2001 3079 annum
2025 3034 2081 3080 et
2117 3040 2334 3083 menses
2356 3026 2392 3082 8
2424 3027 2804 3085 incriminatur
2836 3046 2868 3084 a
2910 3030 3148 3101 quodam
3190 3031 3380 3089 Basso.

152 3145 282 3199 pum;
308 3142 357 3188 et
377 3135 613 3205 peractis
638 3132 1032 3190 tricennalihus
1070 3132 1188 3189 suis
1219 3132 1355 3187 obiit
1377 3130 1599 3206 [lnam],
1641 3140 1696 3189 et
1721 3145 1768 3208 ο
1798 3116 1961 3185 Ουοά
2002 3118 2233 3176 audiens
2265 3118 2678 3178 Valentinianus
2715 3122 3004 3194 ³ι¹8¹¹³ῑυ⁸ν
3043 3123 3212 3195 iussn
3253 3120 3389 3181 ei)";

152 3222 443 3283 Theodosius
486 3244 637 3285 cum.
669 3226 1051 3282 Valentiniano
1098 3224 1382 3282 successit.
1444 3225 1585 3280 Ante
1636 3225 1689 3280 4.

150 3318 422 3375 consulatus
443 3318 737 3375 Theodosii
773 3335 976 3373 annum
1003 3316 1175 3373 Roma
1199 3318 1268 3373 ab
1296 3317 1512 3373 Alarico
1548 3317 1697 3388 capi-

151 3414 222 3462 tur
256 3408 549 3484 [Pnosren].
589 3412 748 3465 Anno
776 3410 827 3465 7.
861 3411 1013 3481 regni
1043 3408 1336 3466 Theodosii
1366 3408 1556 3465 Aetius
1584 3409 1692 3465 dux

153 3499 397 3573 utriusque
422 3503 640 3559 milicize
669 3501 936 3574 patricius
964 3503 1288 3574 appellatur,
1336 3502 1430 3573 qui
1473 3510 1528 3557 et
1565 3500 1695 3557 Bur-

151 3595 429 3665 gundiones,
480 3598 581 3670 qui
649 3596 983 3653 rebellabant
1053 3595 1348 3661 Romanis,
1389 3590 1698 3667 perdomuit

153 3684 337 3761 [lum],
380 3690 536 3748 czesis
592 3689 664 3745 20
709 3690 933 3747 milibus
982 3691 1050 3746 de
1100 3706 1289 3763 eorum
1325 3689 1592 3757 exercitu,
1643 3692 1699 3746 et

153 3776 411 3837 Galliarum
452 3784 549 3855 qui
594 3783 676 3840 eis
719 3782 983 3839 auxilium
1043 3783 1355 3854 praebebant
1399 3782 1430 3836 7
1478 3782 1698 3839 milibus

156 3868 346 3947 [iam].
370 3874 767 3931 Wandalorum
785 3890 918 3946 gens
934 3875 999 3931 de
1010 3874 1206 3947 vagina
1215 3891 1329 3931 sua:
1343 3875 1698 3933 habitationis

154 3977 335 4034 egressa
358 3967 558 4024 Gallias
594 3967 812 4022 invasit.

209 4056 322 4113 Post
359 4059 738 4116 Innocentium
791 4057 1053 4115 Romanae
1079 4058 1326 4115 ecclesia:
1369 4059 1509 4116 sedit
1542 4058 1698 4116 Zosi-

154 4161 255 4205 mus
282 4150 498 4220 Grecus,
534 4160 691 4223 patre
739 4150 1015 4218 Ebranno,
1064 4166 1115 4206 a.
1171 4151 1226 4217 3,
1266 4168 1343 4206 m.
1393 4152 1449 4218 5,
1496 4151 1553 4208 d.
1604 4151 1696 4207 26.

154 4239 303 4308 (Gesta
323 4261 374 4314 p.
398 4243 512 4315 IL).
542 4242 691 4300 Obiit
716 4245 770 4299 8.
798 4243 917 4298 Kal.
942 4242 1062 4298 Jan.
1085 4262 1099 4311 ;
1122 4259 1172 4299 c.
1200 4258 1251 4298 e.
1281 4242 1335 4298 d.
1374 4243 1435 4298 11
1466 4262 1480 4310 ;
1505 4252 1702 4314 etpost

153 4345 253 4387 cum
272 4333 588 4393 Bouefacius
609 4335 913 4402 Romanus,
928 4344 1077 4405 patre
1096 4334 1362 4391 Jocundio
1380 4334 1699 4406 presbitero,

154 4437 194 4477 a.
225 4425 273 4493 ὅ,
299 4444 368 4484 m.
396 4428 450 4496 8,
480 4430 537 4485 d.
577 4429 629 4484 7.
660 4428 808 4485 Obiit
828 4428 881 4484 8.
912 4427 1031 4497 Kal.
1068 4426 1187 4484 Oct.
1217 4447 1233 4496 ;
1263 4444 1314 4484 c.
1354 4444 1404 4484 c.
1436 4428 1491 4484 d.
1521 4429 1573 4484 9.
1604 4426 1702 4486 llic

1799 3210 1987 3265 cilium
2029 3212 2372 3284 congregati,
2398 3222 2462 3269 “et
2489 3211 2634 3269 facto
2667 3222 2936 3269 conventu
2971 3211 3289 3287 purgatura
3319 3216 3387 3273 56

1797 3303 2089 3373 episcopis,
2142 3312 2197 3358 et
2244 3305 2681 3375 condempnatur
2726 3303 2931 3362 Bassus
2962 3322 2992 3361 a
3041 3309 3271 3379 synodo,
3316 3309 3389 3364 ita
3456 3291 3461 3295 ’

1797 3403 1981 3449 tamen
2036 3404 2098 3450 ut
2149 3394 2342 3450 ultimo
2386 3394 2475 3451 die
2526 3396 2578 3451 ei
2631 3395 2886 3452 viaticum
2933 3411 3044 3452 non
3101 3406 3393 3470 negaretur

1799 3485 2003 3542 intuitu
2088 3486 2447 3542 humanitatis
2503 3495 2559 3543 et
2613 3488 3003 3545 misericordiae
3071 3486 3382 3561 [Pansam].

1797 3577 1945 3634 Elin
1965 3578 2012 3612 ’⁸
2033 3588 2088 3635 et
2120 3578 2335 3636 Valerio
2367 3579 2688 3636 consulibus
2722 3580 2915 3637 Xistus
2934 3590 3075 3653 papa
3109 3583 3395 3637 ordinatur

1798 3674 1969 3730 totius
1993 3675 2146 3749 orbis
2168 3691 2299 3746 pace
2314 3684 2368 3731 et
2390 3690 2663 3731 consensu
2688 3675 2955 3731 mirabile.
2983 3673 3111 3742 Qno'
3132 3672 3391 3728 defuncto

1798 3768 1870 3825 40
1901 3766 2096 3825 diebus
2132 3776 2186 3824 et
2228 3768 2482 3839 amplius
2502 3766 2748 3823 Romana
2766 3767 2997 3824 ecclesia
3020 3766 3140 3823 sine
3166 3773 3392 3837 pastore

1798 3860 1921 3928 fuit,
1955 3860 2188 3915 mirabili
2236 3875 2368 3931 pace
2404 3869 2459 3915 et
2492 3859 2752 3931 patientia
2792 3859 3125 3932 prcsentiam
3173 3857 3391 3913 diaconi

1798 3950 2000 4009 Leonis
2042 3948 2359 4023 expectans
2382 3994 2398 4017 ,
2450 3966 2614 4023 quem
2653 3959 2785 4007 tunc
2832 3950 3023 4007 Gallias
3079 3949 3397 4006 detinebant

1797 4053 2215 4114 eomponentem
2242 4058 2431 4115 pacem
2457 4044 2602 4099 inter
2631 4040 2814 4098 Etium
2844 4052 2900 4099 et
2926 4037 3206 4109 Albinum,
3231 4042 3391 4112 quasi

1799 4135 1922 4189 ideo
1944 4135 2214 4191 abductus
2241 4144 2411 4202 esset,
2434 4145 2495 4191 ut
2527 4134 2684 4191 electi
2712 4134 2969 4191 meritum
2994 4142 3051 4191 et
3077 4134 3395 4208 eligentium

1796 4224 2062 4294 judicium
2112 4227 2441 4297 probaretur
2481 4226 2661 4298 (Gesta
2704 4244 2759 4298 ρ.
2814 4227 2926 4296 R.).
2981 4226 3399 4283 Valentinianus

1805 4324 1985 4371 autem
2014 4326 2282 4389 augustus
2307 4333 2436 4383 cum
2471 4316 2707 4373 Placidia
2740 4327 2916 4373 matre
2944 4328 3173 4389 augusta
3209 4317 3397 4372 furore

1809 4409 2069 4464 conimoti
2111 4407 2343 4465 Bassum
2394 4408 2791 4479 proscriptione
2835 4408 3418 4479 eondempnaverunt,

154 4514 237 4570 sub
256 4521 591 4577 contentione
633 4522 918 4578 ordinatur
960 4536 1088 4577 cum
1117 4519 1349 4589 Eulalio,
1372 4529 1427 4576 et
1460 4518 1563 4575 fuit
1587 4520 1694 4577 dis-

1800 4508 1855 4555 et
1883 4500 2069 4555 otnnia
2121 4499 2322 4571 prasdla
2365 4500 2760 4571 facultatesque
2797 4500 2919 4571 ejus
2948 4499 3193 4557 ecclesia:
3220 4498 3394 4554 tradi-

153 4713 349 4774 "gusta
374 4708 613 4767 Placidia
640 4727 769 4766 cum
805 4710 918 4765 filio
948 4707 1326 4765 Valentiniano
1346 4706 1701 4762 Bonel‘acium

153 4804 472 4856 assenserunt
509 4817 636 4858 esse
662 4802 981 4872 episcopum
1018 4798 1202 4866 Urbis,
1243 4797 1516 4853 Eulalium
1540 4799 1705 4854 mise—

154 4892 260 4937 runt
290 4886 429 4946 foras
455 4891 510 4945 iu
530 4890 908 4961 Campaniam.
954 4888 1084 4946 Post
1104 4904 1268 4960 quem
1305 4904 1356 4943 a.
1388 4887 1545 4943 Dom.
1574 4887 1701 4944 428.

153 4970 423 5039 Celestinus
454 4982 759 5049 Romanus,
790 4992 942 5054 patre
969 4981 1180 5050 Prisco,
1227 4998 1279 5037 a.
1310 4982 1363 5052 8,
1401 4999 1477 5038 m.
1525 4982 1612 5049 10,
1648 4982 1703 5037 (1.

157 5064 209 5118 i7
231 5068 436 5147 [lum].
464 5076 613 5132 Obiit
636 5077 689 5132 8.
723 5076 850 5134 ldus
871 5076 1104 5148 Aprilis;
1133 5092 1183 5134 c.
1210 5092 1260 5132 e.
1297 5076 1352 5132 d.
1383 5075 1474 5131 20.
1524 5074 1710 5133 “Ollo-

155 5156 250 5215 I'ius
294 5164 335 5196 "
386 5165 773 5225 Constantium
827 5169 1119 5239 patricium
1172 5168 1319 5240 apud
1386 5167 1706 5224 Ravennam

153 5263 427 5313 consortem
479 5259 608 5316 fecit
648 5261 883 5332 imperii,
926 5262 1022 5333 qui
1062 5271 1117 5317 et
1156 5260 1452 5317 Placidiam
1481 5277 1707 5317 uxorem

154 5340 282 5401 duxit
323 5364 563 5408 sororem
606 5353 749 5424 ejus.
783 5370 851 5409 ex
890 5370 998 5426 qua
1027 5353 1214 5425 genuit
1243 5353 1703 5411 Valentinianum.

156 5430 441 5500 Anastasius
458 5460 598 5516 papa
624 5446 762 5502 obiit
889 5444 1116 5503 Kalend.
1159 5444 1290 5513 Mai,
1314 5453 1368 5501 et
1390 5462 1530 5501 cess.
1566 5463 1615 5501 e.
1649 5446 1703 5502 d.

1807 4691 1899 4738 tur
1930 4682 2153 4749 Bassus,
2178 4683 2340 4754 cujus
2360 4696 2560 4753 corpus
2582 4682 2790 4754 Xystus
2811 4696 2950 4752 papa
2971 4694 3096 4737 cum
3125 4680 3397 4735 linteami-

1805 4776 2049 4831 minibus
2069 4784 2123 4829 et
2147 4775 2489 4830 aromatibus
2506 4782 2757 4830 tractans
2785 4772 3172 4837 etrecondeas,
3202 4772 3398 4833 sepeli-

1801 4867 1968 4921 vitai
1987 4864 2044 4921 S.
2070 4864 2289 4920 Petrum
2319 4866 2372 4920 in
2395 4865 2653 4920 cubiculo
2674 4872 2959 4934 pauentum
2980 4862 3104 4933 ejus
3124 4861 3241 4932 (fol.
3262 4864 3395 4930 25’).

1810 4957 1987 5029 llujus
2022 4957 2514 5028 supplicationibus
2545 4955 2957 5011 Valentinianus
2979 4963 3248 5024 augustas
3274 4971 3399 5011 cum

1812 5059 1986 5106 matre
2024 5049 2261 5105 Placidia
2297 5050 2469 5105 multa
2497 5057 2820 5103 ornamenta
2846 5047 3049 5118 optulit
3076 5047 3148 5101 ad
3184 5047 3401 5104 confer

1812 5143 2023 5197 sionem
2044 5142 2210 5197 'beati
2245 5141 2413 5208 Petri,
2461 5149 2518 5195 et
2538 5155 2756 5211 semper
2786 5138 3090 5195 Romanam
3117 5140 3402 5197 ecclesiam

1815 5242 2062 5307 provexit
2085 5244 2142 5290 et
2168 5233 2381 5290 extulit.

1866 5347 2046 5401 'Anno
2072 5346 2146 5401 ah
2184 5346 2293 5401 inc.
2339 5343 2497 5399 Dom.
2543 5340 2668 5399 41⁸5.
2720 5345 2988 5400 successit
3018 5342 3129 5399 Leo
3166 5340 3403 5405 Tuscus,

1815 5449 1969 5511 patre
1995 5432 2317 5507 Quintiano.
2374 5436 2526 5493 Sedit
2576 5454 2627 5492 a.
2686 5437 2777 5504 2|,
2829 5454 2903 5493 m.
2967 5438 3018 5503 1,
3067 5437 3122 5492 (1.
3166 5436 3259 5491 28.
3308 5433 3441 5491 llic

1411 5601 1644 5658 VARUE
1684 5598 2082 5674 LECTIONES.

214 5712 253 5792 ’ξ
285 5713 635 5792 llonorins-——
663 5721 719 5777 d.
765 5720 855 5775 22.
892 5722 945 5775 in
986 5738 1151 5792 marg.

160 5781 443 5847 pmbaretur
479 5791 532 5844 in
566 5807 734 5862 marg.

1232 5722 1347 5775 δἐι.
1404 5719 1464 5773 1).
1508 5720 1629 5774 ΜΩ.
1680 5720 1731 5772 in
1764 5734 1929 5788 marg.

2010 5715 2054 5748 9’
2083 5713 2446 5786 Tempmibus
2480 5748 2545 5755 α
2572 5716 2670 5773 ivit
2714 5718 2764 5770 in
2822 5730 2967 5771 mare
3086 5714 3131 5747 ’³
3158 5713 3304 5770 ᾸΣΙίο
3337 5744 3402 5754 --
