  <div class='ocr_page' id='page_1' title='image "/cluster/home/n/w/nwhite01/storage/ocr_20150623/154/hvd.32044015473820/035.png"; bbox 0 0 3932 6298; ppageno 0'>
   <div class='ocr_carea' id='block_1_1' title="bbox 517 398 589 454">
    <p class='ocr_par' dir='ltr' id='par_1_1' title="bbox 517 398 589 454">
     <span class='ocr_line' id='line_1_1' title="bbox 517 398 589 454; baseline 0 0"><span class='ocrx_word' id='word_1_1' title='bbox 517 398 589 454; x_wconf 70' lang='lat'><strong>5.!</strong></span> 
     </span>
    </p>
   </div>
   <div class='ocr_carea' id='block_1_2' title="bbox 1513 391 2742 453">
    <p class='ocr_par' dir='ltr' id='par_1_2' title="bbox 1513 391 2742 453">
     <span class='ocr_line' id='line_1_2' title="bbox 1513 391 2742 453; baseline 0.003 -4"><span class='ocrx_word' id='word_1_2' title='bbox 1513 393 1814 449; x_wconf 78' lang='lat' dir='ltr'><strong>IIUGONIS</strong></span> <span class='ocrx_word' id='word_1_3' title='bbox 1852 391 2142 447; x_wconf 73' lang='lat' dir='ltr'><strong>ABBATIS</strong></span> <span class='ocrx_word' id='word_1_4' title='bbox 2178 393 2742 453; x_wconf 67' lang='lat' dir='ltr'><strong>FLAVINIACENSIS</strong></span> 
     </span>
    </p>
   </div>
   <div class='ocr_carea' id='block_1_3' title="bbox 3700 384 3761 440">
    <p class='ocr_par' dir='ltr' id='par_1_3' title="bbox 3700 384 3761 440">
     <span class='ocr_line' id='line_1_3' title="bbox 3700 384 3761 440; baseline 0 0"><span class='ocrx_word' id='word_1_5' title='bbox 3700 384 3761 440; x_wconf 64' lang='grc' dir='ltr'><strong>ϐπ)</strong></span> 
     </span>
    </p>
   </div>
   <div class='ocr_carea' id='block_1_4' title="bbox 517 490 3762 580">
    <p class='ocr_par' dir='ltr' id='par_1_4' title="bbox 517 490 3762 580">
     <span class='ocr_line' id='line_1_4' title="bbox 517 490 3762 580; baseline -0.003 -15"><span class='ocrx_word' id='word_1_6' title='bbox 517 494 871 580; x_wconf 78' lang='lat' dir='ltr'><strong>dcthendit</strong></span> <span class='ocrx_word' id='word_1_7' title='bbox 897 506 1038 564; x_wconf 87' lang='lat' dir='ltr'><strong>duas</strong></span> <span class='ocrx_word' id='word_1_8' title='bbox 1065 490 1308 572; x_wconf 71' lang='lat' dir='ltr'><strong>hereses,</strong></span> <span class='ocrx_word' id='word_1_9' title='bbox 1340 515 1394 561; x_wconf 91' lang='lat' dir='ltr'><strong>et</strong></span> <span class='ocrx_word' id='word_1_10' title='bbox 1430 507 1500 562; x_wconf 89' lang='lat' dir='ltr'><strong>ob</strong></span> <span class='ocrx_word' id='word_1_11' title='bbox 1541 505 1592 561; x_wconf 99' lang='lat' dir='ltr'><strong>id</strong></span> <span class='ocrx_word' id='word_1_12' title='bbox 1617 503 1766 561; x_wconf 84' lang='lat' dir='ltr'><strong>misit</strong></span> <span class='ocrx_word' id='word_1_13' title='bbox 1788 505 1855 561; x_wconf 90' lang='lat' dir='ltr'><strong>ad</strong></span> <span class='ocrx_word' id='word_1_14' title='bbox 1891 504 2101 559; x_wconf 83' lang='lat' dir='ltr'><strong>ﬁdelem</strong></span> <span class='ocrx_word' id='word_1_15' title='bbox 2134 512 2175 565; x_wconf 74' lang='grc' dir='ltr'><strong>Α</strong></span> <span class='ocrx_word' id='word_1_16' title='bbox 2207 507 2478 578; x_wconf 83' lang='lat' dir='ltr'><strong>principes</strong></span> <span class='ocrx_word' id='word_1_17' title='bbox 2500 508 2706 565; x_wconf 82' lang='lat' dir='ltr'><strong>scilicet</strong></span> <span class='ocrx_word' id='word_1_18' title='bbox 2730 519 2782 565; x_wconf 91' lang='lat' dir='ltr'><strong>ct</strong></span> <span class='ocrx_word' id='word_1_19' title='bbox 2807 508 3089 579; x_wconf 89' lang='lat' dir='ltr'><strong>pontiﬁces</strong></span> <span class='ocrx_word' id='word_1_20' title='bbox 3114 504 3347 559; x_wconf 78' lang='lat' dir='ltr'><strong>Arriano</strong></span> <span class='ocrx_word' id='word_1_21' title='bbox 3374 501 3762 558; x_wconf 62' lang='lat' dir='ltr'><strong>coeno-sorden-</strong></span> 
     </span>
    </p>
   </div>
   <div class='ocr_carea' id='block_1_5' title="bbox 518 594 3761 672">
    <p class='ocr_par' dir='ltr' id='par_1_5' title="bbox 518 594 3761 672">
     <span class='ocr_line' id='line_1_5' title="bbox 518 594 3761 672; baseline -0.003 -16"><span class='ocrx_word' id='word_1_22' title='bbox 518 600 814 672; x_wconf 87' lang='lat' dir='ltr'><strong>principem</strong></span> <span class='ocrx_word' id='word_1_23' title='bbox 840 597 1200 667; x_wconf 81' lang='lat' dir='ltr'><strong>Marcianum,</strong></span> <span class='ocrx_word' id='word_1_24' title='bbox 1223 607 1278 654; x_wconf 94' lang='lat' dir='ltr'><strong>et</strong></span> <span class='ocrx_word' id='word_1_25' title='bbox 1291 598 1431 655; x_wconf 88' lang='lat' dir='ltr'><strong>facta</strong></span> <span class='ocrx_word' id='word_1_26' title='bbox 1457 597 1753 655; x_wconf 88' lang='lat' dir='ltr'><strong>collacione</strong></span> <span class='ocrx_word' id='word_1_27' title='bbox 1772 614 1895 654; x_wconf 90' lang='lat' dir='ltr'><strong>cum</strong></span> <span class='ocrx_word' id='word_1_28' title='bbox 1914 598 2104 654; x_wconf 90' lang='lat' dir='ltr'><strong>eodem</strong></span> <span class='ocrx_word' id='word_1_29' title='bbox 2208 606 2287 655; x_wconf 79' lang='lat' dir='ltr'><strong>tes</strong></span> <span class='ocrx_word' id='word_1_30' title='bbox 2306 616 2399 669; x_wconf 88' lang='lat' dir='ltr'><strong>per</strong></span> <span class='ocrx_word' id='word_1_31' title='bbox 2419 616 2559 671; x_wconf 88' lang='lat' dir='ltr'><strong>quos</strong></span> <span class='ocrx_word' id='word_1_32' title='bbox 2577 601 2860 657; x_wconf 83' lang='lat' dir='ltr'><strong>ecclesiam</strong></span> <span class='ocrx_word' id='word_1_33' title='bbox 2885 615 3040 656; x_wconf 89' lang='lat' dir='ltr'><strong>suam</strong></span> <span class='ocrx_word' id='word_1_34' title='bbox 3064 597 3167 652; x_wconf 90' lang='lat' dir='ltr'><strong>sub</strong></span> <span class='ocrx_word' id='word_1_35' title='bbox 3188 594 3415 667; x_wconf 67' lang='lat' dir='ltr'><strong>praefato</strong></span> <span class='ocrx_word' id='word_1_36' title='bbox 3438 594 3761 659; x_wconf 87' lang='lat' dir='ltr'><strong>Constantio,</strong></span> 
     </span>
    </p>
   </div>
   <div class='ocr_carea' id='block_1_6' title="bbox 519 689 2107 764">
    <p class='ocr_par' dir='ltr' id='par_1_6' title="bbox 519 689 2107 764">
     <span class='ocr_line' id='line_1_6' title="bbox 519 689 2107 764; baseline 0.002 -19"><span class='ocrx_word' id='word_1_37' title='bbox 519 691 780 763; x_wconf 73' lang='lat' dir='ltr'><strong>principe,</strong></span> <span class='ocrx_word' id='word_1_38' title='bbox 806 689 1094 747; x_wconf 88' lang='lat' dir='ltr'><strong>convocati</strong></span> <span class='ocrx_word' id='word_1_39' title='bbox 1127 700 1255 747; x_wconf 88' lang='lat' dir='ltr'><strong>sunt</strong></span> <span class='ocrx_word' id='word_1_40' title='bbox 1277 691 1518 763; x_wconf 85' lang='lat' dir='ltr'><strong>cpisc0pi</strong></span> <span class='ocrx_word' id='word_1_41' title='bbox 1548 692 1791 749; x_wconf 85' lang='lat' dir='ltr'><strong>secundo</strong></span> <span class='ocrx_word' id='word_1_42' title='bbox 1812 692 1966 764; x_wconf 90' lang='lat' dir='ltr'><strong>regni</strong></span> <span class='ocrx_word' id='word_1_43' title='bbox 1985 690 2107 763; x_wconf 84' lang='lat' dir='ltr'><strong>ejus</strong></span> 
     </span>
    </p>
   </div>
   <div class='ocr_carea' id='block_1_7' title="bbox 514 781 2108 854">
    <p class='ocr_par' dir='ltr' id='par_1_7' title="bbox 514 781 2108 854">
     <span class='ocr_line' id='line_1_7' title="bbox 514 781 2108 854; baseline 0 -18"><span class='ocrx_word' id='word_1_44' title='bbox 514 798 681 849; x_wconf 87' lang='lat' dir='ltr'><strong>anno,</strong></span> <span class='ocrx_word' id='word_1_45' title='bbox 719 782 817 854; x_wconf 86' lang='lat' dir='ltr'><strong>qui</strong></span> <span class='ocrx_word' id='word_1_46' title='bbox 838 792 957 839; x_wconf 87' lang='lat' dir='ltr'><strong>erat</strong></span> <span class='ocrx_word' id='word_1_47' title='bbox 989 782 1059 838; x_wconf 90' lang='lat' dir='ltr'><strong>ab</strong></span> <span class='ocrx_word' id='word_1_48' title='bbox 1087 781 1192 839; x_wconf 91' lang='lat' dir='ltr'><strong>inc.</strong></span> <span class='ocrx_word' id='word_1_49' title='bbox 1224 781 1380 838; x_wconf 90' lang='lat' dir='ltr'><strong>Dom.</strong></span> <span class='ocrx_word' id='word_1_50' title='bbox 1412 783 1539 851; x_wconf 76' lang='grc'><strong>452,</strong></span> <span class='ocrx_word' id='word_1_51' title='bbox 1563 793 1619 839; x_wconf 92' lang='lat' dir='ltr'><strong>et</strong></span> <span class='ocrx_word' id='word_1_52' title='bbox 1642 782 1847 839; x_wconf 85' lang='lat' dir='ltr'><strong>factum</strong></span> <span class='ocrx_word' id='word_1_53' title='bbox 1867 791 1952 839; x_wconf 88' lang='lat' dir='ltr'><strong>est</strong></span> <span class='ocrx_word' id='word_1_54' title='bbox 1976 798 2108 839; x_wconf 88' lang='lat' dir='ltr'><strong>con—</strong></span> 
     </span>
    </p>
   </div>
   <div class='ocr_carea' id='block_1_8' title="bbox 516 858 2106 944">
    <p class='ocr_par' dir='ltr' id='par_1_8' title="bbox 516 858 2106 944">
     <span class='ocr_line' id='line_1_8' title="bbox 516 858 2106 944; baseline 0.001 -18"><span class='ocrx_word' id='word_1_55' title='bbox 516 858 707 927; x_wconf 87' lang='lat' dir='ltr'><strong>cilium</strong></span> <span class='ocrx_word' id='word_1_56' title='bbox 755 873 810 928; x_wconf 92' lang='lat' dir='ltr'><strong>in</strong></span> <span class='ocrx_word' id='word_1_57' title='bbox 862 873 996 929; x_wconf 89' lang='lat' dir='ltr'><strong>urbe</strong></span> <span class='ocrx_word' id='word_1_58' title='bbox 1040 872 1365 941; x_wconf 88' lang='lat' dir='ltr'><strong>Calcedona,</strong></span> <span class='ocrx_word' id='word_1_59' title='bbox 1406 881 1462 927; x_wconf 94' lang='lat' dir='ltr'><strong>et</strong></span> <span class='ocrx_word' id='word_1_60' title='bbox 1494 873 1806 944; x_wconf 77' lang='lat' dir='ltr'><strong>congregati</strong></span> <span class='ocrx_word' id='word_1_61' title='bbox 1845 881 1977 927; x_wconf 89' lang='lat' dir='ltr'><strong>sunt</strong></span> <span class='ocrx_word' id='word_1_62' title='bbox 1999 870 2106 927; x_wconf 72' lang='lat'><strong>256</strong></span> 
     </span>
    </p>
   </div>
   <div class='ocr_carea' id='block_1_9' title="bbox 520 962 2109 1037">
    <p class='ocr_par' dir='ltr' id='par_1_9' title="bbox 520 962 2109 1037">
     <span class='ocr_line' id='line_1_9' title="bbox 520 962 2109 1037; baseline 0 -20"><span class='ocrx_word' id='word_1_63' title='bbox 520 964 835 1021; x_wconf 68' lang='lat' dir='ltr'><strong>sacerdotes</strong></span> <span class='ocrx_word' id='word_1_64' title='bbox 854 964 1170 1021; x_wconf 85' lang='lat' dir='ltr'><strong>et&#39;aliorum</strong></span> <span class='ocrx_word' id='word_1_65' title='bbox 1200 979 1436 1035; x_wconf 83' lang='lat' dir='ltr'><strong>quorum</strong></span> <span class='ocrx_word' id='word_1_66' title='bbox 1465 964 1709 1020; x_wconf 78' lang='lat' dir='ltr'><strong>cucurrit</strong></span> <span class='ocrx_word' id='word_1_67' title='bbox 1738 962 2109 1037; x_wconf 80' lang='lat' dir='ltr'><strong>cergrapbus</strong></span> 
     </span>
    </p>
   </div>
   <div class='ocr_carea' id='block_1_10' title="bbox 522 1038 2110 1126">
    <p class='ocr_par' dir='ltr' id='par_1_10' title="bbox 522 1038 2110 1126">
     <span class='ocr_line' id='line_1_10' title="bbox 522 1038 2110 1126; baseline -0.001 -19"><span class='ocrx_word' id='word_1_68' title='bbox 522 1053 650 1121; x_wconf 70' lang='lat'><strong>554,</strong></span> <span class='ocrx_word' id='word_1_69' title='bbox 692 1054 787 1126; x_wconf 91' lang='lat' dir='ltr'><strong>qui</strong></span> <span class='ocrx_word' id='word_1_70' title='bbox 808 1054 971 1119; x_wconf 88' lang='lat' dir='ltr'><strong>simul</strong></span> <span class='ocrx_word' id='word_1_71' title='bbox 987 1053 1166 1125; x_wconf 84' lang='lat' dir='ltr'><strong>juncti</strong></span> <span class='ocrx_word' id='word_1_72' title='bbox 1193 1054 1329 1109; x_wconf 89' lang='lat' dir='ltr'><strong>ﬁunt</strong></span> <span class='ocrx_word' id='word_1_73' title='bbox 1349 1052 1455 1108; x_wconf 86' lang='lat'><strong>600</strong></span> <span class='ocrx_word' id='word_1_74' title='bbox 1482 1054 1791 1110; x_wconf 83' lang='lat' dir='ltr'><strong>sacerdotes</strong></span> <span class='ocrx_word' id='word_1_75' title='bbox 1809 1067 1935 1109; x_wconf 89' lang='lat' dir='ltr'><strong>cum</strong></span> <span class='ocrx_word' id='word_1_76' title='bbox 1957 1038 2110 1123; x_wconf 78' lang='lat' dir='ltr'><strong>papa:</strong></span> 
     </span>
    </p>
   </div>
   <div class='ocr_carea' id='block_1_11' title="bbox 525 1146 2109 1219">
    <p class='ocr_par' dir='ltr' id='par_1_11' title="bbox 525 1146 2109 1219">
     <span class='ocr_line' id='line_1_11' title="bbox 525 1146 2109 1219; baseline 0.001 -19"><span class='ocrx_word' id='word_1_77' title='bbox 525 1146 724 1203; x_wconf 85' lang='lat' dir='ltr'><strong>Leonis</strong></span> <span class='ocrx_word' id='word_1_78' title='bbox 748 1147 1087 1218; x_wconf 86' lang='lat' dir='ltr'><strong>cyrographo</strong></span> <span class='ocrx_word' id='word_1_79' title='bbox 1111 1155 1166 1202; x_wconf 88' lang='lat' dir='ltr'><strong>et</strong></span> <span class='ocrx_word' id='word_1_80' title='bbox 1192 1146 1463 1203; x_wconf 84' lang='lat' dir='ltr'><strong>Martiano</strong></span> <span class='ocrx_word' id='word_1_81' title='bbox 1482 1155 1735 1219; x_wconf 89' lang='lat' dir='ltr'><strong>augusto,</strong></span> <span class='ocrx_word' id='word_1_82' title='bbox 1767 1155 1822 1202; x_wconf 90' lang='lat' dir='ltr'><strong>et</strong></span> <span class='ocrx_word' id='word_1_83' title='bbox 1838 1160 2079 1217; x_wconf 82' lang='lat' dir='ltr'><strong>exposue</strong></span> <span class='ocrx_word' id='word_1_84' title='bbox 2096 1175 2109 1185; x_wconf 90' lang='lat'><strong>-</strong></span> 
     </span>
    </p>
   </div>
   <div class='ocr_carea' id='block_1_12' title="bbox 526 1237 2112 1310">
    <p class='ocr_par' dir='ltr' id='par_1_12' title="bbox 526 1237 2112 1310">
     <span class='ocr_line' id='line_1_12' title="bbox 526 1237 2112 1310; baseline 0.001 -20"><span class='ocrx_word' id='word_1_85' title='bbox 526 1246 653 1301; x_wconf 76' lang='lat' dir='ltr'><strong>runt</strong></span> <span class='ocrx_word' id='word_1_86' title='bbox 678 1237 838 1295; x_wconf 87' lang='lat' dir='ltr'><strong>ﬁdem</strong></span> <span class='ocrx_word' id='word_1_87' title='bbox 867 1238 1218 1306; x_wconf 84' lang='lat' dir='ltr'><strong>catholicam,</strong></span> <span class='ocrx_word' id='word_1_88' title='bbox 1246 1247 1302 1295; x_wconf 88' lang='lat' dir='ltr'><strong>et</strong></span> <span class='ocrx_word' id='word_1_89' title='bbox 1327 1239 1683 1310; x_wconf 86' lang='lat' dir='ltr'><strong>apostolicam</strong></span> <span class='ocrx_word' id='word_1_90' title='bbox 1708 1239 1846 1295; x_wconf 89' lang='lat' dir='ltr'><strong>duas</strong></span> <span class='ocrx_word' id='word_1_91' title='bbox 1883 1246 2112 1294; x_wconf 88' lang='lat' dir='ltr'><strong>naturas</strong></span> 
     </span>
    </p>
   </div>
   <div class='ocr_carea' id='block_1_13' title="bbox 524 1328 2110 1403">
    <p class='ocr_par' dir='ltr' id='par_1_13' title="bbox 524 1328 2110 1403">
     <span class='ocr_line' id='line_1_13' title="bbox 524 1328 2110 1403; baseline 0.003 -21"><span class='ocrx_word' id='word_1_92' title='bbox 524 1328 578 1384; x_wconf 88' lang='lat' dir='ltr'><strong>in</strong></span> <span class='ocrx_word' id='word_1_93' title='bbox 612 1328 832 1399; x_wconf 88' lang='lat' dir='ltr'><strong>Chriso,</strong></span> <span class='ocrx_word' id='word_1_94' title='bbox 870 1329 968 1386; x_wconf 85' lang='lat' dir='ltr'><strong>Dei</strong></span> <span class='ocrx_word' id='word_1_95' title='bbox 999 1331 1167 1386; x_wconf 86' lang='lat' dir='ltr'><strong>simul</strong></span> <span class='ocrx_word' id='word_1_96' title='bbox 1193 1339 1249 1387; x_wconf 92' lang='lat' dir='ltr'><strong>et</strong></span> <span class='ocrx_word' id='word_1_97' title='bbox 1276 1332 1535 1388; x_wconf 89' lang='lat' dir='ltr'><strong>hominis.</strong></span> <span class='ocrx_word' id='word_1_98' title='bbox 1584 1331 1643 1388; x_wconf 92' lang='lat' dir='ltr'><strong>In</strong></span> <span class='ocrx_word' id='word_1_99' title='bbox 1689 1348 1799 1403; x_wconf 90' lang='lat' dir='ltr'><strong>quo</strong></span> <span class='ocrx_word' id='word_1_100' title='bbox 1826 1333 1948 1389; x_wconf 90' lang='lat' dir='ltr'><strong>loco</strong></span> <span class='ocrx_word' id='word_1_101' title='bbox 1974 1331 2110 1403; x_wconf 83' lang='lat' dir='ltr'><strong>piis-</strong></span> 
     </span>
    </p>
   </div>
   <div class='ocr_carea' id='block_1_14' title="bbox 523 1418 2112 1495">
    <p class='ocr_par' dir='ltr' id='par_1_14' title="bbox 523 1418 2112 1495">
     <span class='ocr_line' id='line_1_14' title="bbox 523 1418 2112 1495; baseline 0.006 -23"><span class='ocrx_word' id='word_1_102' title='bbox 523 1418 698 1477; x_wconf 88' lang='lat' dir='ltr'><strong>simus</strong></span> <span class='ocrx_word' id='word_1_103' title='bbox 722 1421 978 1493; x_wconf 81' lang='lat' dir='ltr'><strong>princeps</strong></span> <span class='ocrx_word' id='word_1_104' title='bbox 1033 1438 1143 1478; x_wconf 90' lang='lat' dir='ltr'><strong>una</strong></span> <span class='ocrx_word' id='word_1_105' title='bbox 1162 1439 1289 1479; x_wconf 90' lang='lat' dir='ltr'><strong>cum</strong></span> <span class='ocrx_word' id='word_1_106' title='bbox 1333 1440 1503 1480; x_wconf 82' lang='lat' dir='ltr'><strong>uxore</strong></span> <span class='ocrx_word' id='word_1_107' title='bbox 1535 1423 1822 1480; x_wconf 87' lang='lat' dir='ltr'><strong>Pulcheria</strong></span> <span class='ocrx_word' id='word_1_108' title='bbox 1866 1424 2112 1495; x_wconf 90' lang='lat' dir='ltr'><strong>deposita</strong></span> 
     </span>
    </p>
   </div>
   <div class='ocr_carea' id='block_1_15' title="bbox 524 1514 2112 1590">
    <p class='ocr_par' dir='ltr' id='par_1_15' title="bbox 524 1514 2112 1590">
     <span class='ocr_line' id='line_1_15' title="bbox 524 1514 2112 1590; baseline 0.002 -21"><span class='ocrx_word' id='word_1_109' title='bbox 524 1514 673 1586; x_wconf 83' lang='lat' dir='ltr'><strong>regia</strong></span> <span class='ocrx_word' id='word_1_110' title='bbox 710 1516 997 1587; x_wconf 84' lang='lat' dir='ltr'><strong>majestate</strong></span> <span class='ocrx_word' id='word_1_111' title='bbox 1023 1517 1183 1574; x_wconf 87' lang='lat' dir='ltr'><strong>ﬁdem</strong></span> <span class='ocrx_word' id='word_1_112' title='bbox 1210 1534 1365 1575; x_wconf 84' lang='lat' dir='ltr'><strong>suam</strong></span> <span class='ocrx_word' id='word_1_113' title='bbox 1405 1528 1772 1590; x_wconf 79' lang='lat' dir='ltr'><strong>exposuerunt</strong></span> <span class='ocrx_word' id='word_1_114' title='bbox 1811 1526 1936 1574; x_wconf 88' lang='lat' dir='ltr'><strong>ante</strong></span> <span class='ocrx_word' id='word_1_115' title='bbox 1979 1534 2112 1574; x_wconf 92' lang='lat' dir='ltr'><strong>con-</strong></span> 
     </span>
    </p>
   </div>
   <div class='ocr_carea' id='block_1_16' title="bbox 528 1607 2115 1680">
    <p class='ocr_par' dir='ltr' id='par_1_16' title="bbox 528 1607 2115 1680">
     <span class='ocr_line' id='line_1_16' title="bbox 528 1607 2115 1680; baseline 0.002 -23"><span class='ocrx_word' id='word_1_116' title='bbox 528 1614 776 1673; x_wconf 85' lang='lat' dir='ltr'><strong>spectum</strong></span> <span class='ocrx_word' id='word_1_117' title='bbox 831 1608 1205 1676; x_wconf 86' lang='lat' dir='ltr'><strong>sacerdotum,</strong></span> <span class='ocrx_word' id='word_1_118' title='bbox 1234 1616 1289 1664; x_wconf 94' lang='lat' dir='ltr'><strong>et</strong></span> <span class='ocrx_word' id='word_1_119' title='bbox 1336 1624 1457 1664; x_wconf 87' lang='lat' dir='ltr'><strong>eam</strong></span> <span class='ocrx_word' id='word_1_120' title='bbox 1508 1608 1728 1679; x_wconf 90' lang='lat' dir='ltr'><strong>proprio</strong></span> <span class='ocrx_word' id='word_1_121' title='bbox 1774 1607 2115 1680; x_wconf 77' lang='lat' dir='ltr'><strong>cyrograpbo</strong></span> 
     </span>
    </p>
   </div>
   <div class='ocr_carea' id='block_1_17' title="bbox 526 1699 2114 1770">
    <p class='ocr_par' dir='ltr' id='par_1_17' title="bbox 526 1699 2114 1770">
     <span class='ocr_line' id='line_1_17' title="bbox 526 1699 2114 1770; baseline 0.006 -23"><span class='ocrx_word' id='word_1_122' title='bbox 526 1705 883 1765; x_wconf 78' lang='lat' dir='ltr'><strong>exponentes,</strong></span> <span class='ocrx_word' id='word_1_123' title='bbox 930 1699 1343 1770; x_wconf 89' lang='lat' dir='ltr'><strong>postulaverunt</strong></span> <span class='ocrx_word' id='word_1_124' title='bbox 1391 1709 1643 1756; x_wconf 89' lang='lat' dir='ltr'><strong>sanctum</strong></span> <span class='ocrx_word' id='word_1_125' title='bbox 1695 1699 1988 1756; x_wconf 79' lang='lat' dir='ltr'><strong>concilium</strong></span> <span class='ocrx_word' id='word_1_126' title='bbox 2055 1708 2114 1757; x_wconf 91' lang='lat' dir='ltr'><strong>ut</strong></span> 
     </span>
    </p>
   </div>
   <div class='ocr_carea' id='block_1_18' title="bbox 520 1786 2112 1866">
    <p class='ocr_par' dir='ltr' id='par_1_18' title="bbox 520 1786 2112 1866">
     <span class='ocr_line' id='line_1_18' title="bbox 520 1786 2112 1866; baseline 0.006 -27"><span class='ocrx_word' id='word_1_127' title='bbox 520 1786 855 1859; x_wconf 82' lang='lat' dir='ltr'><strong>dirigeretur</strong></span> <span class='ocrx_word' id='word_1_128' title='bbox 902 1792 969 1846; x_wconf 88' lang='lat' dir='ltr'><strong>ad</strong></span> <span class='ocrx_word' id='word_1_129' title='bbox 1018 1793 1395 1850; x_wconf 87' lang='lat' dir='ltr'><strong>beatissimum</strong></span> <span class='ocrx_word' id='word_1_130' title='bbox 1451 1810 1644 1866; x_wconf 83' lang='lat' dir='ltr'><strong>papam</strong></span> <span class='ocrx_word' id='word_1_131' title='bbox 1714 1793 1974 1850; x_wconf 87' lang='lat' dir='ltr'><strong>Leonem.</strong></span> <span class='ocrx_word' id='word_1_132' title='bbox 2035 1794 2112 1850; x_wconf 91' lang='lat' dir='ltr'><strong>lhi</strong></span> 
     </span>
    </p>
   </div>
   <div class='ocr_carea' id='block_1_19' title="bbox 528 1880 2115 1953">
    <p class='ocr_par' dir='ltr' id='par_1_19' title="bbox 528 1880 2115 1953">
     <span class='ocr_line' id='line_1_19' title="bbox 528 1880 2115 1953; baseline 0.006 -19"><span class='ocrx_word' id='word_1_133' title='bbox 528 1880 811 1953; x_wconf 86' lang='lat' dir='ltr'><strong>dampnati</strong></span> <span class='ocrx_word' id='word_1_134' title='bbox 867 1895 996 1941; x_wconf 89' lang='lat' dir='ltr'><strong>sunt</strong></span> <span class='ocrx_word' id='word_1_135' title='bbox 1042 1886 1330 1953; x_wconf 86' lang='lat' dir='ltr'><strong>Euthices,</strong></span> <span class='ocrx_word' id='word_1_136' title='bbox 1389 1886 1671 1945; x_wconf 80' lang='lat' dir='ltr'><strong>Nestorius</strong></span> <span class='ocrx_word' id='word_1_137' title='bbox 1719 1898 1773 1945; x_wconf 92' lang='lat' dir='ltr'><strong>et</strong></span> <span class='ocrx_word' id='word_1_138' title='bbox 1820 1887 2115 1944; x_wconf 85' lang='lat' dir='ltr'><strong>Dioscorus</strong></span> 
     </span>
    </p>
   </div>
   <div class='ocr_carea' id='block_1_20' title="bbox 534 1973 2117 2053">
    <p class='ocr_par' dir='ltr' id='par_1_20' title="bbox 534 1973 2117 2053">
     <span class='ocr_line' id='line_1_20' title="bbox 534 1973 2117 2053; baseline 0.007 -27"><span class='ocrx_word' id='word_1_139' title='bbox 534 1973 778 2030; x_wconf 86' lang='lat' dir='ltr'><strong>heretici.</strong></span> <span class='ocrx_word' id='word_1_140' title='bbox 829 1975 927 2033; x_wconf 91' lang='lat' dir='ltr'><strong>Hic</strong></span> <span class='ocrx_word' id='word_1_141' title='bbox 968 1978 1159 2035; x_wconf 89' lang='lat' dir='ltr'><strong>beatus</strong></span> <span class='ocrx_word' id='word_1_142' title='bbox 1201 1978 1308 2036; x_wconf 90' lang='lat' dir='ltr'><strong>Leo</strong></span> <span class='ocrx_word' id='word_1_143' title='bbox 1339 1980 1489 2036; x_wconf 87' lang='lat' dir='ltr'><strong>misit</strong></span> <span class='ocrx_word' id='word_1_144' title='bbox 1534 1981 1734 2041; x_wconf 86' lang='lat' dir='ltr'><strong>multas</strong></span> <span class='ocrx_word' id='word_1_145' title='bbox 1763 1980 2020 2053; x_wconf 84' lang='lat' dir='ltr'><strong>epistolas</strong></span> <span class='ocrx_word' id='word_1_146' title='bbox 2048 1981 2117 2037; x_wconf 89' lang='lat' dir='ltr'><strong>de</strong></span> 
     </span>
    </p>
   </div>
   <div class='ocr_carea' id='block_1_21' title="bbox 534 2066 2116 2145">
    <p class='ocr_par' dir='ltr' id='par_1_21' title="bbox 534 2066 2116 2145">
     <span class='ocr_line' id='line_1_21' title="bbox 534 2066 2116 2145; baseline 0.006 -26"><span class='ocrx_word' id='word_1_147' title='bbox 534 2066 639 2121; x_wconf 88' lang='lat' dir='ltr'><strong>lidc</strong></span> <span class='ocrx_word' id='word_1_148' title='bbox 659 2068 727 2123; x_wconf 90' lang='lat' dir='ltr'><strong>ad</strong></span> <span class='ocrx_word' id='word_1_149' title='bbox 757 2068 1105 2139; x_wconf 75' lang='lat' dir='ltr'><strong>Martianum,</strong></span> <span class='ocrx_word' id='word_1_150' title='bbox 1136 2073 1205 2128; x_wconf 83' lang='lat' dir='ltr'><strong>ad</strong></span> <span class='ocrx_word' id='word_1_151' title='bbox 1234 2072 1472 2130; x_wconf 90' lang='lat' dir='ltr'><strong>Leonem</strong></span> <span class='ocrx_word' id='word_1_152' title='bbox 1519 2083 1834 2145; x_wconf 80' lang='lat' dir='ltr'><strong>augustum,</strong></span> <span class='ocrx_word' id='word_1_153' title='bbox 1886 2073 1956 2128; x_wconf 87' lang='lat' dir='ltr'><strong>ad</strong></span> <span class='ocrx_word' id='word_1_154' title='bbox 1995 2072 2116 2128; x_wconf 87' lang='lat' dir='ltr'><strong>Fla-</strong></span> 
     </span>
    </p>
   </div>
   <div class='ocr_carea' id='block_1_22' title="bbox 529 2158 2118 2238">
    <p class='ocr_par' dir='ltr' id='par_1_22' title="bbox 529 2158 2118 2238">
     <span class='ocr_line' id='line_1_22' title="bbox 529 2158 2118 2238; baseline 0.007 -27"><span class='ocrx_word' id='word_1_155' title='bbox 529 2158 754 2216; x_wconf 86' lang='lat' dir='ltr'><strong>vianum</strong></span> <span class='ocrx_word' id='word_1_156' title='bbox 822 2164 1137 2236; x_wconf 87' lang='lat' dir='ltr'><strong>episcopum</strong></span> <span class='ocrx_word' id='word_1_157' title='bbox 1173 2208 1189 2234; x_wconf 93' lang='lat'><strong>,</strong></span> <span class='ocrx_word' id='word_1_158' title='bbox 1250 2182 1375 2238; x_wconf 68' lang='lat' dir='ltr'><strong>quae</strong></span> <span class='ocrx_word' id='word_1_159' title='bbox 1434 2168 1706 2224; x_wconf 86' lang='lat' dir='ltr'><strong>habentur</strong></span> <span class='ocrx_word' id='word_1_160' title='bbox 1760 2167 1816 2223; x_wconf 90' lang='lat' dir='ltr'><strong>in</strong></span> <span class='ocrx_word' id='word_1_161' title='bbox 1877 2166 2118 2222; x_wconf 88' lang='lat' dir='ltr'><strong>archivis</strong></span> 
     </span>
    </p>
   </div>
   <div class='ocr_carea' id='block_1_23' title="bbox 534 2249 2119 2331">
    <p class='ocr_par' dir='ltr' id='par_1_23' title="bbox 534 2249 2119 2331">
     <span class='ocr_line' id='line_1_23' title="bbox 534 2249 2119 2331; baseline 0.006 -27"><span class='ocrx_word' id='word_1_162' title='bbox 534 2249 794 2309; x_wconf 72' lang='lat' dir='ltr'><strong>Romana:</strong></span> <span class='ocrx_word' id='word_1_163' title='bbox 834 2256 1079 2313; x_wconf 69' lang='lat' dir='ltr'><strong>ecclesia:</strong></span> <span class='ocrx_word' id='word_1_164' title='bbox 1124 2255 1310 2331; x_wconf 79' lang='lat' dir='ltr'><strong>[Anc].</strong></span> <span class='ocrx_word' id='word_1_165' title='bbox 1372 2257 1639 2329; x_wconf 87' lang='lat' dir='ltr'><strong>Tempore</strong></span> <span class='ocrx_word' id='word_1_166' title='bbox 1684 2258 1731 2291; x_wconf 74' lang='grc'><strong>⁸³</strong></span> <span class='ocrx_word' id='word_1_167' title='bbox 1772 2257 2034 2314; x_wconf 85' lang='lat' dir='ltr'><strong>Marciani</strong></span> <span class='ocrx_word' id='word_1_168' title='bbox 2065 2268 2119 2314; x_wconf 93' lang='lat' dir='ltr'><strong>ct</strong></span> 
     </span>
    </p>
   </div>
   <div class='ocr_carea' id='block_1_24' title="bbox 534 2341 2121 2422">
    <p class='ocr_par' dir='ltr' id='par_1_24' title="bbox 534 2341 2121 2422">
     <span class='ocr_line' id='line_1_24' title="bbox 534 2341 2121 2422; baseline 0.006 -26"><span class='ocrx_word' id='word_1_169' title='bbox 534 2341 900 2401; x_wconf 84' lang='lat' dir='ltr'><strong>Valentiniani</strong></span> <span class='ocrx_word' id='word_1_170' title='bbox 940 2342 1196 2406; x_wconf 80' lang='lat' dir='ltr'><strong>Ysichius</strong></span> <span class='ocrx_word' id='word_1_171' title='bbox 1226 2346 1552 2408; x_wconf 79' lang='lat' dir='ltr'><strong>Viennensis</strong></span> <span class='ocrx_word' id='word_1_172' title='bbox 1597 2351 1888 2422; x_wconf 87' lang='lat' dir='ltr'><strong>episcopus</strong></span> <span class='ocrx_word' id='word_1_173' title='bbox 1922 2350 2121 2406; x_wconf 89' lang='lat' dir='ltr'><strong>claruit</strong></span> 
     </span>
    </p>
   </div>
   <div class='ocr_carea' id='block_1_25' title="bbox 534 2436 2120 2513">
    <p class='ocr_par' dir='ltr' id='par_1_25' title="bbox 534 2436 2120 2513">
     <span class='ocr_line' id='line_1_25' title="bbox 534 2436 2120 2513; baseline 0.007 -25"><span class='ocrx_word' id='word_1_174' title='bbox 534 2445 656 2504; x_wconf 78' lang='lat' dir='ltr'><strong>post</strong></span> <span class='ocrx_word' id='word_1_175' title='bbox 689 2436 1044 2509; x_wconf 80' lang='lat' dir='ltr'><strong>Mamercum,</strong></span> <span class='ocrx_word' id='word_1_176' title='bbox 1074 2441 1170 2513; x_wconf 88' lang='lat' dir='ltr'><strong>qui</strong></span> <span class='ocrx_word' id='word_1_177' title='bbox 1209 2443 1523 2513; x_wconf 81' lang='lat' dir='ltr'><strong>rogationes</strong></span> <span class='ocrx_word' id='word_1_178' title='bbox 1545 2443 1804 2511; x_wconf 86' lang='lat' dir='ltr'><strong>instituit,</strong></span> <span class='ocrx_word' id='word_1_179' title='bbox 1833 2451 1889 2499; x_wconf 89' lang='lat' dir='ltr'><strong>et</strong></span> <span class='ocrx_word' id='word_1_180' title='bbox 1925 2442 2120 2499; x_wconf 89' lang='lat' dir='ltr'><strong>diebus</strong></span> 
     </span>
    </p>
   </div>
   <div class='ocr_carea' id='block_1_26' title="bbox 536 2528 2115 2608">
    <p class='ocr_par' dir='ltr' id='par_1_26' title="bbox 536 2528 2115 2608">
     <span class='ocr_line' id='line_1_26' title="bbox 536 2528 2115 2608; baseline 0.004 -25"><span class='ocrx_word' id='word_1_181' title='bbox 536 2528 745 2586; x_wconf 85' lang='lat' dir='ltr'><strong>Vsichii</strong></span> <span class='ocrx_word' id='word_1_182' title='bbox 789 2530 1023 2589; x_wconf 86' lang='lat' dir='ltr'><strong>Severus</strong></span> <span class='ocrx_word' id='word_1_183' title='bbox 1054 2535 1338 2608; x_wconf 88' lang='lat' dir='ltr'><strong>presbyter</strong></span> <span class='ocrx_word' id='word_1_184' title='bbox 1370 2535 1439 2591; x_wconf 89' lang='lat' dir='ltr'><strong>de</strong></span> <span class='ocrx_word' id='word_1_185' title='bbox 1473 2534 1620 2591; x_wconf 85' lang='lat' dir='ltr'><strong>India</strong></span> <span class='ocrx_word' id='word_1_186' title='bbox 1655 2534 1919 2591; x_wconf 88' lang='lat' dir='ltr'><strong>Viennam</strong></span> <span class='ocrx_word' id='word_1_187' title='bbox 1947 2535 2115 2590; x_wconf 81' lang='lat' dir='ltr'><strong>venit.</strong></span> 
     </span>
    </p>
   </div>
   <div class='ocr_carea' id='block_1_27' title="bbox 534 2620 1803 2700">
    <p class='ocr_par' dir='ltr' id='par_1_27' title="bbox 534 2620 1803 2700">
     <span class='ocr_line' id='line_1_27' title="bbox 534 2620 1803 2700; baseline 0.007 -25"><span class='ocrx_word' id='word_1_188' title='bbox 534 2620 601 2678; x_wconf 80' lang='lat' dir='ltr'><strong>Et</strong></span> <span class='ocrx_word' id='word_1_189' title='bbox 621 2621 922 2683; x_wconf 86' lang='lat' dir='ltr'><strong>Eucherius</strong></span> <span class='ocrx_word' id='word_1_190' title='bbox 949 2625 1325 2700; x_wconf 85' lang='lat' dir='ltr'><strong>Lugdunensis</strong></span> <span class='ocrx_word' id='word_1_191' title='bbox 1350 2629 1533 2686; x_wconf 89' lang='lat' dir='ltr'><strong>clarus</strong></span> <span class='ocrx_word' id='word_1_192' title='bbox 1555 2630 1803 2686; x_wconf 87' lang='lat' dir='ltr'><strong>habetur.</strong></span> 
     </span>
    </p>
   </div>
   <div class='ocr_carea' id='block_1_28' title="bbox 605 2713 2118 2793">
    <p class='ocr_par' dir='ltr' id='par_1_28' title="bbox 605 2713 2118 2793">
     <span class='ocr_line' id='line_1_28' title="bbox 605 2713 2118 2793; baseline 0.006 -25"><span class='ocrx_word' id='word_1_193' title='bbox 605 2713 778 2786; x_wconf 80' lang='lat' dir='ltr'><strong>Igitur</strong></span> <span class='ocrx_word' id='word_1_194' title='bbox 800 2717 868 2772; x_wconf 88' lang='lat' dir='ltr'><strong>de</strong></span> <span class='ocrx_word' id='word_1_195' title='bbox 889 2718 997 2775; x_wconf 88' lang='lat' dir='ltr'><strong>vita</strong></span> <span class='ocrx_word' id='word_1_196' title='bbox 1024 2728 1079 2774; x_wconf 89' lang='lat' dir='ltr'><strong>et</strong></span> <span class='ocrx_word' id='word_1_197' title='bbox 1098 2720 1392 2778; x_wconf 85' lang='lat' dir='ltr'><strong>virtutibus</strong></span> <span class='ocrx_word' id='word_1_198' title='bbox 1416 2721 1557 2778; x_wconf 85' lang='lat' dir='ltr'><strong>beati</strong></span> <span class='ocrx_word' id='word_1_199' title='bbox 1584 2722 1755 2793; x_wconf 89' lang='lat' dir='ltr'><strong>patris</strong></span> <span class='ocrx_word' id='word_1_200' title='bbox 1784 2721 1957 2777; x_wconf 87' lang='lat' dir='ltr'><strong>nostri</strong></span> <span class='ocrx_word' id='word_1_201' title='bbox 1992 2719 2118 2777; x_wconf 80' lang='lat' dir='ltr'><strong>Pul-</strong></span> 
     </span>
    </p>
   </div>
   <div class='ocr_carea' id='block_1_29' title="bbox 533 2808 2121 2885">
    <p class='ocr_par' dir='ltr' id='par_1_29' title="bbox 533 2808 2121 2885">
     <span class='ocr_line' id='line_1_29' title="bbox 533 2808 2121 2885; baseline 0.004 -22"><span class='ocrx_word' id='word_1_202' title='bbox 533 2808 748 2864; x_wconf 88' lang='lat' dir='ltr'><strong>cbronii</strong></span> <span class='ocrx_word' id='word_1_203' title='bbox 773 2825 946 2881; x_wconf 84' lang='lat' dir='ltr'><strong>pauca</strong></span> <span class='ocrx_word' id='word_1_204' title='bbox 979 2812 1282 2883; x_wconf 83' lang='lat' dir='ltr'><strong>luqunturi,</strong></span> <span class='ocrx_word' id='word_1_205' title='bbox 1311 2815 1597 2884; x_wconf 88' lang='lat' dir='ltr'><strong>superiora</strong></span> <span class='ocrx_word' id='word_1_206' title='bbox 1626 2824 2042 2885; x_wconf 86' lang='lat' dir='ltr'><strong>pertractemus,</strong></span> <span class='ocrx_word' id='word_1_207' title='bbox 2066 2823 2121 2869; x_wconf 84' lang='lat' dir='ltr'><strong>et</strong></span> 
     </span>
    </p>
   </div>
   <div class='ocr_carea' id='block_1_30' title="bbox 535 2901 2121 2975">
    <p class='ocr_par' dir='ltr' id='par_1_30' title="bbox 535 2901 2121 2975">
     <span class='ocr_line' id='line_1_30' title="bbox 535 2901 2121 2975; baseline 0.006 -23"><span class='ocrx_word' id='word_1_208' title='bbox 535 2914 703 2968; x_wconf 85' lang='lat' dir='ltr'><strong>quam</strong></span> <span class='ocrx_word' id='word_1_209' title='bbox 748 2901 932 2968; x_wconf 70' lang='lat' dir='ltr'><strong>gravia</strong></span> <span class='ocrx_word' id='word_1_210' title='bbox 979 2918 1254 2975; x_wconf 88' lang='lat' dir='ltr'><strong>quamque</strong></span> <span class='ocrx_word' id='word_1_211' title='bbox 1300 2905 1603 2974; x_wconf 84' lang='lat' dir='ltr'><strong>periculosa</strong></span> <span class='ocrx_word' id='word_1_212' title='bbox 1664 2905 1960 2961; x_wconf 75' lang='lat' dir='ltr'><strong>sacerdotis</strong></span> <span class='ocrx_word' id='word_1_213' title='bbox 2001 2905 2121 2974; x_wconf 87' lang='lat' dir='ltr'><strong>ejus</strong></span> 
     </span>
    </p>
   </div>
   <div class='ocr_carea' id='block_1_31' title="bbox 536 2993 2121 3069">
    <p class='ocr_par' dir='ltr' id='par_1_31' title="bbox 536 2993 2121 3069">
     <span class='ocr_line' id='line_1_31' title="bbox 536 2993 2121 3069; baseline 0.004 -21"><span class='ocrx_word' id='word_1_214' title='bbox 536 3001 786 3063; x_wconf 85' lang='lat' dir='ltr'><strong>tempora</strong></span> <span class='ocrx_word' id='word_1_215' title='bbox 834 2993 1052 3062; x_wconf 80' lang='lat' dir='ltr'><strong>fuerint,</strong></span> <span class='ocrx_word' id='word_1_216' title='bbox 1108 2996 1164 3052; x_wconf 90' lang='lat' dir='ltr'><strong>in</strong></span> <span class='ocrx_word' id='word_1_217' title='bbox 1220 2998 1342 3069; x_wconf 88' lang='lat' dir='ltr'><strong>ejus</strong></span> <span class='ocrx_word' id='word_1_218' title='bbox 1401 2999 1560 3054; x_wconf 87' lang='lat' dir='ltr'><strong>laude</strong></span> <span class='ocrx_word' id='word_1_219' title='bbox 1600 3000 1668 3055; x_wconf 89' lang='lat' dir='ltr'><strong>ad</strong></span> <span class='ocrx_word' id='word_1_220' title='bbox 1707 3000 2121 3055; x_wconf 74' lang='lat' dir='ltr'><strong>axliﬁcationem</strong></span> 
     </span>
    </p>
   </div>
   <div class='ocr_carea' id='block_1_32' title="bbox 539 3084 2123 3162">
    <p class='ocr_par' dir='ltr' id='par_1_32' title="bbox 539 3084 2123 3162">
     <span class='ocr_line' id='line_1_32' title="bbox 539 3084 2123 3162; baseline 0.005 -25"><span class='ocrx_word' id='word_1_221' title='bbox 539 3084 880 3141; x_wconf 84' lang='lat' dir='ltr'><strong>audientium</strong></span> <span class='ocrx_word' id='word_1_222' title='bbox 927 3087 1160 3144; x_wconf 80' lang='lat' dir='ltr'><strong>breviter</strong></span> <span class='ocrx_word' id='word_1_223' title='bbox 1204 3087 1544 3162; x_wconf 77' lang='lat' dir='ltr'><strong>indagemus.</strong></span> <span class='ocrx_word' id='word_1_224' title='bbox 1589 3088 1768 3161; x_wconf 88' lang='lat' dir='ltr'><strong>thue</strong></span> <span class='ocrx_word' id='word_1_225' title='bbox 1796 3091 2009 3161; x_wconf 88' lang='lat' dir='ltr'><strong>plenius</strong></span> <span class='ocrx_word' id='word_1_226' title='bbox 2053 3090 2123 3145; x_wconf 86' lang='lat' dir='ltr'><strong>il--</strong></span> 
     </span>
    </p>
   </div>
   <div class='ocr_carea' id='block_1_33' title="bbox 2150 1861 2186 1914">
    <p class='ocr_par' dir='ltr' id='par_1_33' title="bbox 2150 1861 2186 1914">
     <span class='ocr_line' id='line_1_33' title="bbox 2150 1861 2186 1914; baseline -0.056 0"><span class='ocrx_word' id='word_1_227' title='bbox 2150 1861 2186 1914; x_wconf 80' lang='lat' dir='ltr'><strong>ll</strong></span> 
     </span>
    </p>
   </div>
   <div class='ocr_carea' id='block_1_34' title="bbox 540 3179 2197 3264">
    <p class='ocr_par' dir='ltr' id='par_1_34' title="bbox 540 3179 2197 3264">
     <span class='ocr_line' id='line_1_34' title="bbox 540 3179 2197 3264; baseline 0.005 -31"><span class='ocrx_word' id='word_1_228' title='bbox 540 3179 785 3235; x_wconf 87' lang='lat' dir='ltr'><strong>lucescat</strong></span> <span class='ocrx_word' id='word_1_229' title='bbox 822 3180 899 3235; x_wconf 87' lang='lat' dir='ltr'><strong>rei</strong></span> <span class='ocrx_word' id='word_1_230' title='bbox 931 3180 1152 3248; x_wconf 86' lang='lat' dir='ltr'><strong>veritas,</strong></span> <span class='ocrx_word' id='word_1_231' title='bbox 1192 3182 1441 3240; x_wconf 88' lang='lat' dir='ltr'><strong>dicamus</strong></span> <span class='ocrx_word' id='word_1_232' title='bbox 1479 3200 1547 3239; x_wconf 80' lang='lat' dir='ltr'><strong>ex</strong></span> <span class='ocrx_word' id='word_1_233' title='bbox 1592 3184 1820 3240; x_wconf 88' lang='lat' dir='ltr'><strong>historia</strong></span> <span class='ocrx_word' id='word_1_234' title='bbox 1866 3184 2121 3241; x_wconf 88' lang='lat' dir='ltr'><strong>Italorum</strong></span> <span class='ocrx_word' id='word_1_235' title='bbox 2151 3205 2197 3264; x_wconf 62' lang='grc' dir='ltr'><strong>ι)</strong></span> 
     </span>
    </p>
   </div>
   <div class='ocr_carea' id='block_1_35' title="bbox 540 3271 2126 3332">
    <p class='ocr_par' dir='ltr' id='par_1_35' title="bbox 540 3271 2126 3332">
     <span class='ocr_line' id='line_1_35' title="bbox 540 3271 2126 3332; baseline 0.003 -5"><span class='ocrx_word' id='word_1_236' title='bbox 540 3271 803 3327; x_wconf 79' lang='lat' dir='ltr'><strong>Getarum</strong></span> <span class='ocrx_word' id='word_1_237' title='bbox 829 3280 885 3330; x_wconf 89' lang='lat' dir='ltr'><strong>et</strong></span> <span class='ocrx_word' id='word_1_238' title='bbox 909 3271 1277 3330; x_wconf 82' lang='lat' dir='ltr'><strong>Romanorum</strong></span> <span class='ocrx_word' id='word_1_239' title='bbox 1307 3290 1406 3330; x_wconf 87' lang='lat' dir='ltr'><strong>seu</strong></span> <span class='ocrx_word' id='word_1_240' title='bbox 1446 3275 1609 3330; x_wconf 91' lang='lat' dir='ltr'><strong>etiam</strong></span> <span class='ocrx_word' id='word_1_241' title='bbox 1654 3275 2045 3332; x_wconf 85' lang='lat' dir='ltr'><strong>Wandalorum</strong></span> <span class='ocrx_word' id='word_1_242' title='bbox 2072 3285 2126 3332; x_wconf 87' lang='lat' dir='ltr'><strong>et</strong></span> 
     </span>
    </p>
   </div>
   <div class='ocr_carea' id='block_1_36' title="bbox 543 3362 2126 3438">
    <p class='ocr_par' dir='ltr' id='par_1_36' title="bbox 543 3362 2126 3438">
     <span class='ocr_line' id='line_1_36' title="bbox 543 3362 2126 3438; baseline 0.004 -20"><span class='ocrx_word' id='word_1_243' title='bbox 543 3362 871 3433; x_wconf 88' lang='lat' dir='ltr'><strong>Snevorum,</strong></span> <span class='ocrx_word' id='word_1_244' title='bbox 903 3366 1034 3436; x_wconf 89' lang='lat' dir='ltr'><strong>quid</strong></span> <span class='ocrx_word' id='word_1_245' title='bbox 1058 3366 1125 3422; x_wconf 92' lang='lat' dir='ltr'><strong>de</strong></span> <span class='ocrx_word' id='word_1_246' title='bbox 1160 3367 1246 3423; x_wconf 89' lang='lat' dir='ltr'><strong>his</strong></span> <span class='ocrx_word' id='word_1_247' title='bbox 1289 3368 1626 3438; x_wconf 85' lang='lat' dir='ltr'><strong>temporibus</strong></span> <span class='ocrx_word' id='word_1_248' title='bbox 1660 3378 1942 3425; x_wconf 87' lang='lat' dir='ltr'><strong>recenseat</strong></span> <span class='ocrx_word' id='word_1_249' title='bbox 1983 3370 2126 3426; x_wconf 89' lang='lat' dir='ltr'><strong>anti-</strong></span> 
     </span>
    </p>
   </div>
   <div class='ocr_carea' id='block_1_37' title="bbox 541 3454 2129 3530">
    <p class='ocr_par' dir='ltr' id='par_1_37' title="bbox 541 3454 2129 3530">
     <span class='ocr_line' id='line_1_37' title="bbox 541 3454 2129 3530; baseline 0.004 -23"><span class='ocrx_word' id='word_1_250' title='bbox 541 3454 746 3524; x_wconf 89' lang='lat' dir='ltr'><strong>quitas,</strong></span> <span class='ocrx_word' id='word_1_251' title='bbox 772 3456 900 3526; x_wconf 88' lang='lat' dir='ltr'><strong>quid</strong></span> <span class='ocrx_word' id='word_1_252' title='bbox 936 3454 1287 3512; x_wconf 81' lang='lat' dir='ltr'><strong>Jheronimus</strong></span> <span class='ocrx_word' id='word_1_253' title='bbox 1310 3457 1365 3511; x_wconf 91' lang='lat' dir='ltr'><strong>in</strong></span> <span class='ocrx_word' id='word_1_254' title='bbox 1385 3457 1503 3514; x_wconf 88' lang='lat' dir='ltr'><strong>suis</strong></span> <span class='ocrx_word' id='word_1_255' title='bbox 1531 3458 1798 3529; x_wconf 85' lang='lat' dir='ltr'><strong>epistolis,</strong></span> <span class='ocrx_word' id='word_1_256' title='bbox 1843 3458 1973 3530; x_wconf 87' lang='lat' dir='ltr'><strong>quid</strong></span> <span class='ocrx_word' id='word_1_257' title='bbox 2004 3476 2129 3530; x_wconf 85' lang='lat' dir='ltr'><strong>pos—</strong></span> 
     </span>
    </p>
   </div>
   <div class='ocr_carea' id='block_1_38' title="bbox 543 3549 2135 3622">
    <p class='ocr_par' dir='ltr' id='par_1_38' title="bbox 543 3549 2135 3622">
     <span class='ocr_line' id='line_1_38' title="bbox 543 3549 2135 3622; baseline 0.004 -20"><span class='ocrx_word' id='word_1_258' title='bbox 543 3558 724 3603; x_wconf 85' lang='lat' dir='ltr'><strong>tremo</strong></span> <span class='ocrx_word' id='word_1_259' title='bbox 752 3557 941 3617; x_wconf 82' lang='lat' dir='ltr'><strong>gentes</strong></span> <span class='ocrx_word' id='word_1_260' title='bbox 984 3557 1041 3603; x_wconf 89' lang='lat' dir='ltr'><strong>et</strong></span> <span class='ocrx_word' id='word_1_261' title='bbox 1082 3564 1251 3620; x_wconf 86' lang='lat' dir='ltr'><strong>regna</strong></span> <span class='ocrx_word' id='word_1_262' title='bbox 1278 3549 1397 3606; x_wconf 83' lang='lat' dir='ltr'><strong>suis</strong></span> <span class='ocrx_word' id='word_1_263' title='bbox 1436 3558 1761 3606; x_wconf 86' lang='lat' dir='ltr'><strong>attestentur</strong></span> <span class='ocrx_word' id='word_1_264' title='bbox 1791 3551 2050 3622; x_wconf 88' lang='lat' dir='ltr'><strong>periculis</strong></span> <span class='ocrx_word' id='word_1_265' title='bbox 2077 3561 2135 3608; x_wconf 87' lang='lat' dir='ltr'><strong>et</strong></span> 
     </span>
    </p>
   </div>
   <div class='ocr_carea' id='block_1_39' title="bbox 540 3638 1567 3696">
    <p class='ocr_par' dir='ltr' id='par_1_39' title="bbox 540 3638 1567 3696">
     <span class='ocr_line' id='line_1_39' title="bbox 540 3638 1567 3696; baseline 0.002 -3"><span class='ocrx_word' id='word_1_266' title='bbox 540 3638 918 3693; x_wconf 83' lang='lat' dir='ltr'><strong>calamitatum</strong></span> <span class='ocrx_word' id='word_1_267' title='bbox 944 3639 1198 3696; x_wconf 87' lang='lat' dir='ltr'><strong>miseriis.</strong></span> <span class='ocrx_word' id='word_1_268' title='bbox 1564 3672 1567 3675; x_wconf 55' lang='grc' dir='ltr'>λ</span> 
     </span>
    </p>
   </div>
   <div class='ocr_carea' id='block_1_40' title="bbox 619 3728 2131 3806">
    <p class='ocr_par' dir='ltr' id='par_1_40' title="bbox 619 3728 2131 3806">
     <span class='ocr_line' id='line_1_40' title="bbox 619 3728 2131 3806; baseline 0.004 -21"><span class='ocrx_word' id='word_1_269' title='bbox 619 3728 735 3786; x_wconf 88' lang='lat' dir='ltr'><strong>Sub</strong></span> <span class='ocrx_word' id='word_1_270' title='bbox 757 3731 1120 3787; x_wconf 79' lang='lat' dir='ltr'><strong>Constantino</strong></span> <span class='ocrx_word' id='word_1_271' title='bbox 1147 3733 1293 3788; x_wconf 91' lang='lat' dir='ltr'><strong>enim</strong></span> <span class='ocrx_word' id='word_1_272' title='bbox 1334 3732 1579 3806; x_wconf 89' lang='lat' dir='ltr'><strong>principe</strong></span> <span class='ocrx_word' id='word_1_273' title='bbox 1617 3735 1711 3806; x_wconf 88' lang='lat' dir='ltr'><strong>qui</strong></span> <span class='ocrx_word' id='word_1_274' title='bbox 1756 3736 2131 3792; x_wconf 87' lang='lat' dir='ltr'><strong>monarchiam</strong></span> 
     </span>
    </p>
   </div>
   <div class='ocr_carea' id='block_1_41' title="bbox 548 3821 2136 3893">
    <p class='ocr_par' dir='ltr' id='par_1_41' title="bbox 548 3821 2136 3893">
     <span class='ocr_line' id='line_1_41' title="bbox 548 3821 2136 3893; baseline 0.004 -17"><span class='ocrx_word' id='word_1_275' title='bbox 548 3821 761 3893; x_wconf 81' lang='lat' dir='ltr'><strong>imperii</strong></span> <span class='ocrx_word' id='word_1_276' title='bbox 786 3823 939 3880; x_wconf 88' lang='lat' dir='ltr'><strong>solus</strong></span> <span class='ocrx_word' id='word_1_277' title='bbox 957 3823 1195 3893; x_wconf 85' lang='lat' dir='ltr'><strong>optinuit</strong></span> <span class='ocrx_word' id='word_1_278' title='bbox 1218 3832 1274 3878; x_wconf 88' lang='lat' dir='ltr'><strong>et</strong></span> <span class='ocrx_word' id='word_1_279' title='bbox 1290 3823 1427 3880; x_wconf 88' lang='lat' dir='ltr'><strong>citra</strong></span> <span class='ocrx_word' id='word_1_280' title='bbox 1451 3825 1619 3881; x_wconf 89' lang='lat' dir='ltr'><strong>ullum</strong></span> <span class='ocrx_word' id='word_1_281' title='bbox 1639 3826 1923 3882; x_wconf 91' lang='lat' dir='ltr'><strong>hominum</strong></span> <span class='ocrx_word' id='word_1_282' title='bbox 1946 3827 2136 3882; x_wconf 89' lang='lat' dir='ltr'><strong>statuit</strong></span> 
     </span>
    </p>
   </div>
   <div class='ocr_carea' id='block_1_42' title="bbox 545 3914 2135 3989">
    <p class='ocr_par' dir='ltr' id='par_1_42' title="bbox 545 3914 2135 3989">
     <span class='ocr_line' id='line_1_42' title="bbox 545 3914 2135 3989; baseline 0.003 -21"><span class='ocrx_word' id='word_1_283' title='bbox 545 3914 747 3984; x_wconf 86' lang='lat' dir='ltr'><strong>templa</strong></span> <span class='ocrx_word' id='word_1_284' title='bbox 786 3930 1121 3986; x_wconf 86' lang='lat' dir='ltr'><strong>paganorum</strong></span> <span class='ocrx_word' id='word_1_285' title='bbox 1160 3916 1361 3982; x_wconf 85' lang='lat' dir='ltr'><strong>claudi,</strong></span> <span class='ocrx_word' id='word_1_286' title='bbox 1404 3917 1632 3973; x_wconf 73' lang='lat' dir='ltr'><strong>ecclesia</strong></span> <span class='ocrx_word' id='word_1_287' title='bbox 1680 3917 1776 3974; x_wconf 89' lang='lat' dir='ltr'><strong>Dei</strong></span> <span class='ocrx_word' id='word_1_288' title='bbox 1811 3918 2135 3989; x_wconf 89' lang='lat' dir='ltr'><strong>jamdudum</strong></span> 
     </span>
    </p>
   </div>
   <div class='ocr_carea' id='block_1_43' title="bbox 547 4007 2138 4079">
    <p class='ocr_par' dir='ltr' id='par_1_43' title="bbox 547 4007 2138 4079">
     <span class='ocr_line' id='line_1_43' title="bbox 547 4007 2138 4079; baseline 0.004 -19"><span class='ocrx_word' id='word_1_289' title='bbox 547 4016 733 4075; x_wconf 72' lang='lat' dir='ltr'><strong>optata</strong></span> <span class='ocrx_word' id='word_1_290' title='bbox 758 4007 1004 4064; x_wconf 85' lang='lat' dir='ltr'><strong>libertate</strong></span> <span class='ocrx_word' id='word_1_291' title='bbox 1034 4008 1201 4078; x_wconf 80' lang='lat' dir='ltr'><strong>potita</strong></span> <span class='ocrx_word' id='word_1_292' title='bbox 1236 4007 1452 4064; x_wconf 90' lang='lat' dir='ltr'><strong>dilatari</strong></span> <span class='ocrx_word' id='word_1_293' title='bbox 1480 4008 1621 4079; x_wconf 88' lang='lat' dir='ltr'><strong>cepit</strong></span> <span class='ocrx_word' id='word_1_294' title='bbox 1637 4019 1693 4065; x_wconf 92' lang='lat' dir='ltr'><strong>et</strong></span> <span class='ocrx_word' id='word_1_295' title='bbox 1725 4025 2010 4077; x_wconf 88' lang='lat' dir='ltr'><strong>crescere;</strong></span> <span class='ocrx_word' id='word_1_296' title='bbox 2041 4010 2138 4067; x_wconf 87' lang='lat' dir='ltr'><strong>sed</strong></span> 
     </span>
    </p>
   </div>
   <div class='ocr_carea' id='block_1_44' title="bbox 547 4099 2136 4173">
    <p class='ocr_par' dir='ltr' id='par_1_44' title="bbox 547 4099 2136 4173">
     <span class='ocr_line' id='line_1_44' title="bbox 547 4099 2136 4173; baseline 0.003 -20"><span class='ocrx_word' id='word_1_297' title='bbox 547 4099 679 4154; x_wconf 90' lang='lat' dir='ltr'><strong>dum</strong></span> <span class='ocrx_word' id='word_1_298' title='bbox 704 4099 868 4156; x_wconf 89' lang='lat' dir='ltr'><strong>nimis</strong></span> <span class='ocrx_word' id='word_1_299' title='bbox 895 4100 997 4155; x_wconf 85' lang='lat' dir='ltr'><strong>sibi</strong></span> <span class='ocrx_word' id='word_1_300' title='bbox 1029 4101 1297 4172; x_wconf 87' lang='lat' dir='ltr'><strong>aggaudet</strong></span> <span class='ocrx_word' id='word_1_301' title='bbox 1330 4101 1385 4155; x_wconf 89' lang='lat' dir='ltr'><strong>in</strong></span> <span class='ocrx_word' id='word_1_302' title='bbox 1415 4100 1692 4166; x_wconf 81' lang='lat' dir='ltr'><strong>felicitate,</strong></span> <span class='ocrx_word' id='word_1_303' title='bbox 1722 4117 1942 4173; x_wconf 89' lang='lat' dir='ltr'><strong>germen</strong></span> <span class='ocrx_word' id='word_1_304' title='bbox 1965 4102 2136 4157; x_wconf 88' lang='lat' dir='ltr'><strong>vicio-</strong></span> 
     </span>
    </p>
   </div>
   <div class='ocr_carea' id='block_1_45' title="bbox 551 4191 2135 4266">
    <p class='ocr_par' dir='ltr' id='par_1_45' title="bbox 551 4191 2135 4266">
     <span class='ocr_line' id='line_1_45' title="bbox 551 4191 2135 4266; baseline 0.001 -20"><span class='ocrx_word' id='word_1_305' title='bbox 551 4208 676 4247; x_wconf 88' lang='lat' dir='ltr'><strong>rum</strong></span> <span class='ocrx_word' id='word_1_306' title='bbox 711 4191 1104 4248; x_wconf 84' lang='lat' dir='ltr'><strong>luxuriantium</strong></span> <span class='ocrx_word' id='word_1_307' title='bbox 1153 4193 1316 4250; x_wconf 88' lang='lat' dir='ltr'><strong>nimis</strong></span> <span class='ocrx_word' id='word_1_308' title='bbox 1357 4193 1412 4249; x_wconf 92' lang='lat' dir='ltr'><strong>in</strong></span> <span class='ocrx_word' id='word_1_309' title='bbox 1462 4210 1522 4251; x_wconf 90' lang='lat' dir='ltr'><strong>se</strong></span> <span class='ocrx_word' id='word_1_310' title='bbox 1567 4193 1806 4266; x_wconf 76' lang='lat' dir='ltr'><strong>neglexit</strong></span> <span class='ocrx_word' id='word_1_311' title='bbox 1842 4194 2135 4264; x_wconf 83' lang='lat' dir='ltr'><strong>cxtirpare.</strong></span> 
     </span>
    </p>
   </div>
   <div class='ocr_carea' id='block_1_46' title="bbox 549 4283 2141 4365">
    <p class='ocr_par' dir='ltr' id='par_1_46' title="bbox 549 4283 2141 4365">
     <span class='ocr_line' id='line_1_46' title="bbox 549 4283 2141 4365; baseline 0.001 -26"><span class='ocrx_word' id='word_1_312' title='bbox 549 4283 695 4340; x_wconf 83' lang='lat' dir='ltr'><strong>Arrii</strong></span> <span class='ocrx_word' id='word_1_313' title='bbox 720 4284 769 4318; x_wconf 80' lang='lat'><strong>&quot;</strong></span> <span class='ocrx_word' id='word_1_314' title='bbox 789 4300 1027 4356; x_wconf 87' lang='lat' dir='ltr'><strong>namque</strong></span> <span class='ocrx_word' id='word_1_315' title='bbox 1071 4286 1294 4356; x_wconf 88' lang='lat' dir='ltr'><strong>perﬁdia</strong></span> <span class='ocrx_word' id='word_1_316' title='bbox 1329 4294 1532 4365; x_wconf 80' lang='lat' dir='ltr'><strong>statum</strong></span> <span class='ocrx_word' id='word_1_317' title='bbox 1582 4286 1732 4357; x_wconf 89' lang='lat' dir='ltr'><strong>pacis</strong></span> <span class='ocrx_word' id='word_1_318' title='bbox 1757 4285 2141 4343; x_wconf 78' lang='lat' dir='ltr'><strong>ecclesiastica:</strong></span> 
     </span>
    </p>
   </div>
   <div class='ocr_carea' id='block_1_47' title="bbox 549 4375 2141 4451">
    <p class='ocr_par' dir='ltr' id='par_1_47' title="bbox 549 4375 2141 4451">
     <span class='ocr_line' id='line_1_47' title="bbox 549 4375 2141 4451; baseline -0.001 -19"><span class='ocrx_word' id='word_1_319' title='bbox 549 4375 885 4446; x_wconf 80' lang='lat' dir='ltr'><strong>perturbavit</strong></span> <span class='ocrx_word' id='word_1_320' title='bbox 923 4386 979 4434; x_wconf 90' lang='lat' dir='ltr'><strong>et</strong></span> <span class='ocrx_word' id='word_1_321' title='bbox 1016 4378 1132 4448; x_wconf 89' lang='lat' dir='ltr'><strong>ipsa</strong></span> <span class='ocrx_word' id='word_1_322' title='bbox 1162 4379 1571 4450; x_wconf 89' lang='lat' dir='ltr'><strong>perturbatione</strong></span> <span class='ocrx_word' id='word_1_323' title='bbox 1604 4379 1676 4434; x_wconf 91' lang='lat' dir='ltr'><strong>ita</strong></span> <span class='ocrx_word' id='word_1_324' title='bbox 1714 4379 1944 4451; x_wconf 84' lang='lat' dir='ltr'><strong>gratiam</strong></span> <span class='ocrx_word' id='word_1_325' title='bbox 1990 4393 2141 4432; x_wconf 87' lang='lat' dir='ltr'><strong>com-</strong></span> 
     </span>
    </p>
   </div>
   <div class='ocr_carea' id='block_1_48' title="bbox 553 4468 2142 4541">
    <p class='ocr_par' dir='ltr' id='par_1_48' title="bbox 553 4468 2142 4541">
     <span class='ocr_line' id='line_1_48' title="bbox 553 4468 2142 4541; baseline -0.002 -17"><span class='ocrx_word' id='word_1_326' title='bbox 553 4485 608 4524; x_wconf 90' lang='grc' dir='ltr'><strong>ιιι</strong></span> <span class='ocrx_word' id='word_1_327' title='bbox 630 4470 829 4527; x_wconf 58' lang='lat' dir='ltr'><strong>adonis</strong></span> <span class='ocrx_word' id='word_1_328' title='bbox 866 4471 1149 4526; x_wconf 70' lang='lat' dir='ltr'><strong>catholica:</strong></span> <span class='ocrx_word' id='word_1_329' title='bbox 1182 4472 1569 4541; x_wconf 88' lang='lat' dir='ltr'><strong>pessumdedit,</strong></span> <span class='ocrx_word' id='word_1_330' title='bbox 1595 4480 1657 4526; x_wconf 93' lang='lat' dir='ltr'><strong>ut</strong></span> <span class='ocrx_word' id='word_1_331' title='bbox 1688 4472 1793 4527; x_wconf 90' lang='lat' dir='ltr'><strong>sub</strong></span> <span class='ocrx_word' id='word_1_332' title='bbox 1821 4468 2142 4525; x_wconf 83' lang='lat' dir='ltr'><strong>Constantio</strong></span> 
     </span>
    </p>
   </div>
   <div class='ocr_carea' id='block_1_49' title="bbox 2205 688 3765 764">
    <p class='ocr_par' dir='ltr' id='par_1_49' title="bbox 2205 688 3765 764">
     <span class='ocr_line' id='line_1_49' title="bbox 2205 688 3765 764; baseline -0.005 -17"><span class='ocrx_word' id='word_1_333' title='bbox 2205 690 2422 747; x_wconf 80' lang='lat' dir='ltr'><strong>Juliano</strong></span> <span class='ocrx_word' id='word_1_334' title='bbox 2476 701 2531 748; x_wconf 91' lang='lat' dir='ltr'><strong>et</strong></span> <span class='ocrx_word' id='word_1_335' title='bbox 2581 693 2809 748; x_wconf 81' lang='lat' dir='ltr'><strong>Valente</strong></span> <span class='ocrx_word' id='word_1_336' title='bbox 2864 688 3381 764; x_wconf 89' lang='lat' dir='ltr'><strong>persequutionibus</strong></span> <span class='ocrx_word' id='word_1_337' title='bbox 3435 702 3676 742; x_wconf 88' lang='lat' dir='ltr'><strong>crescere</strong></span> <span class='ocrx_word' id='word_1_338' title='bbox 3720 696 3765 740; x_wconf 82' lang='lat' dir='ltr'><strong>et</strong></span> 
     </span>
    </p>
   </div>
   <div class='ocr_carea' id='block_1_50' title="bbox 2205 778 3766 854">
    <p class='ocr_par' dir='ltr' id='par_1_50' title="bbox 2205 778 3766 854">
     <span class='ocr_line' id='line_1_50' title="bbox 2205 778 3766 854; baseline -0.005 -14"><span class='ocrx_word' id='word_1_339' title='bbox 2205 784 2459 851; x_wconf 88' lang='lat' dir='ltr'><strong>dilatari,</strong></span> <span class='ocrx_word' id='word_1_340' title='bbox 2508 785 2706 841; x_wconf 86' lang='lat' dir='ltr'><strong>melius</strong></span> <span class='ocrx_word' id='word_1_341' title='bbox 2757 785 2807 842; x_wconf 91' lang='lat' dir='ltr'><strong>ei</strong></span> <span class='ocrx_word' id='word_1_342' title='bbox 2862 799 2985 843; x_wconf 87' lang='lat' dir='ltr'><strong>esse</strong></span> <span class='ocrx_word' id='word_1_343' title='bbox 3016 798 3180 854; x_wconf 84' lang='lat' dir='ltr'><strong>quam</strong></span> <span class='ocrx_word' id='word_1_344' title='bbox 3229 781 3285 836; x_wconf 90' lang='lat' dir='ltr'><strong>in</strong></span> <span class='ocrx_word' id='word_1_345' title='bbox 3342 794 3473 850; x_wconf 90' lang='lat' dir='ltr'><strong>pace</strong></span> <span class='ocrx_word' id='word_1_346' title='bbox 3520 778 3766 834; x_wconf 82' lang='lat' dir='ltr'><strong>luxuriali</strong></span> 
     </span>
    </p>
   </div>
   <div class='ocr_carea' id='block_1_51' title="bbox 2205 870 3767 953">
    <p class='ocr_par' dir='ltr' id='par_1_51' title="bbox 2205 870 3767 953">
     <span class='ocr_line' id='line_1_51' title="bbox 2205 870 3767 953; baseline -0.004 -22"><span class='ocrx_word' id='word_1_347' title='bbox 2205 876 2440 953; x_wconf 83' lang='lat' dir='ltr'><strong>edocuit.</strong></span> <span class='ocrx_word' id='word_1_348' title='bbox 2472 875 2609 953; x_wconf 82' lang='lat' dir='ltr'><strong>llinc</strong></span> <span class='ocrx_word' id='word_1_349' title='bbox 2634 887 2862 948; x_wconf 90' lang='lat' dir='ltr'><strong>paterno</strong></span> <span class='ocrx_word' id='word_1_350' title='bbox 2885 875 3079 932; x_wconf 77' lang='lat' dir='ltr'><strong>aﬁ‘ectu</strong></span> <span class='ocrx_word' id='word_1_351' title='bbox 3102 874 3228 929; x_wconf 88' lang='lat' dir='ltr'><strong>ﬁliis</strong></span> <span class='ocrx_word' id='word_1_352' title='bbox 3255 873 3359 928; x_wconf 88' lang='lat' dir='ltr'><strong>sub</strong></span> <span class='ocrx_word' id='word_1_353' title='bbox 3398 871 3617 927; x_wconf 83' lang='lat' dir='ltr'><strong>verbere</strong></span> <span class='ocrx_word' id='word_1_354' title='bbox 3636 870 3767 940; x_wconf 86' lang='lat' dir='ltr'><strong>inge-</strong></span> 
     </span>
    </p>
   </div>
   <div class='ocr_carea' id='block_1_52' title="bbox 2207 951 3767 1037">
    <p class='ocr_par' dir='ltr' id='par_1_52' title="bbox 2207 951 3767 1037">
     <span class='ocr_line' id='line_1_52' title="bbox 2207 951 3767 1037; baseline -0.006 -12"><span class='ocrx_word' id='word_1_355' title='bbox 2207 951 2584 1037; x_wconf 79' lang='lat' dir='ltr'><strong>miscentibus,</strong></span> <span class='ocrx_word' id='word_1_356' title='bbox 2604 979 2659 1026; x_wconf 91' lang='lat' dir='ltr'><strong>et</strong></span> <span class='ocrx_word' id='word_1_357' title='bbox 2679 969 2945 1025; x_wconf 82' lang='lat' dir='ltr'><strong>auxilium</strong></span> <span class='ocrx_word' id='word_1_358' title='bbox 2967 968 3035 1025; x_wconf 90' lang='lat' dir='ltr'><strong>de</strong></span> <span class='ocrx_word' id='word_1_359' title='bbox 3054 964 3402 1022; x_wconf 89' lang='lat' dir='ltr'><strong>tribulatione</strong></span> <span class='ocrx_word' id='word_1_360' title='bbox 3414 962 3767 1034; x_wconf 88' lang='lat' dir='ltr'><strong>poscentibus,</strong></span> 
     </span>
    </p>
   </div>
   <div class='ocr_carea' id='block_1_53' title="bbox 2208 1056 3770 1133">
    <p class='ocr_par' dir='ltr' id='par_1_53' title="bbox 2208 1056 3770 1133">
     <span class='ocr_line' id='line_1_53' title="bbox 2208 1056 3770 1133; baseline -0.005 -16"><span class='ocrx_word' id='word_1_361' title='bbox 2208 1062 2294 1133; x_wconf 88' lang='lat' dir='ltr'><strong>pie</strong></span> <span class='ocrx_word' id='word_1_362' title='bbox 2323 1063 2602 1132; x_wconf 87' lang='lat' dir='ltr'><strong>misertus,</strong></span> <span class='ocrx_word' id='word_1_363' title='bbox 2646 1063 2751 1125; x_wconf 83' lang='lat' dir='ltr'><strong>sub</strong></span> <span class='ocrx_word' id='word_1_364' title='bbox 2793 1059 3112 1117; x_wconf 84' lang='lat' dir='ltr'><strong>Theodosio</strong></span> <span class='ocrx_word' id='word_1_365' title='bbox 3131 1057 3375 1129; x_wconf 89' lang='lat' dir='ltr'><strong>principe</strong></span> <span class='ocrx_word' id='word_1_366' title='bbox 3416 1056 3623 1127; x_wconf 81' lang='lat' dir='ltr'><strong>flagella</strong></span> <span class='ocrx_word' id='word_1_367' title='bbox 3652 1063 3770 1110; x_wconf 85' lang='lat' dir='ltr'><strong>tem-</strong></span> 
     </span>
    </p>
   </div>
   <div class='ocr_carea' id='block_1_54' title="bbox 2208 1147 3771 1226">
    <p class='ocr_par' dir='ltr' id='par_1_54' title="bbox 2208 1147 3771 1226">
     <span class='ocr_line' id='line_1_54' title="bbox 2208 1147 3771 1226; baseline -0.004 -18"><span class='ocrx_word' id='word_1_368' title='bbox 2208 1155 2436 1225; x_wconf 88' lang='lat' dir='ltr'><strong>peravit,</strong></span> <span class='ocrx_word' id='word_1_369' title='bbox 2466 1155 2687 1226; x_wconf 89' lang='lat' dir='ltr'><strong>quando</strong></span> <span class='ocrx_word' id='word_1_370' title='bbox 2715 1154 2836 1226; x_wconf 92' lang='lat' dir='ltr'><strong>ejus</strong></span> <span class='ocrx_word' id='word_1_371' title='bbox 2859 1152 3120 1224; x_wconf 87' lang='lat' dir='ltr'><strong>principis</strong></span> <span class='ocrx_word' id='word_1_372' title='bbox 3147 1151 3402 1207; x_wconf 82' lang='lat' dir='ltr'><strong>virtutem</strong></span> <span class='ocrx_word' id='word_1_373' title='bbox 3426 1165 3538 1209; x_wconf 88' lang='lat' dir='ltr'><strong>non</strong></span> <span class='ocrx_word' id='word_1_374' title='bbox 3559 1147 3771 1203; x_wconf 85' lang='lat' dir='ltr'><strong>ferentes</strong></span> 
     </span>
    </p>
   </div>
   <div class='ocr_carea' id='block_1_55' title="bbox 2210 1241 3770 1317">
    <p class='ocr_par' dir='ltr' id='par_1_55' title="bbox 2210 1241 3770 1317">
     <span class='ocr_line' id='line_1_55' title="bbox 2210 1241 3770 1317; baseline -0.006 -14"><span class='ocrx_word' id='word_1_375' title='bbox 2210 1246 2450 1311; x_wconf 83' lang='lat' dir='ltr'><strong>Arriani,</strong></span> <span class='ocrx_word' id='word_1_376' title='bbox 2484 1246 2746 1303; x_wconf 88' lang='lat' dir='ltr'><strong>ecclesias</strong></span> <span class='ocrx_word' id='word_1_377' title='bbox 2794 1260 2932 1317; x_wconf 88' lang='lat' dir='ltr'><strong>quas</strong></span> <span class='ocrx_word' id='word_1_378' title='bbox 2978 1260 3075 1315; x_wconf 89' lang='lat' dir='ltr'><strong>per</strong></span> <span class='ocrx_word' id='word_1_379' title='bbox 3107 1241 3470 1314; x_wconf 82' lang='lat' dir='ltr'><strong>quadraginta</strong></span> <span class='ocrx_word' id='word_1_380' title='bbox 3520 1254 3689 1294; x_wconf 87' lang='lat' dir='ltr'><strong>annos</strong></span> <span class='ocrx_word' id='word_1_381' title='bbox 3728 1241 3770 1293; x_wconf 88' lang='lat' dir='ltr'><strong>vi</strong></span> 
     </span>
    </p>
   </div>
   <div class='ocr_carea' id='block_1_56' title="bbox 2210 1331 3772 1409">
    <p class='ocr_par' dir='ltr' id='par_1_56' title="bbox 2210 1331 3772 1409">
     <span class='ocr_line' id='line_1_56' title="bbox 2210 1331 3772 1409; baseline -0.006 -15"><span class='ocrx_word' id='word_1_382' title='bbox 2210 1348 2518 1405; x_wconf 86' lang='lat' dir='ltr'><strong>tenuerant,</strong></span> <span class='ocrx_word' id='word_1_383' title='bbox 2543 1339 2898 1409; x_wconf 89' lang='lat' dir='ltr'><strong>reliquerunt.</strong></span> <span class='ocrx_word' id='word_1_384' title='bbox 2933 1335 3055 1404; x_wconf 85' lang='lat' dir='ltr'><strong>Quo</strong></span> <span class='ocrx_word' id='word_1_385' title='bbox 3084 1343 3334 1406; x_wconf 89' lang='lat' dir='ltr'><strong>respectu</strong></span> <span class='ocrx_word' id='word_1_386' title='bbox 3360 1332 3560 1388; x_wconf 75' lang='lat' dir='ltr'><strong>divinae</strong></span> <span class='ocrx_word' id='word_1_387' title='bbox 3582 1331 3772 1400; x_wconf 84' lang='lat' dir='ltr'><strong>pietatis</strong></span> 
     </span>
    </p>
   </div>
   <div class='ocr_carea' id='block_1_57' title="bbox 2210 1422 3774 1500">
    <p class='ocr_par' dir='ltr' id='par_1_57' title="bbox 2210 1422 3774 1500">
     <span class='ocr_line' id='line_1_57' title="bbox 2210 1422 3774 1500; baseline -0.006 -16"><span class='ocrx_word' id='word_1_388' title='bbox 2210 1429 2548 1484; x_wconf 77' lang='lat' dir='ltr'><strong>exhilaratus</strong></span> <span class='ocrx_word' id='word_1_389' title='bbox 2593 1428 2828 1500; x_wconf 88' lang='lat' dir='ltr'><strong>populus</strong></span> <span class='ocrx_word' id='word_1_390' title='bbox 2871 1427 3227 1493; x_wconf 84' lang='lat' dir='ltr'><strong>Christianus,</strong></span> <span class='ocrx_word' id='word_1_391' title='bbox 3268 1424 3399 1480; x_wconf 90' lang='lat' dir='ltr'><strong>dum</strong></span> <span class='ocrx_word' id='word_1_392' title='bbox 3439 1439 3634 1478; x_wconf 86' lang='lat' dir='ltr'><strong>rursus</strong></span> <span class='ocrx_word' id='word_1_393' title='bbox 3672 1422 3774 1491; x_wconf 84' lang='lat' dir='ltr'><strong>plus</strong></span> 
     </span>
    </p>
   </div>
   <div class='ocr_carea' id='block_1_58' title="bbox 2211 1515 3775 1593">
    <p class='ocr_par' dir='ltr' id='par_1_58' title="bbox 2211 1515 3775 1593">
     <span class='ocr_line' id='line_1_58' title="bbox 2211 1515 3775 1593; baseline -0.005 -18"><span class='ocrx_word' id='word_1_394' title='bbox 2211 1537 2371 1593; x_wconf 78' lang='lat' dir='ltr'><strong>:eqno</strong></span> <span class='ocrx_word' id='word_1_395' title='bbox 2414 1521 2620 1576; x_wconf 70' lang='lat' dir='ltr'><strong>nociva:</strong></span> <span class='ocrx_word' id='word_1_396' title='bbox 2664 1521 2967 1592; x_wconf 84' lang='lat' dir='ltr'><strong>indulgeret</strong></span> <span class='ocrx_word' id='word_1_397' title='bbox 3005 1517 3209 1590; x_wconf 88' lang='lat' dir='ltr'><strong>quieti,</strong></span> <span class='ocrx_word' id='word_1_398' title='bbox 3240 1527 3295 1574; x_wconf 91' lang='lat' dir='ltr'><strong>et</strong></span> <span class='ocrx_word' id='word_1_399' title='bbox 3336 1532 3402 1571; x_wconf 88' lang='lat' dir='ltr'><strong>ex</strong></span> <span class='ocrx_word' id='word_1_400' title='bbox 3455 1515 3775 1570; x_wconf 84' lang='lat' dir='ltr'><strong>habundanti</strong></span> 
     </span>
    </p>
   </div>
   <div class='ocr_carea' id='block_1_59' title="bbox 2212 1609 3776 1685">
    <p class='ocr_par' dir='ltr' id='par_1_59' title="bbox 2212 1609 3776 1685">
     <span class='ocr_line' id='line_1_59' title="bbox 2212 1609 3776 1685; baseline -0.004 -16"><span class='ocrx_word' id='word_1_401' title='bbox 2212 1623 2266 1669; x_wconf 90' lang='lat' dir='ltr'><strong>et</strong></span> <span class='ocrx_word' id='word_1_402' title='bbox 2295 1613 2699 1685; x_wconf 88' lang='lat' dir='ltr'><strong>superellluenti</strong></span> <span class='ocrx_word' id='word_1_403' title='bbox 2734 1628 2920 1669; x_wconf 89' lang='lat' dir='ltr'><strong>rerum</strong></span> <span class='ocrx_word' id='word_1_404' title='bbox 2963 1611 3118 1682; x_wconf 88' lang='lat' dir='ltr'><strong>copia</strong></span> <span class='ocrx_word' id='word_1_405' title='bbox 3149 1609 3477 1682; x_wconf 85' lang='lat' dir='ltr'><strong>propensius</strong></span> <span class='ocrx_word' id='word_1_406' title='bbox 3497 1617 3649 1664; x_wconf 87' lang='lat' dir='ltr'><strong>curat</strong></span> <span class='ocrx_word' id='word_1_407' title='bbox 3674 1622 3776 1662; x_wconf 81' lang='lat' dir='ltr'><strong>cor-</strong></span> 
     </span>
    </p>
   </div>
   <div class='ocr_carea' id='block_1_60' title="bbox 2214 1698 3781 1777">
    <p class='ocr_par' dir='ltr' id='par_1_60' title="bbox 2214 1698 3781 1777">
     <span class='ocr_line' id='line_1_60' title="bbox 2214 1698 3781 1777; baseline -0.007 -14"><span class='ocrx_word' id='word_1_408' title='bbox 2214 1722 2368 1777; x_wconf 89' lang='lat' dir='ltr'><strong>pora,</strong></span> <span class='ocrx_word' id='word_1_409' title='bbox 2392 1706 2685 1762; x_wconf 90' lang='lat' dir='ltr'><strong>securitate</strong></span> <span class='ocrx_word' id='word_1_410' title='bbox 2703 1705 2961 1775; x_wconf 89' lang='lat' dir='ltr'><strong>deceptus</strong></span> <span class='ocrx_word' id='word_1_411' title='bbox 2986 1712 3087 1769; x_wconf 87' lang='lat' dir='ltr'><strong>est,</strong></span> <span class='ocrx_word' id='word_1_412' title='bbox 3112 1711 3167 1758; x_wconf 92' lang='lat' dir='ltr'><strong>et</strong></span> <span class='ocrx_word' id='word_1_413' title='bbox 3185 1716 3419 1757; x_wconf 81' lang='lat' dir='ltr'><strong>excusso</strong></span> <span class='ocrx_word' id='word_1_414' title='bbox 3441 1716 3474 1756; x_wconf 90' lang='lat' dir='ltr'><strong>a</strong></span> <span class='ocrx_word' id='word_1_415' title='bbox 3501 1698 3781 1755; x_wconf 68' lang='lat' dir='ltr'><strong>wrvicibus</strong></span> 
     </span>
    </p>
   </div>
   <div class='ocr_carea' id='block_1_61' title="bbox 2217 1792 3778 1870">
    <p class='ocr_par' dir='ltr' id='par_1_61' title="bbox 2217 1792 3778 1870">
     <span class='ocr_line' id='line_1_61' title="bbox 2217 1792 3778 1870; baseline -0.006 -17"><span class='ocrx_word' id='word_1_416' title='bbox 2217 1798 2334 1853; x_wconf 92' lang='lat' dir='ltr'><strong>suis</strong></span> <span class='ocrx_word' id='word_1_417' title='bbox 2369 1797 2505 1870; x_wconf 88' lang='lat' dir='ltr'><strong>jugo</strong></span> <span class='ocrx_word' id='word_1_418' title='bbox 2551 1797 2769 1854; x_wconf 89' lang='lat' dir='ltr'><strong>timoris</strong></span> <span class='ocrx_word' id='word_1_419' title='bbox 2818 1795 3101 1861; x_wconf 91' lang='lat' dir='ltr'><strong>dominici,</strong></span> <span class='ocrx_word' id='word_1_420' title='bbox 3132 1810 3373 1865; x_wconf 69' lang='lat' dir='ltr'><strong>praeceps</strong></span> <span class='ocrx_word' id='word_1_421' title='bbox 3421 1792 3691 1847; x_wconf 81' lang='lat' dir='ltr'><strong>ferebatur</strong></span> <span class='ocrx_word' id='word_1_422' title='bbox 3722 1792 3778 1846; x_wconf 81' lang='lat' dir='ltr'><strong>ad</strong></span> 
     </span>
    </p>
   </div>
   <div class='ocr_carea' id='block_1_62' title="bbox 2216 1884 3781 1959">
    <p class='ocr_par' dir='ltr' id='par_1_62' title="bbox 2216 1884 3781 1959">
     <span class='ocr_line' id='line_1_62' title="bbox 2216 1884 3781 1959; baseline -0.005 -14"><span class='ocrx_word' id='word_1_423' title='bbox 2216 1890 2442 1956; x_wconf 85' lang='lat' dir='ltr'><strong>scelera,</strong></span> <span class='ocrx_word' id='word_1_424' title='bbox 2471 1888 2626 1944; x_wconf 87' lang='lat' dir='ltr'><strong>devia</strong></span> <span class='ocrx_word' id='word_1_425' title='bbox 2648 1903 2879 1959; x_wconf 66' lang='lat' dir='ltr'><strong>quaeque</strong></span> <span class='ocrx_word' id='word_1_426' title='bbox 2908 1885 3218 1943; x_wconf 90' lang='lat' dir='ltr'><strong>sectabatur</strong></span> <span class='ocrx_word' id='word_1_427' title='bbox 3237 1893 3292 1939; x_wconf 91' lang='lat' dir='ltr'><strong>ct</strong></span> <span class='ocrx_word' id='word_1_428' title='bbox 3319 1884 3552 1950; x_wconf 87' lang='lat' dir='ltr'><strong>lubrica,</strong></span> <span class='ocrx_word' id='word_1_429' title='bbox 3574 1892 3781 1940; x_wconf 82' lang='lat' dir='ltr'><strong>rectore-</strong></span> 
     </span>
    </p>
   </div>
   <div class='ocr_carea' id='block_1_63' title="bbox 2215 1973 3779 2050">
    <p class='ocr_par' dir='ltr' id='par_1_63' title="bbox 2215 1973 3779 2050">
     <span class='ocr_line' id='line_1_63' title="bbox 2215 1973 3779 2050; baseline -0.003 -18"><span class='ocrx_word' id='word_1_430' title='bbox 2215 1995 2323 2050; x_wconf 86' lang='lat' dir='ltr'><strong>que</strong></span> <span class='ocrx_word' id='word_1_431' title='bbox 2362 1986 2672 2049; x_wconf 87' lang='lat' dir='ltr'><strong>contempto</strong></span> <span class='ocrx_word' id='word_1_432' title='bbox 2710 1978 2765 2033; x_wconf 91' lang='lat' dir='ltr'><strong>in</strong></span> <span class='ocrx_word' id='word_1_433' title='bbox 2816 1976 3073 2032; x_wconf 89' lang='lat' dir='ltr'><strong>sordibus</strong></span> <span class='ocrx_word' id='word_1_434' title='bbox 3116 1975 3468 2030; x_wconf 86' lang='lat' dir='ltr'><strong>volutabatur</strong></span> <span class='ocrx_word' id='word_1_435' title='bbox 3524 1973 3738 2029; x_wconf 70' lang='lat' dir='ltr'><strong>luxuriae</strong></span> <span class='ocrx_word' id='word_1_436' title='bbox 3766 2014 3779 2037; x_wconf 93' lang='lat'><strong>,</strong></span> 
     </span>
    </p>
   </div>
   <div class='ocr_carea' id='block_1_64' title="bbox 2217 2063 3781 2136">
    <p class='ocr_par' dir='ltr' id='par_1_64' title="bbox 2217 2063 3781 2136">
     <span class='ocr_line' id='line_1_64' title="bbox 2217 2063 3781 2136; baseline -0.007 -9"><span class='ocrx_word' id='word_1_437' title='bbox 2217 2087 2319 2136; x_wconf 86' lang='lat' dir='ltr'><strong>nec</strong></span> <span class='ocrx_word' id='word_1_438' title='bbox 2378 2069 2586 2136; x_wconf 89' lang='lat' dir='ltr'><strong>timuit,</strong></span> <span class='ocrx_word' id='word_1_439' title='bbox 2642 2069 2915 2125; x_wconf 92' lang='lat' dir='ltr'><strong>distentus</strong></span> <span class='ocrx_word' id='word_1_440' title='bbox 2958 2065 3244 2123; x_wconf 90' lang='lat' dir='ltr'><strong>saturitate</strong></span> <span class='ocrx_word' id='word_1_441' title='bbox 3290 2077 3344 2120; x_wconf 91' lang='lat' dir='ltr'><strong>et</strong></span> <span class='ocrx_word' id='word_1_442' title='bbox 3388 2076 3614 2136; x_wconf 88' lang='lat' dir='ltr'><strong>torpens</strong></span> <span class='ocrx_word' id='word_1_443' title='bbox 3657 2063 3781 2126; x_wconf 82' lang='lat' dir='ltr'><strong>ocio,</strong></span> 
     </span>
    </p>
   </div>
   <div class='ocr_carea' id='block_1_65' title="bbox 2216 2156 3784 2233">
    <p class='ocr_par' dir='ltr' id='par_1_65' title="bbox 2216 2156 3784 2233">
     <span class='ocr_line' id='line_1_65' title="bbox 2216 2156 3784 2233; baseline -0.005 -17"><span class='ocrx_word' id='word_1_444' title='bbox 2216 2161 2445 2233; x_wconf 90' lang='lat' dir='ltr'><strong>inmergi</strong></span> <span class='ocrx_word' id='word_1_445' title='bbox 2490 2161 2772 2216; x_wconf 89' lang='lat' dir='ltr'><strong>cennlenta</strong></span> <span class='ocrx_word' id='word_1_446' title='bbox 2805 2158 3064 2230; x_wconf 82' lang='lat' dir='ltr'><strong>voragine</strong></span> <span class='ocrx_word' id='word_1_447' title='bbox 3100 2158 3376 2213; x_wconf 87' lang='lat' dir='ltr'><strong>horribilis</strong></span> <span class='ocrx_word' id='word_1_448' title='bbox 3403 2170 3457 2212; x_wconf 87' lang='lat' dir='ltr'><strong>et</strong></span> <span class='ocrx_word' id='word_1_449' title='bbox 3481 2156 3784 2212; x_wconf 80' lang='lat' dir='ltr'><strong>detestanda:</strong></span> 
     </span>
    </p>
   </div>
   <div class='ocr_carea' id='block_1_66' title="bbox 2218 2244 3782 2315">
    <p class='ocr_par' dir='ltr' id='par_1_66' title="bbox 2218 2244 3782 2315">
     <span class='ocr_line' id='line_1_66' title="bbox 2218 2244 3782 2315; baseline -0.007 -6"><span class='ocrx_word' id='word_1_450' title='bbox 2218 2253 2552 2309; x_wconf 76' lang='lat' dir='ltr'><strong>sodomiticac</strong></span> <span class='ocrx_word' id='word_1_451' title='bbox 2574 2250 2942 2306; x_wconf 69' lang='lat' dir='ltr'><strong>inmundiciaz.</strong></span> <span class='ocrx_word' id='word_1_452' title='bbox 2986 2248 3129 2305; x_wconf 86' lang='lat' dir='ltr'><strong>Vidit</strong></span> <span class='ocrx_word' id='word_1_453' title='bbox 3178 2248 3322 2304; x_wconf 89' lang='lat' dir='ltr'><strong>Deus</strong></span> <span class='ocrx_word' id='word_1_454' title='bbox 3348 2258 3401 2303; x_wconf 90' lang='lat' dir='ltr'><strong>et</strong></span> <span class='ocrx_word' id='word_1_455' title='bbox 3430 2248 3630 2315; x_wconf 90' lang='lat' dir='ltr'><strong>doluit,</strong></span> <span class='ocrx_word' id='word_1_456' title='bbox 3657 2256 3705 2301; x_wconf 89' lang='lat' dir='ltr'><strong>et</strong></span> <span class='ocrx_word' id='word_1_457' title='bbox 3728 2244 3782 2299; x_wconf 86' lang='lat' dir='ltr'><strong>ad</strong></span> 
     </span>
    </p>
   </div>
   <div class='ocr_carea' id='block_1_67' title="bbox 2219 2335 3782 2406">
    <p class='ocr_par' dir='ltr' id='par_1_67' title="bbox 2219 2335 3782 2406">
     <span class='ocr_line' id='line_1_67' title="bbox 2219 2335 3782 2406; baseline -0.007 -10"><span class='ocrx_word' id='word_1_458' title='bbox 2219 2341 2555 2396; x_wconf 73' lang='lat' dir='ltr'><strong>iracundiam</strong></span> <span class='ocrx_word' id='word_1_459' title='bbox 2594 2340 2902 2395; x_wconf 89' lang='lat' dir='ltr'><strong>concitatus</strong></span> <span class='ocrx_word' id='word_1_460' title='bbox 2929 2346 3032 2406; x_wconf 89' lang='lat' dir='ltr'><strong>est,</strong></span> <span class='ocrx_word' id='word_1_461' title='bbox 3076 2335 3282 2392; x_wconf 82' lang='lat' dir='ltr'><strong>exarsit</strong></span> <span class='ocrx_word' id='word_1_462' title='bbox 3304 2344 3362 2390; x_wconf 92' lang='lat' dir='ltr'><strong>ut</strong></span> <span class='ocrx_word' id='word_1_463' title='bbox 3390 2336 3536 2406; x_wconf 80' lang='lat' dir='ltr'><strong>ignis</strong></span> <span class='ocrx_word' id='word_1_464' title='bbox 3564 2335 3641 2390; x_wconf 87' lang='lat' dir='ltr'><strong>ira</strong></span> <span class='ocrx_word' id='word_1_465' title='bbox 3666 2335 3782 2403; x_wconf 82' lang='lat' dir='ltr'><strong>ejus,</strong></span> 
     </span>
    </p>
   </div>
   <div class='ocr_carea' id='block_1_68' title="bbox 2219 2424 3783 2505">
    <p class='ocr_par' dir='ltr' id='par_1_68' title="bbox 2219 2424 3783 2505">
     <span class='ocr_line' id='line_1_68' title="bbox 2219 2424 3783 2505; baseline -0.006 -18"><span class='ocrx_word' id='word_1_466' title='bbox 2219 2434 2347 2505; x_wconf 85' lang='lat' dir='ltr'><strong>quia</strong></span> <span class='ocrx_word' id='word_1_467' title='bbox 2390 2439 2828 2504; x_wconf 82' lang='lat' dir='ltr'><strong>provocavcrunt</strong></span> <span class='ocrx_word' id='word_1_468' title='bbox 2850 2444 2977 2487; x_wconf 87' lang='lat' dir='ltr'><strong>eum</strong></span> <span class='ocrx_word' id='word_1_469' title='bbox 3014 2429 3291 2500; x_wconf 88' lang='lat' dir='ltr'><strong>quondam</strong></span> <span class='ocrx_word' id='word_1_470' title='bbox 3321 2429 3416 2482; x_wconf 90' lang='lat' dir='ltr'><strong>ﬁlii</strong></span> <span class='ocrx_word' id='word_1_471' title='bbox 3448 2428 3538 2483; x_wconf 88' lang='lat' dir='ltr'><strong>sui</strong></span> <span class='ocrx_word' id='word_1_472' title='bbox 3576 2436 3628 2482; x_wconf 91' lang='lat' dir='ltr'><strong>et</strong></span> <span class='ocrx_word' id='word_1_473' title='bbox 3663 2424 3783 2488; x_wconf 66' lang='lat' dir='ltr'><strong>ﬁliae,</strong></span> 
     </span>
    </p>
   </div>
   <div class='ocr_carea' id='block_1_69' title="bbox 2220 2516 3787 2590">
    <p class='ocr_par' dir='ltr' id='par_1_69' title="bbox 2220 2516 3787 2590">
     <span class='ocr_line' id='line_1_69' title="bbox 2220 2516 3787 2590; baseline -0.008 -8"><span class='ocrx_word' id='word_1_474' title='bbox 2220 2518 2367 2582; x_wconf 88' lang='lat' dir='ltr'><strong>nunc</strong></span> <span class='ocrx_word' id='word_1_475' title='bbox 2422 2534 2604 2590; x_wconf 84' lang='lat' dir='ltr'><strong>autem</strong></span> <span class='ocrx_word' id='word_1_476' title='bbox 2657 2524 2857 2580; x_wconf 90' lang='lat' dir='ltr'><strong>domus</strong></span> <span class='ocrx_word' id='word_1_477' title='bbox 2923 2521 3236 2577; x_wconf 86' lang='lat' dir='ltr'><strong>irritatricis</strong></span> <span class='ocrx_word' id='word_1_478' title='bbox 3285 2529 3339 2575; x_wconf 90' lang='lat' dir='ltr'><strong>et</strong></span> <span class='ocrx_word' id='word_1_479' title='bbox 3390 2516 3787 2589; x_wconf 79' lang='lat' dir='ltr'><strong>exasperatricis</strong></span> 
     </span>
    </p>
   </div>
   <div class='ocr_carea' id='block_1_70' title="bbox 2222 2609 3785 2688">
    <p class='ocr_par' dir='ltr' id='par_1_70' title="bbox 2222 2609 3785 2688">
     <span class='ocr_line' id='line_1_70' title="bbox 2222 2609 3785 2688; baseline -0.008 -16"><span class='ocrx_word' id='word_1_480' title='bbox 2222 2617 2504 2673; x_wconf 66' lang='lat' dir='ltr'><strong>Samaria}.</strong></span> <span class='ocrx_word' id='word_1_481' title='bbox 2550 2615 2790 2688; x_wconf 78' lang='lat' dir='ltr'><strong>Regebat</strong></span> <span class='ocrx_word' id='word_1_482' title='bbox 2835 2629 2932 2685; x_wconf 90' lang='lat' dir='ltr'><strong>per</strong></span> <span class='ocrx_word' id='word_1_483' title='bbox 2973 2612 3025 2667; x_wconf 88' lang='lat' dir='ltr'><strong>id</strong></span> <span class='ocrx_word' id='word_1_484' title='bbox 3077 2611 3338 2682; x_wconf 86' lang='lat' dir='ltr'><strong>temporis</strong></span> <span class='ocrx_word' id='word_1_485' title='bbox 3373 2609 3676 2664; x_wconf 81' lang='lat' dir='ltr'><strong>Romanam</strong></span> <span class='ocrx_word' id='word_1_486' title='bbox 3710 2622 3785 2660; x_wconf 84' lang='lat' dir='ltr'><strong>cc.-</strong></span> 
     </span>
    </p>
   </div>
   <div class='ocr_carea' id='block_1_71' title="bbox 2219 2697 3790 2775">
    <p class='ocr_par' dir='ltr' id='par_1_71' title="bbox 2219 2697 3790 2775">
     <span class='ocr_line' id='line_1_71' title="bbox 2219 2697 3790 2775; baseline -0.01 -10"><span class='ocrx_word' id='word_1_487' title='bbox 2219 2708 2440 2765; x_wconf 55' lang='lat' dir='ltr'><strong>clcsiam</strong></span> <span class='ocrx_word' id='word_1_488' title='bbox 2465 2706 2833 2772; x_wconf 77' lang='lat' dir='ltr'><strong>Innocentius,</strong></span> <span class='ocrx_word' id='word_1_489' title='bbox 2854 2712 2907 2760; x_wconf 89' lang='lat' dir='ltr'><strong>et</strong></span> <span class='ocrx_word' id='word_1_490' title='bbox 2929 2720 3024 2775; x_wconf 90' lang='lat' dir='ltr'><strong>per</strong></span> <span class='ocrx_word' id='word_1_491' title='bbox 3045 2703 3209 2758; x_wconf 88' lang='lat' dir='ltr'><strong>urbes</strong></span> <span class='ocrx_word' id='word_1_492' title='bbox 3232 2701 3419 2757; x_wconf 70' lang='lat' dir='ltr'><strong>Gallia:</strong></span> <span class='ocrx_word' id='word_1_493' title='bbox 3433 2709 3491 2755; x_wconf 92' lang='lat' dir='ltr'><strong>et</strong></span> <span class='ocrx_word' id='word_1_494' title='bbox 3514 2697 3790 2755; x_wconf 60' lang='lat' dir='ltr'><strong>Germania:</strong></span> 
     </span>
    </p>
   </div>
   <div class='ocr_carea' id='block_1_72' title="bbox 2220 2792 3783 2872">
    <p class='ocr_par' dir='ltr' id='par_1_72' title="bbox 2220 2792 3783 2872">
     <span class='ocr_line' id='line_1_72' title="bbox 2220 2792 3783 2872; baseline -0.008 -17"><span class='ocrx_word' id='word_1_495' title='bbox 2220 2800 2504 2872; x_wconf 88' lang='lat' dir='ltr'><strong>pontiﬁces</strong></span> <span class='ocrx_word' id='word_1_496' title='bbox 2529 2814 2717 2854; x_wconf 90' lang='lat' dir='ltr'><strong>amore</strong></span> <span class='ocrx_word' id='word_1_497' title='bbox 2745 2796 2950 2853; x_wconf 86' lang='lat' dir='ltr'><strong>Christi</strong></span> <span class='ocrx_word' id='word_1_498' title='bbox 2981 2795 3272 2860; x_wconf 81' lang='lat' dir='ltr'><strong>ferventes,</strong></span> <span class='ocrx_word' id='word_1_499' title='bbox 3297 2793 3420 2859; x_wconf 78' lang='lat' dir='ltr'><strong>ﬁde,</strong></span> <span class='ocrx_word' id='word_1_500' title='bbox 3461 2792 3704 2847; x_wconf 86' lang='lat' dir='ltr'><strong>doctrina</strong></span> <span class='ocrx_word' id='word_1_501' title='bbox 3739 2798 3783 2843; x_wconf 83' lang='lat' dir='ltr'><strong>et</strong></span> 
     </span>
    </p>
   </div>
   <div class='ocr_carea' id='block_1_73' title="bbox 2222 2885 3791 2964">
    <p class='ocr_par' dir='ltr' id='par_1_73' title="bbox 2222 2885 3791 2964">
     <span class='ocr_line' id='line_1_73' title="bbox 2222 2885 3791 2964; baseline -0.008 -15"><span class='ocrx_word' id='word_1_502' title='bbox 2222 2893 2502 2949; x_wconf 90' lang='lat' dir='ltr'><strong>miraculis</strong></span> <span class='ocrx_word' id='word_1_503' title='bbox 2548 2891 2805 2964; x_wconf 74' lang='lat' dir='ltr'><strong>pnecipui</strong></span> <span class='ocrx_word' id='word_1_504' title='bbox 2833 2933 2847 2958; x_wconf 94' lang='lat'><strong>,</strong></span> <span class='ocrx_word' id='word_1_505' title='bbox 2901 2897 3171 2961; x_wconf 65' lang='lat' dir='ltr'><strong>praeerant</strong></span> <span class='ocrx_word' id='word_1_506' title='bbox 3220 2887 3503 2942; x_wconf 82' lang='lat' dir='ltr'><strong>:ecclcsiis.</strong></span> <span class='ocrx_word' id='word_1_507' title='bbox 3529 2885 3791 2955; x_wconf 73' lang='lat' dir='ltr'><strong>Perpauczr</strong></span> 
     </span>
    </p>
   </div>
   <div class='ocr_carea' id='block_1_74' title="bbox 2223 2974 3790 3054">
    <p class='ocr_par' dir='ltr' id='par_1_74' title="bbox 2223 2974 3790 3054">
     <span class='ocr_line' id='line_1_74' title="bbox 2223 2974 3790 3054; baseline -0.01 -14"><span class='ocrx_word' id='word_1_508' title='bbox 2223 2995 2402 3040; x_wconf 86' lang='lat' dir='ltr'><strong>tamen</strong></span> <span class='ocrx_word' id='word_1_509' title='bbox 2429 2993 2586 3039; x_wconf 88' lang='lat' dir='ltr'><strong>erant</strong></span> <span class='ocrx_word' id='word_1_510' title='bbox 2614 2978 2815 3053; x_wconf 86' lang='lat' dir='ltr'><strong>quibus</strong></span> <span class='ocrx_word' id='word_1_511' title='bbox 2838 2981 3077 3054; x_wconf 89' lang='lat' dir='ltr'><strong>episcopi</strong></span> <span class='ocrx_word' id='word_1_512' title='bbox 3110 2988 3424 3051; x_wconf 62' lang='lat' dir='ltr'><strong>praeessent,</strong></span> <span class='ocrx_word' id='word_1_513' title='bbox 3453 2978 3639 3032; x_wconf 68' lang='lat' dir='ltr'><strong>multae</strong></span> <span class='ocrx_word' id='word_1_514' title='bbox 3667 2974 3790 3031; x_wconf 83' lang='lat' dir='ltr'><strong>enim</strong></span> 
     </span>
    </p>
   </div>
   <div class='ocr_carea' id='block_1_75' title="bbox 2223 3068 3790 3147">
    <p class='ocr_par' dir='ltr' id='par_1_75' title="bbox 2223 3068 3790 3147">
     <span class='ocr_line' id='line_1_75' title="bbox 2223 3068 3790 3147; baseline -0.008 -16"><span class='ocrx_word' id='word_1_515' title='bbox 2223 3075 2535 3147; x_wconf 84' lang='lat' dir='ltr'><strong>pastoribus</strong></span> <span class='ocrx_word' id='word_1_516' title='bbox 2565 3074 2835 3129; x_wconf 90' lang='lat' dir='ltr'><strong>vacabant</strong></span> <span class='ocrx_word' id='word_1_517' title='bbox 2880 3070 3037 3144; x_wconf 77' lang='lat' dir='ltr'><strong>(Vita</strong></span> <span class='ocrx_word' id='word_1_518' title='bbox 3066 3070 3299 3140; x_wconf 73' lang='lat' dir='ltr'><strong>Antid).</strong></span> <span class='ocrx_word' id='word_1_519' title='bbox 3353 3068 3651 3124; x_wconf 82' lang='lat' dir='ltr'><strong>Remorum</strong></span> <span class='ocrx_word' id='word_1_520' title='bbox 3694 3081 3790 3120; x_wconf 86' lang='lat' dir='ltr'><strong>me-</strong></span> 
     </span>
    </p>
   </div>
   <div class='ocr_carea' id='block_1_76' title="bbox 2229 3155 3791 3237">
    <p class='ocr_par' dir='ltr' id='par_1_76' title="bbox 2229 3155 3791 3237">
     <span class='ocr_line' id='line_1_76' title="bbox 2229 3155 3791 3237; baseline -0.009 -16"><span class='ocrx_word' id='word_1_521' title='bbox 2229 3166 2481 3237; x_wconf 90' lang='lat' dir='ltr'><strong>tropolim</strong></span> <span class='ocrx_word' id='word_1_522' title='bbox 2502 3172 2728 3220; x_wconf 89' lang='lat' dir='ltr'><strong>sanctus</strong></span> <span class='ocrx_word' id='word_1_523' title='bbox 2758 3164 2978 3235; x_wconf 86' lang='lat' dir='ltr'><strong>regebat</strong></span> <span class='ocrx_word' id='word_1_524' title='bbox 3001 3160 3253 3219; x_wconf 80' lang='lat' dir='ltr'><strong>Nicasius</strong></span> <span class='ocrx_word' id='word_1_525' title='bbox 3277 3180 3292 3229; x_wconf 90' lang='lat'><strong>;</strong></span> <span class='ocrx_word' id='word_1_526' title='bbox 3334 3160 3675 3231; x_wconf 85' lang='lat' dir='ltr'><strong>Linguonum</strong></span> <span class='ocrx_word' id='word_1_527' title='bbox 3692 3155 3791 3211; x_wconf 88' lang='lat' dir='ltr'><strong>urbi</strong></span> 
     </span>
    </p>
   </div>
   <div class='ocr_carea' id='block_1_77' title="bbox 2229 3251 3791 3332">
    <p class='ocr_par' dir='ltr' id='par_1_77' title="bbox 2229 3251 3791 3332">
     <span class='ocr_line' id='line_1_77' title="bbox 2229 3251 3791 3332; baseline -0.01 -14"><span class='ocrx_word' id='word_1_528' title='bbox 2229 3272 2450 3318; x_wconf 90' lang='lat' dir='ltr'><strong>sanctus</strong></span> <span class='ocrx_word' id='word_1_529' title='bbox 2498 3268 2730 3332; x_wconf 71' lang='lat' dir='ltr'><strong>praeerat</strong></span> <span class='ocrx_word' id='word_1_530' title='bbox 2773 3257 3110 3323; x_wconf 87' lang='lat' dir='ltr'><strong>Desiderins;</strong></span> <span class='ocrx_word' id='word_1_531' title='bbox 3143 3255 3604 3326; x_wconf 88' lang='lat' dir='ltr'><strong>Crisopolitanam</strong></span> <span class='ocrx_word' id='word_1_532' title='bbox 3634 3251 3791 3306; x_wconf 85' lang='lat' dir='ltr'><strong>sedem</strong></span> 
     </span>
    </p>
   </div>
   <div class='ocr_carea' id='block_1_78' title="bbox 2231 3350 3794 3425">
    <p class='ocr_par' dir='ltr' id='par_1_78' title="bbox 2231 3350 3794 3425">
     <span class='ocr_line' id='line_1_78' title="bbox 2231 3350 3794 3425; baseline -0.011 -14"><span class='ocrx_word' id='word_1_533' title='bbox 2231 3356 2335 3411; x_wconf 88' lang='lat' dir='ltr'><strong>ﬁde</strong></span> <span class='ocrx_word' id='word_1_534' title='bbox 2358 3366 2412 3410; x_wconf 88' lang='lat' dir='ltr'><strong>et</strong></span> <span class='ocrx_word' id='word_1_535' title='bbox 2440 3352 2888 3425; x_wconf 83' lang='lat' dir='ltr'><strong>magnanimitate</strong></span> <span class='ocrx_word' id='word_1_536' title='bbox 2928 3366 3053 3407; x_wconf 92' lang='lat' dir='ltr'><strong>cum</strong></span> <span class='ocrx_word' id='word_1_537' title='bbox 3100 3350 3370 3404; x_wconf 89' lang='lat' dir='ltr'><strong>bonorum</strong></span> <span class='ocrx_word' id='word_1_538' title='bbox 3398 3362 3624 3417; x_wconf 88' lang='lat' dir='ltr'><strong>operum</strong></span> <span class='ocrx_word' id='word_1_539' title='bbox 3662 3356 3794 3398; x_wconf 81' lang='lat' dir='ltr'><strong>exer—</strong></span> 
     </span>
    </p>
   </div>
   <div class='ocr_carea' id='block_1_79' title="bbox 2231 3437 3795 3507">
    <p class='ocr_par' dir='ltr' id='par_1_79' title="bbox 2231 3437 3795 3507">
     <span class='ocr_line' id='line_1_79' title="bbox 2231 3437 3795 3507; baseline -0.013 -5"><span class='ocrx_word' id='word_1_540' title='bbox 2231 3446 2361 3502; x_wconf 91' lang='lat' dir='ltr'><strong>citio</strong></span> <span class='ocrx_word' id='word_1_541' title='bbox 2406 3453 2630 3500; x_wconf 90' lang='lat' dir='ltr'><strong>sanctus</strong></span> <span class='ocrx_word' id='word_1_542' title='bbox 2679 3441 2980 3498; x_wconf 85' lang='lat' dir='ltr'><strong>adornabat</strong></span> <span class='ocrx_word' id='word_1_543' title='bbox 3027 3439 3309 3505; x_wconf 85' lang='lat' dir='ltr'><strong>Antidius,</strong></span> <span class='ocrx_word' id='word_1_544' title='bbox 3353 3447 3408 3492; x_wconf 89' lang='lat' dir='ltr'><strong>et</strong></span> <span class='ocrx_word' id='word_1_545' title='bbox 3448 3437 3632 3507; x_wconf 84' lang='lat' dir='ltr'><strong>plures</strong></span> <span class='ocrx_word' id='word_1_546' title='bbox 3662 3438 3795 3487; x_wconf 85' lang='lat' dir='ltr'><strong>erant</strong></span> 
     </span>
    </p>
   </div>
   <div class='ocr_carea' id='block_1_80' title="bbox 2232 3525 3795 3606">
    <p class='ocr_par' dir='ltr' id='par_1_80' title="bbox 2232 3525 3795 3606">
     <span class='ocr_line' id='line_1_80' title="bbox 2232 3525 3795 3606; baseline -0.012 -12"><span class='ocrx_word' id='word_1_547' title='bbox 2232 3538 2347 3606; x_wconf 79' lang='lat' dir='ltr'><strong>alii,</strong></span> <span class='ocrx_word' id='word_1_548' title='bbox 2399 3553 2466 3593; x_wconf 87' lang='lat' dir='ltr'><strong>ex</strong></span> <span class='ocrx_word' id='word_1_549' title='bbox 2507 3546 2640 3592; x_wconf 91' lang='lat' dir='ltr'><strong>tunc</strong></span> <span class='ocrx_word' id='word_1_550' title='bbox 2680 3544 2733 3591; x_wconf 91' lang='lat' dir='ltr'><strong>et</strong></span> <span class='ocrx_word' id='word_1_551' title='bbox 2779 3549 2926 3589; x_wconf 91' lang='lat' dir='ltr'><strong>nunc</strong></span> <span class='ocrx_word' id='word_1_552' title='bbox 2974 3533 3212 3587; x_wconf 79' lang='lat' dir='ltr'><strong>lucernae</strong></span> <span class='ocrx_word' id='word_1_553' title='bbox 3256 3530 3505 3585; x_wconf 86' lang='lat' dir='ltr'><strong>lucentes</strong></span> <span class='ocrx_word' id='word_1_554' title='bbox 3555 3528 3608 3583; x_wconf 92' lang='lat' dir='ltr'><strong>in</strong></span> <span class='ocrx_word' id='word_1_555' title='bbox 3656 3525 3795 3580; x_wconf 80' lang='lat' dir='ltr'><strong>deme</strong></span> 
     </span>
    </p>
   </div>
   <div class='ocr_carea' id='block_1_81' title="bbox 2233 3617 3798 3700">
    <p class='ocr_par' dir='ltr' id='par_1_81' title="bbox 2233 3617 3798 3700">
     <span class='ocr_line' id='line_1_81' title="bbox 2233 3617 3798 3700; baseline -0.015 -12"><span class='ocrx_word' id='word_1_556' title='bbox 2233 3628 2472 3687; x_wconf 91' lang='lat' dir='ltr'><strong>Domini.</strong></span> <span class='ocrx_word' id='word_1_557' title='bbox 2514 3626 2599 3681; x_wconf 84' lang='lat' dir='ltr'><strong>Hii</strong></span> <span class='ocrx_word' id='word_1_558' title='bbox 2642 3625 2810 3700; x_wconf 81' lang='lat' dir='ltr'><strong>igitur</strong></span> <span class='ocrx_word' id='word_1_559' title='bbox 2841 3624 2963 3679; x_wconf 78' lang='lat' dir='ltr'><strong>licet</strong></span> <span class='ocrx_word' id='word_1_560' title='bbox 3001 3620 3239 3678; x_wconf 89' lang='lat' dir='ltr'><strong>assiduis</strong></span> <span class='ocrx_word' id='word_1_561' title='bbox 3269 3617 3664 3674; x_wconf 89' lang='lat' dir='ltr'><strong>monitionibus</strong></span> <span class='ocrx_word' id='word_1_562' title='bbox 3691 3628 3798 3667; x_wconf 77' lang='lat' dir='ltr'><strong>oves</strong></span> 
     </span>
    </p>
   </div>
   <div class='ocr_carea' id='block_1_82' title="bbox 2235 3710 3799 3779">
    <p class='ocr_par' dir='ltr' id='par_1_82' title="bbox 2235 3710 3799 3779">
     <span class='ocr_line' id='line_1_82' title="bbox 2235 3710 3799 3779; baseline -0.012 0"><span class='ocrx_word' id='word_1_563' title='bbox 2235 3723 2338 3779; x_wconf 89' lang='lat' dir='ltr'><strong>sibi</strong></span> <span class='ocrx_word' id='word_1_564' title='bbox 2367 3720 2602 3778; x_wconf 87' lang='lat' dir='ltr'><strong>creditas</strong></span> <span class='ocrx_word' id='word_1_565' title='bbox 2637 3717 2930 3774; x_wconf 89' lang='lat' dir='ltr'><strong>suaderent</strong></span> <span class='ocrx_word' id='word_1_566' title='bbox 2965 3732 2993 3770; x_wconf 82' lang='lat' dir='ltr'><strong>a</strong></span> <span class='ocrx_word' id='word_1_567' title='bbox 3022 3713 3108 3769; x_wconf 87' lang='lat' dir='ltr'><strong>via</strong></span> <span class='ocrx_word' id='word_1_568' title='bbox 3146 3712 3236 3767; x_wconf 88' lang='lat' dir='ltr'><strong>Dei</strong></span> <span class='ocrx_word' id='word_1_569' title='bbox 3275 3727 3382 3765; x_wconf 89' lang='lat' dir='ltr'><strong>non</strong></span> <span class='ocrx_word' id='word_1_570' title='bbox 3409 3710 3677 3771; x_wconf 86' lang='lat' dir='ltr'><strong>recedere,</strong></span> <span class='ocrx_word' id='word_1_571' title='bbox 3719 3720 3799 3774; x_wconf 53' lang='lat' dir='ltr'><strong>pth</strong></span> 
     </span>
    </p>
   </div>
   <div class='ocr_carea' id='block_1_83' title="bbox 2236 3797 3798 3886">
    <p class='ocr_par' dir='ltr' id='par_1_83' title="bbox 2236 3797 3798 3886">
     <span class='ocr_line' id='line_1_83' title="bbox 2236 3797 3798 3886; baseline -0.013 -18"><span class='ocrx_word' id='word_1_572' title='bbox 2236 3815 2398 3886; x_wconf 89' lang='lat' dir='ltr'><strong>pulus</strong></span> <span class='ocrx_word' id='word_1_573' title='bbox 2422 3822 2602 3869; x_wconf 88' lang='lat' dir='ltr'><strong>tamen</strong></span> <span class='ocrx_word' id='word_1_574' title='bbox 2625 3806 2914 3865; x_wconf 90' lang='lat' dir='ltr'><strong>retroactis</strong></span> <span class='ocrx_word' id='word_1_575' title='bbox 2943 3804 3280 3875; x_wconf 80' lang='lat' dir='ltr'><strong>temporibus</strong></span> <span class='ocrx_word' id='word_1_576' title='bbox 3321 3800 3558 3856; x_wconf 89' lang='lat' dir='ltr'><strong>faciente</strong></span> <span class='ocrx_word' id='word_1_577' title='bbox 3596 3797 3798 3853; x_wconf 82' lang='lat' dir='ltr'><strong>Arriana</strong></span> 
     </span>
    </p>
   </div>
   <div class='ocr_carea' id='block_1_84' title="bbox 2238 3892 3801 3979">
    <p class='ocr_par' dir='ltr' id='par_1_84' title="bbox 2238 3892 3801 3979">
     <span class='ocr_line' id='line_1_84' title="bbox 2238 3892 3801 3979; baseline -0.014 -16"><span class='ocrx_word' id='word_1_578' title='bbox 2238 3906 2460 3979; x_wconf 86' lang='lat' dir='ltr'><strong>perﬁdia</strong></span> <span class='ocrx_word' id='word_1_579' title='bbox 2503 3905 2621 3960; x_wconf 89' lang='lat' dir='ltr'><strong>sine</strong></span> <span class='ocrx_word' id='word_1_580' title='bbox 2648 3903 2807 3968; x_wconf 91' lang='lat' dir='ltr'><strong>duce,</strong></span> <span class='ocrx_word' id='word_1_581' title='bbox 2833 3900 2951 3955; x_wconf 89' lang='lat' dir='ltr'><strong>sine</strong></span> <span class='ocrx_word' id='word_1_582' title='bbox 2986 3908 3214 3962; x_wconf 68' lang='lat' dir='ltr'><strong>lectore,</strong></span> <span class='ocrx_word' id='word_1_583' title='bbox 3247 3894 3453 3964; x_wconf 87' lang='lat' dir='ltr'><strong>absque</strong></span> <span class='ocrx_word' id='word_1_584' title='bbox 3486 3892 3801 3979; x_wconf 72' lang='lat' dir='ltr'><strong>moderatore</strong></span> 
     </span>
    </p>
   </div>
   <div class='ocr_carea' id='block_1_85' title="bbox 2238 3977 3800 4071">
    <p class='ocr_par' dir='ltr' id='par_1_85' title="bbox 2238 3977 3800 4071">
     <span class='ocr_line' id='line_1_85' title="bbox 2238 3977 3800 4071; baseline -0.015 -18"><span class='ocrx_word' id='word_1_585' title='bbox 2238 3977 2281 4032; x_wconf 50' lang='lat'><strong>5&quot;</strong></span> <span class='ocrx_word' id='word_1_586' title='bbox 2313 4014 2407 4071; x_wconf 89' lang='lat' dir='ltr'><strong>per</strong></span> <span class='ocrx_word' id='word_1_587' title='bbox 2435 4012 2495 4053; x_wconf 92' lang='lat' dir='ltr'><strong>se</strong></span> <span class='ocrx_word' id='word_1_588' title='bbox 2534 3996 2805 4049; x_wconf 90' lang='lat' dir='ltr'><strong>inmatura</strong></span> <span class='ocrx_word' id='word_1_589' title='bbox 2851 3991 3055 4062; x_wconf 80' lang='lat' dir='ltr'><strong>potitus</strong></span> <span class='ocrx_word' id='word_1_590' title='bbox 3086 3988 3353 4053; x_wconf 86' lang='lat' dir='ltr'><strong>libertate,</strong></span> <span class='ocrx_word' id='word_1_591' title='bbox 3388 3985 3497 4041; x_wconf 87' lang='lat' dir='ltr'><strong>etsi</strong></span> <span class='ocrx_word' id='word_1_592' title='bbox 3532 3982 3690 4038; x_wconf 84' lang='lat' dir='ltr'><strong>verba</strong></span> 
     </span>
    </p>
   </div>
   <div class='ocr_carea' id='block_1_86' title="bbox 2239 4070 3803 4156">
    <p class='ocr_par' dir='ltr' id='par_1_86' title="bbox 2239 4070 3803 4156">
     <span class='ocr_line' id='line_1_86' title="bbox 2239 4070 3803 4156; baseline -0.018 -8"><span class='ocrx_word' id='word_1_593' title='bbox 2239 4070 2513 4156; x_wconf 87' lang='lat' dir='ltr'><strong>audiebat,</strong></span> <span class='ocrx_word' id='word_1_594' title='bbox 2556 4086 2762 4144; x_wconf 89' lang='lat' dir='ltr'><strong>divitiis</strong></span> <span class='ocrx_word' id='word_1_595' title='bbox 2803 4094 2859 4140; x_wconf 89' lang='lat' dir='ltr'><strong>et</strong></span> <span class='ocrx_word' id='word_1_596' title='bbox 2900 4080 3270 4152; x_wconf 85' lang='lat' dir='ltr'><strong>voluptatibus</strong></span> <span class='ocrx_word' id='word_1_597' title='bbox 3312 4077 3499 4133; x_wconf 62' lang='lat' dir='ltr'><strong>Sicculi</strong></span> <span class='ocrx_word' id='word_1_598' title='bbox 3547 4084 3606 4130; x_wconf 91' lang='lat' dir='ltr'><strong>ut</strong></span> <span class='ocrx_word' id='word_1_599' title='bbox 3654 4070 3803 4143; x_wconf 76' lang='lat' dir='ltr'><strong>Spinis</strong></span> 
     </span>
    </p>
   </div>
   <div class='ocr_carea' id='block_1_87' title="bbox 2242 4162 3803 4247">
    <p class='ocr_par' dir='ltr' id='par_1_87' title="bbox 2242 4162 3803 4247">
     <span class='ocr_line' id='line_1_87' title="bbox 2242 4162 3803 4247; baseline -0.015 -7"><span class='ocrx_word' id='word_1_600' title='bbox 2242 4184 2563 4247; x_wconf 72' lang='lat' dir='ltr'><strong>suffocatus,</strong></span> <span class='ocrx_word' id='word_1_601' title='bbox 2607 4177 2819 4234; x_wconf 90' lang='lat' dir='ltr'><strong>fructus</strong></span> <span class='ocrx_word' id='word_1_602' title='bbox 2867 4176 3135 4230; x_wconf 85' lang='lat' dir='ltr'><strong>honorum</strong></span> <span class='ocrx_word' id='word_1_603' title='bbox 3173 4185 3399 4242; x_wconf 88' lang='lat' dir='ltr'><strong>operum</strong></span> <span class='ocrx_word' id='word_1_604' title='bbox 3432 4167 3630 4224; x_wconf 86' lang='lat' dir='ltr'><strong>afferre</strong></span> <span class='ocrx_word' id='word_1_605' title='bbox 3674 4162 3803 4219; x_wconf 84' lang='lat' dir='ltr'><strong>fasti-</strong></span> 
     </span>
    </p>
   </div>
   <div class='ocr_carea' id='block_1_88' title="bbox 2240 4256 3802 4333">
    <p class='ocr_par' dir='ltr' id='par_1_88' title="bbox 2240 4256 3802 4333">
     <span class='ocr_line' id='line_1_88' title="bbox 2240 4256 3802 4333; baseline -0.018 0"><span class='ocrx_word' id='word_1_606' title='bbox 2240 4277 2441 4333; x_wconf 91' lang='lat' dir='ltr'><strong>diebat.</strong></span> <span class='ocrx_word' id='word_1_607' title='bbox 2492 4271 2646 4328; x_wconf 87' lang='lat' dir='ltr'><strong>Unde</strong></span> <span class='ocrx_word' id='word_1_608' title='bbox 2692 4279 2746 4325; x_wconf 90' lang='lat' dir='ltr'><strong>ct</strong></span> <span class='ocrx_word' id='word_1_609' title='bbox 2784 4270 2956 4324; x_wconf 80' lang='lat' dir='ltr'><strong>iratus</strong></span> <span class='ocrx_word' id='word_1_610' title='bbox 3012 4265 3279 4320; x_wconf 90' lang='lat' dir='ltr'><strong>Dominus</strong></span> <span class='ocrx_word' id='word_1_611' title='bbox 3325 4276 3548 4316; x_wconf 85' lang='lat' dir='ltr'><strong>omnem</strong></span> <span class='ocrx_word' id='word_1_612' title='bbox 3600 4256 3802 4314; x_wconf 82' lang='lat' dir='ltr'><strong>Galliam</strong></span> 
     </span>
    </p>
   </div>
   <div class='ocr_carea' id='block_1_89' title="bbox 2242 4352 3803 4438">
    <p class='ocr_par' dir='ltr' id='par_1_89' title="bbox 2242 4352 3803 4438">
     <span class='ocr_line' id='line_1_89' title="bbox 2242 4352 3803 4438; baseline -0.017 -14"><span class='ocrx_word' id='word_1_613' title='bbox 2242 4378 2296 4424; x_wconf 91' lang='lat' dir='ltr'><strong>et</strong></span> <span class='ocrx_word' id='word_1_614' title='bbox 2323 4383 2459 4438; x_wconf 90' lang='lat' dir='ltr'><strong>pene</strong></span> <span class='ocrx_word' id='word_1_615' title='bbox 2492 4375 2665 4421; x_wconf 90' lang='lat' dir='ltr'><strong>totum</strong></span> <span class='ocrx_word' id='word_1_616' title='bbox 2690 4360 3037 4418; x_wconf 90' lang='lat' dir='ltr'><strong>Occidentem</strong></span> <span class='ocrx_word' id='word_1_617' title='bbox 3064 4355 3478 4419; x_wconf 83' lang='lat' dir='ltr'><strong>Wandalorum,</strong></span> <span class='ocrx_word' id='word_1_618' title='bbox 3513 4352 3803 4407; x_wconf 82' lang='lat' dir='ltr'><strong>Alanorum,</strong></span> 
     </span>
    </p>
   </div>
   <div class='ocr_carea' id='block_1_90' title="bbox 2247 4438 3804 4523">
    <p class='ocr_par' dir='ltr' id='par_1_90' title="bbox 2247 4438 3804 4523">
     <span class='ocr_line' id='line_1_90' title="bbox 2247 4438 3804 4523; baseline -0.017 -8"><span class='ocrx_word' id='word_1_619' title='bbox 2247 4460 2573 4523; x_wconf 87' lang='lat' dir='ltr'><strong>Suevorum,</strong></span> <span class='ocrx_word' id='word_1_620' title='bbox 2615 4455 2991 4510; x_wconf 78' lang='lat' dir='ltr'><strong>Sarmatarum</strong></span> <span class='ocrx_word' id='word_1_621' title='bbox 3025 4459 3078 4505; x_wconf 88' lang='lat' dir='ltr'><strong>et</strong></span> <span class='ocrx_word' id='word_1_622' title='bbox 3121 4447 3401 4502; x_wconf 82' lang='lat' dir='ltr'><strong>Hunorum</strong></span> <span class='ocrx_word' id='word_1_623' title='bbox 3452 4442 3671 4498; x_wconf 87' lang='lat' dir='ltr'><strong>tradidit</strong></span> <span class='ocrx_word' id='word_1_624' title='bbox 3712 4438 3804 4509; x_wconf 82' lang='lat' dir='ltr'><strong>gla-</strong></span> 
     </span>
    </p>
   </div>
   <div class='ocr_carea' id='block_1_91' title="bbox 525 4526 3805 4634">
    <p class='ocr_par' dir='ltr' id='par_1_91' title="bbox 525 4526 3805 4634">
     <span class='ocr_line' id='line_1_91' title="bbox 525 4526 3805 4634; baseline -0.012 -17"><span class='ocrx_word' id='word_1_625' title='bbox 525 4561 898 4618; x_wconf 66' lang='lat' dir='ltr'><strong>ljonstantini</strong></span> <span class='ocrx_word' id='word_1_626' title='bbox 925 4561 1058 4628; x_wconf 90' lang='lat' dir='ltr'><strong>ﬁlio,</strong></span> <span class='ocrx_word' id='word_1_627' title='bbox 1096 4526 1227 4617; x_wconf 75' lang='lat' dir='ltr'><strong>dum</strong></span> <span class='ocrx_word' id='word_1_628' title='bbox 1267 4526 1365 4633; x_wconf 79' lang='lat' dir='ltr'><strong>per</strong></span> <span class='ocrx_word' id='word_1_629' title='bbox 1402 4526 1618 4634; x_wconf 75' lang='lat' dir='ltr'><strong>singula</strong></span> <span class='ocrx_word' id='word_1_630' title='bbox 1665 4570 1928 4632; x_wconf 89' lang='lat' dir='ltr'><strong>serperet,</strong></span> <span class='ocrx_word' id='word_1_631' title='bbox 1950 4560 2137 4617; x_wconf 80' lang='lat' dir='ltr'><strong>Arria-</strong></span> <span class='ocrx_word' id='word_1_632' title='bbox 2173 4563 2214 4617; x_wconf 81' lang='grc' dir='ltr'><strong>ί)</strong></span> <span class='ocrx_word' id='word_1_633' title='bbox 2239 4551 2328 4610; x_wconf 91' lang='lat' dir='ltr'><strong>dio</strong></span> <span class='ocrx_word' id='word_1_634' title='bbox 2366 4548 2663 4605; x_wconf 88' lang='lat' dir='ltr'><strong>feriendam</strong></span> <span class='ocrx_word' id='word_1_635' title='bbox 2712 4545 2778 4599; x_wconf 71' lang='grc' dir='ltr'><strong>’⁸ο</strong></span> <span class='ocrx_word' id='word_1_636' title='bbox 2819 4542 2924 4598; x_wconf 68' lang='lat' dir='ltr'><strong>Sed</strong></span> <span class='ocrx_word' id='word_1_637' title='bbox 2970 4543 3016 4574; x_wconf 80' lang='grc'><strong>⁹¹⁹</strong></span> <span class='ocrx_word' id='word_1_638' title='bbox 3065 4538 3247 4634; x_wconf 67' lang='lat' dir='ltr'><strong>(luerit</strong></span> <span class='ocrx_word' id='word_1_639' title='bbox 3294 4537 3383 4634; x_wconf 42' lang='lat' dir='ltr'><strong>hic</strong></span> <span class='ocrx_word' id='word_1_640' title='bbox 3445 4533 3678 4591; x_wconf 74' lang='lat' dir='ltr'><strong>fortasse</strong></span> <span class='ocrx_word' id='word_1_641' title='bbox 3721 4526 3805 4583; x_wconf 87' lang='lat' dir='ltr'><strong>ali—</strong></span> 
     </span>
    </p>
   </div>
   <div class='ocr_carea' id='block_1_92' title="bbox 538 4651 2146 4724">
    <p class='ocr_par' dir='ltr' id='par_1_92' title="bbox 538 4651 2146 4724">
     <span class='ocr_line' id='line_1_92' title="bbox 538 4651 2146 4724; baseline -0.001 -15"><span class='ocrx_word' id='word_1_642' title='bbox 538 4666 685 4711; x_wconf 79' lang='lat' dir='ltr'><strong>&#39;num</strong></span> <span class='ocrx_word' id='word_1_643' title='bbox 728 4670 789 4709; x_wconf 91' lang='lat' dir='ltr'><strong>sc</strong></span> <span class='ocrx_word' id='word_1_644' title='bbox 823 4651 938 4710; x_wconf 89' lang='lat' dir='ltr'><strong>fere</strong></span> <span class='ocrx_word' id='word_1_645' title='bbox 978 4662 1123 4710; x_wconf 90' lang='lat' dir='ltr'><strong>totus</strong></span> <span class='ocrx_word' id='word_1_646' title='bbox 1170 4654 1462 4710; x_wconf 88' lang='lat' dir='ltr'><strong>miraretur</strong></span> <span class='ocrx_word' id='word_1_647' title='bbox 1508 4654 1678 4710; x_wconf 90' lang='lat' dir='ltr'><strong>orbis.</strong></span> <span class='ocrx_word' id='word_1_648' title='bbox 1736 4653 1978 4724; x_wconf 88' lang='lat' dir='ltr'><strong>Sequuta</strong></span> <span class='ocrx_word' id='word_1_649' title='bbox 2019 4661 2146 4708; x_wconf 88' lang='lat' dir='ltr'><strong>sunt</strong></span> 
     </span>
    </p>
   </div>
   <div class='ocr_carea' id='block_1_93' title="bbox 554 4745 2142 4817">
    <p class='ocr_par' dir='ltr' id='par_1_93' title="bbox 554 4745 2142 4817">
     <span class='ocr_line' id='line_1_93' title="bbox 554 4745 2142 4817; baseline -0.002 -15"><span class='ocrx_word' id='word_1_650' title='bbox 554 4755 758 4816; x_wconf 85' lang='lat' dir='ltr'><strong>pestem</strong></span> <span class='ocrx_word' id='word_1_651' title='bbox 783 4746 952 4812; x_wconf 87' lang='lat' dir='ltr'><strong>illam,</strong></span> <span class='ocrx_word' id='word_1_652' title='bbox 979 4755 1039 4801; x_wconf 91' lang='lat' dir='ltr'><strong>ut</strong></span> <span class='ocrx_word' id='word_1_653' title='bbox 1063 4755 1314 4812; x_wconf 90' lang='lat' dir='ltr'><strong>matrem,</strong></span> <span class='ocrx_word' id='word_1_654' title='bbox 1341 4747 1587 4802; x_wconf 88' lang='lat' dir='ltr'><strong>omnium</strong></span> <span class='ocrx_word' id='word_1_655' title='bbox 1609 4762 1807 4817; x_wconf 87' lang='lat' dir='ltr'><strong>genera</strong></span> <span class='ocrx_word' id='word_1_656' title='bbox 1831 4745 2142 4811; x_wconf 87' lang='lat' dir='ltr'><strong>criminum,</strong></span> 
     </span>
    </p>
   </div>
   <div class='ocr_carea' id='block_1_94' title="bbox 552 4837 2145 4911">
    <p class='ocr_par' dir='ltr' id='par_1_94' title="bbox 552 4837 2145 4911">
     <span class='ocr_line' id='line_1_94' title="bbox 552 4837 2145 4911; baseline -0.001 -18"><span class='ocrx_word' id='word_1_657' title='bbox 552 4854 677 4908; x_wconf 76' lang='lat' dir='ltr'><strong>qua:</strong></span> <span class='ocrx_word' id='word_1_658' title='bbox 701 4838 774 4894; x_wconf 88' lang='lat' dir='ltr'><strong>ita</strong></span> <span class='ocrx_word' id='word_1_659' title='bbox 803 4839 1090 4896; x_wconf 82' lang='lat' dir='ltr'><strong>universos</strong></span> <span class='ocrx_word' id='word_1_660' title='bbox 1127 4839 1517 4911; x_wconf 88' lang='lat' dir='ltr'><strong>propemodum</strong></span> <span class='ocrx_word' id='word_1_661' title='bbox 1564 4837 1888 4905; x_wconf 89' lang='lat' dir='ltr'><strong>infeccrunt,</strong></span> <span class='ocrx_word' id='word_1_662' title='bbox 1918 4848 1976 4894; x_wconf 90' lang='lat' dir='ltr'><strong>ut</strong></span> <span class='ocrx_word' id='word_1_663' title='bbox 2005 4838 2145 4908; x_wconf 89' lang='lat' dir='ltr'><strong>peri-</strong></span> 
     </span>
    </p>
   </div>
   <div class='ocr_carea' id='block_1_95' title="bbox 552 4929 2144 5002">
    <p class='ocr_par' dir='ltr' id='par_1_95' title="bbox 552 4929 2144 5002">
     <span class='ocr_line' id='line_1_95' title="bbox 552 4929 2144 5002; baseline -0.001 -16"><span class='ocrx_word' id='word_1_664' title='bbox 552 4932 828 4987; x_wconf 85' lang='lat' dir='ltr'><strong>culosiora</strong></span> <span class='ocrx_word' id='word_1_665' title='bbox 859 4941 1100 5002; x_wconf 91' lang='lat' dir='ltr'><strong>tempora</strong></span> <span class='ocrx_word' id='word_1_666' title='bbox 1141 4947 1304 4988; x_wconf 90' lang='lat' dir='ltr'><strong>nemo</strong></span> <span class='ocrx_word' id='word_1_667' title='bbox 1329 4932 1526 4988; x_wconf 85' lang='lat' dir='ltr'><strong>viderit</strong></span> <span class='ocrx_word' id='word_1_668' title='bbox 1564 4932 1896 4988; x_wconf 88' lang='lat' dir='ltr'><strong>mortalium.</strong></span> <span class='ocrx_word' id='word_1_669' title='bbox 1944 4929 2144 4985; x_wconf 90' lang='lat' dir='ltr'><strong>Verum</strong></span> 
     </span>
    </p>
   </div>
   <div class='ocr_carea' id='block_1_96' title="bbox 554 5023 2141 5096">
    <p class='ocr_par' dir='ltr' id='par_1_96' title="bbox 554 5023 2141 5096">
     <span class='ocr_line' id='line_1_96' title="bbox 554 5023 2141 5096; baseline -0.001 -19"><span class='ocrx_word' id='word_1_670' title='bbox 554 5024 684 5096; x_wconf 88' lang='lat' dir='ltr'><strong>quia</strong></span> <span class='ocrx_word' id='word_1_671' title='bbox 709 5023 819 5079; x_wconf 91' lang='lat' dir='ltr'><strong>Deo</strong></span> <span class='ocrx_word' id='word_1_672' title='bbox 842 5040 1111 5096; x_wconf 86' lang='lat' dir='ltr'><strong>nusquam</strong></span> <span class='ocrx_word' id='word_1_673' title='bbox 1132 5026 1285 5081; x_wconf 85' lang='lat' dir='ltr'><strong>abest</strong></span> <span class='ocrx_word' id='word_1_674' title='bbox 1304 5024 1628 5081; x_wconf 89' lang='lat' dir='ltr'><strong>eruditionis</strong></span> <span class='ocrx_word' id='word_1_675' title='bbox 1657 5041 1848 5090; x_wconf 92' lang='lat' dir='ltr'><strong>causa,</strong></span> <span class='ocrx_word' id='word_1_676' title='bbox 1872 5038 2141 5094; x_wconf 83' lang='lat' dir='ltr'><strong>nusquam</strong></span> 
     </span>
    </p>
   </div>
   <div class='ocr_carea' id='block_1_97' title="bbox 516 5111 2146 5180">
    <p class='ocr_par' dir='ltr' id='par_1_97' title="bbox 516 5111 2146 5180">
     <span class='ocr_line' id='line_1_97' title="bbox 516 5111 2146 5180; baseline -0.002 -11"><span class='ocrx_word' id='word_1_677' title='bbox 516 5148 519 5153; x_wconf 92' lang='lat'><strong><em>-</em></strong></span> <span class='ocrx_word' id='word_1_678' title='bbox 554 5112 957 5169; x_wconf 87' lang='lat' dir='ltr'><strong>emendationis</strong></span> <span class='ocrx_word' id='word_1_679' title='bbox 990 5124 1192 5170; x_wconf 79' lang='lat' dir='ltr'><strong>nostra:</strong></span> <span class='ocrx_word' id='word_1_680' title='bbox 1212 5116 1504 5171; x_wconf 88' lang='lat' dir='ltr'><strong>solicitudo</strong></span> <span class='ocrx_word' id='word_1_681' title='bbox 1532 5114 1782 5180; x_wconf 87' lang='lat' dir='ltr'><strong>discedit,</strong></span> <span class='ocrx_word' id='word_1_682' title='bbox 1822 5113 2036 5169; x_wconf 89' lang='lat' dir='ltr'><strong>diversa</strong></span> <span class='ocrx_word' id='word_1_683' title='bbox 2062 5111 2146 5167; x_wconf 92' lang='lat' dir='ltr'><strong>di-</strong></span> 
     </span>
    </p>
   </div>
   <div class='ocr_carea' id='block_1_98' title="bbox 556 5204 2149 5278">
    <p class='ocr_par' dir='ltr' id='par_1_98' title="bbox 556 5204 2149 5278">
     <span class='ocr_line' id='line_1_98' title="bbox 556 5204 2149 5278; baseline -0.002 -17"><span class='ocrx_word' id='word_1_684' title='bbox 556 5206 728 5262; x_wconf 80' lang='lat' dir='ltr'><strong>versis</strong></span> <span class='ocrx_word' id='word_1_685' title='bbox 753 5206 1090 5278; x_wconf 75' lang='lat' dir='ltr'><strong>temporibus</strong></span> <span class='ocrx_word' id='word_1_686' title='bbox 1119 5215 1173 5262; x_wconf 88' lang='lat' dir='ltr'><strong>et</strong></span> <span class='ocrx_word' id='word_1_687' title='bbox 1193 5206 1376 5263; x_wconf 82' lang='lat' dir='ltr'><strong>causis</strong></span> <span class='ocrx_word' id='word_1_688' title='bbox 1400 5206 1636 5262; x_wconf 89' lang='lat' dir='ltr'><strong>remedia</strong></span> <span class='ocrx_word' id='word_1_689' title='bbox 1661 5205 1927 5277; x_wconf 88' lang='lat' dir='ltr'><strong>providet,</strong></span> <span class='ocrx_word' id='word_1_690' title='bbox 1946 5204 2149 5275; x_wconf 87' lang='lat' dir='ltr'><strong>quibus</strong></span> 
     </span>
    </p>
   </div>
   <div class='ocr_carea' id='block_1_99' title="bbox 554 5296 2151 5357">
    <p class='ocr_par' dir='ltr' id='par_1_99' title="bbox 554 5296 2151 5357">
     <span class='ocr_line' id='line_1_99' title="bbox 554 5296 2151 5357; baseline -0.003 -3"><span class='ocrx_word' id='word_1_691' title='bbox 554 5300 883 5355; x_wconf 84' lang='lat' dir='ltr'><strong>alterarctnr</strong></span> <span class='ocrx_word' id='word_1_692' title='bbox 940 5300 1171 5357; x_wconf 73' lang='lat' dir='ltr'><strong>maliciae</strong></span> <span class='ocrx_word' id='word_1_693' title='bbox 1242 5299 1594 5356; x_wconf 78' lang='lat' dir='ltr'><strong>seminarium</strong></span> <span class='ocrx_word' id='word_1_694' title='bbox 1653 5307 1708 5355; x_wconf 89' lang='lat' dir='ltr'><strong>et</strong></span> <span class='ocrx_word' id='word_1_695' title='bbox 1776 5296 2151 5354; x_wconf 84' lang='lat' dir='ltr'><strong>eliminarctur</strong></span> 
     </span>
    </p>
   </div>
   <div class='ocr_carea' id='block_1_100' title="bbox 555 5392 2146 5465">
    <p class='ocr_par' dir='ltr' id='par_1_100' title="bbox 555 5392 2146 5465">
     <span class='ocr_line' id='line_1_100' title="bbox 555 5392 2146 5465; baseline -0.003 -18"><span class='ocrx_word' id='word_1_696' title='bbox 555 5392 677 5462; x_wconf 83' lang='lat' dir='ltr'><strong>(fol.</strong></span> <span class='ocrx_word' id='word_1_697' title='bbox 722 5392 836 5465; x_wconf 80' lang='grc'><strong>50).</strong></span> <span class='ocrx_word' id='word_1_698' title='bbox 883 5393 963 5465; x_wconf 74' lang='lat' dir='ltr'><strong>Ad</strong></span> <span class='ocrx_word' id='word_1_699' title='bbox 988 5394 1094 5450; x_wconf 90' lang='lat' dir='ltr'><strong>hoc</strong></span> <span class='ocrx_word' id='word_1_700' title='bbox 1116 5394 1259 5450; x_wconf 90' lang='lat' dir='ltr'><strong>enim</strong></span> <span class='ocrx_word' id='word_1_701' title='bbox 1291 5395 1630 5450; x_wconf 82' lang='lat' dir='ltr'><strong>evellendum</strong></span> <span class='ocrx_word' id='word_1_702' title='bbox 1656 5410 1721 5448; x_wconf 86' lang='lat' dir='ltr'><strong>ex</strong></span> <span class='ocrx_word' id='word_1_703' title='bbox 1744 5392 1933 5448; x_wconf 90' lang='lat' dir='ltr'><strong>eadem</strong></span> <span class='ocrx_word' id='word_1_704' title='bbox 1963 5405 2146 5445; x_wconf 89' lang='lat' dir='ltr'><strong>massa</strong></span> 
     </span>
    </p>
   </div>
   <div class='ocr_carea' id='block_1_101' title="bbox 2246 4630 3803 4721">
    <p class='ocr_par' dir='ltr' id='par_1_101' title="bbox 2246 4630 3803 4721">
     <span class='ocr_line' id='line_1_101' title="bbox 2246 4630 3803 4721; baseline -0.016 -20"><span class='ocrx_word' id='word_1_705' title='bbox 2246 4645 2390 4719; x_wconf 89' lang='lat' dir='ltr'><strong>quis,</strong></span> <span class='ocrx_word' id='word_1_706' title='bbox 2424 4641 2567 4698; x_wconf 87' lang='lat' dir='ltr'><strong>unde</strong></span> <span class='ocrx_word' id='word_1_707' title='bbox 2594 4641 2709 4696; x_wconf 70' lang='lat' dir='ltr'><strong>lucc</strong></span> <span class='ocrx_word' id='word_1_708' title='bbox 2733 4646 2850 4693; x_wconf 87' lang='lat' dir='ltr'><strong>orta</strong></span> <span class='ocrx_word' id='word_1_709' title='bbox 2898 4634 3079 4700; x_wconf 87' lang='lat' dir='ltr'><strong>fuerit,</strong></span> <span class='ocrx_word' id='word_1_710' title='bbox 3110 4632 3193 4688; x_wconf 91' lang='lat' dir='ltr'><strong>vel</strong></span> <span class='ocrx_word' id='word_1_711' title='bbox 3230 4630 3374 4685; x_wconf 90' lang='lat' dir='ltr'><strong>unde</strong></span> <span class='ocrx_word' id='word_1_712' title='bbox 3397 4643 3597 4684; x_wconf 90' lang='lat' dir='ltr'><strong>nomen</strong></span> <span class='ocrx_word' id='word_1_713' title='bbox 3640 4634 3803 4721; x_wconf 66' lang='lat' dir='ltr'><strong>traxe-</strong></span> 
     </span>
    </p>
   </div>
   <div class='ocr_carea' id='block_1_102' title="bbox 2251 4723 3807 4809">
    <p class='ocr_par' dir='ltr' id='par_1_102' title="bbox 2251 4723 3807 4809">
     <span class='ocr_line' id='line_1_102' title="bbox 2251 4723 3807 4809; baseline -0.018 -14"><span class='ocrx_word' id='word_1_714' title='bbox 2251 4737 2420 4794; x_wconf 88' lang='lat' dir='ltr'><strong>runt?</strong></span> <span class='ocrx_word' id='word_1_715' title='bbox 2449 4734 2671 4809; x_wconf 82' lang='lat' dir='ltr'><strong>[lsmon.</strong></span> <span class='ocrx_word' id='word_1_716' title='bbox 2701 4730 2802 4786; x_wconf 84' lang='lat' dir='ltr'><strong>Er.</strong></span> <span class='ocrx_word' id='word_1_717' title='bbox 2829 4728 2921 4797; x_wconf 80' lang='lat' dir='ltr'><strong>xx,</strong></span> <span class='ocrx_word' id='word_1_718' title='bbox 2944 4726 3029 4799; x_wconf 72' lang='grc'><strong>2.]</strong></span> <span class='ocrx_word' id='word_1_719' title='bbox 3046 4723 3395 4781; x_wconf 87' lang='lat' dir='ltr'><strong>Wandelicus</strong></span> <span class='ocrx_word' id='word_1_720' title='bbox 3414 4733 3635 4792; x_wconf 86' lang='lat' dir='ltr'><strong>quoque</strong></span> <span class='ocrx_word' id='word_1_721' title='bbox 3652 4728 3807 4770; x_wconf 82' lang='lat' dir='ltr'><strong>amms</strong></span> 
     </span>
    </p>
   </div>
   <div class='ocr_carea' id='block_1_103' title="bbox 2247 4812 3806 4888">
    <p class='ocr_par' dir='ltr' id='par_1_103' title="bbox 2247 4812 3806 4888">
     <span class='ocr_line' id='line_1_103' title="bbox 2247 4812 3806 4888; baseline -0.018 -1"><span class='ocrx_word' id='word_1_722' title='bbox 2247 4841 2332 4888; x_wconf 89' lang='lat' dir='ltr'><strong>est</strong></span> <span class='ocrx_word' id='word_1_723' title='bbox 2357 4831 2426 4885; x_wconf 92' lang='lat' dir='ltr'><strong>ab</strong></span> <span class='ocrx_word' id='word_1_724' title='bbox 2452 4825 2710 4883; x_wconf 82' lang='lat' dir='ltr'><strong>extremis</strong></span> <span class='ocrx_word' id='word_1_725' title='bbox 2731 4822 2929 4877; x_wconf 91' lang='lat' dir='ltr'><strong>ﬁnibus</strong></span> <span class='ocrx_word' id='word_1_726' title='bbox 2952 4818 3141 4874; x_wconf 80' lang='lat' dir='ltr'><strong>Galliae</strong></span> <span class='ocrx_word' id='word_1_727' title='bbox 3162 4812 3645 4885; x_wconf 85' lang='lat' dir='ltr'><strong>erumpens,juxta</strong></span> <span class='ocrx_word' id='word_1_728' title='bbox 3665 4818 3806 4877; x_wconf 83' lang='lat' dir='ltr'><strong>quam</strong></span> 
     </span>
    </p>
   </div>
   <div class='ocr_carea' id='block_1_104' title="bbox 2248 4897 3809 4979">
    <p class='ocr_par' dir='ltr' id='par_1_104' title="bbox 2248 4897 3809 4979">
     <span class='ocr_line' id='line_1_104' title="bbox 2248 4897 3809 4979; baseline -0.02 0"><span class='ocrx_word' id='word_1_729' title='bbox 2248 4939 2344 4979; x_wconf 86' lang='lat' dir='ltr'><strong>eos</strong></span> <span class='ocrx_word' id='word_1_730' title='bbox 2374 4920 2651 4977; x_wconf 87' lang='lat' dir='ltr'><strong>habitasse</strong></span> <span class='ocrx_word' id='word_1_731' title='bbox 2672 4923 2727 4971; x_wconf 91' lang='lat' dir='ltr'><strong>et</strong></span> <span class='ocrx_word' id='word_1_732' title='bbox 2749 4931 2815 4970; x_wconf 85' lang='lat' dir='ltr'><strong>ex</strong></span> <span class='ocrx_word' id='word_1_733' title='bbox 2841 4910 3112 4968; x_wconf 85' lang='lat' dir='ltr'><strong>Wandan</strong></span> <span class='ocrx_word' id='word_1_734' title='bbox 3138 4907 3305 4963; x_wconf 87' lang='lat' dir='ltr'><strong>ﬁuvio</strong></span> <span class='ocrx_word' id='word_1_735' title='bbox 3331 4907 3413 4962; x_wconf 91' lang='lat' dir='ltr'><strong>sic</strong></span> <span class='ocrx_word' id='word_1_736' title='bbox 3432 4904 3637 4959; x_wconf 91' lang='lat' dir='ltr'><strong>dictum</strong></span> <span class='ocrx_word' id='word_1_737' title='bbox 3661 4897 3809 4954; x_wconf 84' lang='lat' dir='ltr'><strong>fuisse</strong></span> 
     </span>
    </p>
   </div>
   <div class='ocr_carea' id='block_1_105' title="bbox 2250 4991 3809 5072">
    <p class='ocr_par' dir='ltr' id='par_1_105' title="bbox 2250 4991 3809 5072">
     <span class='ocr_line' id='line_1_105' title="bbox 2250 4991 3809 5072; baseline -0.021 0"><span class='ocrx_word' id='word_1_738' title='bbox 2250 5012 2617 5072; x_wconf 82' lang='lat' dir='ltr'><strong>certissimum</strong></span> <span class='ocrx_word' id='word_1_739' title='bbox 2649 5016 2752 5064; x_wconf 90' lang='lat' dir='ltr'><strong>est.</strong></span> <span class='ocrx_word' id='word_1_740' title='bbox 2782 5005 2989 5060; x_wconf 89' lang='lat' dir='ltr'><strong>Lanius</strong></span> <span class='ocrx_word' id='word_1_741' title='bbox 3011 5018 3142 5056; x_wconf 82' lang='lat' dir='ltr'><strong>vero</strong></span> <span class='ocrx_word' id='word_1_742' title='bbox 3164 4998 3363 5054; x_wconf 84' lang='lat' dir='ltr'><strong>fluvius</strong></span> <span class='ocrx_word' id='word_1_743' title='bbox 3383 5005 3466 5052; x_wconf 88' lang='lat' dir='ltr'><strong>est</strong></span> <span class='ocrx_word' id='word_1_744' title='bbox 3488 4995 3627 5050; x_wconf 85' lang='lat' dir='ltr'><strong>ultra</strong></span> <span class='ocrx_word' id='word_1_745' title='bbox 3651 4991 3809 5044; x_wconf 80' lang='lat' dir='ltr'><strong>Danu—</strong></span> 
     </span>
    </p>
   </div>
   <div class='ocr_carea' id='block_1_106' title="bbox 2251 5075 3810 5162">
    <p class='ocr_par' dir='ltr' id='par_1_106' title="bbox 2251 5075 3810 5162">
     <span class='ocr_line' id='line_1_106' title="bbox 2251 5075 3810 5162; baseline -0.022 0"><span class='ocrx_word' id='word_1_746' title='bbox 2251 5106 2400 5162; x_wconf 89' lang='lat' dir='ltr'><strong>bium</strong></span> <span class='ocrx_word' id='word_1_747' title='bbox 2427 5102 2497 5159; x_wconf 92' lang='lat' dir='ltr'><strong>ab</strong></span> <span class='ocrx_word' id='word_1_748' title='bbox 2520 5101 2697 5157; x_wconf 89' lang='lat' dir='ltr'><strong>Alano</strong></span> <span class='ocrx_word' id='word_1_749' title='bbox 2729 5097 2929 5161; x_wconf 91' lang='lat' dir='ltr'><strong>dictus,</strong></span> <span class='ocrx_word' id='word_1_750' title='bbox 2957 5094 3101 5149; x_wconf 90' lang='lat' dir='ltr'><strong>sicut</strong></span> <span class='ocrx_word' id='word_1_751' title='bbox 3128 5100 3184 5146; x_wconf 91' lang='lat' dir='ltr'><strong>ct</strong></span> <span class='ocrx_word' id='word_1_752' title='bbox 3216 5089 3530 5144; x_wconf 90' lang='lat' dir='ltr'><strong>Lemannus</strong></span> <span class='ocrx_word' id='word_1_753' title='bbox 3560 5085 3727 5139; x_wconf 85' lang='lat' dir='ltr'><strong>dictus</strong></span> <span class='ocrx_word' id='word_1_754' title='bbox 3752 5075 3810 5130; x_wconf 86' lang='lat' dir='ltr'><strong>ab</strong></span> 
     </span>
    </p>
   </div>
   <div class='ocr_carea' id='block_1_107' title="bbox 2252 5166 3807 5253">
    <p class='ocr_par' dir='ltr' id='par_1_107' title="bbox 2252 5166 3807 5253">
     <span class='ocr_line' id='line_1_107' title="bbox 2252 5166 3807 5253; baseline -0.019 0"><span class='ocrx_word' id='word_1_755' title='bbox 2252 5197 2570 5253; x_wconf 87' lang='lat' dir='ltr'><strong>Alemanno.</strong></span> <span class='ocrx_word' id='word_1_756' title='bbox 2600 5182 2764 5247; x_wconf 81' lang='lat' dir='ltr'><strong>suevi</strong></span> <span class='ocrx_word' id='word_1_757' title='bbox 2792 5202 2924 5243; x_wconf 90' lang='lat' dir='ltr'><strong>vero</strong></span> <span class='ocrx_word' id='word_1_758' title='bbox 2948 5185 3077 5241; x_wconf 91' lang='lat' dir='ltr'><strong>dicti</strong></span> <span class='ocrx_word' id='word_1_759' title='bbox 3104 5172 3234 5239; x_wconf 83' lang='lat' dir='ltr'><strong>sunt</strong></span> <span class='ocrx_word' id='word_1_760' title='bbox 3258 5196 3288 5236; x_wconf 90' lang='lat' dir='ltr'><strong>a</strong></span> <span class='ocrx_word' id='word_1_761' title='bbox 3318 5187 3502 5234; x_wconf 82' lang='lat' dir='ltr'><strong>monte</strong></span> <span class='ocrx_word' id='word_1_762' title='bbox 3528 5175 3705 5231; x_wconf 89' lang='lat' dir='ltr'><strong>Suevo</strong></span> <span class='ocrx_word' id='word_1_763' title='bbox 3731 5166 3807 5238; x_wconf 80' lang='lat' dir='ltr'><strong>qui</strong></span> 
     </span>
    </p>
   </div>
   <div class='ocr_carea' id='block_1_108' title="bbox 2252 5264 3809 5347">
    <p class='ocr_par' dir='ltr' id='par_1_108' title="bbox 2252 5264 3809 5347">
     <span class='ocr_line' id='line_1_108' title="bbox 2252 5264 3809 5347; baseline -0.022 1"><span class='ocrx_word' id='word_1_764' title='bbox 2252 5292 2321 5347; x_wconf 91' lang='lat' dir='ltr'><strong>ab</strong></span> <span class='ocrx_word' id='word_1_765' title='bbox 2344 5299 2467 5345; x_wconf 90' lang='lat' dir='ltr'><strong>ortu</strong></span> <span class='ocrx_word' id='word_1_766' title='bbox 2497 5286 2712 5343; x_wconf 89' lang='lat' dir='ltr'><strong>initium</strong></span> <span class='ocrx_word' id='word_1_767' title='bbox 2737 5279 3045 5338; x_wconf 73' lang='lat' dir='ltr'><strong>Germaniae</strong></span> <span class='ocrx_word' id='word_1_768' title='bbox 3087 5276 3240 5344; x_wconf 88' lang='lat' dir='ltr'><strong>facit,</strong></span> <span class='ocrx_word' id='word_1_769' title='bbox 3270 5273 3431 5344; x_wconf 88' lang='lat' dir='ltr'><strong>cujus</strong></span> <span class='ocrx_word' id='word_1_770' title='bbox 3457 5273 3574 5326; x_wconf 86' lang='lat' dir='ltr'><strong>loca</strong></span> <span class='ocrx_word' id='word_1_771' title='bbox 3596 5264 3809 5322; x_wconf 70' lang='lat' dir='ltr'><strong>inmine-</strong></span> 
     </span>
    </p>
   </div>
   <div class='ocr_carea' id='block_1_109' title="bbox 2254 5369 3809 5453">
    <p class='ocr_par' dir='ltr' id='par_1_109' title="bbox 2254 5369 3809 5453">
     <span class='ocr_line' id='line_1_109' title="bbox 2254 5369 3809 5453; baseline -0.017 -14"><span class='ocrx_word' id='word_1_772' title='bbox 2254 5391 2412 5450; x_wconf 86' lang='lat' dir='ltr'><strong>runt;</strong></span> <span class='ocrx_word' id='word_1_773' title='bbox 2444 5394 2678 5453; x_wconf 89' lang='lat' dir='ltr'><strong>quorum</strong></span> <span class='ocrx_word' id='word_1_774' title='bbox 2710 5376 2883 5432; x_wconf 88' lang='lat' dir='ltr'><strong>fuisse</strong></span> <span class='ocrx_word' id='word_1_775' title='bbox 2909 5381 3129 5428; x_wconf 87' lang='lat' dir='ltr'><strong>centum</strong></span> <span class='ocrx_word' id='word_1_776' title='bbox 3152 5384 3322 5441; x_wconf 88' lang='lat' dir='ltr'><strong>pagos</strong></span> <span class='ocrx_word' id='word_1_777' title='bbox 3341 5375 3394 5421; x_wconf 89' lang='lat' dir='ltr'><strong>ct</strong></span> <span class='ocrx_word' id='word_1_778' title='bbox 3423 5373 3640 5421; x_wconf 79' lang='lat' dir='ltr'><strong>centum</strong></span> <span class='ocrx_word' id='word_1_779' title='bbox 3663 5369 3809 5453; x_wconf 53' lang='grc' dir='ltr'><strong>μινυ-</strong></span> 
     </span>
    </p>
   </div>
   <div class='ocr_carea' id='block_1_110' title="bbox 556 5448 3810 5558">
    <p class='ocr_par' dir='ltr' id='par_1_110' title="bbox 556 5448 3810 5558">
     <span class='ocr_line' id='line_1_110' title="bbox 556 5448 3810 5558; baseline -0.01 -17"><span class='ocrx_word' id='word_1_780' title='bbox 556 5448 903 5558; x_wconf 59' lang='lat' dir='ltr'><strong>iniquitatis,</strong></span> <span class='ocrx_word' id='word_1_781' title='bbox 933 5488 1180 5543; x_wconf 75' lang='lat' dir='ltr'><strong>Arriana:</strong></span> <span class='ocrx_word' id='word_1_782' title='bbox 1227 5486 1431 5544; x_wconf 71' lang='lat' dir='ltr'><strong>sevitiae</strong></span> <span class='ocrx_word' id='word_1_783' title='bbox 1482 5485 1807 5557; x_wconf 71' lang='lat' dir='ltr'><strong>praeparavit</strong></span> <span class='ocrx_word' id='word_1_784' title='bbox 1863 5480 2145 5546; x_wconf 90' lang='lat' dir='ltr'><strong>tribulam,</strong></span> <span class='ocrx_word' id='word_1_785' title='bbox 2214 5472 2338 5531; x_wconf 46' lang='lat' dir='ltr'><strong>&#39;los</strong></span> <span class='ocrx_word' id='word_1_786' title='bbox 2386 5474 2542 5530; x_wconf 89' lang='lat' dir='ltr'><strong>multi</strong></span> <span class='ocrx_word' id='word_1_787' title='bbox 2568 5469 2942 5543; x_wconf 85' lang='lat' dir='ltr'><strong>prodiderunt.</strong></span> <span class='ocrx_word' id='word_1_788' title='bbox 2995 5464 3089 5519; x_wconf 80' lang='lat' dir='ltr'><strong>Est</strong></span> <span class='ocrx_word' id='word_1_789' title='bbox 3126 5472 3308 5517; x_wconf 88' lang='lat' dir='ltr'><strong>autem</strong></span> <span class='ocrx_word' id='word_1_790' title='bbox 3334 5459 3520 5515; x_wconf 86' lang='lat' dir='ltr'><strong>Genua</strong></span> <span class='ocrx_word' id='word_1_791' title='bbox 3550 5470 3674 5526; x_wconf 87' lang='lat' dir='ltr'><strong>pars</strong></span> <span class='ocrx_word' id='word_1_792' title='bbox 3698 5448 3810 5504; x_wconf 59' lang='lat' dir='ltr'><strong>Gef-</strong></span> 
     </span>
    </p>
   </div>
   <div class='ocr_carea' id='block_1_111' title="bbox 1846 5629 2518 5692">
    <p class='ocr_par' dir='ltr' id='par_1_111' title="bbox 1846 5629 2518 5692">
     <span class='ocr_line' id='line_1_111' title="bbox 1846 5629 2518 5692; baseline -0.01 0"><span class='ocrx_word' id='word_1_793' title='bbox 1846 5634 2078 5692; x_wconf 59' lang='lat' dir='ltr'><strong>VARI/1‘;</strong></span> <span class='ocrx_word' id='word_1_794' title='bbox 2118 5629 2518 5691; x_wconf 74' lang='lat' dir='ltr'><strong>LEC’I‘IONES.</strong></span> 
     </span>
    </p>
   </div>
   <div class='ocr_carea' id='block_1_112' title="bbox 631 5778 1599 5852">
    <p class='ocr_par' dir='ltr' id='par_1_112' title="bbox 631 5778 1599 5852">
     <span class='ocr_line' id='line_1_112' title="bbox 631 5778 1599 5852; baseline -0.005 -19"><span class='ocrx_word' id='word_1_795' title='bbox 631 5783 676 5813; x_wconf 65' lang='grc'><strong><em>’⁸</em></strong></span> <span class='ocrx_word' id='word_1_796' title='bbox 702 5779 965 5852; x_wconf 82' lang='lat' dir='ltr'><strong>Tempore</strong></span> <span class='ocrx_word' id='word_1_797' title='bbox 990 5778 1315 5852; x_wconf 12' lang='lat' dir='ltr'><strong>ﬁ—ihabetur</strong></span> <span class='ocrx_word' id='word_1_798' title='bbox 1349 5779 1402 5832; x_wconf 85' lang='lat' dir='ltr'><strong>in</strong></span> <span class='ocrx_word' id='word_1_799' title='bbox 1434 5793 1599 5852; x_wconf 71' lang='lat' dir='ltr'><strong>marg.</strong></span> 
     </span>
    </p>
   </div>
   <div class='ocr_carea' id='block_1_113' title="bbox 560 5839 2011 5919">
    <p class='ocr_par' dir='ltr' id='par_1_113' title="bbox 560 5839 2011 5919">
     <span class='ocr_line' id='line_1_113' title="bbox 560 5839 2011 5919; baseline -0.009 -10"><span class='ocrx_word' id='word_1_800' title='bbox 560 5855 605 5887; x_wconf 75' lang='grc'><strong>’³</strong></span> <span class='ocrx_word' id='word_1_801' title='bbox 642 5854 754 5908; x_wconf 70' lang='lat' dir='ltr'><strong>Iure</strong></span> <span class='ocrx_word' id='word_1_802' title='bbox 784 5839 852 5892; x_wconf 60' lang='grc' dir='ltr'><strong>-ί</strong></span> <span class='ocrx_word' id='word_1_803' title='bbox 881 5851 1243 5909; x_wconf 88' lang='lat' dir='ltr'><strong>confuderunt</strong></span> <span class='ocrx_word' id='word_1_804' title='bbox 1269 5851 1323 5904; x_wconf 80' lang='lat' dir='ltr'><strong>in</strong></span> <span class='ocrx_word' id='word_1_805' title='bbox 1349 5839 1582 5919; x_wconf 64' lang='lat' dir='ltr'><strong>margine</strong></span> <span class='ocrx_word' id='word_1_806' title='bbox 1607 5843 1700 5917; x_wconf 78' lang='lat' dir='ltr'><strong>fol.</strong></span> <span class='ocrx_word' id='word_1_807' title='bbox 1732 5845 1800 5900; x_wconf 79' lang='lat'><strong>50</strong></span> <span class='ocrx_word' id='word_1_808' title='bbox 1828 5851 1876 5897; x_wconf 84' lang='lat' dir='ltr'><strong>ct</strong></span> <span class='ocrx_word' id='word_1_809' title='bbox 1907 5839 2011 5897; x_wconf 79' lang='lat'><strong>50‘.</strong></span> 
     </span>
    </p>
   </div>
   <div class='ocr_carea' id='block_1_114' title="bbox 1677 5765 2651 5835">
    <p class='ocr_par' dir='ltr' id='par_1_114' title="bbox 1677 5765 2651 5835">
     <span class='ocr_line' id='line_1_114' title="bbox 1677 5765 2651 5835; baseline -0.01 -8"><span class='ocrx_word' id='word_1_810' title='bbox 1677 5774 1721 5805; x_wconf 65' lang='grc' dir='ltr'><strong>οε</strong></span> <span class='ocrx_word' id='word_1_811' title='bbox 1747 5772 1891 5826; x_wconf 80' lang='lat' dir='ltr'><strong>Arrii</strong></span> <span class='ocrx_word' id='word_1_812' title='bbox 1914 5798 1981 5808; x_wconf 59' lang='grc' dir='ltr'><strong>-α</strong></span> <span class='ocrx_word' id='word_1_813' title='bbox 2004 5765 2343 5825; x_wconf 75' lang='lat' dir='ltr'><strong>cvellcndum</strong></span> <span class='ocrx_word' id='word_1_814' title='bbox 2377 5766 2430 5820; x_wconf 83' lang='lat' dir='ltr'><strong>in</strong></span> <span class='ocrx_word' id='word_1_815' title='bbox 2483 5779 2651 5835; x_wconf 80' lang='lat' dir='ltr'><strong>marg.</strong></span> 
     </span>
    </p>
   </div>
   <div class='ocr_carea' id='block_1_115' title="bbox 2730 5746 3807 5820">
    <p class='ocr_par' dir='ltr' id='par_1_115' title="bbox 2730 5746 3807 5820">
     <span class='ocr_line' id='line_1_115' title="bbox 2730 5746 3807 5820; baseline -0.023 -3"><span class='ocrx_word' id='word_1_816' title='bbox 2730 5762 2772 5793; x_wconf 68' lang='grc'><strong>’⁷</strong></span> <span class='ocrx_word' id='word_1_817' title='bbox 2810 5766 3084 5815; x_wconf 83' lang='lat' dir='ltr'><strong>moratorc</strong></span> <span class='ocrx_word' id='word_1_818' title='bbox 3107 5770 3154 5811; x_wconf 70' lang='grc' dir='ltr'><strong>ι’.</strong></span> <span class='ocrx_word' id='word_1_819' title='bbox 3232 5752 3276 5786; x_wconf 68' lang='grc'><strong>’⁸</strong></span> <span class='ocrx_word' id='word_1_820' title='bbox 3298 5751 3381 5807; x_wconf 77' lang='lat' dir='ltr'><strong>hic</strong></span> <span class='ocrx_word' id='word_1_821' title='bbox 3405 5746 3632 5820; x_wconf 80' lang='lat' dir='ltr'><strong>plurima</strong></span> <span class='ocrx_word' id='word_1_822' title='bbox 3659 5754 3807 5800; x_wconf 75' lang='lat' dir='ltr'><strong>erasa.</strong></span> 
     </span>
    </p>
   </div>
  </div>
