3932 6298
152 372 213 428 Gl
1436 366 1726 426 CHRONIC

1828 366 1940 425 L—
1961 368 2089 425 LIB.
2130 369 2171 425 l.
2360 438 2365 447 Ι
2456 414 2463 419 .
3346 387 3441 451 δε,

153 485 368 540 manim.
408 480 698 537 Germania
730 494 864 536 vero
901 487 1091 550 gentes
1120 479 1385 549 plurimas
1427 480 1618 537 habuit
1651 480 1732 537 fe-
1759 489 1803 546 Λ
1831 492 1915 538 est
1936 480 2225 552 Occidens,
2253 494 2327 552 et,
2354 497 2413 541 ut
2446 487 2689 543 referunt
2716 490 3144 563 qui-temporum
3169 497 3412 569 ipsorum

151 577 293 633 rocis
313 573 482 631 animi
508 580 564 627 et
584 587 799 642 semper
820 570 1284 637 indomiti,varias
1304 572 1507 635 amictu
1534 573 1622 639 '°°,
1650 573 1732 629 di-

150 669 395 724 scolores
420 664 617 730 armis,
660 662 863 731 linguis
905 660 1182 726 dissonas,
1208 660 1420 733 origine
1445 661 1734 717 vocabulo-

149 772 268 813 rum
322 757 582 820 incertas,
628 760 690 807 ut
737 750 1055 818 Tolosates,
1094 750 1370 818 Ansivari,
1421 750 1729 823 Quadimgi,

148 846 540 914 Marcomanni,
558 843 794 911 Bruteri,
825 841 1066 908 Camasi,
1094 841 1399 914 Blangiani,
1432 841 1729 908 Tubantes,

144 958 382 1015 quorum
404 939 721 998 immanitas
746 937 998 993 barbarie
1020 936 1074 991 in
1102 936 1239 1008 ipsis
1256 936 1431 992 eciam
1451 936 1733 992 vocabulis

146 1038 432 1091 horrorem
464 1032 741 1103 quendam
778 1029 1050 1102 significat
1084 1025 1323 1102 [Osos].
1376 1026 1539 1085 Juxta
1587 1026 1730 1083 Oro-

145 1127 285 1182 siam
336 1134 590 1181 antorem
637 1124 693 1180 in
745 1121 1058 1189 Germania,
1112 1120 1205 1176 ubi
1256 1119 1420 1193 Suevi
1460 1120 1728 1187 habitant,

143 1228 269 1275 sunt
291 1226 484 1289 gentes
510 1217 600 1273 54.
632 1215 849 1287 Europa
887 1215 1052 1271 habet
1088 1213 1159 1270 ab
1201 1212 1413 1268 oriente
1455 1211 1706 1267 Alaniam

144 1310 286 1366 unde
324 1309 525 1377 Alani;
584 1309 641 1364 in
669 1307 850 1365 medio
893 1306 1137 1373 Daciam,
1170 1304 1312 1360 unde
1341 1302 1511 1371 Dani;
1538 1304 1632 1359 ubi
1677 1312 1732 1361 et

142 1403 360 1468 Guthia,
384 1402 513 1458 inde
521 1401 685 1458 Gothi
701 1419 716 1468 ;
735 1400 933 1457 deinde
945 1397 1294 1456 Germaniam
1316 1395 1413 1470 [ΡΑ
1421 1413 1506 1452 UL.
1522 1394 1592 1450 Di
1596 1395 1726 1469 ac.].

147 1495 227 1549 Ab
257 1495 364 1550 hac
395 1510 529 1566 ergo
550 1494 817 1565 populosa
844 1490 1159 1559 Germania,
1188 1498 1251 1545 ut
1274 1490 1328 1545 in
1352 1487 1589 1545 Historia
1619 1487 1729 1544 Ita-

143 1586 316 1641 lorum
339 1586 611 1658 scriptum
637 1585 942 1657 repperitur
963 1583 1107 1640 libro
1126 1581 1169 1650 l,
1188 1598 1309 1653 cap.
1334 1581 1583 1649 l,multae
1604 1596 1731 1651 sepe

143 1687 324 1749 gentes
343 1694 586 1751 egressae
612 1686 763 1744 sunt,
792 1692 861 1733 eo
882 1676 1031 1748 quod
1052 1683 1237 1732 tantos
1260 1674 1447 1746 gignat
1477 1673 1727 1744 populos,

142 1781 374 1843 quantos
406 1771 555 1827 alere
590 1771 683 1826 vix
729 1768 951 1836 sufficit,
990 1783 1131 1843 quaet
1155 1776 1212 1824 et
1258 1776 1443 1839 partes
1479 1766 1624 1823 Asiae
1673 1773 1730 1822 et

1834 573 2073 645 pericula
2094 575 2561 646 censeripserunt,
2582 596 2691 634 non
2720 579 2819 637 fuit
2839 582 3031 640 civitas
3055 595 3150 641 aut
3173 599 3412 648 castrum

1833 664 1891 732 in
1917 663 2113 733 Gallia,
2136 667 2281 736 quod
2303 667 2553 740 effugerit
2577 670 3003 743 indignationem
3030 693 3241 735 eorum.
3268 679 3411 745 Tur-

1832 757 1937 815 mis
1966 758 2110 813 enim
2146 752 2316 816 dese
2366 761 2545 827 factis,
2572 762 2766 821 fluvios
2798 766 3027 837 Padum,
3060 770 3409 842 Rhodanum,

1831 847 2104 918 Rhenum,
2143 849 2401 924 Ligerim,
2457 853 2715 924 Sennam,
2755 857 3065 918 Gaionnam
3098 873 3151 919 et
3200 874 3413 924 ceteros

1831 940 2125 1016 intravere,
2157 951 2211 997 et
2240 943 2415 998 navali
2452 946 2638 1016 praelio
2682 951 3035 1022 terrestrique
3073 956 3235 1013 urbes
3264 957 3318 1013 in
3348 958 3411 1013 fi-

1818 1031 1993 1107 nibus
2039 1034 2249 1104 positas
2283 1034 2667 1107 irrumpentes,
2716 1039 3041 1098 intolerabili
3085 1048 3312 1104 audacia
3357 1058 3411 1105 et

1829 1123 2151 1180 crudelitate
2189 1126 2374 1181 omnia
2414 1143 2634 1198 pessum
2689 1131 2902 1189 dedere.
2960 1132 3064 1201 Qui
3119 1139 3265 1193 enim
3313 1156 3411 1210 per

1830 1215 2081 1273 Rhenum
2104 1220 2486 1289 ascenderunt,
2512 1222 2675 1279 urbes
2711 1240 2874 1294 super
2910 1226 3160 1285 Rhenum
3187 1235 3410 1307 positas

1831 1308 1934 1365 105
1960 1310 2366 1380 destruxerunt,
2395 1312 2519 1368 inde
2542 1313 2610 1368 ad
2639 1330 2733 1371 eas
2758 1332 2922 1388 super
2951 1320 3146 1377 fluvios
3167 1323 3220 1377 in
3258 1322 3407 1380 Rhe-

1829 1416 1960 1455 num
1996 1400 2387 1461 descendentes
2435 1405 2644 1476 positas
2698 1422 2757 1463 se
2800 1407 3143 1469 conferentes
3187 1412 3255 1470 75
3289 1417 3407 1486 pari

1829 1501 1977 1548 sorte
2005 1503 2440 1564 prostraverunt.
2485 1496 2588 1564 Qui
2618 1514 2748 1554 vero
2775 1515 2870 1570 per
2902 1499 3248 1572 Rhodanum,
3276 1507 3409 1562 Are-

1829 1585 2035 1653 latum,
2094 1582 2450 1655 Nemausum,
2493 1587 2801 1658 Vivariam,
2846 1589 3180 1662 Valentiam,
3231 1595 3408 1662 Diam,

1829 1674 2280 1748 Gratianopolim,
2295 1677 2583 1748 Viennam,
2603 1680 2925 1754 Lugdunum
2939 1683 3213 1757 Italiaeque
3228 1689 3411 1744 omnia

1829 1766 2009 1823 vicina
2037 1769 2441 1840 contriverunt;
2465 1780 2520 1826 ct
2541 1773 2634 1843 qui
2658 1790 2755 1845 per
2783 1774 2989 1830 Padum
3022 1787 3075 1832 et
3096 1776 3331 1851 Ligerim
3360 1789 3411 1835 et

142 1864 373 1920 maxime
424 1863 701 1934 Europam
756 1861 860 1918 sibi
891 1860 1206 1932 contiguam
1250 1860 1577 1915 afllixerunt.
1620 1857 1727 1915 Te-
1760 1844 1799 1903 Β
1831 1859 2144 1916 Garunnam
2193 1870 2248 1917 et
2289 1862 2527 1919 Sennam
2582 1844 2931 1939 reliquosque
2982 1844 3197 1939 fluvios,
3250 1871 3415 1926 simul

142 1966 350 2013 stantur
380 1956 494 2012 hoc
528 1956 693 2012 urbes
728 1963 900 2010 erutae
947 1968 1045 2024 per
1078 1951 1340 2009 lllirieum
1371 1960 1427 2008 et
1451 1950 1681 2008 Galliam
1709 1970 1724 2019 ;

142 2048 295 2106 Gothi
322 2048 480 2105 enim
509 2056 567 2103 et
586 2046 839 2103 Wandali
864 2055 919 2102 et
952 2044 1092 2117 Rugi
1112 2054 1169 2101 et
1191 2043 1378 2100 Heruli
1404 2053 1567 2116 atque
1589 2042 1729 2100 Tur-

142 2144 339 2216 eilingi,
369 2159 478 2199 nec
500 2158 612 2198 non
649 2151 702 2197 et
731 2142 853 2197 aliae
885 2140 1097 2197 feroces
1124 2140 1376 2197 nationes
1406 2138 1477 2194 ab
1500 2154 1565 2195 ea
1595 2154 1728 2209 pro-

142 2238 371 2303 dierunt,
409 2235 535 2306 pari
563 2235 730 2290 etiam
777 2232 942 2290 modo
983 2241 1042 2289 et
1079 2231 1413 2287 Winilorum
1448 2230 1537 2298 ²⁰¹,
1564 2230 1617 2285 id
1645 2238 1731 2286 est

144 2328 648 2401 Langobardorum,
681 2342 817 2398 gens
834 2341 867 2381 ιι
892 2322 1180 2381 Germanis
1210 2322 1477 2394 originem
1498 2321 1726 2389 ducens,

144 2422 206 2476 ab
236 2420 419 2475 insula
452 2435 575 2490 qua:
600 2417 964 2474 Scandinavia
984 2415 1187 2473 dicitur
1210 2414 1540 2471 adventavit.
1560 2412 1727 2482 Queri

143 2513 306 2568 eciam
364 2520 554 2582 potest
585 2510 718 2581 quid
750 2525 934 2565 rerum
973 2507 1138 2565 fuerit
1165 2507 1313 2579 quod
1356 2516 1438 2564 tot
1479 2516 1535 2562 et
1564 2516 1730 2563 tanta

144 2602 445 2659 ferocitatis
473 2611 662 2673 gentes
694 2602 751 2657 in
776 2617 949 2658 unum
971 2601 1295 2666 coaluerint,
1330 2616 1453 2671 quae
1493 2615 1553 2656 se
1583 2599 1727 2655 invi-

144 2711 251 2750 cem
294 2693 584 2750 mnltoties
611 2693 846 2750 diversis
872 2693 1113 2750 «edibus
1156 2692 1577 2763 populabantur.
1627 2691 1727 2746 lli-

145 2787 301 2843 storia
337 2787 463 2842 base
491 2786 778 2842 notissima
822 2794 908 2843 est
952 2785 1141 2859 [ans.
1189 2783 1309 2858 vn].
1373 2783 1720 2841 Theodosius

145 2879 315 2934 senior
337 2888 538 2949 gentes
552 2879 652 2935 bas
665 2878 861 2934 efferas
890 2888 944 2933 et
960 2877 1255 2934 indomitas
1278 2877 1494 2950 magnis
1520 2876 1723 2948 prazliis

146 2974 353 3041 fuderit,
380 2983 571 3030 tamen
609 2983 737 3044 post
779 2972 905 3043 ejus
937 2972 1148 3029 obitum
1194 2970 1377 3028 addita
1406 2971 1489 3028 eis
1509 2971 1577 3005 ¹⁰¹
1603 2988 1726 3029 sce-

146 3065 248 3121 lera
273 3076 329 3123 et
353 3067 571 3138 pratia,
607 3066 852 3121 insolens
879 3066 1189 3121 animai..."
1217 3065 1369 3121 vitia.
1406 3064 1506 3122 llic
1537 3081 1727 3121 curam

147 3159 412 3215 infantum
448 3159 707 3216 Archadii
740 3159 809 3191 ¹⁶³
835 3157 1087 3214 videlicet
1114 3168 1171 3214 et
1202 3157 1430 3214 Honorii
1457 3158 1524 3190 m
1551 3165 1606 3213 et
1639 3157 1728 3213 di-

145 3253 426 3322 sciplinam
458 3251 645 3322 palatii
671 3250 1025 3307 commiserat
1050 3251 1185 3306 viris
1215 3250 1586 3322 peritissimis,
1615 3248 1727 3305 Ru-
1755 3227 1799 3287 (ἶ

147 3341 246 3397 tino
272 3343 585 3410 orientalis,
635 3342 888 3399 Stiliconi
931 3342 1288 3400 occidentalis
1339 3343 1586 3414 imperii;
1632 3343 1727 3401 sed

147 3432 277 3488 alius
299 3432 436 3497 sibi,
464 3433 606 3488 alius
636 3433 751 3488 ﬁlio
783 3448 886 3488 suo
928 3432 1189 3488 affectans
1219 3432 1401 3504 regale
1424 3432 1725 3504 fastigium,

147 3538 250 3577 rem
306 3524 593 3594 publicam
647 3521 908 3578 turbavit.
982 3521 1060 3578 lta
1125 3531 1250 3593 post
1304 3523 1468 3593 hujus
1537 3538 1725 3579 necem

148 3612 538 3670 Wandalorum
578 3630 784 3681 comes,
838 3622 901 3670 ut
948 3612 1279 3669 Eucherium
1332 3614 1507 3669 ﬁlium
1564 3629 1726 3669 suum

149 3720 176 3759 a
227 3721 401 3776 puero
455 3706 880 3762 christianon
928 3720 1116 3761 necem
1168 3705 1441 3761 sitientem
1486 3720 1727 3776 purpura

148 3795 386 3853 indueret
412 3838 431 3864 ,
480 3797 653 3852 totius
707 3797 935 3853 humani
985 3796 1204 3868 generis
1257 3796 1577 3867 sanguinem
1631 3796 1728 3853 de-

147 3888 290 3956 didit,
336 3905 471 3945 cum
528 3889 805 3945 Alaricum
849 3897 905 3946 et
959 3897 1217 3944 cunctam
1255 3888 1559 3944 Gothorum
1590 3904 1725 3959 gen—

150 3988 244 4035 tem
293 3990 600 4052 gentesque
628 3981 762 4037 alias
796 3980 1037 4051 prefatas
1064 3980 1241 4050 copiis
1289 3989 1347 4035 et
1380 3980 1590 4037 viribus
1635 3979 1725 4035 in-

150 4074 453 4128 tolerabiles
499 4071 850 4140 Halanorum,
912 4071 1217 4128 Suevorum
1251 4080 1307 4127 et
1334 4071 1725 4129 Wandalorum

148 4162 367 4236 ipsoque
409 4174 564 4220 motu
614 4166 973 4235 impulsorum
1022 4163 1492 4247 Burgundionum,
1522 4164 1589 4221 ad
1618 4173 1726 4221 ter-

150 4257 359 4312 rendam
428 4273 546 4312 rem
597 4258 870 4328 publicam
920 4258 1064 4312 ultro
1114 4257 1168 4312 in
1222 4272 1375 4312 arma
1427 4257 1726 4313 sollicitans

148 4348 447 4414 suscitavit,
479 4363 709 4418 sperans
743 4348 890 4419 quod
925 4348 1172 4403 barbara:
1205 4356 1396 4419 gentes
1427 4356 1537 4403 tam
1569 4345 1725 4403 facile

149 4436 381 4493 valerent
446 4438 735 4509 comprimi
789 4453 954 4509 quam
1011 4437 1367 4493 commoveri.
1439 4436 1573 4505 Quae
1630 4436 1721 4493 ubi

150 4523 382 4582 Honorio
412 4528 672 4583 nunciata
718 4536 866 4595 sunt,
895 4535 1172 4584 commoto
1209 4527 1450 4583 exercitu
1505 4527 1723 4583 occisus

146 4628 223 4673 est
258 4619 514 4685 Stilicho,
538 4621 758 4677 occisus
781 4630 836 4677 et
856 4619 1161 4676 Eucherius
1188 4629 1243 4676 ct
1287 4620 1448 4691 pauci
1488 4635 1613 4676 cum
1643 4618 1725 4675 eis

147 4712 420 4779 satellites,
459 4722 738 4768 tantarum
764 4712 1106 4769 molitionum
1147 4719 1420 4767 auctores.
1456 4709 1725 4765 Verunta-

145 4819 262 4859 men
286 4806 477 4860 occiso
505 4805 599 4859 illo
626 4805 722 4875 qui
753 4803 856 4860 fuit
881 4805 1058 4875 prima
1095 4819 1264 4860 causa
1294 4802 1587 4871 malorum,
1634 4819 1725 4859 re-

147 4894 322 4951 floruit
355 4896 668 4967 iniquitatis
689 4897 1065 4952 seminarium.
1118 4893 1253 4951 Nam
1285 4903 1411 4951 ante
1442 4895 1722 4951 biennium

148 4984 401 5043 Romana:
420 4988 739 5059 irruptionis
755 5004 879 5060 qua:
900 4987 1042 5044 facta
1054 4995 1140 5045 est
1167 5003 1262 5058 per
1280 4986 1555 5043 Alaricum
1579 4987 1731 5043 exci-

147 5085 310 5133 tatum
343 5096 441 5150 per
475 5081 712 5135 eundem
742 5080 1081 5147 Stiliconem,
1104 5088 1292 5151 gentes
1311 5080 1534 5151 prefataa
1562 5079 1728 5138 Wan-

142 5168 413 5239 dalorum,
443 5171 767 5238 Alanorum,
791 5171 1098 5240 Hunorum,
1124 5173 1453 5239 Suevorum,
1476 5171 1728 5244 Burgun-

144 5262 364 5319 dionum
393 5274 450 5320 et
479 5266 775 5321 multarum
798 5266 1041 5337 gentium
1066 5274 1129 5320 ut
1146 5265 1449 5323 dicimus...
1469 5265 1586 5335 (fol.
1608 5265 1718 5334 ὅθ’)

143 5352 324 5411 Galliae
353 5357 426 5411 ah
456 5357 538 5412 eis
571 5357 869 5423 subversae,
887 5356 1170 5424 accelesiae,
1192 5357 1356 5412 urbes
1381 5365 1608 5424 exustae,
1632 5372 1723 5427 po-

147 5445 251 5511 puli
286 5449 543 5504 trucidati
569 5457 626 5503 et
646 5464 824 5519 usque
844 5448 910 5503 ad
947 5448 1376 5514 internecionem
1410 5448 1594 5515 deleti,
1638 5448 1721 5503 fa-

148 5532 412 5593 cientibus
436 5537 676 5609 peccatis
702 5537 1120 5593 inhabitantium
1143 5552 1281 5608 pene
1303 5547 1452 5594 totus
1473 5539 1725 5594 redactus

1831 1951 1994 2008 urbes
2024 1962 2079 2008 et
2122 1954 2305 2009 omnia
2354 1955 2462 2010 situ
2491 1956 2669 2011 vicina
2717 1970 3215 2031 consumpserunt:
3244 1969 3299 2016 et
3341 1960 3414 2017 ita

1830 2052 1970 2100 terra
2000 2045 2247 2117 marique
2271 2063 2382 2101 uno
2402 2047 2627 2118 impetu,
2662 2065 2771 2103 uno
2800 2058 3062 2121 tempore.
3097 2054 3200 2108 sub
3229 2054 3416 2111 multis

1828 2147 2009 2194 tamen
2040 2133 2262 2211 regibus
2302 2150 2356 2196 et
2389 2142 2621 2196 ducibus
2658 2142 2909 2199 universa
2940 2145 3103 2199 simul
3152 2145 3413 2202 confude-

1828 2239 1957 2285 runt
1992 2228 2304 2305 [Pnosenn].
2343 2233 2617 2290 Arcbadio
2642 2234 2710 2267 ¹⁰⁹
2744 2235 2777 2290 6
2798 2247 2852 2292 et
2877 2235 3052 2293 Probo
3096 2240 3415 2296 consulibus

1829 2320 2080 2378 Wandali
2121 2332 2175 2379 et
2210 2323 2369 2380 Alani
2409 2334 2694 2382 transeunt
2722 2326 2957 2397 Renum,
2989 2338 3042 2385 ct
3066 2330 3101 2384 2
3124 2328 3242 2385 Kal.
3286 2329 3411 2388 Jan.

1828 2411 2055 2470 Galliam
2081 2416 2313 2487 ingressi
2337 2427 2485 2485 sunt,
2511 2416 2754 2475 Honorio
2776 2419 2809 2475 8
2832 2430 2885 2477 et
2907 2419 3213 2478 Theodosio
3229 2423 3265 2477 2
3282 2440 3415 2479 con-

1826 2507 2039 2563 sulibus
2065 2506 2300 2582 [0nos.].
2342 2508 2502 2566 Anno
2530 2511 2599 2566 ab
2634 2510 2742 2568 inc.
2780 2512 2937 2568 Dom.
2976 2513 3101 2583 407,
3130 2514 3409 2586 imperan-

1826 2596 1973 2652 tibus
1998 2596 2239 2653 Honorio
2263 2608 2318 2655 et
2339 2598 2646 2657 Theodosio
2668 2602 2901 2671 minore,
2928 2601 3189 2660 Stilicone
3210 2614 3266 2660 et
3298 2605 3411 2661 Au-

1826 2689 2035 2745 reliano
2061 2692 2399 2760 consulibus,
2427 2709 2575 2749 anno
2604 2695 2753 2765 regni
2790 2694 3014 2751 Honorii
3045 2696 3107 2750 ιιι
3149 2706 3204 2752 et
3237 2697 3413 2752 Theo-

1825 2781 1964 2837 dosii
2003 2782 2054 2850 l,
2086 2782 2383 2839 indictione
2428 2785 2642 2855 quinta,
2687 2784 2754 2840 de
2799 2788 2938 2841 mari
2969 2802 3175 2843 oceano
3221 2805 3413 2844 ascen-

1824 2872 2037 2942 dentes,
2063 2890 2172 2945 quo
2199 2875 2499 2947 pyraticam
2546 2886 2865 2933 exercentes
2895 2878 3251 2951 vagabantur,
3279 2879 3411 2935 Gal-

1828 2967 1929 3022 lias
1959 2967 2223 3024 invadunt
2245 2979 2298 3024 ct
2325 2967 2628 3042 Pyreneum
2656 2986 2831 3042 usque
2854 2972 3199 3042 perveniunt.
3242 2971 3414 3045 Cujus

1828 3060 1983 3115 obice
2016 3060 2082 3116 ad
2114 3070 2328 3132 tempus
2362 3062 2595 3133 repulsa:
2641 3078 2737 3133 per
2767 3062 3074 3132 provincias
3102 3063 3413 3120 diffundun—

1832 3161 1940 3221 tur,
1977 3161 2030 3208 et
2064 3136 2285 3208 'cfl'erati
2332 3154 2534 3212 mentis
2578 3153 2852 3226 superbia,
2900 3155 3031 3211 dum
3063 3155 3166 3211 sibi
3208 3156 3413 3213 nullam

1830 3254 2041 3316 gentem
2064 3255 2256 3317 putant
2279 3248 2555 3316 resistere,
2580 3248 2806 3321 grandia
2836 3265 3067 3320 quaeque
3090 3249 3413 3317 moliuntur,

1828 3347 1883 3393 et
1899 3338 2002 3393 sub
2022 3354 2145 3410 rege
2169 3338 2374 3396 Cresco
2421 3349 2595 3397 terras
2615 3356 2809 3397 omnes
2831 3356 2945 3396 suae
2965 3340 3205 3413 cogitant
3221 3340 3415 3399 ditioni

1829 3429 2099 3499 subjicere
2131 3429 2236 3500 (Cf.
2286 3430 2407 3486 Vita
2451 3430 2703 3501 Antidii).
2742 3430 2857 3487 Rex
2888 3431 2957 3464 ¹⁰⁶
2997 3440 3179 3487 autem
3222 3446 3413 3485 corum

1829 3520 2239 3590 potentissimus
2284 3532 2339 3578 et
2384 3520 2637 3593 princeps
2679 3521 2919 3578 Croscus
2969 3520 3100 3590 fuit,
3160 3522 3414 3593 superbia

1830 3610 2093 3679 tumidus,
2123 3628 2285 3683 opere
2305 3613 2562 3670 crudelis.
2606 3612 2821 3669 Clamat
2841 3613 2945 3671 hoc
2968 3614 3258 3669 universus
3279 3630 3417 3684 pene

1827 3701 2113 3772 Occidens,
2146 3704 2304 3760 ruina
2332 3706 2448 3776 ipsa
2470 3705 2689 3760 urbium
2713 3705 3087 3778 antiquarum,
3110 3704 3417 3760 munitissi-

1828 3812 2042 3851 marum
2067 3805 2122 3852 ct
2152 3806 2566 3869 przepotentum.
2596 3814 2719 3871 quae
2746 3807 2954 3869 quanto
2973 3797 3281 3852 vicinorum
3308 3795 3414 3851 sibi

1829 3888 2119 3946 fluviorum
2152 3890 2390 3961 propiori
2417 3890 2818 3961 applaudcbant
2837 3890 3266 3962 opportunitate,
3291 3897 3409 3942 tan-

1826 3986 1883 4037 to
1928 3980 2203 4053 graviores
2254 3990 2309 4037 et
2331 3983 2665 4040 crudeliores
2710 3983 2834 4039 illos
2869 3989 3161 4039 senserunt
3204 3981 3261 4036 in
3312 3997 3413 4036 sua

1827 4070 2178 4140 contritione,
2211 4080 2272 4127 ut
2295 4070 2410 4142 jam
2441 4088 2508 4127 ex
2545 4080 2699 4143 parte
2728 4071 2941 4142 impleri
2973 4070 3247 4125 videretur
3285 4069 3416 4123 illud

1826 4162 2206 4233 propheticum
2233 4181 2245 4217 :
2271 4162 2541 4235 Pugnabit
2574 4180 2670 4234 pro
2693 4180 2752 4217 eo
2780 4161 2921 4217 orbis
2949 4171 3209 4217 terrarum
3233 4170 3417 4215 contra

1826 4253 2123 4307 insensatos
2151 4252 2302 4324 (Sap.
2332 4271 2385 4321 v,
2421 4255 2534 4325 2|).
2574 4254 2706 4322 Quae
2740 4255 2887 4309 enim
2918 4253 3133 4308 fuerant
3168 4252 3418 4323 aliquan-

1827 4344 1898 4400 do
1923 4345 2274 4401 incitamenta
2322 4347 2573 4414 luxuriae,
2598 4346 2737 4401 facta
2769 4354 2895 4401 sunt
2924 4345 3003 4400 eis
3034 4344 3270 4399 fomenta
3298 4340 3415 4398 rui-

1829 4452 1932 4505 na},
1964 4445 2026 4494 ut
2073 4437 2129 4493 in
2161 4453 2271 4509 quo
2301 4437 2523 4510 gravius
2549 4445 2925 4509 peccaverant,
2978 4435 3032 4491 in
3065 4451 3129 4490 ea
3173 4435 3417 4492 severius

1828 4529 2173 4598 punirentur.
2222 4530 2303 4586 Ad
2349 4531 2652 4603 augendam
2709 4528 3045 4585 ferocitatem
3080 4526 3247 4583 animi
3295 4526 3417 4596 ejus

1826 4624 2062 4682 accessit
2082 4632 2138 4680 et
2171 4634 2344 4680 mater
2369 4622 2556 4695 impia,
2595 4624 2716 4680 felle
2750 4623 3132 4680 amaritudinis
3164 4628 3219 4677 et
3264 4620 3417 4678 rabie

1826 4716 2031 4773 furoris
2053 4716 2260 4788 viperei
2289 4717 2585 4773 amaricata
2613 4714 2924 4790 [Faenza],
2948 4715 3240 4785 dirumque
3262 4710 3414 4769 virus

1826 4810 2016 4866 efflans
2040 4818 2095 4866 et
2120 4809 2414 4881 impietatis
2442 4809 2632 4865 sibilos
2667 4810 2924 4864 emittcns
2948 4808 3023 4863 ait
3058 4807 3204 4862 filio:
3247 4804 3306 4861 Si
3342 4816 3411 4870 te,

1825 4902 1932 4973 ﬁli,
1969 4902 2308 4973 magniﬁcare
2355 4910 2404 4955 et
2432 4918 2619 4956 nomen
2668 4911 2816 4956 tuum
2853 4898 3084 4953 dilatare
3125 4915 3414 4971 novamque

1831 5011 1940 5051 rem
1971 4993 2202 5049 volueris
2245 4994 2439 5066 facere,
2471 4994 2611 5067 quod
2649 4993 2749 5047 alii
2777 4993 3174 5064 ediﬁcaverunt,
3217 5003 3273 5047 tu
3322 4992 3414 5047 de-

1826 5096 2004 5151 strue;
2032 5082 2251 5158 populos
2271 5101 2401 5158 quos
2427 5086 2780 5157 superaveris,
2807 5086 3044 5157 interﬁce
3054 5102 3073 5151 ;
3091 5086 3146 5139 in
3166 5084 3411 5139 christia-

1826 5194 1919 5232 nos
1946 5177 2187 5248 gladium
2233 5186 2382 5232 tuum
2419 5192 2590 5245 exere,
2614 5186 2672 5231 ut
2696 5179 2786 5251 qui
2814 5178 3005 5251 faciem
3051 5194 3152 5232 non
3188 5176 3413 5232 viderint

1828 5286 2013 5324 nomen
2038 5280 2187 5324 tuum
2221 5271 2463 5325 timeant.
2495 5270 2705 5337 Quibus
2747 5273 3114 5329 incitamentis
3150 5268 3417 5345 tyrannus

1825 5360 1997 5414 nimio
2033 5358 2221 5416 furore
2248 5376 2571 5431 succensus,
2604 5360 2853 5417 Rhenum
2886 5364 3027 5435 apud
3070 5362 3415 5435 Mogunciam

1828 5450 2125 5518 transiens,
2158 5449 2385 5505 eandem
2416 5452 2604 5507 urbem
2636 5469 2760 5508 cum
2787 5454 2987 5525 populo
3015 5453 3268 5509 vastavit.
3309 5451 3400 5524 (Cf

1829 5540 1990 5595 Gesta
2020 5540 2168 5597 Trev.
2194 5542 2287 5614 55)
2325 5540 2453 5600 Inde
2492 5543 2842 5600 Trevirorum
2870 5544 3060 5599 urbem
3102 5560 3415 5617 aggressus,

1385 5651 1471 5704 VA
1483 5651 1623 5706 RIIE
1666 5652 2068 5710 LliC'l'lONES.

215 5744 279 5775 ¹⁶⁹
310 5744 503 5800 amicis
527 5762 575 5799 ο.
652 5744 715 5776 ¹⁰¹
755 5743 1084 5799 Winilorum
1114 5758 1251 5796 corr.
1286 5742 1608 5798 Windorum
1636 5759 1681 5796 c.

1794 5742 1861 5776 '°'
1888 5746 1971 5800 eis
2004 5761 2141 5799 corr.
2183 5763 2279 5804 eas
2311 5766 2361 5802 c.

2478 5748 2543 5779 ¹θ³
2568 5747 2875 5804 Archadius
2915 5764 3053 5801 corr.
3080 5748 3335 5805 Archadii
3368 5766 3414 5805 τ.

153 5813 293 5871 ’⁸⁸η
324 5815 627 5879 coniectura
658 5815 865 5870 addidi.
948 5816 1014 5847 "-"
1043 5814 1397 5870 Archadiow
1420 5813 1729 5871 Theodosio
1760 5813 1794 5867 2
1821 5817 2142 5874 consulibus
2170 5818 2223 5872 in
2261 5835 2431 5891 marg.
2508 5819 2571 5850 '°‘
2606 5815 3117 5889 ﬂens-punirentur
3152 5819 3209 5875 in
3247 5836 3415 5892 marg.
