3932 6298
513 344 586 401 63
1505 338 1808 397 HUGONIS
1844 335 2141 394 ABBATIS
2178 332 2749 391 FLAVINIACENSIS
3693 328 3751 386 ω

511 458 900 515 exterminium
927 435 1166 514 civitatis
1203 438 1256 513 et
1279 444 1702 513 chri'stianorum
1727 455 2095 512 siciebatsan-
2120 453 2167 512 A
2193 452 2371 508 blica!
2414 451 2604 508 hostes
2636 450 2907 507 Pannonii
2943 454 3314 505 vastaverunt.
3349 442 3563 506 Etenim
3601 443 3752 498 Assur

512 552 755 622 guinem.
810 547 966 623 (Vita
1009 546 1236 619 Antidii)
1260 534 1543 623 'Treverici
1575 562 1705 601 vero
1746 545 1803 600 in
1837 545 2091 601 arenario
2198 541 2348 595 venit
2366 557 2493 595 cum
2522 539 2652 596 illis.
2694 538 3080 612 Magonciacus
3105 535 3306 593 nobilis
3332 532 3610 605 quondam
3640 532 3753 587 civi-

511 634 957 715 civitatis'quem
989 642 1292 698 munierant
1335 634 1548 694 liberati
1586 646 1735 695 sunt.
1777 636 1969 693 Plures
1991 637 2089 693 de-
2198 640 2282 688 tas
2308 641 2463 704 capta
2485 641 2649 703 atque
2668 633 2952 698 subversa,
2973 639 3022 686 et
3054 630 3110 684 in
3139 626 3387 684 mcclesia
3426 625 3596 680 multa
3625 623 3755 678 milia

516 734 644 792 hinc
680 735 1087 794 Austrasiorum
1130 732 1380 799 civitates
1423 731 1633 788 vallans
1678 730 2092 788 innumerabilis
2197 722 2481 779 hominum
2511 723 2804 789 trucidata,
2837 720 3150 793 Vangiones
3175 719 3337 790 longa
3362 716 3646 774 obsidione
3672 716 3755 771 de-

510 841 705 881 corum
731 827 997 883 exercitus
1018 822 1139 900 post
1166 820 1474 879 destructas
1503 824 1667 880 urbes
1689 831 1745 879 et
1772 839 1961 880 eversa
1994 838 2090 879 ca-
2195 815 2312 882 leti.
2340 813 2637 871 Remorum
2668 815 2800 871 urbs
2820 822 3146 885 ρτωροωιιε,
3175 810 3455 878 Ambiani.
3484 808 3758 874 Αῑΐεὶηιεν

511 929 625 977 stra
650 918 857 978 Hettim
891 918 1175 975 obsidione
1196 917 1524 985 circumdat,
1551 912 1834 973 murorum
1864 916 2064 974 lirmita

2204 906 2534 978 extremique
2579 906 2867 963 hominum
2907 904 3126 971 Morini,
3163 902 3468 969 Tornacus,
3512 902 3757 972 Argento-

510 1020 620 1066 tem
643 1011 830 1068 crebro
854 1010 1035 1080 pulsat
1075 1009 1267 1078 ariete,
1305 1011 1399 1067 sed
1425 1010 1531 1066 nisi
1571 1010 1930 1084 przepedirent
1971 1026 2090 1067 sce-
2117 1016 2140 1053 ·-
2194 1006 2357 1061 racus
2388 1006 2667 1061 translatae
2688 1005 2744 1059 in
2766 1003 3140 1070 Germaniam,
3175 1001 3504 1073 Aquitaniae,
3546 998 3758 1055 Novem.

512 1106 621 1159 lcra
668 1113 737 1171 et,
766 1102 1001 1162 crimina
1052 1102 1423 1159 habitatorum
1463 1112 1640 1171 terrae,
1674 1100 1781 1158 non
1816 1090 2121 1159 timuisset
2193 1096 2466 1167 pobulana
2513 1097 2604 1165 ’°“,
2641 1095 3024 1167 Lugdunensis
3065 1109 3286 1166 quoque
3322 1103 3378 1150 et
3407 1090 3761 1149 Narbonensis

508 1193 718 1251 ruinam
746 1190 943 1249 civitas
988 1192 1134 1248 beati
1180 1192 1636 1265 prothomartyris
1674 1191 1937 1263 Stephani
1964 1191 2118 1248 illu-'
2192 1187 2519 1269 pi‘OVinCiin;
2576 1195 2781 1269 Ρταέῑθτη
2820 1202 3027 1257 Paucas
3069 1187 3236 1243 “dies
3278 1194 3475 1242 ωηθῑίι
3519 1183 3760 1255 Pomm“

504 1291 671 1337 strata
703 1284 996 1356 sanguine,
1019 1293 1074 1341 et
1116 1283 1373 1341 Auctoris
1398 1264 1636 1356 episcopi
1678 1284 1890 1339 munita
1918 1284 2088 1340 inter-
2194 1264 2343 1347 sunt,
2372 1296 2512 1352 quas
2559 1289 2616 1336 et
2652 1264 2801 1352 ipsas
2842 1279 2979 1337 foris
3014 1279 3247 1350 gladius,
3289 1279 3439 1335 intus
3488 1286 3666 1333 vastat
3699 1276 3757 1330 ti-

503 1372 776 1430 cessione.
823 1374 919 1431 Eis
945 1376 1130 1448 itaque
1176 1392 1369 1447 parum
1417 1376 1827 1448 proﬁcientibus
1877 1377 2085 1434 diutina
2192 1387 2333 1429 mor.
2380 1371 2498 1428 Non
2544 1388 2769 1445 possum
2822 1373 3030 1443 absque
3080 1371 3322 1427 lacrimis
3346 1368 3562 1425 Tolosa:
3600 1368 3763 1423 facere

502 1468 792 1524 obsidione
824 1469 1127 1541 urbemque
1153 1468 1744 1541 relinquentibus,cum
1765 1470 2088 1527 duodecimo
2192 1465 2550 1531 mentionem.
2603 1479 2728 1536 quae
2771 1474 2830 1520 ut
2874 1465 3160 1535 hucusque
3194 1478 3304 1519 non
3348 1470 3554 1528 rueret.
3602 1461 3762 1517 sancti

505 1560 576 1615 ab
601 1561 738 1616 urbe
776 1561 1012 1617 miliario
1046 1569 1225 1618 castra
1253 1563 1587 1633 posuissent,
1612 1579 1806 1620 murus
1831 1569 1964 1620 nutu
2004 1565 2087 1620 di-
2192 1556 2450 1628 Exuperii
2477 1555 2671 1613 merita
2699 1556 3072 1628 prestitcrunt.
3105 1554 3241 1626 Ipsae
3261 1553 3536 1626 Hispaniae
3555 1554 3763 1624 jamque

504 1651 636 1707 vino
666 1669 931 1709 corruens
982 1652 1262 1709 Wandalis
1301 1653 1557 1725 patefecit
1598 1655 1931 1726 ingressum.
1981 1656 2087 1712 De-
2190 1649 2445 1720 pcriturzc
2515 1648 2979 1717 contremiscunt,
3043 1647 3395 1704 recordantes
3458 1645 3764 1717 irruptionis

504 1745 742 1813 praedata
766 1745 930 1817 igitur
967 1745 1099 1801 urbe
1120 1755 1173 1801 et
1198 1746 1528 1824 conflagrata
1563 1748 1836 1816 incendio,
1858 1759 2085 1820 excepto
2190 1739 2511 1812 Cymbrian.
2543 1750 2598 1795 Ct
2622 1740 2771 1812 quod
2796 1740 2888 1803 alii
2918 1740 3087 1797 semel
3124 1739 3273 1810 11³εεὶ
3299 1747 3450 1806 sunt.
3478 1739 3611 1803 i953
3634 1754 3764 1794 scm-

504 1829 684 1891 Sancti
713 1837 971 1909 Stephani
1004 1822 1267 1904 oratorio,
1309 1840 1513 1910 egressi
1541 1848 1671 1895 sunt
1694 1840 1933 1908 barbari,
1972 1840 2087 1897 Au-
2124 1824 2165 1883 Β
2195 1848 2291 1902 ρει*
2322 1833 2517 1887 ιὶιηονθ
2548 1832 2848 1903 Ρίιιὶυηῑιιΐ-
2874 1851 2894 1885 ι

505 1934 709 1981 ctorcm
739 1928 1052 1998 episcopum
1083 1922 1139 1996 et
1181 1929 1424 1999 captivos
1470 1916 1740 2004 plurimos
1782 1929 2045 1987 ducentes
2070 1950 2085 1999 ;
2263 1922 2419 1995 (Vita
2443 1924 2695 1996 Antidii.)
2724 1923 2965 1980 Croscus
2991 1923 3175 1993 itaque
3195 1920 3426 1978 Galliam
3444 1920 3764 1994 Lugdunen-

502 2034 666 2089 quem
698 2035 846 2086 mox,
872 2020 1138 2087 miraculo
1165 2021 1351 2076 divino
1381 2021 1811 2093 perterriti,cum
1835 2023 2090 2081 omnibus
2191 2017 2334 2074 Sium
2370 2032 2674 2091 90117383118
2716 2031 2841 2073 cum
2870 2017 3148 2072 Αποιίηυπι
3187 2016 3483 2082 οδεῖάοΐθῑν
3516 2024 3706 2085 captus
3735 2031 3764 2070 ³

502 2126 618 2166 sua:
651 2111 897 2170 civitatis
943 2104 1174 2184 captivis
1193 2121 1249 2169 et
1273 2095 1455 2185 prteda
1504 2114 1889 2170 innumerabili
1937 2115 2090 2173 abire
2190 2107 2362 2165 Mario
2389 2109 2619 2180 praside
2637 2109 2701 2165 ct‘
2714 2108 2925 2165 Catenis
2946 2109 3167 2164 vinctus
3199 2122 3297 2179 per
3321 2108 3487 2164 urbes
3513 2123 3654 2178 quas
3680 2123 3765 2160 va-

504 2202 712 2268 sinunt,
745 2204 879 2260 satis
911 2213 1162 2261 verentes
1211 2221 1281 2261 ne
1316 2221 1417 2278 pro
1452 2204 1595 2261 tanti
1623 2206 1725 2261 viri
1757 2209 2088 2264 contumelia
2191 2210 2433 2257 staverat
2465 2202 2532 2256 ad
2575 2200 2967 2272 improperium
3006 2200 3283 2265 reductus,
3316 2206 3441 2269 post
3469 2198 3640 2252 multa
3663 2207 3765 2252 tor-

502 2292 702 2349 celeste
727 2309 824 2350 eos
856 2294 1219 2367 conﬂagraret
1250 2296 1584 2369 incendium.
1604 2297 1710 2354 ’Sic
1746 2299 1832 2355 vir
1867 2311 2090 2361 sanctus
2193 2302 2374 2349 menta
2403 2293 2627 2364 ἱωρῑειηι
2656 2293 2824 2349 νίωηι
2856 2293 3062 2349 misero
3083 2291 3257 2347 θοίνη
3299 2291 3473 2346 οὶιίιυ-
3512 2289 3768 2361 Βεεηεινίι

504 2382 635 2438 dum
690 2400 790 2455 pro
833 2385 1031 2442 ovibus
1083 2386 1223 2459 mori
1283 2387 1574 2457 desiderat,
1628 2385 1941 2461 captivitate
1989 2408 2089 2449 sua
2191 2386 2374 2443 autem
2439 2394 2566 2458 post
2643 2401 2770 2442 eum
2843 2401 3009 2457 super
3054 2384 3351 2441 Wandalos
3410 2383 3768 2441 Fredebaldus

503 2474 842 2545 captivorum
891 2476 1053 2534 sclvit
1083 2478 1322 2535 vincula.
1368 2476 1582 2538 Interea
1619 2490 1798 2539 castra
1844 2478 2095 2554 illoruin,
2191 2477 2415 2553 [Imm].
2445 2472 2603 2534 Hunc
2631 2475 2988 2534 Constantius
3021 2476 3479 2548 patricius,th
3501 2474 3768 2531 Honorius

500 2565 708 2636 junctis
738 2567 841 2624 sibi
883 2566 1056 2626 Hunis
1080 2569 1181 2646 qui
1207 2586 1303 2643 per
1332 2569 1584 2628 Rhenum
1624 2572 1832 2630 Mosam
1861 2575 2053 2633 ﬂuviur

2213 2567 2335 2638 tpud
2359 2566 2674 2624 Ravennam
2699 2576 3011 2624 consortem
3042 2566 3245 2623 fecerat
3265 2566 3482 2637 imperii
3509 2574 3565 2622 et
3600 2565 3766 2621 Placi-

504 2655 920 2727 descenderant,
982 2658 1286 2739 Virdunum
1342 2658 1676 2731 adveniunt,
1705 2665 1896 2722 urbem
1940 2667 2088 2723 obsi-
2188 2657 2612 2715 diam'SOI‘Ol'em
2646 2674 2801 2715 suam
2836 2658 2888 2716 εί
2924 2658 3174 2725 deder“,
3216 2673 3285 2714 θι
3306 2672 3415 2727 (Ιι1³
3448 2657 3642 2728 εειιιιίι
3670 2656 3766 2713 γε’

502 2748 668 2825 dione
692 2750 1053 2831 circumdant,
1079 2753 1132 2807 in
1158 2753 1408 2824 proximo
1430 2754 1566 2812 colle
1597 2758 1665 2811 ex’
1692 2752 1936 2815 adverso
1956 2759 2088 2817 civi-
2190 2748 2570 2819 lentiuianum.
2609 2742 2890 2823 ingeniose
2908 2750 3054 2821 cepit
3074 2758 3132 2806 et
3149 2748 3395 2806 Honorio
3414 2749 3653 2816 direxit;
3681 2749 3768 2805 cui

506 2840 634 2903 tatis
657 2850 898 2896 castrum
923 2843 1210 2910 collocant,
1244 2845 1386 2921 unde
1429 2843 1806 2918 frequentibus
1841 2851 2087 2921 eruptio-
2190 2846 2457 2902 successit
2487 2846 2830 2902 Gundericus
2855 2843 3043 2918 (Osos.
3071 2862 3168 2911 vn,
3189 2843 3305 2916 40].
3330 2842 3622 2902 Wandalis
3640 2860 3767 2916 ergo

508 2932 672 2988 nibus
685 2932 986 3011 oppidanos
1008 2935 1344 3005 perturbant.
1370 2934 1536 2993 Villas
1558 2952 1751 2993 omnes
1775 2938 1830 2994 in
1855 2941 2085 2999 circuitu
2191 2952 2289 3007 per
2308 2936 2512 2993 Gallias
2553 2936 3036 3004 debacchaniibus,
3078 2935 3223 3007 apud
3259 2934 3598 2993 Βτίιιίὶηιὶὶειε
3629 2935 3760 2992 (ira-

506 3023 717 3095 positas
761 3026 899 3081 edax
956 3025 1173 3083 flamma
1231 3029 1594 3098 consumpsit,
1640 3030 1854 3088 editicia
1903 3035 2087 3089 omnia
2190 3027 2372 3083 “unus
2402 3034 2667 3099 tyrannus
2710 3035 2927 3083 creatur
2951 3034 3009 3082 cl
3048 3025 3337 3093 occiditur.
3371 3034 3429 3081 ει
3457 3026 3768 3083 Consumi-

508 3115 668 3172 ruina
696 3117 973 3187 contrivit,
1008 3119 1142 3174 nulli
1182 3127 1267 3176 est
1309 3118 1577 3176 indultum
1605 3122 1790 3191 tctati;
1834 3139 1993 3181 senes
2032 3142 2061 3182 c

2215 3133 2296 3174 ms
2322 3132 2387 3173 ex
2424 3117 2610 3172 intima
2641 3118 2835 3175 militia
2867 3126 3089 3188 propter
3116 3117 3290 3174 solam
3334 3132 3488 3188 spem
3533 3117 3768 3174 nominis

511 3167 668 3172 ,ηπ
701 3167 973 3187 -η-π-.--,
1008 3167 1142 3174 __---
1185 3167 1266 3176 ν..-
1309 3167 1577 3176 --.η-η...
1605 3167 1751 3178 .....-.
1775 3167 1790 3191 ,
1834 3167 1993 3181 ,μη-νυ
2033 3167 2056 3182 ι

503 3208 753 3280 juvenes,
778 3198 979 3281 parvos
995 3220 1049 3266 et
1075 3227 1324 3283 magnos.
1357 3221 1561 3269 matres
1593 3230 1717 3270 cum
1745 3214 1950 3285 liberis,
1994 3218 2056 3274 du

2213 3210 2306 3268 ine
2347 3210 2542 3266 merito
2585 3210 2806 3268 virtutis
2859 3167 3098 3283 eligitur.
3146 3209 3255 3277 Qui
3295 3167 3425 3265 ωεῖι
3474 3209 3534 3264 in
3570 3209 3766 3266 Gallias

508 3300 688 3356 miITos
721 3317 848 3357 cum
900 3301 1125 3370 familia,
1157 3305 1343 3359 omnia
1390 3305 1512 3359 tulit
1557 3306 1787 3378 gladius.
1861 3308 2085 3366 Barbari
2130 3308 2133 3311 ’
2186 3304 2479 3371 ινειιιδὶθηε,
2503 3302 2881 3360 elabubal'is
2911 3302 3140 3360 incertis
3179 3299 3458 3358 ίθάετίῦιιδ
3497 3316 3647 3372 εωρθ
3673 3301 3766 3357 (ιε’

505 3406 636 3446 vero
654 3391 861 3449 diutius
885 3401 1220 3465 attemptata,
1240 3394 1581 3452 considerata
1596 3407 1650 3451 et
1675 3397 1917 3469 inspecta
1933 3400 2084 3458 urbis
2183 3395 2359 3461 lusuS,
2391 3410 2519 3451 cum
2543 3396 2707 3451 vellet
2733 3395 2788 3451 in
2829 3394 3165 3468 Hyspaniam
3196 3395 3412 3466 judices
3438 3394 3682 3461 mittere,
3718 3403 3768 3449 rt

505 3480 762 3537 ﬁrmitate
784 3491 838 3538 et
860 3483 1060 3538 civium
1091 3499 1149 3539 se
1185 3499 1396 3555 suaque
1423 3483 1827 3543 defendentium
1853 3505 2081 3561 magna-
2181 3483 2413 3557 Pyrenei
2444 3487 2702 3543 claustris
2730 3487 2965 3542 militum
3000 3487 3252 3542 custodia
3286 3486 3519 3543 munitis
3541 3486 3764 3557 repelle-

506 3573 774 3642 nimitate,
798 3590 922 3630 cum
945 3575 1247 3631 difﬁderent
1270 3592 1370 3632 sua
1397 3592 1515 3632 eam
1539 3594 1699 3648 posse
1718 3579 1917 3636 virtute
1937 3574 2079 3654 capi,
2179 3585 2352 3645 retur,
2384 3577 2741 3635 Constantem
2774 3580 2946 3634 tilium
2978 3595 3139 3651 suum
3169 3595 3237 3635 ex
3291 3579 3566 3636 monacho
3605 3595 3766 3635 cassa—

503 3682 628 3738 qute
676 3667 995 3740 cingebatur
1039 3684 1199 3725 muro
1247 3669 1633 3739 indissolubili,
1681 3674 1979 3744 compactis
2027 3684 2083 3731 et
2180 3681 2295 3723 rem
2324 3667 2526 3724 factum
2553 3685 2680 3725 cum
2721 3670 3051 3741 quibusdam
3090 3670 3343 3726 barbaris
3373 3671 3429 3726 in
3471 3669 3659 3727 [indui
3688 3686 3767 3726 re-

501 3759 773 3816 consertis
803 3760 1073 3831 lapidibus
1099 3761 1322 3835 plumbo
1348 3761 1621 3835 ferroque,
1653 3773 1708 3818 et
1725 3764 1840 3835 jam
1875 3765 1932 3821 in
1976 3767 2082 3824 hoc
2179 3759 2353 3829 ceptis
2381 3768 2436 3816 et
2460 3761 2527 3819 ad
2562 3762 2818 3818 militiam
2843 3762 3053 3819 allectis
3078 3763 3175 3833 qui
3200 3761 3494 3819 Horroriaci
3515 3763 3766 3820 diceban-

484 3857 687 3931 ‘essent
715 3858 777 3904 ut
804 3850 873 3905 ad
912 3838 1019 3905 alia
1057 3865 1117 3906 se
1150 3848 1481 3923 conferrent,
1528 3853 1719 3909 urbem
1761 3854 1985 3926 capiunt
2024 3865 2082 3931 et
2176 3859 2270 3906 tur
2296 3851 2389 3908 illo
2415 3852 2584 3909 misit.
2633 3853 2700 3909 Ει
2743 3853 3049 3911 interfectis
3078 3855 3186 3911 illis
3210 3854 3307 3926 qui
3348 3853 3581 3926 Pyrenei
3624 3856 3768 3926 alpes

497 3939 745 3997 diruunt.
781 3940 1019 4001 Croscus
1062 3957 1192 3998 vero
1236 3943 1520 4000 universas
1569 3944 1867 4002 Galliarum
1916 3928 2079 4005 urbes
2176 3944 2391 4014 privato
2420 3945 2675 4014 praesidio
2701 3947 3041 4012 tutabantur,
3070 3946 3157 4002 his
3194 3947 3445 4003 barbaris
3475 3948 3639 4018 quasi
3673 3964 3710 4017 p
3732 3964 3767 4001 o

499 4032 812 4112 pervolans,
847 4033 983 4090 alias
1016 4035 1233 4101 delevit,
1260 4035 1397 4092 alias
1421 4037 1809 4107 concremavit,
1839 4046 1895 4096 et
1926 4041 2077 4096 cliri-
2176 4037 2405 4106 praemio
2423 4037 2665 4094 victoriae
2698 4038 2755 4093 in
2802 4037 3111 4095 Palaestinis
3147 4039 3361 4109 campis
3401 4038 3684 4110 praedandi
3710 4038 3767 4091 li-

496 4125 692 4182 stiana:
712 4125 846 4199 legis
869 4125 1109 4183 fautores
1135 4128 1316 4199 pravis
1338 4137 1393 4183 et
1414 4129 1672 4187 inauditis
1694 4134 2076 4205 persequutio-
2176 4128 2355 4185 centia
2383 4129 2531 4196 data,
2553 4129 2754 4186 dehinc
2779 4131 3078 4201 supradicti
3116 4131 3322 4187 montis
3347 4141 3562 4187 remota
3599 4131 3764 4186 rusti-

496 4217 661 4274 nibus
721 4218 995 4290 quatiens,
1042 4220 1310 4293 quosdam
1360 4223 1528 4277 variis
1573 4224 1840 4293 protraxit
1898 4226 2075 4296 penis,
2176 4236 2438 4277 canorum
2472 4221 2617 4278 ﬁdeli
2651 4231 2708 4279 ει
2729 4223 2855 4279 utili
2898 4223 3149 4280 custodia
3182 4239 3316 4279 cura
3355 4233 3444 4280 est
3478 4224 3761 4295 penitissi-

491 4310 763 4386 quosdam
809 4311 977 4368 citato
1008 4314 1180 4369 secuit
1228 4314 1338 4369 ictu
1370 4314 1640 4386 bipennis.
1687 4314 1881 4373 Nullus
1928 4319 2074 4374 enim
2176 4310 2281 4378 Qlli
2309 4313 2489 4382 Pmda
2520 4312 2713 4369 imbuti
2741 4322 2797 4370 οι
2824 4314 3193 4372 habundaniia
3231 4313 3418 4381 ίυθειί,
3451 4329 3567 4384 quo
3594 4313 3767 4385 magis

493 4410 612 4456 crat
633 4402 686 4456 in
715 4403 961 4473 barbaris
1001 4406 1196 4461 modus
1234 4407 1489 4472 vesaniae,
1519 4408 1704 4463 nullus
1728 4408 2076 4480 indulgentia:
2177 4404 2358 4459 Scelus
2391 4405 2719 4476 impunitum
2744 4404 2884 4462 foret
2902 4414 2961 4462 et
2987 4406 3160 4477 magis
3183 4406 3266 4462 eis
3287 4405 3521 4476 prmdari
3554 4406 3765 4469 liceret.

491 4494 684 4563 locus,
742 4497 837 4553 sed
898 4506 1016 4552 erat
1063 4513 1276 4568 semper
1320 4497 1390 4554 ad
1443 4488 1761 4554 caedendum
1813 4501 2070 4557 continua
2103 4524 2148 4584 υ
2176 4498 2386 4568 prodita
2421 4497 2651 4570 Pyrenei
2679 4500 2947 4567 custodia,
2986 4499 3352 4569 claustrisque
3373 4499 3603 4568 apertis,
3632 4514 3764 4569 gen—

496 4603 716 4645 manus.
2180 4598 2264 4645 tcs
2289 4605 2397 4662 que
2418 4605 2516 4661 per
2553 4590 2760 4646 Gallias
2793 4591 3133 4663 vagabantur
3169 4590 3527 4646 introducunt
3560 4599 3620 4646 et
3656 4588 3764 4660 Hy-

563 4677 850 4752 Temporis
875 4679 1040 4752 hujus
1062 4680 1391 4736 mentionem
1417 4680 1622 4740 faciens
1642 4680 2074 4742 Jheronimns'"
2180 4681 2494 4751 spaniarum
2523 4681 2819 4752 provinciis
2849 4682 2917 4715 ⁸⁵³
2965 4681 3268 4747 inmittunt,
3300 4681 3493 4752 eisque
3530 4681 3635 4751 ipsi
3664 4679 3762 4735 ad-

493 4771 548 4827 in
596 4774 823 4843 cpistola
865 4789 963 4829 sua
1017 4790 1182 4844 quam
1224 4774 1444 4845 scripsit
1486 4775 1554 4830 ad
1598 4774 1958 4847 Agerochiam
2008 4779 2075 4836 de
2177 4772 2485 4844 junguntur
2524 4780 2690 4843 atque
2749 4781 2874 4844 post
2894 4788 3091 4844 graves
3135 4788 3315 4829 rerum
3365 4773 3765 4841 hominumque

493 4865 861 4935 monogamia,
883 4865 967 4921 sic
995 4866 1098 4921 ait:
1129 4884 1147 4918 ι
1164 4850 1508 4921 Presentium
1530 4864 1875 4924 miseriarum
1898 4884 2072 4941 pauca
2154 4864 2515 4921 'Vasluliones
2538 4865 3052 4921 distrihulnihidem
3098 4864 3451 4935 posseSSione
3491 4863 3762 4920 consule-

492 4970 849 5025 percurram:
880 4957 1026 5028 quod
1070 4957 1179 5012 rari
1219 4957 1327 5033 huc
1375 4972 1550 5028 usque
1597 4944 1920 5028 residemus,
1957 4977 2067 5018 non
2176 4964 2329 5023 runt,
2362 4956 2456 5012 ubi
2484 4957 2689 5013 multos
2709 4956 3133 5012 Christianorum
3164 4956 3507 5013 Gundericus
3534 4953 3760 5013 interfe-

490 5046 667 5101 nostri
698 5048 875 5124 meriti
911 5049 1007 5104 sed
1045 5046 1257 5104 Domini
1296 5056 1382 5106 est
1427 5048 1834 5106 misericordiae.
1900 5050 2067 5107 lnnu-
2124 5091 2126 5093 μ
2169 5047 2265 5105 cit.
2294 5046 2647 5105 Jlieronimns
2685 5048 2756 5104 de
2792 5055 2939 5103 statu
2989 5048 3255 5118 temporis
3290 5048 3541 5105 scribens
3561 5048 3628 5103 ad
3654 5044 3762 5099 He-

491 5132 861 5201 merabilesget
893 5139 1246 5196 ferocissimae
1275 5141 1523 5196 nationes
1551 5140 1836 5199 universas
1863 5142 2067 5201 Gallias
2166 5140 2453 5213 lyodorum
2476 5140 2580 5212 (ep.
2601 5140 2694 5211 60)
2719 5157 2734 5196 :
2771 5160 2790 5193 t
2820 5139 3038 5208 Horret,
3062 5140 3163 5207 ait,
3196 5140 3418 5197 animus
3446 5150 3758 5211 teniporum

487 5240 844 5301 occuparunt.
875 5230 1146 5304 Quicquid
1177 5232 1315 5288 inter
1345 5231 1509 5302 Alpes
1535 5241 1591 5288 et
1622 5231 1926 5304 Pyreneum
1959 5244 2063 5303 est,
2167 5240 2481 5287 nostrorum
2525 5231 2715 5288 ruinas
2751 5233 3029 5303 prosequi.
3083 5231 3285 5303 Viginti
3320 5241 3380 5289 et
3410 5247 3481 5289 eo
3514 5230 3761 5300 amplius

486 5321 634 5393 quod
681 5338 888 5380 oceano
931 5323 1230 5397 Rhenoque
1258 5324 1575 5390 includitur,
1605 5323 1850 5396 Quadus,
1893 5324 2063 5383 Wan-
2165 5324 2296 5380 anni
2317 5331 2468 5392 sunt,
2486 5324 2633 5396 quod
2650 5324 2796 5379 inter
2815 5323 3350 5394 Constantinopolim
3372 5334 3430 5381 et
3466 5324 3628 5394 Alpes
3647 5319 3745 5375 Ju-

485 5412 666 5480 dalns,
708 5412 978 5483 Sarmata,
1014 5414 1193 5483 Alani,
1243 5413 1528 5487 Geppides,
1564 5413 1772 5481 Heruli,
1797 5415 2063 5485 Saxones,
2173 5416 2277 5472 lias
2331 5417 2532 5473 cotidie
2575 5414 2854 5472 Romanus
2876 5417 3102 5487 sanguis
3150 5415 3415 5472 funditur.
3463 5414 3755 5473 Scltbiam.

488 5504 921 5574 Burgundiones,
970 5506 1291 5573 Alemanni,
1337 5506 1480 5573 et,’o
1522 5502 1770 5576 lugenda
1816 5523 1908 5563 res
1955 5522 2060 5577 pu-
2173 5509 2499 5575 Trachiam,
2543 5508 2938 5575 Macedoniam,
2991 5507 3353 5576 Thessaliam,
3392 5506 3754 5571 Dardaniam.

1810 5599 2041 5654 VARI/['3
2077 5600 2477 5656 LECTIONES.

551 5684 1395 5771 millet-animusmmonogamia
1421 5690 1473 5742 in
1509 5703 1674 5757 marg.
1758 5689 1820 5719 ’(⁸⁸
1851 5688 2326 5760 Novcmptqntlana
2373 5708 2508 5745 corr.
2549 5689 3025 5761 Novcmpobulaua
3050 5708 3094 5745 τ.
3172 5692 3237 5724 ¹⁰⁹
3266 5690 3568 5762 provincias
3599 5701 3750 5742 corr.

484 5771 780 5827 provincus‘
810 5777 856 5814 c.
