  <div class='ocr_page' id='page_1' title='image "/cluster/home/n/w/nwhite01/storage/ocr_20150623/154/hvd.32044015473820/039.png"; bbox 0 0 3932 6298; ppageno 0'>
   <div class='ocr_carea' id='block_1_1' title="bbox 530 313 3774 386">
    <p class='ocr_par' dir='ltr' id='par_1_1' title="bbox 530 313 3774 386">
     <span class='ocr_line' id='line_1_1' title="bbox 530 313 3774 386; baseline -0.006 0"><span class='ocrx_word' id='word_1_1' title='bbox 530 332 602 386; x_wconf 72' lang='grc' dir='ltr'><strong>ετ</strong></span> <span class='ocrx_word' id='word_1_2' title='bbox 1531 318 1833 377; x_wconf 81' lang='lat' dir='ltr'><strong>IIUGONIS</strong></span> <span class='ocrx_word' id='word_1_3' title='bbox 1868 314 2161 373; x_wconf 81' lang='lat' dir='ltr'><strong>ABBATIS</strong></span> <span class='ocrx_word' id='word_1_4' title='bbox 2195 313 2766 372; x_wconf 78' lang='lat' dir='ltr'><strong>FLAVINIACENSIS</strong></span> <span class='ocrx_word' id='word_1_5' title='bbox 3715 318 3774 375; x_wconf 66' lang='lat'><strong>68</strong></span> 
     </span>
    </p>
   </div>
   <div class='ocr_carea' id='block_1_2' title="bbox 535 414 3778 521">
    <p class='ocr_par' dir='ltr' id='par_1_2' title="bbox 535 414 3778 521">
     <span class='ocr_line' id='line_1_2' title="bbox 535 414 3778 521; baseline -0.007 -14"><span class='ocrx_word' id='word_1_6' title='bbox 535 461 591 506; x_wconf 88' lang='lat' dir='ltr'><strong>ct</strong></span> <span class='ocrx_word' id='word_1_7' title='bbox 618 414 868 507; x_wconf 87' lang='lat' dir='ltr'><strong>moderni</strong></span> <span class='ocrx_word' id='word_1_8' title='bbox 897 445 1167 516; x_wconf 84' lang='lat' dir='ltr'><strong>hodieque</strong></span> <span class='ocrx_word' id='word_1_9' title='bbox 1194 441 1495 502; x_wconf 89' lang='lat' dir='ltr'><strong>nescirent,</strong></span> <span class='ocrx_word' id='word_1_10' title='bbox 1527 438 1634 492; x_wconf 86' lang='lat' dir='ltr'><strong>nisi</strong></span> <span class='ocrx_word' id='word_1_11' title='bbox 1676 436 1837 491; x_wconf 89' lang='lat' dir='ltr'><strong>beato</strong></span> <span class='ocrx_word' id='word_1_12' title='bbox 1870 433 2121 505; x_wconf 82' lang='lat' dir='ltr'><strong>Agerieo,</strong></span> <span class='ocrx_word' id='word_1_13' title='bbox 2155 436 2200 494; x_wconf 77' lang='grc' dir='ltr'><strong>Α</strong></span> <span class='ocrx_word' id='word_1_14' title='bbox 2230 441 2476 488; x_wconf 91' lang='lat' dir='ltr'><strong>noratur.</strong></span> <span class='ocrx_word' id='word_1_15' title='bbox 2527 429 2714 502; x_wconf 85' lang='lat' dir='ltr'><strong>Neque</strong></span> <span class='ocrx_word' id='word_1_16' title='bbox 2763 431 2868 485; x_wconf 86' lang='lat' dir='ltr'><strong>hoc</strong></span> <span class='ocrx_word' id='word_1_17' title='bbox 2911 429 3158 486; x_wconf 74' lang='lat' dir='ltr'><strong>dicentes</strong></span> <span class='ocrx_word' id='word_1_18' title='bbox 3207 429 3446 501; x_wconf 67' lang='lat' dir='ltr'><strong>aequales</strong></span> <span class='ocrx_word' id='word_1_19' title='bbox 3490 430 3778 521; x_wconf 76' lang='lat' dir='ltr'><strong>proﬁtemur</strong></span> 
     </span>
    </p>
   </div>
   <div class='ocr_carea' id='block_1_3' title="bbox 534 522 3778 611">
    <p class='ocr_par' dir='ltr' id='par_1_3' title="bbox 534 522 3778 611">
     <span class='ocr_line' id='line_1_3' title="bbox 534 522 3778 611; baseline -0.004 -18"><span class='ocrx_word' id='word_1_20' title='bbox 534 540 631 611; x_wconf 89' lang='lat' dir='ltr'><strong>qui</strong></span> <span class='ocrx_word' id='word_1_21' title='bbox 660 548 784 610; x_wconf 88' lang='lat' dir='ltr'><strong>post</strong></span> <span class='ocrx_word' id='word_1_22' title='bbox 812 539 973 608; x_wconf 87' lang='lat' dir='ltr'><strong>longa</strong></span> <span class='ocrx_word' id='word_1_23' title='bbox 1004 545 1248 605; x_wconf 85' lang='lat' dir='ltr'><strong>tempora</strong></span> <span class='ocrx_word' id='word_1_24' title='bbox 1270 573 1286 597; x_wconf 85' lang='lat'><strong>,</strong></span> <span class='ocrx_word' id='word_1_25' title='bbox 1318 528 1566 584; x_wconf 71' lang='lat' dir='ltr'><strong>videlicet</strong></span> <span class='ocrx_word' id='word_1_26' title='bbox 1600 535 1724 598; x_wconf 90' lang='lat' dir='ltr'><strong>post</strong></span> <span class='ocrx_word' id='word_1_27' title='bbox 1752 524 2128 604; x_wconf 80' lang='lat' dir='ltr'><strong>successiones</strong></span> <span class='ocrx_word' id='word_1_28' title='bbox 2232 523 2576 579; x_wconf 83' lang='lat' dir='ltr'><strong>confessores</strong></span> <span class='ocrx_word' id='word_1_29' title='bbox 2603 522 2935 595; x_wconf 75' lang='lat' dir='ltr'><strong>martyribus</strong></span> <span class='ocrx_word' id='word_1_30' title='bbox 2957 563 2973 587; x_wconf 92' lang='lat'><strong>,</strong></span> <span class='ocrx_word' id='word_1_31' title='bbox 3003 534 3239 592; x_wconf 89' lang='lat' dir='ltr'><strong>quorum</strong></span> <span class='ocrx_word' id='word_1_32' title='bbox 3266 523 3571 578; x_wconf 77' lang='lat' dir='ltr'><strong>constantia</strong></span> <span class='ocrx_word' id='word_1_33' title='bbox 3602 523 3778 581; x_wconf 85' lang='lat' dir='ltr'><strong>Christi</strong></span> 
     </span>
    </p>
   </div>
   <div class='ocr_carea' id='block_1_4' title="bbox 537 614 3782 700">
    <p class='ocr_par' dir='ltr' id='par_1_4' title="bbox 537 614 3782 700">
     <span class='ocr_line' id='line_1_4' title="bbox 537 614 3782 700; baseline -0.003 -17"><span class='ocrx_word' id='word_1_34' title='bbox 537 629 781 700; x_wconf 90' lang='lat' dir='ltr'><strong>quinque</strong></span> <span class='ocrx_word' id='word_1_35' title='bbox 831 626 1175 698; x_wconf 90' lang='lat' dir='ltr'><strong>pontiﬁcum,</strong></span> <span class='ocrx_word' id='word_1_36' title='bbox 1225 623 1345 691; x_wconf 91' lang='lat' dir='ltr'><strong>ipse</strong></span> <span class='ocrx_word' id='word_1_37' title='bbox 1395 628 1584 674; x_wconf 75' lang='lat' dir='ltr'><strong>sextus</strong></span> <span class='ocrx_word' id='word_1_38' title='bbox 1633 616 1717 673; x_wconf 90' lang='lat' dir='ltr'><strong>eis</strong></span> <span class='ocrx_word' id='word_1_39' title='bbox 1763 621 2125 681; x_wconf 88' lang='lat' dir='ltr'><strong>successerat,</strong></span> <span class='ocrx_word' id='word_1_40' title='bbox 2230 615 2396 670; x_wconf 91' lang='lat' dir='ltr'><strong>estin</strong></span> <span class='ocrx_word' id='word_1_41' title='bbox 2426 630 2526 671; x_wconf 91' lang='lat' dir='ltr'><strong>sua</strong></span> <span class='ocrx_word' id='word_1_42' title='bbox 2554 615 2813 686; x_wconf 86' lang='lat' dir='ltr'><strong>passione</strong></span> <span class='ocrx_word' id='word_1_43' title='bbox 2839 623 3070 685; x_wconf 82' lang='lat' dir='ltr'><strong>sequuta</strong></span> <span class='ocrx_word' id='word_1_44' title='bbox 3091 614 3342 688; x_wconf 75' lang='lat' dir='ltr'><strong>veStigia;</strong></span> <span class='ocrx_word' id='word_1_45' title='bbox 3365 614 3782 689; x_wconf 81' lang='lat' dir='ltr'><strong>sedtuneinpri-</strong></span> 
     </span>
    </p>
   </div>
   <div class='ocr_carea' id='block_1_5' title="bbox 539 710 2130 791">
    <p class='ocr_par' dir='ltr' id='par_1_5' title="bbox 539 710 2130 791">
     <span class='ocr_line' id='line_1_5' title="bbox 539 710 2130 791; baseline -0.01 -16"><span class='ocrx_word' id='word_1_46' title='bbox 539 731 650 775; x_wconf 88' lang='lat' dir='ltr'><strong>tam</strong></span> <span class='ocrx_word' id='word_1_47' title='bbox 680 720 928 791; x_wconf 89' lang='lat' dir='ltr'><strong>preciosa</strong></span> <span class='ocrx_word' id='word_1_48' title='bbox 957 716 1185 774; x_wconf 89' lang='lat' dir='ltr'><strong>simbola</strong></span> <span class='ocrx_word' id='word_1_49' title='bbox 1213 710 1539 767; x_wconf 88' lang='lat' dir='ltr'><strong>revelatione</strong></span> <span class='ocrx_word' id='word_1_50' title='bbox 1568 717 1840 764; x_wconf 90' lang='lat' dir='ltr'><strong>nocturna</strong></span> <span class='ocrx_word' id='word_1_51' title='bbox 1889 723 1987 778; x_wconf 89' lang='lat' dir='ltr'><strong>per</strong></span> <span class='ocrx_word' id='word_1_52' title='bbox 2031 721 2130 760; x_wconf 83' lang='lat' dir='ltr'><strong>an-</strong></span> 
     </span>
    </p>
   </div>
   <div class='ocr_carea' id='block_1_6' title="bbox 538 797 2132 885">
    <p class='ocr_par' dir='ltr' id='par_1_6' title="bbox 538 797 2132 885">
     <span class='ocr_line' id='line_1_6' title="bbox 538 797 2132 885; baseline -0.011 -17"><span class='ocrx_word' id='word_1_53' title='bbox 538 813 788 885; x_wconf 90' lang='lat' dir='ltr'><strong>gelorum</strong></span> <span class='ocrx_word' id='word_1_54' title='bbox 818 810 1051 866; x_wconf 76' lang='lat' dir='ltr'><strong>cilicium</strong></span> <span class='ocrx_word' id='word_1_55' title='bbox 1081 804 1322 877; x_wconf 75' lang='lat' dir='ltr'><strong>dignatio</strong></span> <span class='ocrx_word' id='word_1_56' title='bbox 1350 802 1689 858; x_wconf 90' lang='lat' dir='ltr'><strong>declarasset</strong></span> <span class='ocrx_word' id='word_1_57' title='bbox 1707 800 1913 856; x_wconf 91' lang='lat' dir='ltr'><strong>divina.</strong></span> <span class='ocrx_word' id='word_1_58' title='bbox 1936 797 2132 852; x_wconf 80' lang='lat' dir='ltr'><strong>Narra-</strong></span> 
     </span>
    </p>
   </div>
   <div class='ocr_carea' id='block_1_7' title="bbox 540 888 2129 963">
    <p class='ocr_par' dir='ltr' id='par_1_7' title="bbox 540 888 2129 963">
     <span class='ocr_line' id='line_1_7' title="bbox 540 888 2129 963; baseline -0.011 -4"><span class='ocrx_word' id='word_1_59' title='bbox 540 912 740 961; x_wconf 88' lang='lat' dir='ltr'><strong>verunt</strong></span> <span class='ocrx_word' id='word_1_60' title='bbox 784 912 961 959; x_wconf 90' lang='lat' dir='ltr'><strong>autem</strong></span> <span class='ocrx_word' id='word_1_61' title='bbox 991 900 1058 954; x_wconf 90' lang='lat' dir='ltr'><strong>de</strong></span> <span class='ocrx_word' id='word_1_62' title='bbox 1086 898 1245 952; x_wconf 90' lang='lat' dir='ltr'><strong>beato</strong></span> <span class='ocrx_word' id='word_1_63' title='bbox 1272 894 1464 949; x_wconf 82' lang='lat' dir='ltr'><strong>Mauro</strong></span> <span class='ocrx_word' id='word_1_64' title='bbox 1493 892 1561 924; x_wconf 84' lang='grc'><strong>¹¹³</strong></span> <span class='ocrx_word' id='word_1_65' title='bbox 1588 892 1826 963; x_wconf 84' lang='lat' dir='ltr'><strong>posteris</strong></span> <span class='ocrx_word' id='word_1_66' title='bbox 1848 931 1866 958; x_wconf 89' lang='lat'><strong>,</strong></span> <span class='ocrx_word' id='word_1_67' title='bbox 1914 890 1990 945; x_wconf 88' lang='lat' dir='ltr'><strong>illi</strong></span> <span class='ocrx_word' id='word_1_68' title='bbox 2035 888 2129 960; x_wconf 87' lang='lat' dir='ltr'><strong>qui</strong></span> 
     </span>
    </p>
   </div>
   <div class='ocr_carea' id='block_1_8' title="bbox 542 982 2131 1057">
    <p class='ocr_par' dir='ltr' id='par_1_8' title="bbox 542 982 2131 1057">
     <span class='ocr_line' id='line_1_8' title="bbox 542 982 2131 1057; baseline -0.01 -7"><span class='ocrx_word' id='word_1_69' title='bbox 542 993 836 1050; x_wconf 80' lang='lat' dir='ltr'><strong>interfuere</strong></span> <span class='ocrx_word' id='word_1_70' title='bbox 871 987 1218 1046; x_wconf 79' lang='lat' dir='ltr'><strong>translationi</strong></span> <span class='ocrx_word' id='word_1_71' title='bbox 1265 1002 1390 1057; x_wconf 78' lang='lat' dir='ltr'><strong>quae</strong></span> <span class='ocrx_word' id='word_1_72' title='bbox 1432 1000 1464 1039; x_wconf 91' lang='lat' dir='ltr'><strong>a</strong></span> <span class='ocrx_word' id='word_1_73' title='bbox 1515 984 1679 1039; x_wconf 89' lang='lat' dir='ltr'><strong>beato</strong></span> <span class='ocrx_word' id='word_1_74' title='bbox 1726 982 1957 1054; x_wconf 79' lang='lat' dir='ltr'><strong>Agerico</strong></span> <span class='ocrx_word' id='word_1_75' title='bbox 2000 990 2131 1036; x_wconf 91' lang='lat' dir='ltr'><strong>tunc</strong></span> 
     </span>
    </p>
   </div>
   <div class='ocr_carea' id='block_1_9' title="bbox 543 1073 2130 1157">
    <p class='ocr_par' dir='ltr' id='par_1_9' title="bbox 543 1073 2130 1157">
     <span class='ocr_line' id='line_1_9' title="bbox 543 1073 2130 1157; baseline -0.011 -13"><span class='ocrx_word' id='word_1_76' title='bbox 543 1086 802 1157; x_wconf 89' lang='lat' dir='ltr'><strong>temporis</strong></span> <span class='ocrx_word' id='word_1_77' title='bbox 828 1083 971 1138; x_wconf 81' lang='lat' dir='ltr'><strong>facta</strong></span> <span class='ocrx_word' id='word_1_78' title='bbox 991 1090 1096 1147; x_wconf 91' lang='lat' dir='ltr'><strong>est,</strong></span> <span class='ocrx_word' id='word_1_79' title='bbox 1120 1090 1176 1135; x_wconf 91' lang='lat' dir='ltr'><strong>et</strong></span> <span class='ocrx_word' id='word_1_80' title='bbox 1196 1078 1530 1150; x_wconf 83' lang='lat' dir='ltr'><strong>posteriores</strong></span> <span class='ocrx_word' id='word_1_81' title='bbox 1551 1074 1773 1146; x_wconf 88' lang='lat' dir='ltr'><strong>scriptis</strong></span> <span class='ocrx_word' id='word_1_82' title='bbox 1794 1073 1863 1130; x_wconf 89' lang='lat' dir='ltr'><strong>ad</strong></span> <span class='ocrx_word' id='word_1_83' title='bbox 1885 1081 2130 1129; x_wconf 88' lang='lat' dir='ltr'><strong>nostram</strong></span> 
     </span>
    </p>
   </div>
   <div class='ocr_carea' id='block_1_10' title="bbox 545 1164 2131 1250">
    <p class='ocr_par' dir='ltr' id='par_1_10' title="bbox 545 1164 2131 1250">
     <span class='ocr_line' id='line_1_10' title="bbox 545 1164 2131 1250; baseline -0.01 -17"><span class='ocrx_word' id='word_1_84' title='bbox 545 1194 716 1250; x_wconf 82' lang='lat' dir='ltr'><strong>usque</strong></span> <span class='ocrx_word' id='word_1_85' title='bbox 742 1175 992 1231; x_wconf 89' lang='lat' dir='ltr'><strong>notitiam</strong></span> <span class='ocrx_word' id='word_1_86' title='bbox 1025 1172 1473 1236; x_wconf 87' lang='lat' dir='ltr'><strong>transmiserunt,</strong></span> <span class='ocrx_word' id='word_1_87' title='bbox 1503 1169 1721 1223; x_wconf 89' lang='lat' dir='ltr'><strong>beatum</strong></span> <span class='ocrx_word' id='word_1_88' title='bbox 1752 1165 2000 1221; x_wconf 76' lang='lat' dir='ltr'><strong>Maurum</strong></span> <span class='ocrx_word' id='word_1_89' title='bbox 2044 1164 2131 1218; x_wconf 88' lang='lat' dir='ltr'><strong>di-</strong></span> 
     </span>
    </p>
   </div>
   <div class='ocr_carea' id='block_1_11' title="bbox 541 1255 2130 1336">
    <p class='ocr_par' dir='ltr' id='par_1_11' title="bbox 541 1255 2130 1336">
     <span class='ocr_line' id='line_1_11' title="bbox 541 1255 2130 1336; baseline -0.004 -20"><span class='ocrx_word' id='word_1_90' title='bbox 541 1266 711 1321; x_wconf 81' lang='lat' dir='ltr'><strong>versis</strong></span> <span class='ocrx_word' id='word_1_91' title='bbox 740 1264 1133 1336; x_wconf 85' lang='lat' dir='ltr'><strong>suppliciorum</strong></span> <span class='ocrx_word' id='word_1_92' title='bbox 1164 1260 1455 1332; x_wconf 84' lang='lat' dir='ltr'><strong>generibus</strong></span> <span class='ocrx_word' id='word_1_93' title='bbox 1482 1259 1735 1315; x_wconf 82' lang='lat' dir='ltr'><strong>aﬁ&#39;ectum</strong></span> <span class='ocrx_word' id='word_1_94' title='bbox 1780 1255 2001 1312; x_wconf 78' lang='lat' dir='ltr'><strong>veritati</strong></span> <span class='ocrx_word' id='word_1_95' title='bbox 2049 1263 2130 1310; x_wconf 87' lang='lat' dir='ltr'><strong>te-</strong></span> 
     </span>
    </p>
   </div>
   <div class='ocr_carea' id='block_1_12' title="bbox 542 1349 2133 1426">
    <p class='ocr_par' dir='ltr' id='par_1_12' title="bbox 542 1349 2133 1426">
     <span class='ocr_line' id='line_1_12' title="bbox 542 1349 2133 1426; baseline -0.005 -15"><span class='ocrx_word' id='word_1_96' title='bbox 542 1357 863 1412; x_wconf 87' lang='lat' dir='ltr'><strong>stimonium</strong></span> <span class='ocrx_word' id='word_1_97' title='bbox 894 1354 1266 1426; x_wconf 90' lang='lat' dir='ltr'><strong>perhibuisse,</strong></span> <span class='ocrx_word' id='word_1_98' title='bbox 1296 1360 1351 1409; x_wconf 92' lang='lat' dir='ltr'><strong>et</strong></span> <span class='ocrx_word' id='word_1_99' title='bbox 1376 1367 1476 1423; x_wconf 92' lang='lat' dir='ltr'><strong>pro</strong></span> <span class='ocrx_word' id='word_1_100' title='bbox 1502 1350 1608 1407; x_wconf 90' lang='lat' dir='ltr'><strong>ﬁde</strong></span> <span class='ocrx_word' id='word_1_101' title='bbox 1635 1349 1840 1406; x_wconf 86' lang='lat' dir='ltr'><strong>Christi</strong></span> <span class='ocrx_word' id='word_1_102' title='bbox 1885 1349 2133 1405; x_wconf 89' lang='lat' dir='ltr'><strong>martirio</strong></span> 
     </span>
    </p>
   </div>
   <div class='ocr_carea' id='block_1_13' title="bbox 543 1442 2130 1517">
    <p class='ocr_par' dir='ltr' id='par_1_13' title="bbox 543 1442 2130 1517">
     <span class='ocr_line' id='line_1_13' title="bbox 543 1442 2130 1517; baseline -0.005 -14"><span class='ocrx_word' id='word_1_103' title='bbox 543 1448 892 1515; x_wconf 83' lang='lat' dir='ltr'><strong>occubuisse,</strong></span> <span class='ocrx_word' id='word_1_104' title='bbox 926 1448 1070 1503; x_wconf 90' lang='lat' dir='ltr'><strong>sicut</strong></span> <span class='ocrx_word' id='word_1_105' title='bbox 1096 1456 1151 1502; x_wconf 90' lang='lat' dir='ltr'><strong>et</strong></span> <span class='ocrx_word' id='word_1_106' title='bbox 1178 1446 1282 1517; x_wconf 86' lang='lat' dir='ltr'><strong>ipsi</strong></span> <span class='ocrx_word' id='word_1_107' title='bbox 1311 1445 1367 1499; x_wconf 93' lang='lat' dir='ltr'><strong>in</strong></span> <span class='ocrx_word' id='word_1_108' title='bbox 1395 1442 1655 1499; x_wconf 80' lang='lat' dir='ltr'><strong>defuncto</strong></span> <span class='ocrx_word' id='word_1_109' title='bbox 1683 1442 1889 1508; x_wconf 90' lang='lat' dir='ltr'><strong>videre,</strong></span> <span class='ocrx_word' id='word_1_110' title='bbox 1919 1449 1974 1495; x_wconf 92' lang='lat' dir='ltr'><strong>et</strong></span> <span class='ocrx_word' id='word_1_111' title='bbox 2002 1455 2130 1495; x_wconf 87' lang='lat' dir='ltr'><strong>nec-</strong></span> 
     </span>
    </p>
   </div>
   <div class='ocr_carea' id='block_1_14' title="bbox 545 1532 2136 1610">
    <p class='ocr_par' dir='ltr' id='par_1_14' title="bbox 545 1532 2136 1610">
     <span class='ocr_line' id='line_1_14' title="bbox 545 1532 2136 1610; baseline -0.005 -15"><span class='ocrx_word' id='word_1_112' title='bbox 545 1541 675 1595; x_wconf 89' lang='lat' dir='ltr'><strong>dum</strong></span> <span class='ocrx_word' id='word_1_113' title='bbox 706 1541 887 1596; x_wconf 89' lang='lat' dir='ltr'><strong>soluto</strong></span> <span class='ocrx_word' id='word_1_114' title='bbox 916 1555 1145 1610; x_wconf 87' lang='lat' dir='ltr'><strong>corpore</strong></span> <span class='ocrx_word' id='word_1_115' title='bbox 1174 1537 1348 1593; x_wconf 82' lang='lat' dir='ltr'><strong>sancti</strong></span> <span class='ocrx_word' id='word_1_116' title='bbox 1379 1536 1483 1606; x_wconf 92' lang='lat' dir='ltr'><strong>piis</strong></span> <span class='ocrx_word' id='word_1_117' title='bbox 1511 1534 1716 1591; x_wconf 90' lang='lat' dir='ltr'><strong>osculis</strong></span> <span class='ocrx_word' id='word_1_118' title='bbox 1743 1532 1922 1590; x_wconf 84' lang='lat' dir='ltr'><strong>dulcia</strong></span> <span class='ocrx_word' id='word_1_119' title='bbox 1948 1533 2136 1587; x_wconf 85' lang='lat' dir='ltr'><strong>vulne-</strong></span> 
     </span>
    </p>
   </div>
   <div class='ocr_carea' id='block_1_15' title="bbox 548 1624 2135 1697">
    <p class='ocr_par' dir='ltr' id='par_1_15' title="bbox 548 1624 2135 1697">
     <span class='ocr_line' id='line_1_15' title="bbox 548 1624 2135 1697; baseline -0.003 -12"><span class='ocrx_word' id='word_1_120' title='bbox 548 1648 609 1686; x_wconf 92' lang='lat' dir='ltr'><strong>ra</strong></span> <span class='ocrx_word' id='word_1_121' title='bbox 638 1641 1061 1687; x_wconf 84' lang='lat' dir='ltr'><strong>contrectavere.</strong></span> <span class='ocrx_word' id='word_1_122' title='bbox 1097 1629 1201 1684; x_wconf 89' lang='lat' dir='ltr'><strong>Sed</strong></span> <span class='ocrx_word' id='word_1_123' title='bbox 1233 1628 1462 1684; x_wconf 79' lang='lat' dir='ltr'><strong>fortasse</strong></span> <span class='ocrx_word' id='word_1_124' title='bbox 1490 1628 1637 1683; x_wconf 88' lang='lat' dir='ltr'><strong>dicat</strong></span> <span class='ocrx_word' id='word_1_125' title='bbox 1664 1626 1860 1697; x_wconf 90' lang='lat' dir='ltr'><strong>aliquis</strong></span> <span class='ocrx_word' id='word_1_126' title='bbox 1891 1645 1905 1680; x_wconf 89' lang='lat'><strong>:</strong></span> <span class='ocrx_word' id='word_1_127' title='bbox 1953 1624 2135 1692; x_wconf 85' lang='lat' dir='ltr'><strong>Quare</strong></span> 
     </span>
    </p>
   </div>
   <div class='ocr_carea' id='block_1_16' title="bbox 546 1718 2134 1795">
    <p class='ocr_par' dir='ltr' id='par_1_16' title="bbox 546 1718 2134 1795">
     <span class='ocr_line' id='line_1_16' title="bbox 546 1718 2134 1795; baseline -0.004 -17"><span class='ocrx_word' id='word_1_128' title='bbox 546 1740 680 1795; x_wconf 85' lang='lat' dir='ltr'><strong>ergo</strong></span> <span class='ocrx_word' id='word_1_129' title='bbox 725 1723 919 1780; x_wconf 90' lang='lat' dir='ltr'><strong>beatus</strong></span> <span class='ocrx_word' id='word_1_130' title='bbox 966 1723 1230 1794; x_wconf 87' lang='lat' dir='ltr'><strong>Agericus</strong></span> <span class='ocrx_word' id='word_1_131' title='bbox 1261 1732 1316 1776; x_wconf 91' lang='lat' dir='ltr'><strong>et</strong></span> <span class='ocrx_word' id='word_1_132' title='bbox 1342 1720 1604 1791; x_wconf 91' lang='lat' dir='ltr'><strong>temporis</strong></span> <span class='ocrx_word' id='word_1_133' title='bbox 1632 1719 1780 1774; x_wconf 91' lang='lat' dir='ltr'><strong>illius</strong></span> <span class='ocrx_word' id='word_1_134' title='bbox 1808 1718 1990 1773; x_wconf 83' lang='lat' dir='ltr'><strong>ﬁdeles</strong></span> <span class='ocrx_word' id='word_1_135' title='bbox 2020 1731 2134 1772; x_wconf 89' lang='lat' dir='ltr'><strong>me—</strong></span> 
     </span>
    </p>
   </div>
   <div class='ocr_carea' id='block_1_17' title="bbox 549 1788 2211 1880">
    <p class='ocr_par' dir='ltr' id='par_1_17' title="bbox 549 1788 2211 1880">
     <span class='ocr_line' id='line_1_17' title="bbox 549 1788 2211 1880; baseline -0.006 -11"><span class='ocrx_word' id='word_1_136' title='bbox 549 1815 779 1871; x_wconf 89' lang='lat' dir='ltr'><strong>moriam</strong></span> <span class='ocrx_word' id='word_1_137' title='bbox 827 1812 974 1870; x_wconf 91' lang='lat' dir='ltr'><strong>illius</strong></span> <span class='ocrx_word' id='word_1_138' title='bbox 1003 1814 1106 1869; x_wconf 91' lang='lat' dir='ltr'><strong>sub</strong></span> <span class='ocrx_word' id='word_1_139' title='bbox 1136 1812 1356 1868; x_wconf 91' lang='lat' dir='ltr'><strong>nomine</strong></span> <span class='ocrx_word' id='word_1_140' title='bbox 1384 1818 1440 1866; x_wconf 93' lang='lat' dir='ltr'><strong>et</strong></span> <span class='ocrx_word' id='word_1_141' title='bbox 1467 1811 1673 1865; x_wconf 90' lang='lat' dir='ltr'><strong>honore</strong></span> <span class='ocrx_word' id='word_1_142' title='bbox 1702 1807 1958 1880; x_wconf 84' lang='lat' dir='ltr'><strong>martyris</strong></span> <span class='ocrx_word' id='word_1_143' title='bbox 1992 1806 2136 1862; x_wconf 87' lang='lat' dir='ltr'><strong>celc-</strong></span> <span class='ocrx_word' id='word_1_144' title='bbox 2167 1788 2211 1843; x_wconf 76' lang='grc' dir='ltr'>Β</span> 
     </span>
    </p>
   </div>
   <div class='ocr_carea' id='block_1_18' title="bbox 548 1894 2134 1972">
    <p class='ocr_par' dir='ltr' id='par_1_18' title="bbox 548 1894 2134 1972">
     <span class='ocr_line' id='line_1_18' title="bbox 548 1894 2134 1972; baseline -0.004 -13"><span class='ocrx_word' id='word_1_145' title='bbox 548 1904 697 1960; x_wconf 87' lang='lat' dir='ltr'><strong>brari</strong></span> <span class='ocrx_word' id='word_1_146' title='bbox 726 1919 835 1958; x_wconf 92' lang='lat' dir='ltr'><strong>non</strong></span> <span class='ocrx_word' id='word_1_147' title='bbox 864 1903 1250 1969; x_wconf 89' lang='lat' dir='ltr'><strong>instituerant,</strong></span> <span class='ocrx_word' id='word_1_148' title='bbox 1281 1917 1404 1972; x_wconf 69' lang='lat' dir='ltr'><strong>qua:</strong></span> <span class='ocrx_word' id='word_1_149' title='bbox 1451 1900 1722 1971; x_wconf 88' lang='lat' dir='ltr'><strong>hodieque</strong></span> <span class='ocrx_word' id='word_1_150' title='bbox 1771 1899 1875 1955; x_wconf 91' lang='lat' dir='ltr'><strong>sub</strong></span> <span class='ocrx_word' id='word_1_151' title='bbox 1913 1894 2134 1952; x_wconf 86' lang='lat' dir='ltr'><strong>nomine</strong></span> 
     </span>
    </p>
   </div>
   <div class='ocr_carea' id='block_1_19' title="bbox 548 1990 2137 2063">
    <p class='ocr_par' dir='ltr' id='par_1_19' title="bbox 548 1990 2137 2063">
     <span class='ocr_line' id='line_1_19' title="bbox 548 1990 2137 2063; baseline -0.004 -12"><span class='ocrx_word' id='word_1_152' title='bbox 548 1993 883 2051; x_wconf 65' lang='lat' dir='ltr'><strong>cnnfessoris</strong></span> <span class='ocrx_word' id='word_1_153' title='bbox 910 1993 1237 2049; x_wconf 87' lang='lat' dir='ltr'><strong>veneratur?</strong></span> <span class='ocrx_word' id='word_1_154' title='bbox 1266 1992 1528 2063; x_wconf 87' lang='lat' dir='ltr'><strong>Quisquis</strong></span> <span class='ocrx_word' id='word_1_155' title='bbox 1565 1992 1667 2047; x_wconf 90' lang='lat' dir='ltr'><strong>ista</strong></span> <span class='ocrx_word' id='word_1_156' title='bbox 1705 1990 1932 2061; x_wconf 91' lang='lat' dir='ltr'><strong>obponit</strong></span> <span class='ocrx_word' id='word_1_157' title='bbox 1952 2031 1967 2057; x_wconf 90' lang='lat'><strong>,</strong></span> <span class='ocrx_word' id='word_1_158' title='bbox 2021 2004 2137 2045; x_wconf 90' lang='lat' dir='ltr'><strong>res-</strong></span> 
     </span>
    </p>
   </div>
   <div class='ocr_carea' id='block_1_20' title="bbox 551 2080 2134 2157">
    <p class='ocr_par' dir='ltr' id='par_1_20' title="bbox 551 2080 2134 2157">
     <span class='ocr_line' id='line_1_20' title="bbox 551 2080 2134 2157; baseline -0.002 -16"><span class='ocrx_word' id='word_1_159' title='bbox 551 2087 785 2157; x_wconf 91' lang='lat' dir='ltr'><strong>pondeat</strong></span> <span class='ocrx_word' id='word_1_160' title='bbox 813 2094 867 2141; x_wconf 92' lang='lat' dir='ltr'><strong>ct</strong></span> <span class='ocrx_word' id='word_1_161' title='bbox 895 2086 1010 2157; x_wconf 91' lang='lat' dir='ltr'><strong>ipse</strong></span> <span class='ocrx_word' id='word_1_162' title='bbox 1044 2105 1057 2140; x_wconf 90' lang='lat'>:</span> <span class='ocrx_word' id='word_1_163' title='bbox 1093 2084 1276 2153; x_wconf 88' lang='lat' dir='ltr'><strong>Quare</strong></span> <span class='ocrx_word' id='word_1_164' title='bbox 1305 2085 1500 2140; x_wconf 88' lang='lat' dir='ltr'><strong>beatus</strong></span> <span class='ocrx_word' id='word_1_165' title='bbox 1529 2083 1826 2155; x_wconf 86' lang='lat' dir='ltr'><strong>Gregorius</strong></span> <span class='ocrx_word' id='word_1_166' title='bbox 1853 2097 1992 2156; x_wconf 87' lang='lat' dir='ltr'><strong>papa</strong></span> <span class='ocrx_word' id='word_1_167' title='bbox 2021 2080 2134 2138; x_wconf 81' lang='lat' dir='ltr'><strong>Ro-</strong></span> 
     </span>
    </p>
   </div>
   <div class='ocr_carea' id='block_1_21' title="bbox 473 2166 2139 2251">
    <p class='ocr_par' dir='ltr' id='par_1_21' title="bbox 473 2166 2139 2251">
     <span class='ocr_line' id='line_1_21' title="bbox 473 2166 2139 2251; baseline -0.002 -20"><span class='ocrx_word' id='word_1_168' title='bbox 473 2166 483 2175; x_wconf 66' lang='grc'><em>’</em></span> <span class='ocrx_word' id='word_1_169' title='bbox 548 2193 768 2242; x_wconf 85' lang='lat' dir='ltr'><strong>manus,</strong></span> <span class='ocrx_word' id='word_1_170' title='bbox 803 2176 1124 2231; x_wconf 89' lang='lat' dir='ltr'><strong>memoriam</strong></span> <span class='ocrx_word' id='word_1_171' title='bbox 1155 2176 1621 2251; x_wconf 66' lang='lat' dir='ltr'><strong>praedecessorum</strong></span> <span class='ocrx_word' id='word_1_172' title='bbox 1645 2189 1871 2229; x_wconf 90' lang='lat' dir='ltr'><strong>suorum</strong></span> <span class='ocrx_word' id='word_1_173' title='bbox 1915 2171 2139 2244; x_wconf 82' lang='lat' dir='ltr'><strong>pontiﬁ-</strong></span> 
     </span>
    </p>
   </div>
   <div class='ocr_carea' id='block_1_22' title="bbox 552 2260 2140 2340">
    <p class='ocr_par' dir='ltr' id='par_1_22' title="bbox 552 2260 2140 2340">
     <span class='ocr_line' id='line_1_22' title="bbox 552 2260 2140 2340; baseline -0.002 -17"><span class='ocrx_word' id='word_1_174' title='bbox 552 2284 676 2323; x_wconf 88' lang='lat' dir='ltr'><strong>cum</strong></span> <span class='ocrx_word' id='word_1_175' title='bbox 711 2268 1096 2323; x_wconf 74' lang='lat' dir='ltr'><strong>&#39;Romanorum</strong></span> <span class='ocrx_word' id='word_1_176' title='bbox 1127 2268 1388 2340; x_wconf 83' lang='lat' dir='ltr'><strong>martyrio</strong></span> <span class='ocrx_word' id='word_1_177' title='bbox 1415 2274 1799 2323; x_wconf 87' lang='lat' dir='ltr'><strong>coronatorum</strong></span> <span class='ocrx_word' id='word_1_178' title='bbox 1830 2265 1883 2320; x_wconf 91' lang='lat' dir='ltr'><strong>in</strong></span> <span class='ocrx_word' id='word_1_179' title='bbox 1914 2260 2140 2322; x_wconf 86' lang='lat' dir='ltr'><strong>ecclesia</strong></span> 
     </span>
    </p>
   </div>
   <div class='ocr_carea' id='block_1_23' title="bbox 554 2357 2142 2430">
    <p class='ocr_par' dir='ltr' id='par_1_23' title="bbox 554 2357 2142 2430">
     <span class='ocr_line' id='line_1_23' title="bbox 554 2357 2142 2430; baseline -0.003 -16"><span class='ocrx_word' id='word_1_180' title='bbox 554 2361 695 2415; x_wconf 86' lang='lat' dir='ltr'><strong>sicut</strong></span> <span class='ocrx_word' id='word_1_181' title='bbox 721 2359 990 2430; x_wconf 91' lang='lat' dir='ltr'><strong>hodieque</strong></span> <span class='ocrx_word' id='word_1_182' title='bbox 1017 2360 1233 2415; x_wconf 89' lang='lat' dir='ltr'><strong>canitur</strong></span> <span class='ocrx_word' id='word_1_183' title='bbox 1261 2360 1573 2426; x_wconf 89' lang='lat' dir='ltr'><strong>instituens,</strong></span> <span class='ocrx_word' id='word_1_184' title='bbox 1599 2357 1904 2414; x_wconf 80' lang='lat' dir='ltr'><strong>nobilitavit</strong></span> <span class='ocrx_word' id='word_1_185' title='bbox 1924 2371 2020 2413; x_wconf 90' lang='lat' dir='ltr'><strong>eos</strong></span> <span class='ocrx_word' id='word_1_186' title='bbox 2042 2372 2142 2411; x_wconf 89' lang='lat' dir='ltr'><strong>no-</strong></span> 
     </span>
    </p>
   </div>
   <div class='ocr_carea' id='block_1_24' title="bbox 555 2449 2144 2524">
    <p class='ocr_par' dir='ltr' id='par_1_24' title="bbox 555 2449 2144 2524">
     <span class='ocr_line' id='line_1_24' title="bbox 555 2449 2144 2524; baseline 0.001 -20"><span class='ocrx_word' id='word_1_187' title='bbox 555 2452 704 2505; x_wconf 89' lang='lat' dir='ltr'><strong>mine</strong></span> <span class='ocrx_word' id='word_1_188' title='bbox 731 2449 1110 2507; x_wconf 76' lang='lat' dir='ltr'><strong>confessurum</strong></span> <span class='ocrx_word' id='word_1_189' title='bbox 1141 2461 1196 2507; x_wconf 89' lang='lat' dir='ltr'><strong>et</strong></span> <span class='ocrx_word' id='word_1_190' title='bbox 1231 2467 1340 2506; x_wconf 89' lang='lat' dir='ltr'><strong>non</strong></span> <span class='ocrx_word' id='word_1_191' title='bbox 1381 2451 1564 2524; x_wconf 84' lang='lat' dir='ltr'><strong>potius</strong></span> <span class='ocrx_word' id='word_1_192' title='bbox 1610 2461 1910 2523; x_wconf 88' lang='lat' dir='ltr'><strong>martyrum</strong></span> <span class='ocrx_word' id='word_1_193' title='bbox 1935 2491 1951 2516; x_wconf 92' lang='lat'><strong>,</strong></span> <span class='ocrx_word' id='word_1_194' title='bbox 2002 2464 2144 2520; x_wconf 90' lang='lat' dir='ltr'><strong>quos</strong></span> 
     </span>
    </p>
   </div>
   <div class='ocr_carea' id='block_1_25' title="bbox 557 2540 2143 2616">
    <p class='ocr_par' dir='ltr' id='par_1_25' title="bbox 557 2540 2143 2616">
     <span class='ocr_line' id='line_1_25' title="bbox 557 2540 2143 2616; baseline -0.001 -19"><span class='ocrx_word' id='word_1_195' title='bbox 557 2542 746 2613; x_wconf 91' lang='lat' dir='ltr'><strong>utique</strong></span> <span class='ocrx_word' id='word_1_196' title='bbox 774 2543 982 2599; x_wconf 89' lang='lat' dir='ltr'><strong>scimus</strong></span> <span class='ocrx_word' id='word_1_197' title='bbox 1009 2560 1109 2614; x_wconf 91' lang='lat' dir='ltr'><strong>pro</strong></span> <span class='ocrx_word' id='word_1_198' title='bbox 1135 2543 1357 2599; x_wconf 86' lang='lat' dir='ltr'><strong>Christo</strong></span> <span class='ocrx_word' id='word_1_199' title='bbox 1385 2542 1722 2616; x_wconf 78' lang='lat' dir='ltr'><strong>gravissimis</strong></span> <span class='ocrx_word' id='word_1_200' title='bbox 1752 2541 2042 2598; x_wconf 82' lang='lat' dir='ltr'><strong>tormentis</strong></span> <span class='ocrx_word' id='word_1_201' title='bbox 2062 2540 2143 2596; x_wconf 80' lang='lat' dir='ltr'><strong>af-</strong></span> 
     </span>
    </p>
   </div>
   <div class='ocr_carea' id='block_1_26' title="bbox 555 2630 2145 2709">
    <p class='ocr_par' dir='ltr' id='par_1_26' title="bbox 555 2630 2145 2709">
     <span class='ocr_line' id='line_1_26' title="bbox 555 2630 2145 2709; baseline -0.001 -20"><span class='ocrx_word' id='word_1_202' title='bbox 555 2634 736 2690; x_wconf 88' lang='lat' dir='ltr'><strong>ﬁictos</strong></span> <span class='ocrx_word' id='word_1_203' title='bbox 768 2634 835 2667; x_wconf 72' lang='grc'><strong>¹¹⁸</strong></span> <span class='ocrx_word' id='word_1_204' title='bbox 863 2636 1087 2707; x_wconf 74' lang='lat' dir='ltr'><strong>praemia</strong></span> <span class='ocrx_word' id='word_1_205' title='bbox 1116 2637 1241 2692; x_wconf 63' lang='lat' dir='ltr'><strong>vitae</strong></span> <span class='ocrx_word' id='word_1_206' title='bbox 1267 2635 1531 2709; x_wconf 81' lang='lat' dir='ltr'><strong>sanguine</strong></span> <span class='ocrx_word' id='word_1_207' title='bbox 1558 2634 1895 2691; x_wconf 80' lang='lat' dir='ltr'><strong>redemisse?</strong></span> <span class='ocrx_word' id='word_1_208' title='bbox 1917 2630 2028 2689; x_wconf 87' lang='lat' dir='ltr'><strong>Nos</strong></span> <span class='ocrx_word' id='word_1_209' title='bbox 2046 2647 2145 2703; x_wconf 85' lang='lat' dir='ltr'><strong>pro</strong></span> 
     </span>
    </p>
   </div>
   <div class='ocr_carea' id='block_1_27' title="bbox 555 2725 2145 2800">
    <p class='ocr_par' dir='ltr' id='par_1_27' title="bbox 555 2725 2145 2800">
     <span class='ocr_line' id='line_1_27' title="bbox 555 2725 2145 2800; baseline 0 -20"><span class='ocrx_word' id='word_1_210' title='bbox 555 2727 779 2782; x_wconf 92' lang='lat' dir='ltr'><strong>modulo</strong></span> <span class='ocrx_word' id='word_1_211' title='bbox 809 2725 1066 2799; x_wconf 87' lang='lat' dir='ltr'><strong>ingenioli</strong></span> <span class='ocrx_word' id='word_1_212' title='bbox 1100 2727 1151 2784; x_wconf 89' lang='lat' dir='ltr'><strong>id</strong></span> <span class='ocrx_word' id='word_1_213' title='bbox 1183 2728 1578 2800; x_wconf 86' lang='lat' dir='ltr'><strong>respondemus</strong></span> <span class='ocrx_word' id='word_1_214' title='bbox 1609 2745 1624 2782; x_wconf 91' lang='lat'><strong>:</strong></span> <span class='ocrx_word' id='word_1_215' title='bbox 1655 2725 1794 2794; x_wconf 87' lang='lat' dir='ltr'><strong>Quia</strong></span> <span class='ocrx_word' id='word_1_216' title='bbox 1822 2733 1986 2781; x_wconf 70' lang='lat' dir='ltr'><strong>tanta:</strong></span> <span class='ocrx_word' id='word_1_217' title='bbox 2015 2734 2145 2780; x_wconf 90' lang='lat' dir='ltr'><strong>tunc</strong></span> 
     </span>
    </p>
   </div>
   <div class='ocr_carea' id='block_1_28' title="bbox 556 2817 2146 2892">
    <p class='ocr_par' dir='ltr' id='par_1_28' title="bbox 556 2817 2146 2892">
     <span class='ocr_line' id='line_1_28' title="bbox 556 2817 2146 2892; baseline 0 -21"><span class='ocrx_word' id='word_1_218' title='bbox 556 2817 611 2872; x_wconf 92' lang='lat' dir='ltr'><strong>in</strong></span> <span class='ocrx_word' id='word_1_219' title='bbox 642 2819 873 2876; x_wconf 86' lang='lat' dir='ltr'><strong>ecclesia</strong></span> <span class='ocrx_word' id='word_1_220' title='bbox 900 2829 1020 2876; x_wconf 87' lang='lat' dir='ltr'><strong>erat</strong></span> <span class='ocrx_word' id='word_1_221' title='bbox 1047 2821 1233 2892; x_wconf 69' lang='lat' dir='ltr'><strong>gloria:</strong></span> <span class='ocrx_word' id='word_1_222' title='bbox 1257 2863 1271 2887; x_wconf 93' lang='lat'><strong>,</strong></span> <span class='ocrx_word' id='word_1_223' title='bbox 1302 2820 1597 2891; x_wconf 87' lang='lat' dir='ltr'><strong>quemlibet</strong></span> <span class='ocrx_word' id='word_1_224' title='bbox 1623 2819 1908 2876; x_wconf 88' lang='lat' dir='ltr'><strong>doctorum</strong></span> <span class='ocrx_word' id='word_1_225' title='bbox 1940 2818 1993 2873; x_wconf 92' lang='lat' dir='ltr'><strong>in</strong></span> <span class='ocrx_word' id='word_1_226' title='bbox 2026 2832 2146 2872; x_wconf 85' lang='lat' dir='ltr'><strong>ver-</strong></span> 
     </span>
    </p>
   </div>
   <div class='ocr_carea' id='block_1_29' title="bbox 557 2908 2147 2968">
    <p class='ocr_par' dir='ltr' id='par_1_29' title="bbox 557 2908 2147 2968">
     <span class='ocr_line' id='line_1_29' title="bbox 557 2908 2147 2968; baseline -0.001 -2"><span class='ocrx_word' id='word_1_227' title='bbox 557 2911 629 2966; x_wconf 87' lang='lat' dir='ltr'><strong>bo</strong></span> <span class='ocrx_word' id='word_1_228' title='bbox 655 2912 917 2968; x_wconf 67' lang='lat' dir='ltr'><strong>doctrinae</strong></span> <span class='ocrx_word' id='word_1_229' title='bbox 944 2912 1213 2968; x_wconf 79' lang='lat' dir='ltr'><strong>desudare</strong></span> <span class='ocrx_word' id='word_1_230' title='bbox 1240 2921 1294 2967; x_wconf 90' lang='lat' dir='ltr'><strong>et</strong></span> <span class='ocrx_word' id='word_1_231' title='bbox 1320 2912 1425 2968; x_wconf 86' lang='lat' dir='ltr'><strong>sibi</strong></span> <span class='ocrx_word' id='word_1_232' title='bbox 1457 2912 1770 2968; x_wconf 90' lang='lat' dir='ltr'><strong>commissis</strong></span> <span class='ocrx_word' id='word_1_233' title='bbox 1796 2910 1963 2965; x_wconf 89' lang='lat' dir='ltr'><strong>verbo</strong></span> <span class='ocrx_word' id='word_1_234' title='bbox 1990 2919 2043 2964; x_wconf 89' lang='lat' dir='ltr'><strong>et</strong></span> <span class='ocrx_word' id='word_1_235' title='bbox 2072 2908 2147 2964; x_wconf 78' lang='lat' dir='ltr'><strong>fa-</strong></span> 
     </span>
    </p>
   </div>
   <div class='ocr_carea' id='block_1_30' title="bbox 559 3001 2145 3076">
    <p class='ocr_par' dir='ltr' id='par_1_30' title="bbox 559 3001 2145 3076">
     <span class='ocr_line' id='line_1_30' title="bbox 559 3001 2145 3076; baseline -0.003 -16"><span class='ocrx_word' id='word_1_236' title='bbox 559 3010 650 3060; x_wconf 93' lang='lat' dir='ltr'><strong>cto</strong></span> <span class='ocrx_word' id='word_1_237' title='bbox 680 3004 968 3076; x_wconf 90' lang='lat' dir='ltr'><strong>invigilare</strong></span> <span class='ocrx_word' id='word_1_238' title='bbox 994 3004 1336 3076; x_wconf 83' lang='lat' dir='ltr'><strong>pepulosque</strong></span> <span class='ocrx_word' id='word_1_239' title='bbox 1362 3020 1624 3061; x_wconf 90' lang='lat' dir='ltr'><strong>erroneos</strong></span> <span class='ocrx_word' id='word_1_240' title='bbox 1648 3012 1703 3060; x_wconf 88' lang='lat' dir='ltr'><strong>et</strong></span> <span class='ocrx_word' id='word_1_241' title='bbox 1731 3004 1939 3074; x_wconf 89' lang='lat' dir='ltr'><strong>absque</strong></span> <span class='ocrx_word' id='word_1_242' title='bbox 1966 3001 2145 3057; x_wconf 86' lang='lat' dir='ltr'><strong>domi-</strong></span> 
     </span>
    </p>
   </div>
   <div class='ocr_carea' id='block_1_31' title="bbox 560 3096 2147 3153">
    <p class='ocr_par' dir='ltr' id='par_1_31' title="bbox 560 3096 2147 3153">
     <span class='ocr_line' id='line_1_31' title="bbox 560 3096 2147 3153; baseline -0.003 -1"><span class='ocrx_word' id='word_1_243' title='bbox 560 3113 635 3153; x_wconf 91' lang='lat' dir='ltr'><strong>no</strong></span> <span class='ocrx_word' id='word_1_244' title='bbox 662 3113 792 3152; x_wconf 86' lang='lat' dir='ltr'><strong>vero</strong></span> <span class='ocrx_word' id='word_1_245' title='bbox 819 3097 888 3153; x_wconf 89' lang='lat' dir='ltr'><strong>ad</strong></span> <span class='ocrx_word' id='word_1_246' title='bbox 915 3098 1061 3153; x_wconf 90' lang='lat' dir='ltr'><strong>viam</strong></span> <span class='ocrx_word' id='word_1_247' title='bbox 1093 3096 1338 3152; x_wconf 84' lang='lat' dir='ltr'><strong>veritatis</strong></span> <span class='ocrx_word' id='word_1_248' title='bbox 1367 3105 1684 3153; x_wconf 84' lang='lat' dir='ltr'><strong>convertere</strong></span> <span class='ocrx_word' id='word_1_249' title='bbox 1711 3106 1767 3152; x_wconf 88' lang='lat' dir='ltr'><strong>et</strong></span> <span class='ocrx_word' id='word_1_250' title='bbox 1795 3096 1993 3151; x_wconf 88' lang='lat' dir='ltr'><strong>talibus</strong></span> <span class='ocrx_word' id='word_1_251' title='bbox 2033 3096 2147 3149; x_wconf 86' lang='lat' dir='ltr'><strong>olli-</strong></span> 
     </span>
    </p>
   </div>
   <div class='ocr_carea' id='block_1_32' title="bbox 560 3187 2140 3261">
    <p class='ocr_par' dir='ltr' id='par_1_32' title="bbox 560 3187 2140 3261">
     <span class='ocr_line' id='line_1_32' title="bbox 560 3187 2140 3261; baseline -0.001 -18"><span class='ocrx_word' id='word_1_252' title='bbox 560 3190 660 3245; x_wconf 89' lang='lat' dir='ltr'><strong>ciis</strong></span> <span class='ocrx_word' id='word_1_253' title='bbox 688 3187 917 3244; x_wconf 90' lang='lat' dir='ltr'><strong>mercari</strong></span> <span class='ocrx_word' id='word_1_254' title='bbox 947 3189 1143 3261; x_wconf 87' lang='lat' dir='ltr'><strong>gaudia</strong></span> <span class='ocrx_word' id='word_1_255' title='bbox 1177 3189 1302 3245; x_wconf 65' lang='lat' dir='ltr'><strong>vita:</strong></span> <span class='ocrx_word' id='word_1_256' title='bbox 1325 3231 1341 3255; x_wconf 90' lang='lat'><strong>,</strong></span> <span class='ocrx_word' id='word_1_257' title='bbox 1389 3198 1607 3261; x_wconf 67' lang='lat' dir='ltr'><strong>quantas</strong></span> <span class='ocrx_word' id='word_1_258' title='bbox 1636 3188 1704 3245; x_wconf 89' lang='lat' dir='ltr'><strong>ad</strong></span> <span class='ocrx_word' id='word_1_259' title='bbox 1732 3187 1900 3244; x_wconf 91' lang='lat' dir='ltr'><strong>ictum</strong></span> <span class='ocrx_word' id='word_1_260' title='bbox 1930 3202 2140 3243; x_wconf 87' lang='lat' dir='ltr'><strong>secur.s</strong></span> 
     </span>
    </p>
   </div>
   <div class='ocr_carea' id='block_1_33' title="bbox 561 3279 2145 3373">
    <p class='ocr_par' dir='ltr' id='par_1_33' title="bbox 561 3279 2145 3373">
     <span class='ocr_line' id='line_1_33' title="bbox 561 3279 2145 3373; baseline -0.001 -37"><span class='ocrx_word' id='word_1_261' title='bbox 561 3279 1011 3373; x_wconf 59' lang='lat' dir='ltr'><strong>veLimminentis</strong></span> <span class='ocrx_word' id='word_1_262' title='bbox 1040 3280 1202 3353; x_wconf 84' lang='lat' dir='ltr'><strong>gladii</strong></span> <span class='ocrx_word' id='word_1_263' title='bbox 1232 3289 1396 3353; x_wconf 90' lang='lat' dir='ltr'><strong>caput</strong></span> <span class='ocrx_word' id='word_1_264' title='bbox 1424 3281 1686 3341; x_wconf 85' lang='lat' dir='ltr'><strong>inclinare</strong></span> <span class='ocrx_word' id='word_1_265' title='bbox 1714 3281 2024 3352; x_wconf 90' lang='lat' dir='ltr'><strong>collumque</strong></span> <span class='ocrx_word' id='word_1_266' title='bbox 2050 3296 2145 3334; x_wconf 80' lang='lat' dir='ltr'><strong>ex-</strong></span> 
     </span>
    </p>
   </div>
   <div class='ocr_carea' id='block_1_34' title="bbox 561 3371 2144 3446">
    <p class='ocr_par' dir='ltr' id='par_1_34' title="bbox 561 3371 2144 3446">
     <span class='ocr_line' id='line_1_34' title="bbox 561 3371 2144 3446; baseline 0 -20"><span class='ocrx_word' id='word_1_267' title='bbox 561 3371 801 3439; x_wconf 85' lang='lat' dir='ltr'><strong>tendere;</strong></span> <span class='ocrx_word' id='word_1_268' title='bbox 832 3388 960 3428; x_wconf 89' lang='lat' dir='ltr'><strong>cum</strong></span> <span class='ocrx_word' id='word_1_269' title='bbox 987 3373 1055 3428; x_wconf 89' lang='lat' dir='ltr'><strong>ad</strong></span> <span class='ocrx_word' id='word_1_270' title='bbox 1084 3374 1330 3446; x_wconf 88' lang='lat' dir='ltr'><strong>martyrii</strong></span> <span class='ocrx_word' id='word_1_271' title='bbox 1358 3372 1585 3445; x_wconf 88' lang='lat' dir='ltr'><strong>gloriam</strong></span> <span class='ocrx_word' id='word_1_272' title='bbox 1608 3373 1994 3445; x_wconf 88' lang='lat' dir='ltr'><strong>capessendam</strong></span> <span class='ocrx_word' id='word_1_273' title='bbox 2018 3371 2144 3443; x_wconf 86' lang='lat' dir='ltr'><strong>qui-</strong></span> 
     </span>
    </p>
   </div>
   <div class='ocr_carea' id='block_1_35' title="bbox 563 3461 2149 3536">
    <p class='ocr_par' dir='ltr' id='par_1_35' title="bbox 563 3461 2149 3536">
     <span class='ocr_line' id='line_1_35' title="bbox 563 3461 2149 3536; baseline 0.003 -21"><span class='ocrx_word' id='word_1_274' title='bbox 563 3461 692 3515; x_wconf 87' lang='lat' dir='ltr'><strong>libet</strong></span> <span class='ocrx_word' id='word_1_275' title='bbox 718 3462 784 3517; x_wconf 90' lang='lat' dir='ltr'><strong>de</strong></span> <span class='ocrx_word' id='word_1_276' title='bbox 814 3464 1037 3534; x_wconf 89' lang='lat' dir='ltr'><strong>populo,</strong></span> <span class='ocrx_word' id='word_1_277' title='bbox 1067 3465 1227 3535; x_wconf 91' lang='lat' dir='ltr'><strong>cujus</strong></span> <span class='ocrx_word' id='word_1_278' title='bbox 1255 3480 1350 3520; x_wconf 91' lang='lat' dir='ltr'><strong>cor</strong></span> <span class='ocrx_word' id='word_1_279' title='bbox 1379 3464 1644 3521; x_wconf 88' lang='lat' dir='ltr'><strong>Dominus</strong></span> <span class='ocrx_word' id='word_1_280' title='bbox 1671 3465 1994 3521; x_wconf 89' lang='lat' dir='ltr'><strong>illustrando</strong></span> <span class='ocrx_word' id='word_1_281' title='bbox 2017 3481 2149 3536; x_wconf 69' lang='lat' dir='ltr'><strong>pne-</strong></span> 
     </span>
    </p>
   </div>
   <div class='ocr_carea' id='block_1_36' title="bbox 564 3541 2149 3630">
    <p class='ocr_par' dir='ltr' id='par_1_36' title="bbox 564 3541 2149 3630">
     <span class='ocr_line' id='line_1_36' title="bbox 564 3541 2149 3630; baseline 0.003 -21"><span class='ocrx_word' id='word_1_282' title='bbox 564 3563 832 3625; x_wconf 88' lang='lat' dir='ltr'><strong>parasset,</strong></span> <span class='ocrx_word' id='word_1_283' title='bbox 865 3557 1046 3627; x_wconf 90' lang='lat' dir='ltr'><strong>quiret</strong></span> <span class='ocrx_word' id='word_1_284' title='bbox 1073 3541 1339 3625; x_wconf 72' lang='lat' dir='ltr'><strong>sufﬁcere,</strong></span> <span class='ocrx_word' id='word_1_285' title='bbox 1371 3558 1438 3613; x_wconf 92' lang='lat' dir='ltr'><strong>ad</strong></span> <span class='ocrx_word' id='word_1_286' title='bbox 1467 3558 1865 3630; x_wconf 87' lang='lat' dir='ltr'><strong>proscindenda</strong></span> <span class='ocrx_word' id='word_1_287' title='bbox 1894 3574 2024 3613; x_wconf 91' lang='lat' dir='ltr'><strong>vero</strong></span> <span class='ocrx_word' id='word_1_288' title='bbox 2051 3574 2149 3613; x_wconf 91' lang='lat' dir='ltr'><strong>vo-</strong></span> 
     </span>
    </p>
   </div>
   <div class='ocr_carea' id='block_1_37' title="bbox 563 3646 2147 3720">
    <p class='ocr_par' dir='ltr' id='par_1_37' title="bbox 563 3646 2147 3720">
     <span class='ocr_line' id='line_1_37' title="bbox 563 3646 2147 3720; baseline 0.003 -21"><span class='ocrx_word' id='word_1_289' title='bbox 563 3660 714 3700; x_wconf 85' lang='lat' dir='ltr'><strong>mere</strong></span> <span class='ocrx_word' id='word_1_290' title='bbox 748 3646 899 3701; x_wconf 81' lang='lat' dir='ltr'><strong>verbi</strong></span> <span class='ocrx_word' id='word_1_291' title='bbox 926 3648 1091 3704; x_wconf 90' lang='lat' dir='ltr'><strong>corda</strong></span> <span class='ocrx_word' id='word_1_292' title='bbox 1122 3648 1528 3704; x_wconf 90' lang='lat' dir='ltr'><strong>incredulorum</strong></span> <span class='ocrx_word' id='word_1_293' title='bbox 1556 3658 1611 3705; x_wconf 92' lang='lat' dir='ltr'><strong>et</strong></span> <span class='ocrx_word' id='word_1_294' title='bbox 1636 3648 1909 3720; x_wconf 84' lang='lat' dir='ltr'><strong>eroganda</strong></span> <span class='ocrx_word' id='word_1_295' title='bbox 1939 3647 2147 3704; x_wconf 89' lang='lat' dir='ltr'><strong>semina</strong></span> 
     </span>
    </p>
   </div>
   <div class='ocr_carea' id='block_1_38' title="bbox 562 3726 2150 3811">
    <p class='ocr_par' dir='ltr' id='par_1_38' title="bbox 562 3726 2150 3811">
     <span class='ocr_line' id='line_1_38' title="bbox 562 3726 2150 3811; baseline 0.002 -20"><span class='ocrx_word' id='word_1_296' title='bbox 562 3736 874 3793; x_wconf 83' lang='lat' dir='ltr'><strong>divinorum</strong></span> <span class='ocrx_word' id='word_1_297' title='bbox 906 3738 1253 3811; x_wconf 68' lang='lat' dir='ltr'><strong>degmatum,‘</strong></span> <span class='ocrx_word' id='word_1_298' title='bbox 1274 3741 1342 3796; x_wconf 82' lang='lat' dir='ltr'><strong>ad</strong></span> <span class='ocrx_word' id='word_1_299' title='bbox 1371 3741 1670 3798; x_wconf 84' lang='lat' dir='ltr'><strong>exerendas</strong></span> <span class='ocrx_word' id='word_1_300' title='bbox 1695 3726 1987 3796; x_wconf 82' lang='lat' dir='ltr'><strong>varietates</strong></span> <span class='ocrx_word' id='word_1_301' title='bbox 2032 3756 2150 3794; x_wconf 91' lang='lat' dir='ltr'><strong>am-</strong></span> 
     </span>
    </p>
   </div>
   <div class='ocr_carea' id='block_1_39' title="bbox 565 3827 2151 3901">
    <p class='ocr_par' dir='ltr' id='par_1_39' title="bbox 565 3827 2151 3901">
     <span class='ocr_line' id='line_1_39' title="bbox 565 3827 2151 3901; baseline 0.003 -21"><span class='ocrx_word' id='word_1_302' title='bbox 565 3827 933 3882; x_wconf 85' lang='lat' dir='ltr'><strong>monitionum</strong></span> <span class='ocrx_word' id='word_1_303' title='bbox 958 3827 1122 3899; x_wconf 87' lang='lat' dir='ltr'><strong>digne</strong></span> <span class='ocrx_word' id='word_1_304' title='bbox 1149 3827 1465 3885; x_wconf 48' lang='lat' dir='ltr'><strong>et‘discrete</strong></span> <span class='ocrx_word' id='word_1_305' title='bbox 1489 3845 1590 3900; x_wconf 91' lang='lat' dir='ltr'><strong>pro</strong></span> <span class='ocrx_word' id='word_1_306' title='bbox 1614 3830 1882 3901; x_wconf 69' lang='lat' dir='ltr'><strong>qualitate</strong></span> <span class='ocrx_word' id='word_1_307' title='bbox 1907 3838 1962 3885; x_wconf 85' lang='lat' dir='ltr'><strong>et</strong></span> <span class='ocrx_word' id='word_1_308' title='bbox 1986 3845 2151 3901; x_wconf 86' lang='lat' dir='ltr'><strong>capa-</strong></span> 
     </span>
    </p>
   </div>
   <div class='ocr_carea' id='block_1_40' title="bbox 564 3919 2152 3993">
    <p class='ocr_par' dir='ltr' id='par_1_40' title="bbox 564 3919 2152 3993">
     <span class='ocr_line' id='line_1_40' title="bbox 564 3919 2152 3993; baseline 0.002 -19"><span class='ocrx_word' id='word_1_309' title='bbox 564 3919 732 3975; x_wconf 89' lang='lat' dir='ltr'><strong>citate</strong></span> <span class='ocrx_word' id='word_1_310' title='bbox 760 3921 828 3953; x_wconf 81' lang='grc'>¹¹⁸</span> <span class='ocrx_word' id='word_1_311' title='bbox 856 3920 1217 3989; x_wconf 88' lang='lat' dir='ltr'><strong>audientium,</strong></span> <span class='ocrx_word' id='word_1_312' title='bbox 1245 3921 1303 3977; x_wconf 93' lang='lat' dir='ltr'><strong>in</strong></span> <span class='ocrx_word' id='word_1_313' title='bbox 1332 3930 1443 3978; x_wconf 86' lang='lat' dir='ltr'><strong>tam</strong></span> <span class='ocrx_word' id='word_1_314' title='bbox 1465 3937 1590 3978; x_wconf 88' lang='lat' dir='ltr'><strong>rara</strong></span> <span class='ocrx_word' id='word_1_315' title='bbox 1610 3922 2008 3979; x_wconf 83' lang='lat' dir='ltr'><strong>christianitate</strong></span> <span class='ocrx_word' id='word_1_316' title='bbox 2029 3938 2152 3993; x_wconf 85' lang='lat' dir='ltr'><strong>per-</strong></span> 
     </span>
    </p>
   </div>
   <div class='ocr_carea' id='block_1_41' title="bbox 566 4012 2153 4086">
    <p class='ocr_par' dir='ltr' id='par_1_41' title="bbox 566 4012 2153 4086">
     <span class='ocr_line' id='line_1_41' title="bbox 566 4012 2153 4086; baseline 0.002 -19"><span class='ocrx_word' id='word_1_317' title='bbox 566 4012 727 4082; x_wconf 90' lang='lat' dir='ltr'><strong>pauci</strong></span> <span class='ocrx_word' id='word_1_318' title='bbox 758 4013 1134 4069; x_wconf 90' lang='lat' dir='ltr'><strong>iuvenirentur</strong></span> <span class='ocrx_word' id='word_1_319' title='bbox 1160 4015 1364 4085; x_wconf 89' lang='lat' dir='ltr'><strong>quibus</strong></span> <span class='ocrx_word' id='word_1_320' title='bbox 1391 4015 1660 4070; x_wconf 86' lang='lat' dir='ltr'><strong>committi</strong></span> <span class='ocrx_word' id='word_1_321' title='bbox 1688 4024 1872 4086; x_wconf 86' lang='lat' dir='ltr'><strong>posset</strong></span> <span class='ocrx_word' id='word_1_322' title='bbox 1898 4016 2153 4070; x_wconf 89' lang='lat' dir='ltr'><strong>sacerdo-</strong></span> 
     </span>
    </p>
   </div>
   <div class='ocr_carea' id='block_1_42' title="bbox 568 4104 2154 4173">
    <p class='ocr_par' dir='ltr' id='par_1_42' title="bbox 568 4104 2154 4173">
     <span class='ocr_line' id='line_1_42' title="bbox 568 4104 2154 4173; baseline 0.001 -13"><span class='ocrx_word' id='word_1_323' title='bbox 568 4106 676 4161; x_wconf 88' lang='lat' dir='ltr'><strong>tale</strong></span> <span class='ocrx_word' id='word_1_324' title='bbox 705 4104 962 4161; x_wconf 76' lang='lat' dir='ltr'><strong>oﬁicium.</strong></span> <span class='ocrx_word' id='word_1_325' title='bbox 993 4105 1135 4173; x_wconf 92' lang='lat' dir='ltr'><strong>Quid</strong></span> <span class='ocrx_word' id='word_1_326' title='bbox 1163 4106 1311 4162; x_wconf 90' lang='lat' dir='ltr'><strong>enim</strong></span> <span class='ocrx_word' id='word_1_327' title='bbox 1340 4107 1546 4163; x_wconf 89' lang='lat' dir='ltr'><strong>tercius</strong></span> <span class='ocrx_word' id='word_1_328' title='bbox 1590 4122 1623 4162; x_wconf 89' lang='lat' dir='ltr'><strong>a</strong></span> <span class='ocrx_word' id='word_1_329' title='bbox 1672 4106 1831 4162; x_wconf 86' lang='lat' dir='ltr'><strong>Petro</strong></span> <span class='ocrx_word' id='word_1_330' title='bbox 1857 4106 2154 4162; x_wconf 84' lang='lat' dir='ltr'><strong>Clemens?</strong></span> 
     </span>
    </p>
   </div>
   <div class='ocr_carea' id='block_1_43' title="bbox 568 4198 2153 4272">
    <p class='ocr_par' dir='ltr' id='par_1_43' title="bbox 568 4198 2153 4272">
     <span class='ocr_line' id='line_1_43' title="bbox 568 4198 2153 4272; baseline 0.002 -20"><span class='ocrx_word' id='word_1_331' title='bbox 568 4213 750 4252; x_wconf 88' lang='lat' dir='ltr'><strong>nonne</strong></span> <span class='ocrx_word' id='word_1_332' title='bbox 778 4198 948 4254; x_wconf 90' lang='lat' dir='ltr'><strong>maris</strong></span> <span class='ocrx_word' id='word_1_333' title='bbox 975 4199 1283 4271; x_wconf 86' lang='lat' dir='ltr'><strong>gurgitibus</strong></span> <span class='ocrx_word' id='word_1_334' title='bbox 1309 4201 1583 4256; x_wconf 85' lang='lat' dir='ltr'><strong>inmersus</strong></span> <span class='ocrx_word' id='word_1_335' title='bbox 1609 4200 1900 4271; x_wconf 86' lang='lat' dir='ltr'><strong>complevit</strong></span> <span class='ocrx_word' id='word_1_336' title='bbox 1945 4208 2153 4272; x_wconf 79' lang='lat' dir='ltr'><strong>marty-</strong></span> 
     </span>
    </p>
   </div>
   <div class='ocr_carea' id='block_1_44' title="bbox 569 4290 2156 4359">
    <p class='ocr_par' dir='ltr' id='par_1_44' title="bbox 569 4290 2156 4359">
     <span class='ocr_line' id='line_1_44' title="bbox 569 4290 2156 4359; baseline 0.001 -14"><span class='ocrx_word' id='word_1_337' title='bbox 569 4290 758 4346; x_wconf 84' lang='lat' dir='ltr'><strong>rium?</strong></span> <span class='ocrx_word' id='word_1_338' title='bbox 784 4290 926 4359; x_wconf 89' lang='lat' dir='ltr'><strong>Quid</strong></span> <span class='ocrx_word' id='word_1_339' title='bbox 958 4291 1283 4350; x_wconf 75' lang='lat' dir='ltr'><strong>Marcellus?</strong></span> <span class='ocrx_word' id='word_1_340' title='bbox 1306 4309 1492 4351; x_wconf 81' lang='lat' dir='ltr'><strong>nonne</strong></span> <span class='ocrx_word' id='word_1_341' title='bbox 1519 4294 1575 4349; x_wconf 91' lang='lat' dir='ltr'><strong>in</strong></span> <span class='ocrx_word' id='word_1_342' title='bbox 1601 4294 1767 4351; x_wconf 89' lang='lat' dir='ltr'><strong>dumo</strong></span> <span class='ocrx_word' id='word_1_343' title='bbox 1795 4291 2018 4349; x_wconf 70' lang='lat' dir='ltr'><strong>Lucina:</strong></span> <span class='ocrx_word' id='word_1_344' title='bbox 2043 4307 2156 4346; x_wconf 88' lang='lat' dir='ltr'><strong>ma-</strong></span> 
     </span>
    </p>
   </div>
   <div class='ocr_carea' id='block_1_45' title="bbox 569 4382 2156 4456">
    <p class='ocr_par' dir='ltr' id='par_1_45' title="bbox 569 4382 2156 4456">
     <span class='ocr_line' id='line_1_45' title="bbox 569 4382 2156 4456; baseline 0.001 -21"><span class='ocrx_word' id='word_1_345' title='bbox 569 4390 741 4436; x_wconf 66' lang='lat' dir='ltr'><strong>trona:</strong></span> <span class='ocrx_word' id='word_1_346' title='bbox 789 4398 955 4452; x_wconf 87' lang='lat' dir='ltr'><strong>quam</strong></span> <span class='ocrx_word' id='word_1_347' title='bbox 1007 4382 1119 4438; x_wconf 89' lang='lat' dir='ltr'><strong>Deo</strong></span> <span class='ocrx_word' id='word_1_348' title='bbox 1143 4384 1420 4440; x_wconf 84' lang='lat' dir='ltr'><strong>dicaverat</strong></span> <span class='ocrx_word' id='word_1_349' title='bbox 1441 4425 1460 4451; x_wconf 85' lang='lat'><strong>,</strong></span> <span class='ocrx_word' id='word_1_350' title='bbox 1489 4385 1676 4442; x_wconf 90' lang='lat' dir='ltr'><strong>stratis</strong></span> <span class='ocrx_word' id='word_1_351' title='bbox 1701 4384 1912 4456; x_wconf 90' lang='lat' dir='ltr'><strong>plancis</strong></span> <span class='ocrx_word' id='word_1_352' title='bbox 1939 4383 2008 4438; x_wconf 84' lang='lat' dir='ltr'><strong>ad</strong></span> <span class='ocrx_word' id='word_1_353' title='bbox 2037 4383 2156 4437; x_wconf 87' lang='lat' dir='ltr'><strong>ani-</strong></span> 
     </span>
    </p>
   </div>
   <div class='ocr_carea' id='block_1_46' title="bbox 2232 707 3780 767">
    <p class='ocr_par' dir='ltr' id='par_1_46' title="bbox 2232 707 3780 767">
     <span class='ocr_line' id='line_1_46' title="bbox 2232 707 3780 767; baseline 0.003 -5"><span class='ocrx_word' id='word_1_354' title='bbox 2232 707 2446 763; x_wconf 92' lang='lat' dir='ltr'><strong>mordio</strong></span> <span class='ocrx_word' id='word_1_355' title='bbox 2494 708 2771 764; x_wconf 88' lang='lat' dir='ltr'><strong>nascentis</strong></span> <span class='ocrx_word' id='word_1_356' title='bbox 2804 708 3049 764; x_wconf 72' lang='lat' dir='ltr'><strong>ecclesia:</strong></span> <span class='ocrx_word' id='word_1_357' title='bbox 3077 724 3203 764; x_wconf 90' lang='lat' dir='ltr'><strong>cum</strong></span> <span class='ocrx_word' id='word_1_358' title='bbox 3232 708 3424 764; x_wconf 87' lang='lat' dir='ltr'><strong>sevitia</strong></span> <span class='ocrx_word' id='word_1_359' title='bbox 3452 708 3674 766; x_wconf 79' lang='lat' dir='ltr'><strong>furentis</strong></span> <span class='ocrx_word' id='word_1_360' title='bbox 3699 713 3780 767; x_wconf 84' lang='lat' dir='ltr'><strong>ad-</strong></span> 
     </span>
    </p>
   </div>
   <div class='ocr_carea' id='block_1_47' title="bbox 2228 797 3780 873">
    <p class='ocr_par' dir='ltr' id='par_1_47' title="bbox 2228 797 3780 873">
     <span class='ocr_line' id='line_1_47' title="bbox 2228 797 3780 873; baseline 0 -18"><span class='ocrx_word' id='word_1_361' title='bbox 2228 799 2460 855; x_wconf 89' lang='lat' dir='ltr'><strong>versarii</strong></span> <span class='ocrx_word' id='word_1_362' title='bbox 2508 800 2712 855; x_wconf 90' lang='lat' dir='ltr'><strong>multos</strong></span> <span class='ocrx_word' id='word_1_363' title='bbox 2761 798 2920 855; x_wconf 90' lang='lat' dir='ltr'><strong>nobis</strong></span> <span class='ocrx_word' id='word_1_364' title='bbox 2966 797 3170 854; x_wconf 81' lang='lat' dir='ltr'><strong>faceret</strong></span> <span class='ocrx_word' id='word_1_365' title='bbox 3214 798 3461 854; x_wconf 83' lang='lat' dir='ltr'><strong>veritatis</strong></span> <span class='ocrx_word' id='word_1_366' title='bbox 3508 809 3780 873; x_wconf 84' lang='lat' dir='ltr'><strong>martyres,</strong></span> 
     </span>
    </p>
   </div>
   <div class='ocr_carea' id='block_1_48' title="bbox 2232 887 3781 960">
    <p class='ocr_par' dir='ltr' id='par_1_48' title="bbox 2232 887 3781 960">
     <span class='ocr_line' id='line_1_48' title="bbox 2232 887 3781 960; baseline 0.001 -17"><span class='ocrx_word' id='word_1_367' title='bbox 2232 887 2443 959; x_wconf 90' lang='lat' dir='ltr'><strong>perrari</strong></span> <span class='ocrx_word' id='word_1_368' title='bbox 2471 888 2891 944; x_wconf 88' lang='lat' dir='ltr'><strong>inveniebantur</strong></span> <span class='ocrx_word' id='word_1_369' title='bbox 2916 888 3275 944; x_wconf 87' lang='lat' dir='ltr'><strong>ecclesiarum</strong></span> <span class='ocrx_word' id='word_1_370' title='bbox 3324 887 3571 960; x_wconf 85' lang='lat' dir='ltr'><strong>magistri</strong></span> <span class='ocrx_word' id='word_1_371' title='bbox 3613 898 3666 944; x_wconf 91' lang='lat' dir='ltr'><strong>et</strong></span> <span class='ocrx_word' id='word_1_372' title='bbox 3701 890 3781 945; x_wconf 85' lang='lat' dir='ltr'><strong>do-</strong></span> 
     </span>
    </p>
   </div>
   <div class='ocr_carea' id='block_1_49' title="bbox 2231 979 3784 1052">
    <p class='ocr_par' dir='ltr' id='par_1_49' title="bbox 2231 979 3784 1052">
     <span class='ocr_line' id='line_1_49' title="bbox 2231 979 3784 1052; baseline -0.001 -15"><span class='ocrx_word' id='word_1_373' title='bbox 2231 990 2431 1037; x_wconf 88' lang='lat' dir='ltr'><strong>ctores.</strong></span> <span class='ocrx_word' id='word_1_374' title='bbox 2460 979 2618 1037; x_wconf 88' lang='lat' dir='ltr'><strong>Nunc</strong></span> <span class='ocrx_word' id='word_1_375' title='bbox 2644 981 2775 1052; x_wconf 87' lang='lat' dir='ltr'><strong>quia</strong></span> <span class='ocrx_word' id='word_1_376' title='bbox 2799 981 2913 1052; x_wconf 89' lang='lat' dir='ltr'><strong>jam</strong></span> <span class='ocrx_word' id='word_1_377' title='bbox 2943 980 2998 1035; x_wconf 91' lang='lat' dir='ltr'><strong>in</strong></span> <span class='ocrx_word' id='word_1_378' title='bbox 3027 980 3235 1036; x_wconf 86' lang='lat' dir='ltr'><strong>mundo</strong></span> <span class='ocrx_word' id='word_1_379' title='bbox 3261 979 3409 1051; x_wconf 86' lang='lat' dir='ltr'><strong>viget</strong></span> <span class='ocrx_word' id='word_1_380' title='bbox 3448 980 3784 1036; x_wconf 77' lang='lat' dir='ltr'><strong>christianita-</strong></span> 
     </span>
    </p>
   </div>
   <div class='ocr_carea' id='block_1_50' title="bbox 2232 1070 3784 1145">
    <p class='ocr_par' dir='ltr' id='par_1_50' title="bbox 2232 1070 3784 1145">
     <span class='ocr_line' id='line_1_50' title="bbox 2232 1070 3784 1145; baseline -0.001 -17"><span class='ocrx_word' id='word_1_381' title='bbox 2232 1073 2305 1129; x_wconf 86' lang='lat' dir='ltr'><strong>tis</strong></span> <span class='ocrx_word' id='word_1_382' title='bbox 2332 1071 2545 1141; x_wconf 88' lang='lat' dir='ltr'><strong>titulus,</strong></span> <span class='ocrx_word' id='word_1_383' title='bbox 2573 1080 2631 1128; x_wconf 90' lang='lat' dir='ltr'><strong>et</strong></span> <span class='ocrx_word' id='word_1_384' title='bbox 2656 1087 2791 1144; x_wconf 85' lang='lat' dir='ltr'><strong>pace</strong></span> <span class='ocrx_word' id='word_1_385' title='bbox 2817 1071 3064 1127; x_wconf 71' lang='lat' dir='ltr'><strong>ecclesia:</strong></span> <span class='ocrx_word' id='word_1_386' title='bbox 3090 1070 3188 1145; x_wconf 85' lang='lat' dir='ltr'><strong>Dei</strong></span> <span class='ocrx_word' id='word_1_387' title='bbox 3214 1072 3423 1127; x_wconf 88' lang='lat' dir='ltr'><strong>reddita</strong></span> <span class='ocrx_word' id='word_1_388' title='bbox 3451 1072 3684 1128; x_wconf 89' lang='lat' dir='ltr'><strong>hostium</strong></span> <span class='ocrx_word' id='word_1_389' title='bbox 3708 1073 3784 1127; x_wconf 85' lang='lat' dir='ltr'><strong>ad-</strong></span> 
     </span>
    </p>
   </div>
   <div class='ocr_carea' id='block_1_51' title="bbox 2231 1164 3786 1235">
    <p class='ocr_par' dir='ltr' id='par_1_51' title="bbox 2231 1164 3786 1235">
     <span class='ocr_line' id='line_1_51' title="bbox 2231 1164 3786 1235; baseline -0.001 -15"><span class='ocrx_word' id='word_1_390' title='bbox 2231 1166 2568 1221; x_wconf 89' lang='lat' dir='ltr'><strong>versantium</strong></span> <span class='ocrx_word' id='word_1_391' title='bbox 2606 1164 2877 1221; x_wconf 89' lang='lat' dir='ltr'><strong>contritus</strong></span> <span class='ocrx_word' id='word_1_392' title='bbox 2921 1173 3008 1220; x_wconf 91' lang='lat' dir='ltr'><strong>est</strong></span> <span class='ocrx_word' id='word_1_393' title='bbox 3051 1165 3291 1235; x_wconf 90' lang='lat' dir='ltr'><strong>impetus</strong></span> <span class='ocrx_word' id='word_1_394' title='bbox 3316 1205 3333 1231; x_wconf 87' lang='lat'><strong>,</strong></span> <span class='ocrx_word' id='word_1_395' title='bbox 3362 1164 3786 1235; x_wconf 84' lang='lat' dir='ltr'><strong>sacerdotumque</strong></span> 
     </span>
    </p>
   </div>
   <div class='ocr_carea' id='block_1_52' title="bbox 2233 1255 3784 1327">
    <p class='ocr_par' dir='ltr' id='par_1_52' title="bbox 2233 1255 3784 1327">
     <span class='ocr_line' id='line_1_52' title="bbox 2233 1255 3784 1327; baseline -0.001 -16"><span class='ocrx_word' id='word_1_396' title='bbox 2233 1257 2466 1327; x_wconf 90' lang='lat' dir='ltr'><strong>puritate</strong></span> <span class='ocrx_word' id='word_1_397' title='bbox 2511 1256 2822 1313; x_wconf 83' lang='lat' dir='ltr'><strong>innocentis</strong></span> <span class='ocrx_word' id='word_1_398' title='bbox 2845 1256 2971 1311; x_wconf 67' lang='lat' dir='ltr'><strong>vitaa</strong></span> <span class='ocrx_word' id='word_1_399' title='bbox 2998 1255 3232 1310; x_wconf 89' lang='lat' dir='ltr'><strong>Domino</strong></span> <span class='ocrx_word' id='word_1_400' title='bbox 3267 1255 3643 1311; x_wconf 85' lang='lat' dir='ltr'><strong>adherentium</strong></span> <span class='ocrx_word' id='word_1_401' title='bbox 3682 1256 3784 1311; x_wconf 78' lang='lat' dir='ltr'><strong>diu-</strong></span> 
     </span>
    </p>
   </div>
   <div class='ocr_carea' id='block_1_53' title="bbox 2233 1347 3785 1419">
    <p class='ocr_par' dir='ltr' id='par_1_53' title="bbox 2233 1347 3785 1419">
     <span class='ocr_line' id='line_1_53' title="bbox 2233 1347 3785 1419; baseline 0 -16"><span class='ocrx_word' id='word_1_402' title='bbox 2233 1348 2495 1404; x_wconf 90' lang='lat' dir='ltr'><strong>turnitate</strong></span> <span class='ocrx_word' id='word_1_403' title='bbox 2520 1348 2674 1418; x_wconf 87' lang='lat' dir='ltr'><strong>pacis</strong></span> <span class='ocrx_word' id='word_1_404' title='bbox 2699 1348 2873 1404; x_wconf 90' lang='lat' dir='ltr'><strong>crevit</strong></span> <span class='ocrx_word' id='word_1_405' title='bbox 2901 1348 3268 1403; x_wconf 88' lang='lat' dir='ltr'><strong>numerositas</strong></span> <span class='ocrx_word' id='word_1_406' title='bbox 3286 1387 3303 1415; x_wconf 89' lang='lat'><strong>,</strong></span> <span class='ocrx_word' id='word_1_407' title='bbox 3355 1347 3496 1403; x_wconf 87' lang='lat' dir='ltr'><strong>adeo</strong></span> <span class='ocrx_word' id='word_1_408' title='bbox 3533 1355 3594 1403; x_wconf 89' lang='lat' dir='ltr'><strong>ut</strong></span> <span class='ocrx_word' id='word_1_409' title='bbox 3629 1348 3785 1419; x_wconf 79' lang='lat' dir='ltr'><strong>plures</strong></span> 
     </span>
    </p>
   </div>
   <div class='ocr_carea' id='block_1_54' title="bbox 2230 1435 3785 1511">
    <p class='ocr_par' dir='ltr' id='par_1_54' title="bbox 2230 1435 3785 1511">
     <span class='ocr_line' id='line_1_54' title="bbox 2230 1435 3785 1511; baseline -0.001 -15"><span class='ocrx_word' id='word_1_410' title='bbox 2230 1435 2476 1496; x_wconf 73' lang='lat' dir='ltr'><strong>ecclesiae</strong></span> <span class='ocrx_word' id='word_1_411' title='bbox 2502 1455 2626 1511; x_wconf 83' lang='lat' dir='ltr'><strong>quae</strong></span> <span class='ocrx_word' id='word_1_412' title='bbox 2652 1441 2951 1496; x_wconf 90' lang='lat' dir='ltr'><strong>multorum</strong></span> <span class='ocrx_word' id='word_1_413' title='bbox 2979 1440 3300 1510; x_wconf 85' lang='lat' dir='ltr'><strong>pontiﬁcum</strong></span> <span class='ocrx_word' id='word_1_414' title='bbox 3346 1439 3630 1495; x_wconf 88' lang='lat' dir='ltr'><strong>beatorum</strong></span> <span class='ocrx_word' id='word_1_415' title='bbox 3674 1440 3785 1495; x_wconf 82' lang='lat' dir='ltr'><strong>irra-</strong></span> 
     </span>
    </p>
   </div>
   <div class='ocr_carea' id='block_1_55' title="bbox 2231 1524 3787 1604">
    <p class='ocr_par' dir='ltr' id='par_1_55' title="bbox 2231 1524 3787 1604">
     <span class='ocr_line' id='line_1_55' title="bbox 2231 1524 3787 1604; baseline -0.001 -16"><span class='ocrx_word' id='word_1_416' title='bbox 2231 1533 2453 1588; x_wconf 90' lang='lat' dir='ltr'><strong>diantur</strong></span> <span class='ocrx_word' id='word_1_417' title='bbox 2477 1533 2638 1588; x_wconf 87' lang='lat' dir='ltr'><strong>titulo</strong></span> <span class='ocrx_word' id='word_1_418' title='bbox 2665 1573 2680 1599; x_wconf 94' lang='lat'><strong>,</strong></span> <span class='ocrx_word' id='word_1_419' title='bbox 2710 1524 2801 1588; x_wconf 83' lang='lat' dir='ltr'><strong>vix</strong></span> <span class='ocrx_word' id='word_1_420' title='bbox 2829 1532 2996 1588; x_wconf 90' lang='lat' dir='ltr'><strong>unius</strong></span> <span class='ocrx_word' id='word_1_421' title='bbox 3022 1532 3281 1604; x_wconf 86' lang='lat' dir='ltr'><strong>martyris</strong></span> <span class='ocrx_word' id='word_1_422' title='bbox 3309 1530 3610 1588; x_wconf 77' lang='lat' dir='ltr'><strong>fulciantur</strong></span> <span class='ocrx_word' id='word_1_423' title='bbox 3632 1544 3787 1604; x_wconf 78' lang='lat' dir='ltr'><strong>patro-</strong></span> 
     </span>
    </p>
   </div>
   <div class='ocr_carea' id='block_1_56' title="bbox 2231 1624 3783 1697">
    <p class='ocr_par' dir='ltr' id='par_1_56' title="bbox 2231 1624 3783 1697">
     <span class='ocr_line' id='line_1_56' title="bbox 2231 1624 3783 1697; baseline 0.001 -17"><span class='ocrx_word' id='word_1_424' title='bbox 2231 1626 2379 1681; x_wconf 91' lang='lat' dir='ltr'><strong>cinio</strong></span> <span class='ocrx_word' id='word_1_425' title='bbox 2409 1643 2424 1680; x_wconf 88' lang='lat'><strong>:</strong></span> <span class='ocrx_word' id='word_1_426' title='bbox 2456 1626 2517 1681; x_wconf 92' lang='lat' dir='ltr'><strong>ﬁt</strong></span> <span class='ocrx_word' id='word_1_427' title='bbox 2542 1635 2604 1681; x_wconf 92' lang='lat' dir='ltr'><strong>ut</strong></span> <span class='ocrx_word' id='word_1_428' title='bbox 2627 1626 2853 1697; x_wconf 90' lang='lat' dir='ltr'><strong>quidam</strong></span> <span class='ocrx_word' id='word_1_429' title='bbox 2879 1640 2912 1680; x_wconf 92' lang='lat' dir='ltr'><strong>e</strong></span> <span class='ocrx_word' id='word_1_430' title='bbox 2939 1625 3103 1697; x_wconf 83' lang='lat' dir='ltr'><strong>vulgo</strong></span> <span class='ocrx_word' id='word_1_431' title='bbox 3129 1624 3278 1697; x_wconf 89' lang='lat' dir='ltr'><strong>quod</strong></span> <span class='ocrx_word' id='word_1_432' title='bbox 3308 1625 3515 1681; x_wconf 88' lang='lat' dir='ltr'><strong>habent</strong></span> <span class='ocrx_word' id='word_1_433' title='bbox 3543 1626 3693 1697; x_wconf 86' lang='lat' dir='ltr'><strong>quasi</strong></span> <span class='ocrx_word' id='word_1_434' title='bbox 3718 1625 3783 1681; x_wconf 79' lang='lat' dir='ltr'><strong>fa-</strong></span> 
     </span>
    </p>
   </div>
   <div class='ocr_carea' id='block_1_57' title="bbox 2212 1718 3791 1791">
    <p class='ocr_par' dir='ltr' id='par_1_57' title="bbox 2212 1718 3791 1791">
     <span class='ocr_line' id='line_1_57' title="bbox 2212 1718 3791 1791; baseline -0.001 -16"><span class='ocrx_word' id='word_1_435' title='bbox 2212 1718 2459 1775; x_wconf 79' lang='lat' dir='ltr'><strong>stidiant</strong></span> <span class='ocrx_word' id='word_1_436' title='bbox 2481 1757 2497 1787; x_wconf 88' lang='lat'><strong>,</strong></span> <span class='ocrx_word' id='word_1_437' title='bbox 2526 1719 2675 1791; x_wconf 90' lang='lat' dir='ltr'><strong>quod</strong></span> <span class='ocrx_word' id='word_1_438' title='bbox 2699 1734 2810 1774; x_wconf 92' lang='lat' dir='ltr'><strong>non</strong></span> <span class='ocrx_word' id='word_1_439' title='bbox 2839 1718 3044 1773; x_wconf 86' lang='lat' dir='ltr'><strong>habent</strong></span> <span class='ocrx_word' id='word_1_440' title='bbox 3070 1718 3381 1776; x_wconf 89' lang='lat' dir='ltr'><strong>desiderent</strong></span> <span class='ocrx_word' id='word_1_441' title='bbox 3407 1760 3423 1786; x_wconf 90' lang='lat'><strong>,</strong></span> <span class='ocrx_word' id='word_1_442' title='bbox 3462 1728 3522 1774; x_wconf 90' lang='lat' dir='ltr'><strong>et</strong></span> <span class='ocrx_word' id='word_1_443' title='bbox 3557 1726 3791 1791; x_wconf 70' lang='lat' dir='ltr'><strong>martyres</strong></span> 
     </span>
    </p>
   </div>
   <div class='ocr_carea' id='block_1_58' title="bbox 2234 1810 3790 1883">
    <p class='ocr_par' dir='ltr' id='par_1_58' title="bbox 2234 1810 3790 1883">
     <span class='ocr_line' id='line_1_58' title="bbox 2234 1810 3790 1883; baseline -0.001 -15"><span class='ocrx_word' id='word_1_444' title='bbox 2234 1812 2384 1868; x_wconf 90' lang='lat' dir='ltr'><strong>omni</strong></span> <span class='ocrx_word' id='word_1_445' title='bbox 2411 1811 2631 1883; x_wconf 88' lang='lat' dir='ltr'><strong>quidem</strong></span> <span class='ocrx_word' id='word_1_446' title='bbox 2663 1812 2872 1868; x_wconf 88' lang='lat' dir='ltr'><strong>honore</strong></span> <span class='ocrx_word' id='word_1_447' title='bbox 2896 1810 3092 1883; x_wconf 91' lang='lat' dir='ltr'><strong>dignos</strong></span> <span class='ocrx_word' id='word_1_448' title='bbox 3115 1811 3380 1882; x_wconf 86' lang='lat' dir='ltr'><strong>judicent,</strong></span> <span class='ocrx_word' id='word_1_449' title='bbox 3402 1811 3687 1883; x_wconf 82' lang='lat' dir='ltr'><strong>ut&#39;justum</strong></span> <span class='ocrx_word' id='word_1_450' title='bbox 3704 1823 3790 1876; x_wconf 85' lang='lat' dir='ltr'><strong>est,</strong></span> 
     </span>
    </p>
   </div>
   <div class='ocr_carea' id='block_1_59' title="bbox 2234 1903 3792 1975">
    <p class='ocr_par' dir='ltr' id='par_1_59' title="bbox 2234 1903 3792 1975">
     <span class='ocr_line' id='line_1_59' title="bbox 2234 1903 3792 1975; baseline -0.003 -14"><span class='ocrx_word' id='word_1_451' title='bbox 2234 1904 2547 1961; x_wconf 88' lang='lat' dir='ltr'><strong>sacerdotes</strong></span> <span class='ocrx_word' id='word_1_452' title='bbox 2571 1919 2705 1960; x_wconf 91' lang='lat' dir='ltr'><strong>vero</strong></span> <span class='ocrx_word' id='word_1_453' title='bbox 2734 1903 2952 1960; x_wconf 90' lang='lat' dir='ltr'><strong>Domini</strong></span> <span class='ocrx_word' id='word_1_454' title='bbox 2978 1919 3121 1975; x_wconf 90' lang='lat' dir='ltr'><strong>quos</strong></span> <span class='ocrx_word' id='word_1_455' title='bbox 3148 1903 3351 1960; x_wconf 83' lang='lat' dir='ltr'><strong>habent</strong></span> <span class='ocrx_word' id='word_1_456' title='bbox 3376 1909 3641 1975; x_wconf 85' lang='lat' dir='ltr'><strong>patronos</strong></span> <span class='ocrx_word' id='word_1_457' title='bbox 3661 1946 3677 1973; x_wconf 95' lang='lat'><strong>,</strong></span> <span class='ocrx_word' id='word_1_458' title='bbox 3708 1904 3792 1958; x_wconf 88' lang='lat' dir='ltr'><strong>mi-</strong></span> 
     </span>
    </p>
   </div>
   <div class='ocr_carea' id='block_1_60' title="bbox 2235 1994 3793 2064">
    <p class='ocr_par' dir='ltr' id='par_1_60' title="bbox 2235 1994 3793 2064">
     <span class='ocr_line' id='line_1_60' title="bbox 2235 1994 3793 2064; baseline -0.002 -11"><span class='ocrx_word' id='word_1_459' title='bbox 2235 1996 2358 2053; x_wconf 91' lang='lat' dir='ltr'><strong>nori</strong></span> <span class='ocrx_word' id='word_1_460' title='bbox 2385 1996 2537 2053; x_wconf 89' lang='lat' dir='ltr'><strong>cultu</strong></span> <span class='ocrx_word' id='word_1_461' title='bbox 2560 2003 2891 2051; x_wconf 88' lang='lat' dir='ltr'><strong>venerentur</strong></span> <span class='ocrx_word' id='word_1_462' title='bbox 2916 2004 2972 2051; x_wconf 92' lang='lat' dir='ltr'><strong>et</strong></span> <span class='ocrx_word' id='word_1_463' title='bbox 2997 1996 3289 2052; x_wconf 87' lang='lat' dir='ltr'><strong>honorent.</strong></span> <span class='ocrx_word' id='word_1_464' title='bbox 3320 1994 3573 2064; x_wconf 85' lang='lat' dir='ltr'><strong>Quorum</strong></span> <span class='ocrx_word' id='word_1_465' title='bbox 3611 1998 3793 2052; x_wconf 79' lang='lat' dir='ltr'><strong>animas</strong></span> 
     </span>
    </p>
   </div>
   <div class='ocr_carea' id='block_1_61' title="bbox 2235 2088 3793 2161">
    <p class='ocr_par' dir='ltr' id='par_1_61' title="bbox 2235 2088 3793 2161">
     <span class='ocr_line' id='line_1_61' title="bbox 2235 2088 3793 2161; baseline -0.001 -16"><span class='ocrx_word' id='word_1_466' title='bbox 2235 2089 2339 2145; x_wconf 91' lang='lat' dir='ltr'><strong>etsi</strong></span> <span class='ocrx_word' id='word_1_467' title='bbox 2376 2088 2588 2161; x_wconf 85' lang='lat' dir='ltr'><strong>gladius</strong></span> <span class='ocrx_word' id='word_1_468' title='bbox 2627 2088 2994 2159; x_wconf 87' lang='lat' dir='ltr'><strong>persecutoris</strong></span> <span class='ocrx_word' id='word_1_469' title='bbox 3021 2103 3132 2144; x_wconf 85' lang='lat' dir='ltr'><strong>non</strong></span> <span class='ocrx_word' id='word_1_470' title='bbox 3162 2088 3390 2145; x_wconf 86' lang='lat' dir='ltr'><strong>abstulit</strong></span> <span class='ocrx_word' id='word_1_471' title='bbox 3410 2131 3426 2157; x_wconf 94' lang='lat'><strong>,</strong></span> <span class='ocrx_word' id='word_1_472' title='bbox 3457 2089 3689 2161; x_wconf 82' lang='lat' dir='ltr'><strong>palmam</strong></span> <span class='ocrx_word' id='word_1_473' title='bbox 3722 2097 3793 2143; x_wconf 80' lang='lat' dir='ltr'><strong>ta-</strong></span> 
     </span>
    </p>
   </div>
   <div class='ocr_carea' id='block_1_62' title="bbox 2238 2181 3795 2253">
    <p class='ocr_par' dir='ltr' id='par_1_62' title="bbox 2238 2181 3795 2253">
     <span class='ocr_line' id='line_1_62' title="bbox 2238 2181 3795 2253; baseline -0.001 -15"><span class='ocrx_word' id='word_1_474' title='bbox 2238 2198 2363 2238; x_wconf 92' lang='lat' dir='ltr'><strong>men</strong></span> <span class='ocrx_word' id='word_1_475' title='bbox 2395 2196 2505 2237; x_wconf 87' lang='lat' dir='ltr'><strong>nou</strong></span> <span class='ocrx_word' id='word_1_476' title='bbox 2536 2182 2770 2237; x_wconf 87' lang='lat' dir='ltr'><strong>amisere</strong></span> <span class='ocrx_word' id='word_1_477' title='bbox 2796 2181 3064 2253; x_wconf 87' lang='lat' dir='ltr'><strong>martyrii,</strong></span> <span class='ocrx_word' id='word_1_478' title='bbox 3092 2182 3227 2238; x_wconf 88' lang='lat' dir='ltr'><strong>dum</strong></span> <span class='ocrx_word' id='word_1_479' title='bbox 3251 2182 3437 2239; x_wconf 88' lang='lat' dir='ltr'><strong>carnis</strong></span> <span class='ocrx_word' id='word_1_480' title='bbox 3463 2182 3734 2239; x_wconf 76' lang='lat' dir='ltr'><strong>illecebras</strong></span> <span class='ocrx_word' id='word_1_481' title='bbox 3751 2189 3795 2236; x_wconf 74' lang='lat' dir='ltr'><strong>rt</strong></span> 
     </span>
    </p>
   </div>
   <div class='ocr_carea' id='block_1_63' title="bbox 2238 2273 3793 2347">
    <p class='ocr_par' dir='ltr' id='par_1_63' title="bbox 2238 2273 3793 2347">
     <span class='ocr_line' id='line_1_63' title="bbox 2238 2273 3793 2347; baseline 0 -18"><span class='ocrx_word' id='word_1_482' title='bbox 2238 2275 2414 2330; x_wconf 89' lang='lat' dir='ltr'><strong>hostis</strong></span> <span class='ocrx_word' id='word_1_483' title='bbox 2441 2273 2727 2330; x_wconf 90' lang='lat' dir='ltr'><strong>invisibilis</strong></span> <span class='ocrx_word' id='word_1_484' title='bbox 2757 2273 3213 2341; x_wconf 85' lang='lat' dir='ltr'><strong>machinamenta,</strong></span> <span class='ocrx_word' id='word_1_485' title='bbox 3228 2274 3374 2343; x_wconf 82' lang='lat' dir='ltr'><strong>ﬁdei,</strong></span> <span class='ocrx_word' id='word_1_486' title='bbox 3398 2275 3520 2347; x_wconf 85' lang='lat' dir='ltr'><strong>spei</strong></span> <span class='ocrx_word' id='word_1_487' title='bbox 3546 2284 3603 2332; x_wconf 88' lang='lat' dir='ltr'><strong>et</strong></span> <span class='ocrx_word' id='word_1_488' title='bbox 3625 2275 3793 2330; x_wconf 77' lang='lat' dir='ltr'><strong>carita-</strong></span> 
     </span>
    </p>
   </div>
   <div class='ocr_carea' id='block_1_64' title="bbox 2240 2364 3795 2436">
    <p class='ocr_par' dir='ltr' id='par_1_64' title="bbox 2240 2364 3795 2436">
     <span class='ocr_line' id='line_1_64' title="bbox 2240 2364 3795 2436; baseline 0.001 -15"><span class='ocrx_word' id='word_1_489' title='bbox 2240 2364 2310 2421; x_wconf 87' lang='lat' dir='ltr'><strong>tis</strong></span> <span class='ocrx_word' id='word_1_490' title='bbox 2338 2364 2553 2421; x_wconf 70' lang='lat' dir='ltr'><strong>invictaa</strong></span> <span class='ocrx_word' id='word_1_491' title='bbox 2580 2380 2910 2436; x_wconf 88' lang='lat' dir='ltr'><strong>superavere</strong></span> <span class='ocrx_word' id='word_1_492' title='bbox 2935 2366 3264 2422; x_wconf 90' lang='lat' dir='ltr'><strong>constantia.</strong></span> <span class='ocrx_word' id='word_1_493' title='bbox 3298 2366 3406 2423; x_wconf 87' lang='lat' dir='ltr'><strong>Sed</strong></span> <span class='ocrx_word' id='word_1_494' title='bbox 3431 2367 3707 2424; x_wconf 88' lang='lat' dir='ltr'><strong>docendus</strong></span> <span class='ocrx_word' id='word_1_495' title='bbox 3729 2376 3795 2422; x_wconf 79' lang='lat' dir='ltr'><strong>est</strong></span> 
     </span>
    </p>
   </div>
   <div class='ocr_carea' id='block_1_65' title="bbox 2239 2458 3797 2534">
    <p class='ocr_par' dir='ltr' id='par_1_65' title="bbox 2239 2458 3797 2534">
     <span class='ocr_line' id='line_1_65' title="bbox 2239 2458 3797 2534; baseline 0.001 -21"><span class='ocrx_word' id='word_1_496' title='bbox 2239 2458 2474 2530; x_wconf 86' lang='lat' dir='ltr'><strong>populus</strong></span> <span class='ocrx_word' id='word_1_497' title='bbox 2498 2500 2517 2527; x_wconf 92' lang='lat'><strong>,</strong></span> <span class='ocrx_word' id='word_1_498' title='bbox 2564 2473 2674 2514; x_wconf 91' lang='lat' dir='ltr'><strong>non</strong></span> <span class='ocrx_word' id='word_1_499' title='bbox 2724 2459 3055 2530; x_wconf 86' lang='lat' dir='ltr'><strong>sequendus.</strong></span> <span class='ocrx_word' id='word_1_500' title='bbox 3097 2458 3443 2516; x_wconf 82' lang='lat' dir='ltr'><strong>Honorcntur</strong></span> <span class='ocrx_word' id='word_1_501' title='bbox 3476 2468 3797 2534; x_wconf 72' lang='lat' dir='ltr'><strong>martyresn</strong></span> 
     </span>
    </p>
   </div>
   <div class='ocr_carea' id='block_1_66' title="bbox 2243 2549 3797 2623">
    <p class='ocr_par' dir='ltr' id='par_1_66' title="bbox 2243 2549 3797 2623">
     <span class='ocr_line' id='line_1_66' title="bbox 2243 2549 3797 2623; baseline 0.002 -19"><span class='ocrx_word' id='word_1_502' title='bbox 2243 2549 2571 2606; x_wconf 86' lang='lat' dir='ltr'><strong>nobilissimi</strong></span> <span class='ocrx_word' id='word_1_503' title='bbox 2596 2550 2765 2606; x_wconf 86' lang='lat' dir='ltr'><strong>divini</strong></span> <span class='ocrx_word' id='word_1_504' title='bbox 2793 2551 2965 2623; x_wconf 75' lang='lat' dir='ltr'><strong>przelii</strong></span> <span class='ocrx_word' id='word_1_505' title='bbox 2991 2551 3283 2609; x_wconf 90' lang='lat' dir='ltr'><strong>bellatores</strong></span> <span class='ocrx_word' id='word_1_506' title='bbox 3309 2564 3362 2610; x_wconf 92' lang='lat' dir='ltr'><strong>et</strong></span> <span class='ocrx_word' id='word_1_507' title='bbox 3387 2555 3672 2611; x_wconf 89' lang='lat' dir='ltr'><strong>christiani</strong></span> <span class='ocrx_word' id='word_1_508' title='bbox 3716 2567 3797 2608; x_wconf 85' lang='lat' dir='ltr'><strong>nc-</strong></span> 
     </span>
    </p>
   </div>
   <div class='ocr_carea' id='block_1_67' title="bbox 2242 2641 3801 2713">
    <p class='ocr_par' dir='ltr' id='par_1_67' title="bbox 2242 2641 3801 2713">
     <span class='ocr_line' id='line_1_67' title="bbox 2242 2641 3801 2713; baseline 0.001 -16"><span class='ocrx_word' id='word_1_509' title='bbox 2242 2641 2408 2697; x_wconf 87' lang='lat' dir='ltr'><strong>minis</strong></span> <span class='ocrx_word' id='word_1_510' title='bbox 2435 2651 2869 2713; x_wconf 87' lang='lat' dir='ltr'><strong>propugnatores</strong></span> <span class='ocrx_word' id='word_1_511' title='bbox 2894 2683 2910 2710; x_wconf 90' lang='lat'><strong>,</strong></span> <span class='ocrx_word' id='word_1_512' title='bbox 2943 2643 3283 2701; x_wconf 89' lang='lat' dir='ltr'><strong>honorentur</strong></span> <span class='ocrx_word' id='word_1_513' title='bbox 3308 2654 3364 2701; x_wconf 92' lang='lat' dir='ltr'><strong>et</strong></span> <span class='ocrx_word' id='word_1_514' title='bbox 3388 2645 3726 2704; x_wconf 79' lang='lat' dir='ltr'><strong>confessores</strong></span> <span class='ocrx_word' id='word_1_515' title='bbox 3754 2655 3801 2700; x_wconf 93' lang='lat' dir='ltr'><strong>ut</strong></span> 
     </span>
    </p>
   </div>
   <div class='ocr_carea' id='block_1_68' title="bbox 2243 2734 3799 2807">
    <p class='ocr_par' dir='ltr' id='par_1_68' title="bbox 2243 2734 3799 2807">
     <span class='ocr_line' id='line_1_68' title="bbox 2243 2734 3799 2807; baseline 0.001 -18"><span class='ocrx_word' id='word_1_516' title='bbox 2243 2734 2483 2790; x_wconf 83' lang='lat' dir='ltr'><strong>ﬁdelium</strong></span> <span class='ocrx_word' id='word_1_517' title='bbox 2511 2734 2821 2790; x_wconf 90' lang='lat' dir='ltr'><strong>animarum</strong></span> <span class='ocrx_word' id='word_1_518' title='bbox 2853 2746 3093 2794; x_wconf 89' lang='lat' dir='ltr'><strong>rectores</strong></span> <span class='ocrx_word' id='word_1_519' title='bbox 3119 2746 3175 2794; x_wconf 92' lang='lat' dir='ltr'><strong>et</strong></span> <span class='ocrx_word' id='word_1_520' title='bbox 3199 2738 3455 2795; x_wconf 86' lang='lat' dir='ltr'><strong>doctores</strong></span> <span class='ocrx_word' id='word_1_521' title='bbox 3482 2781 3499 2807; x_wconf 91' lang='lat'><strong>,</strong></span> <span class='ocrx_word' id='word_1_522' title='bbox 3544 2749 3602 2795; x_wconf 91' lang='lat' dir='ltr'><strong>et</strong></span> <span class='ocrx_word' id='word_1_523' title='bbox 3640 2754 3799 2795; x_wconf 87' lang='lat' dir='ltr'><strong>eorum</strong></span> 
     </span>
    </p>
   </div>
   <div class='ocr_carea' id='block_1_69' title="bbox 2244 2825 3799 2899">
    <p class='ocr_par' dir='ltr' id='par_1_69' title="bbox 2244 2825 3799 2899">
     <span class='ocr_line' id='line_1_69' title="bbox 2244 2825 3799 2899; baseline 0.005 -21"><span class='ocrx_word' id='word_1_524' title='bbox 2244 2825 2475 2899; x_wconf 80' lang='lat' dir='ltr'><strong>singulis</strong></span> <span class='ocrx_word' id='word_1_525' title='bbox 2504 2826 2560 2880; x_wconf 94' lang='lat' dir='ltr'><strong>in</strong></span> <span class='ocrx_word' id='word_1_526' title='bbox 2589 2826 2727 2882; x_wconf 92' lang='lat' dir='ltr'><strong>locis</strong></span> <span class='ocrx_word' id='word_1_527' title='bbox 2754 2829 3082 2899; x_wconf 88' lang='lat' dir='ltr'><strong>propensius</strong></span> <span class='ocrx_word' id='word_1_528' title='bbox 3108 2830 3414 2887; x_wconf 87' lang='lat' dir='ltr'><strong>honoretur</strong></span> <span class='ocrx_word' id='word_1_529' title='bbox 3439 2832 3799 2894; x_wconf 88' lang='lat' dir='ltr'><strong>sacerdotium,</strong></span> 
     </span>
    </p>
   </div>
   <div class='ocr_carea' id='block_1_70' title="bbox 2244 2919 3803 2991">
    <p class='ocr_par' dir='ltr' id='par_1_70' title="bbox 2244 2919 3803 2991">
     <span class='ocr_line' id='line_1_70' title="bbox 2244 2919 3803 2991; baseline 0.003 -19"><span class='ocrx_word' id='word_1_530' title='bbox 2244 2930 2341 2988; x_wconf 86' lang='lat' dir='ltr'><strong>per</strong></span> <span class='ocrx_word' id='word_1_531' title='bbox 2368 2933 2508 2989; x_wconf 82' lang='lat' dir='ltr'><strong>quos</strong></span> <span class='ocrx_word' id='word_1_532' title='bbox 2536 2919 2730 2975; x_wconf 90' lang='lat' dir='ltr'><strong>salutis</strong></span> <span class='ocrx_word' id='word_1_533' title='bbox 2773 2922 3110 2991; x_wconf 92' lang='lat' dir='ltr'><strong>sumpsimus</strong></span> <span class='ocrx_word' id='word_1_534' title='bbox 3157 2923 3469 2979; x_wconf 80' lang='lat' dir='ltr'><strong>exordium.</strong></span> <span class='ocrx_word' id='word_1_535' title='bbox 3522 2921 3711 2979; x_wconf 85' lang='lat' dir='ltr'><strong>Verum</strong></span> <span class='ocrx_word' id='word_1_536' title='bbox 3749 2923 3803 2978; x_wconf 85' lang='lat' dir='ltr'><strong>de</strong></span> 
     </span>
    </p>
   </div>
   <div class='ocr_carea' id='block_1_71' title="bbox 2248 3009 3801 3085">
    <p class='ocr_par' dir='ltr' id='par_1_71' title="bbox 2248 3009 3801 3085">
     <span class='ocr_line' id='line_1_71' title="bbox 2248 3009 3801 3085; baseline 0.004 -21"><span class='ocrx_word' id='word_1_537' title='bbox 2248 3010 2335 3065; x_wconf 88' lang='lat' dir='ltr'><strong>his</strong></span> <span class='ocrx_word' id='word_1_538' title='bbox 2363 3010 2470 3065; x_wconf 88' lang='lat' dir='ltr'><strong>ista</strong></span> <span class='ocrx_word' id='word_1_539' title='bbox 2496 3009 2785 3067; x_wconf 84' lang='lat' dir='ltr'><strong>suﬁiciant.</strong></span> <span class='ocrx_word' id='word_1_540' title='bbox 2815 3010 2971 3068; x_wconf 87' lang='lat' dir='ltr'><strong>Nune</strong></span> <span class='ocrx_word' id='word_1_541' title='bbox 2998 3014 3128 3085; x_wconf 91' lang='lat' dir='ltr'><strong>quid</strong></span> <span class='ocrx_word' id='word_1_542' title='bbox 3158 3015 3226 3070; x_wconf 90' lang='lat' dir='ltr'><strong>de</strong></span> <span class='ocrx_word' id='word_1_543' title='bbox 3251 3015 3414 3071; x_wconf 89' lang='lat' dir='ltr'><strong>beato</strong></span> <span class='ocrx_word' id='word_1_544' title='bbox 3460 3015 3801 3077; x_wconf 84' lang='lat' dir='ltr'><strong>Pulchrnuio.</strong></span> 
     </span>
    </p>
   </div>
   <div class='ocr_carea' id='block_1_72' title="bbox 2199 3089 3805 3178">
    <p class='ocr_par' dir='ltr' id='par_1_72' title="bbox 2199 3089 3805 3178">
     <span class='ocr_line' id='line_1_72' title="bbox 2199 3089 3805 3178; baseline 0.003 -22"><span class='ocrx_word' id='word_1_545' title='bbox 2199 3152 2215 3171; x_wconf 77' lang='grc'>,</span> <span class='ocrx_word' id='word_1_546' title='bbox 2248 3116 2412 3172; x_wconf 90' lang='lat' dir='ltr'><strong>quem</strong></span> <span class='ocrx_word' id='word_1_547' title='bbox 2430 3100 2789 3160; x_wconf 84' lang='lat' dir='ltr'><strong>Virdunensis</strong></span> <span class='ocrx_word' id='word_1_548' title='bbox 2815 3104 3010 3162; x_wconf 89' lang='lat' dir='ltr'><strong>civitas</strong></span> <span class='ocrx_word' id='word_1_549' title='bbox 3034 3121 3103 3161; x_wconf 91' lang='lat' dir='ltr'><strong>eo</strong></span> <span class='ocrx_word' id='word_1_550' title='bbox 3131 3114 3375 3178; x_wconf 89' lang='lat' dir='ltr'><strong>tempore</strong></span> <span class='ocrx_word' id='word_1_551' title='bbox 3405 3089 3805 3165; x_wconf 22' lang='lat' dir='ltr'><strong>meruit-habere</strong></span> 
     </span>
    </p>
   </div>
   <div class='ocr_carea' id='block_1_73' title="bbox 2246 3194 3806 3267">
    <p class='ocr_par' dir='ltr' id='par_1_73' title="bbox 2246 3194 3806 3267">
     <span class='ocr_line' id='line_1_73' title="bbox 2246 3194 3806 3267; baseline 0.003 -19"><span class='ocrx_word' id='word_1_552' title='bbox 2246 3201 2532 3261; x_wconf 87' lang='lat' dir='ltr'><strong>rectorem,</strong></span> <span class='ocrx_word' id='word_1_553' title='bbox 2562 3194 2620 3250; x_wconf 92' lang='lat' dir='ltr'><strong>in</strong></span> <span class='ocrx_word' id='word_1_554' title='bbox 2649 3196 2936 3267; x_wconf 90' lang='lat' dir='ltr'><strong>scripturis</strong></span> <span class='ocrx_word' id='word_1_555' title='bbox 2963 3197 3331 3254; x_wconf 90' lang='lat' dir='ltr'><strong>invenerimus</strong></span> <span class='ocrx_word' id='word_1_556' title='bbox 3356 3200 3447 3256; x_wconf 92' lang='lat' dir='ltr'><strong>vel</strong></span> <span class='ocrx_word' id='word_1_557' title='bbox 3479 3200 3708 3257; x_wconf 89' lang='lat' dir='ltr'><strong>ﬁdelium</strong></span> <span class='ocrx_word' id='word_1_558' title='bbox 3732 3214 3806 3254; x_wconf 80' lang='lat' dir='ltr'><strong>ve-</strong></span> 
     </span>
    </p>
   </div>
   <div class='ocr_carea' id='block_1_74' title="bbox 2244 3285 3807 3365">
    <p class='ocr_par' dir='ltr' id='par_1_74' title="bbox 2244 3285 3807 3365">
     <span class='ocr_line' id='line_1_74' title="bbox 2244 3285 3807 3365; baseline 0.003 -25"><span class='ocrx_word' id='word_1_559' title='bbox 2244 3285 2359 3340; x_wconf 93' lang='lat' dir='ltr'><strong>raci</strong></span> <span class='ocrx_word' id='word_1_560' title='bbox 2387 3287 2562 3343; x_wconf 91' lang='lat' dir='ltr'><strong>relatu</strong></span> <span class='ocrx_word' id='word_1_561' title='bbox 2589 3286 2946 3345; x_wconf 90' lang='lat' dir='ltr'><strong>didicerimus</strong></span> <span class='ocrx_word' id='word_1_562' title='bbox 2970 3331 2985 3354; x_wconf 91' lang='lat'><strong>,</strong></span> <span class='ocrx_word' id='word_1_563' title='bbox 3013 3287 3219 3346; x_wconf 88' lang='lat' dir='ltr'><strong>Christi</strong></span> <span class='ocrx_word' id='word_1_564' title='bbox 3255 3290 3468 3347; x_wconf 90' lang='lat' dir='ltr'><strong>domini</strong></span> <span class='ocrx_word' id='word_1_565' title='bbox 3508 3291 3807 3365; x_wconf 77' lang='lat' dir='ltr'><strong>protegentis</strong></span> 
     </span>
    </p>
   </div>
   <div class='ocr_carea' id='block_1_75' title="bbox 2244 3378 3807 3458">
    <p class='ocr_par' dir='ltr' id='par_1_75' title="bbox 2244 3378 3807 3458">
     <span class='ocr_line' id='line_1_75' title="bbox 2244 3378 3807 3458; baseline 0.003 -24"><span class='ocrx_word' id='word_1_566' title='bbox 2244 3385 2302 3434; x_wconf 89' lang='lat' dir='ltr'><strong>et</strong></span> <span class='ocrx_word' id='word_1_567' title='bbox 2326 3378 2605 3436; x_wconf 89' lang='lat' dir='ltr'><strong>edocentis</strong></span> <span class='ocrx_word' id='word_1_568' title='bbox 2625 3395 2726 3436; x_wconf 91' lang='lat' dir='ltr'><strong>nos</strong></span> <span class='ocrx_word' id='word_1_569' title='bbox 2745 3380 3019 3453; x_wconf 89' lang='lat' dir='ltr'><strong>adjutorio</strong></span> <span class='ocrx_word' id='word_1_570' title='bbox 3047 3382 3228 3440; x_wconf 90' lang='lat' dir='ltr'><strong>brevis</strong></span> <span class='ocrx_word' id='word_1_571' title='bbox 3252 3392 3307 3440; x_wconf 91' lang='lat' dir='ltr'><strong>et</strong></span> <span class='ocrx_word' id='word_1_572' title='bbox 3333 3385 3520 3441; x_wconf 90' lang='lat' dir='ltr'><strong>lucida</strong></span> <span class='ocrx_word' id='word_1_573' title='bbox 3543 3399 3807 3458; x_wconf 80' lang='lat' dir='ltr'><strong>prosequa-</strong></span> 
     </span>
    </p>
   </div>
   <div class='ocr_carea' id='block_1_76' title="bbox 2245 3471 2659 3527">
    <p class='ocr_par' dir='ltr' id='par_1_76' title="bbox 2245 3471 2659 3527">
     <span class='ocr_line' id='line_1_76' title="bbox 2245 3471 2659 3527; baseline 0.002 -1"><span class='ocrx_word' id='word_1_574' title='bbox 2245 3478 2339 3526; x_wconf 92' lang='lat' dir='ltr'><strong>tur</strong></span> <span class='ocrx_word' id='word_1_575' title='bbox 2363 3472 2541 3526; x_wconf 89' lang='lat' dir='ltr'><strong>oratio</strong></span> <span class='ocrx_word' id='word_1_576' title='bbox 2571 3471 2659 3527; x_wconf 69' lang='grc' dir='ltr'><strong>ιη.</strong></span> 
     </span>
    </p>
   </div>
   <div class='ocr_carea' id='block_1_77' title="bbox 2320 3561 3809 3641">
    <p class='ocr_par' dir='ltr' id='par_1_77' title="bbox 2320 3561 3809 3641">
     <span class='ocr_line' id='line_1_77' title="bbox 2320 3561 3809 3641; baseline 0.007 -25"><span class='ocrx_word' id='word_1_577' title='bbox 2320 3561 2489 3634; x_wconf 86' lang='lat' dir='ltr'><strong>Igitur</strong></span> <span class='ocrx_word' id='word_1_578' title='bbox 2506 3561 2620 3635; x_wconf 66' lang='lat'><strong>(40)</strong></span> <span class='ocrx_word' id='word_1_579' title='bbox 2638 3563 3033 3635; x_wconf 89' lang='lat' dir='ltr'><strong>imperantibus</strong></span> <span class='ocrx_word' id='word_1_580' title='bbox 3054 3566 3171 3640; x_wconf 76' lang='lat' dir='ltr'><strong>(fol.</strong></span> <span class='ocrx_word' id='word_1_581' title='bbox 3194 3568 3311 3641; x_wconf 77' lang='lat'><strong>26.)</strong></span> <span class='ocrx_word' id='word_1_582' title='bbox 3330 3568 3581 3627; x_wconf 81' lang='lat' dir='ltr'><strong>Honorio</strong></span> <span class='ocrx_word' id='word_1_583' title='bbox 3599 3579 3651 3627; x_wconf 94' lang='lat' dir='ltr'><strong>ct</strong></span> <span class='ocrx_word' id='word_1_584' title='bbox 3664 3570 3809 3626; x_wconf 88' lang='lat' dir='ltr'><strong>Theo-</strong></span> 
     </span>
    </p>
   </div>
   <div class='ocr_carea' id='block_1_78' title="bbox 2247 3654 3810 3730">
    <p class='ocr_par' dir='ltr' id='par_1_78' title="bbox 2247 3654 3810 3730">
     <span class='ocr_line' id='line_1_78' title="bbox 2247 3654 3810 3730; baseline 0.004 -20"><span class='ocrx_word' id='word_1_585' title='bbox 2247 3654 2406 3710; x_wconf 90' lang='lat' dir='ltr'><strong>dosio</strong></span> <span class='ocrx_word' id='word_1_586' title='bbox 2448 3655 2707 3726; x_wconf 90' lang='lat' dir='ltr'><strong>juniore,</strong></span> <span class='ocrx_word' id='word_1_587' title='bbox 2759 3658 2854 3728; x_wconf 91' lang='lat' dir='ltr'><strong>qui</strong></span> <span class='ocrx_word' id='word_1_588' title='bbox 2905 3657 3342 3717; x_wconf 85' lang='lat' dir='ltr'><strong>Valentinianum</strong></span> <span class='ocrx_word' id='word_1_589' title='bbox 3368 3704 3384 3730; x_wconf 93' lang='lat'><strong>,</strong></span> <span class='ocrx_word' id='word_1_590' title='bbox 3434 3662 3733 3720; x_wconf 86' lang='lat' dir='ltr'><strong>Constantii</strong></span> <span class='ocrx_word' id='word_1_591' title='bbox 3767 3672 3810 3718; x_wconf 79' lang='lat' dir='ltr'><strong>et</strong></span> 
     </span>
    </p>
   </div>
   <div class='ocr_carea' id='block_1_79' title="bbox 2249 3744 3811 3826">
    <p class='ocr_par' dir='ltr' id='par_1_79' title="bbox 2249 3744 3811 3826">
     <span class='ocr_line' id='line_1_79' title="bbox 2249 3744 3811 3826; baseline 0.006 -25"><span class='ocrx_word' id='word_1_592' title='bbox 2249 3744 2504 3803; x_wconf 71' lang='lat' dir='ltr'><strong>Placidiae</strong></span> <span class='ocrx_word' id='word_1_593' title='bbox 2540 3748 2711 3804; x_wconf 88' lang='lat' dir='ltr'><strong>ﬁlium</strong></span> <span class='ocrx_word' id='word_1_594' title='bbox 2736 3791 2752 3817; x_wconf 90' lang='lat'><strong>,</strong></span> <span class='ocrx_word' id='word_1_595' title='bbox 2800 3761 3114 3809; x_wconf 88' lang='lat' dir='ltr'><strong>consortem</strong></span> <span class='ocrx_word' id='word_1_596' title='bbox 3153 3754 3366 3825; x_wconf 91' lang='lat' dir='ltr'><strong>imperii</strong></span> <span class='ocrx_word' id='word_1_597' title='bbox 3396 3755 3533 3813; x_wconf 80' lang='lat' dir='ltr'><strong>fecit</strong></span> <span class='ocrx_word' id='word_1_598' title='bbox 3562 3759 3648 3826; x_wconf 77' lang='lat'><strong>“’,</strong></span> <span class='ocrx_word' id='word_1_599' title='bbox 3675 3768 3811 3813; x_wconf 84' lang='lat' dir='ltr'><strong>natus</strong></span> 
     </span>
    </p>
   </div>
   <div class='ocr_carea' id='block_1_80' title="bbox 2250 3842 3813 3911">
    <p class='ocr_par' dir='ltr' id='par_1_80' title="bbox 2250 3842 3813 3911">
     <span class='ocr_line' id='line_1_80' title="bbox 2250 3842 3813 3911; baseline 0.006 -13"><span class='ocrx_word' id='word_1_600' title='bbox 2250 3852 2334 3899; x_wconf 90' lang='lat' dir='ltr'><strong>est</strong></span> <span class='ocrx_word' id='word_1_601' title='bbox 2361 3842 2416 3897; x_wconf 90' lang='lat' dir='ltr'><strong>in</strong></span> <span class='ocrx_word' id='word_1_602' title='bbox 2447 3843 2581 3901; x_wconf 88' lang='lat' dir='ltr'><strong>urbe</strong></span> <span class='ocrx_word' id='word_1_603' title='bbox 2609 3842 2935 3903; x_wconf 82' lang='lat' dir='ltr'><strong>Trecassina</strong></span> <span class='ocrx_word' id='word_1_604' title='bbox 2965 3848 3161 3905; x_wconf 88' lang='lat' dir='ltr'><strong>beatus</strong></span> <span class='ocrx_word' id='word_1_605' title='bbox 3186 3848 3560 3911; x_wconf 86' lang='lat' dir='ltr'><strong>Pulcbronius</strong></span> <span class='ocrx_word' id='word_1_606' title='bbox 3589 3856 3813 3911; x_wconf 85' lang='lat' dir='ltr'><strong>christia-</strong></span> 
     </span>
    </p>
   </div>
   <div class='ocr_carea' id='block_1_81' title="bbox 2250 3935 3811 4006">
    <p class='ocr_par' dir='ltr' id='par_1_81' title="bbox 2250 3935 3811 4006">
     <span class='ocr_line' id='line_1_81' title="bbox 2250 3935 3811 4006; baseline 0.006 -16"><span class='ocrx_word' id='word_1_607' title='bbox 2250 3935 2339 3992; x_wconf 92' lang='lat' dir='ltr'><strong>nis</strong></span> <span class='ocrx_word' id='word_1_608' title='bbox 2367 3936 2684 4006; x_wconf 88' lang='lat' dir='ltr'><strong>parentibus</strong></span> <span class='ocrx_word' id='word_1_609' title='bbox 2711 3953 2779 3994; x_wconf 82' lang='lat' dir='ltr'><strong>ex</strong></span> <span class='ocrx_word' id='word_1_610' title='bbox 2808 3938 3014 3996; x_wconf 80' lang='lat' dir='ltr'><strong>familia</strong></span> <span class='ocrx_word' id='word_1_611' title='bbox 3041 3942 3320 3999; x_wconf 62' lang='lat' dir='ltr'><strong>acclesize.</strong></span> <span class='ocrx_word' id='word_1_612' title='bbox 3370 3943 3680 4004; x_wconf 81' lang='lat' dir='ltr'><strong>Nativitatis</strong></span> <span class='ocrx_word' id='word_1_613' title='bbox 3705 3962 3811 4002; x_wconf 80' lang='lat' dir='ltr'><strong>vero</strong></span> 
     </span>
    </p>
   </div>
   <div class='ocr_carea' id='block_1_82' title="bbox 2250 4027 3812 4113">
    <p class='ocr_par' dir='ltr' id='par_1_82' title="bbox 2250 4027 3812 4113">
     <span class='ocr_line' id='line_1_82' title="bbox 2250 4027 3812 4113; baseline 0.006 -32"><span class='ocrx_word' id='word_1_614' title='bbox 2250 4027 2371 4097; x_wconf 87' lang='lat' dir='ltr'><strong>ejus</strong></span> <span class='ocrx_word' id='word_1_615' title='bbox 2397 4027 2694 4098; x_wconf 88' lang='lat' dir='ltr'><strong>primordia</strong></span> <span class='ocrx_word' id='word_1_616' title='bbox 2722 4031 3037 4089; x_wconf 66' lang='lat' dir='ltr'><strong>caelestibus</strong></span> <span class='ocrx_word' id='word_1_617' title='bbox 3064 4036 3325 4106; x_wconf 79' lang='lat' dir='ltr'><strong>auspiciis</strong></span> <span class='ocrx_word' id='word_1_618' title='bbox 3349 4038 3540 4096; x_wconf 90' lang='lat' dir='ltr'><strong>divina</strong></span> <span class='ocrx_word' id='word_1_619' title='bbox 3568 4041 3812 4113; x_wconf 81' lang='lat' dir='ltr'><strong>insignivit</strong></span> 
     </span>
    </p>
   </div>
   <div class='ocr_carea' id='block_1_83' title="bbox 2253 4120 3813 4205">
    <p class='ocr_par' dir='ltr' id='par_1_83' title="bbox 2253 4120 3813 4205">
     <span class='ocr_line' id='line_1_83' title="bbox 2253 4120 3813 4205; baseline 0.006 -29"><span class='ocrx_word' id='word_1_620' title='bbox 2253 4120 2559 4176; x_wconf 87' lang='lat' dir='ltr'><strong>clementia.</strong></span> <span class='ocrx_word' id='word_1_621' title='bbox 2592 4120 2908 4180; x_wconf 84' lang='lat' dir='ltr'><strong>Revelatum</strong></span> <span class='ocrx_word' id='word_1_622' title='bbox 2935 4135 3023 4182; x_wconf 91' lang='lat' dir='ltr'><strong>est</strong></span> <span class='ocrx_word' id='word_1_623' title='bbox 3046 4128 3193 4184; x_wconf 89' lang='lat' dir='ltr'><strong>enim</strong></span> <span class='ocrx_word' id='word_1_624' title='bbox 3223 4132 3547 4200; x_wconf 88' lang='lat' dir='ltr'><strong>parentibus</strong></span> <span class='ocrx_word' id='word_1_625' title='bbox 3573 4133 3688 4205; x_wconf 91' lang='lat' dir='ltr'><strong>ejus</strong></span> <span class='ocrx_word' id='word_1_626' title='bbox 3710 4142 3813 4189; x_wconf 80' lang='lat' dir='ltr'><strong>ante</strong></span> 
     </span>
    </p>
   </div>
   <div class='ocr_carea' id='block_1_84' title="bbox 2252 4210 3813 4296">
    <p class='ocr_par' dir='ltr' id='par_1_84' title="bbox 2252 4210 3813 4296">
     <span class='ocr_line' id='line_1_84' title="bbox 2252 4210 3813 4296; baseline 0.008 -30"><span class='ocrx_word' id='word_1_627' title='bbox 2252 4210 2414 4283; x_wconf 87' lang='lat' dir='ltr'><strong>longa</strong></span> <span class='ocrx_word' id='word_1_628' title='bbox 2440 4215 2816 4284; x_wconf 90' lang='lat' dir='ltr'><strong>coneeptionis</strong></span> <span class='ocrx_word' id='word_1_629' title='bbox 2844 4217 3022 4289; x_wconf 90' lang='lat' dir='ltr'><strong>ipsius</strong></span> <span class='ocrx_word' id='word_1_630' title='bbox 3049 4228 3291 4293; x_wconf 89' lang='lat' dir='ltr'><strong>tempora</strong></span> <span class='ocrx_word' id='word_1_631' title='bbox 3316 4264 3332 4292; x_wconf 92' lang='lat'><strong>,</strong></span> <span class='ocrx_word' id='word_1_632' title='bbox 3364 4227 3518 4296; x_wconf 92' lang='lat' dir='ltr'><strong>quod</strong></span> <span class='ocrx_word' id='word_1_633' title='bbox 3550 4227 3704 4283; x_wconf 87' lang='lat' dir='ltr'><strong>talem</strong></span> <span class='ocrx_word' id='word_1_634' title='bbox 3732 4228 3813 4281; x_wconf 77' lang='lat' dir='ltr'><strong>lia~</strong></span> 
     </span>
    </p>
   </div>
   <div class='ocr_carea' id='block_1_85' title="bbox 2253 4302 3815 4382">
    <p class='ocr_par' dir='ltr' id='par_1_85' title="bbox 2253 4302 3815 4382">
     <span class='ocr_line' id='line_1_85' title="bbox 2253 4302 3815 4382; baseline 0.009 -24"><span class='ocrx_word' id='word_1_635' title='bbox 2253 4302 2420 4359; x_wconf 91' lang='lat' dir='ltr'><strong>bitnri</strong></span> <span class='ocrx_word' id='word_1_636' title='bbox 2464 4313 2650 4362; x_wconf 83' lang='lat' dir='ltr'><strong>essent</strong></span> <span class='ocrx_word' id='word_1_637' title='bbox 2692 4306 2864 4364; x_wconf 90' lang='lat' dir='ltr'><strong>ﬁlium</strong></span> <span class='ocrx_word' id='word_1_638' title='bbox 2894 4311 2990 4382; x_wconf 91' lang='lat' dir='ltr'><strong>qui</strong></span> <span class='ocrx_word' id='word_1_639' title='bbox 3017 4323 3162 4369; x_wconf 90' lang='lat' dir='ltr'><strong>esset</strong></span> <span class='ocrx_word' id='word_1_640' title='bbox 3204 4323 3409 4373; x_wconf 74' lang='lat' dir='ltr'><strong>saneta:</strong></span> <span class='ocrx_word' id='word_1_641' title='bbox 3457 4318 3555 4375; x_wconf 86' lang='lat' dir='ltr'><strong>Dei</strong></span> <span class='ocrx_word' id='word_1_642' title='bbox 3603 4319 3815 4376; x_wconf 71' lang='lat' dir='ltr'><strong>ecclesia</strong></span> 
     </span>
    </p>
   </div>
   <div class='ocr_carea' id='block_1_86' title="bbox 2254 4394 3816 4483">
    <p class='ocr_par' dir='ltr' id='par_1_86' title="bbox 2254 4394 3816 4483">
     <span class='ocr_line' id='line_1_86' title="bbox 2254 4394 3816 4483; baseline 0.011 -35"><span class='ocrx_word' id='word_1_643' title='bbox 2254 4394 2478 4451; x_wconf 88' lang='lat' dir='ltr'><strong>lucerna</strong></span> <span class='ocrx_word' id='word_1_644' title='bbox 2508 4395 2698 4455; x_wconf 89' lang='lat' dir='ltr'><strong>lucens</strong></span> <span class='ocrx_word' id='word_1_645' title='bbox 2724 4407 2852 4457; x_wconf 85' lang='lat' dir='ltr'><strong>ante</strong></span> <span class='ocrx_word' id='word_1_646' title='bbox 2868 4401 3170 4461; x_wconf 84' lang='lat' dir='ltr'><strong>Dominum</strong></span> <span class='ocrx_word' id='word_1_647' title='bbox 3196 4448 3212 4474; x_wconf 92' lang='lat'><strong>,</strong></span> <span class='ocrx_word' id='word_1_648' title='bbox 3241 4416 3296 4463; x_wconf 92' lang='lat' dir='ltr'><strong>et</strong></span> <span class='ocrx_word' id='word_1_649' title='bbox 3323 4409 3378 4463; x_wconf 93' lang='lat' dir='ltr'><strong>in</strong></span> <span class='ocrx_word' id='word_1_650' title='bbox 3406 4419 3655 4483; x_wconf 89' lang='lat' dir='ltr'><strong>tempore</strong></span> <span class='ocrx_word' id='word_1_651' title='bbox 3678 4428 3816 4483; x_wconf 87' lang='lat' dir='ltr'><strong>opor-</strong></span> 
     </span>
    </p>
   </div>
   <div class='ocr_carea' id='block_1_87' title="bbox 569 4472 3816 4571">
    <p class='ocr_par' dir='ltr' id='par_1_87' title="bbox 569 4472 3816 4571">
     <span class='ocr_line' id='line_1_87' title="bbox 569 4472 3816 4571; baseline 0.006 -33"><span class='ocrx_word' id='word_1_652' title='bbox 569 4472 734 4571; x_wconf 64' lang='grc' dir='ltr'><strong>ιξιιιίει</strong></span> <span class='ocrx_word' id='word_1_653' title='bbox 761 4473 999 4571; x_wconf 46' lang='lat' dir='ltr'><strong>calﬁt!“</strong></span> <span class='ocrx_word' id='word_1_654' title='bbox 1025 4475 1229 4571; x_wconf 63' lang='grc' dir='ltr'><strong>ΡυΡὶίεί</strong></span> <span class='ocrx_word' id='word_1_655' title='bbox 1256 4476 1456 4530; x_wconf 64' lang='lat' dir='ltr'><strong>ibidem</strong></span> <span class='ocrx_word' id='word_1_656' title='bbox 1503 4475 1573 4531; x_wconf 72' lang='lat' dir='ltr'><strong>ad</strong></span> <span class='ocrx_word' id='word_1_657' title='bbox 1618 4491 1811 4531; x_wconf 76' lang='lat' dir='ltr'><strong>eorum</strong></span> <span class='ocrx_word' id='word_1_658' title='bbox 1849 4474 2154 4571; x_wconf 56' lang='grc' dir='ltr'><strong>(ευδῐοᾶξθῐῐι</strong></span> <span class='ocrx_word' id='word_1_659' title='bbox 2188 4512 2232 4571; x_wconf 79' lang='grc' dir='ltr'><strong>ο</strong></span> <span class='ocrx_word' id='word_1_660' title='bbox 2257 4495 2393 4542; x_wconf 91' lang='lat' dir='ltr'><strong>tuno</strong></span> <span class='ocrx_word' id='word_1_661' title='bbox 2440 4488 2594 4545; x_wconf 80' lang='lat' dir='ltr'><strong>ﬁeret</strong></span> <span class='ocrx_word' id='word_1_662' title='bbox 2640 4490 2937 4550; x_wconf 63' lang='lat' dir='ltr'><strong>iracundiae</strong></span> <span class='ocrx_word' id='word_1_663' title='bbox 2984 4495 3077 4552; x_wconf 88' lang='lat' dir='ltr'><strong>Dei</strong></span> <span class='ocrx_word' id='word_1_664' title='bbox 3126 4472 3607 4560; x_wconf 47' lang='lat' dir='ltr'><strong>reconciliatio-et</strong></span> <span class='ocrx_word' id='word_1_665' title='bbox 3642 4472 3816 4559; x_wconf 67' lang='lat' dir='ltr'><strong>furoris</strong></span> 
     </span>
    </p>
   </div>
   <div class='ocr_carea' id='block_1_88' title="bbox 569 4562 2155 4634">
    <p class='ocr_par' dir='ltr' id='par_1_88' title="bbox 569 4562 2155 4634">
     <span class='ocr_line' id='line_1_88' title="bbox 569 4562 2155 4634; baseline 0 -16"><span class='ocrx_word' id='word_1_666' title='bbox 569 4562 862 4632; x_wconf 88' lang='lat' dir='ltr'><strong>deputatus</strong></span> <span class='ocrx_word' id='word_1_667' title='bbox 889 4563 1056 4618; x_wconf 89' lang='lat' dir='ltr'><strong>vitam</strong></span> <span class='ocrx_word' id='word_1_668' title='bbox 1087 4563 1294 4619; x_wconf 88' lang='lat' dir='ltr'><strong>ﬁnivit?</strong></span> <span class='ocrx_word' id='word_1_669' title='bbox 1331 4564 1464 4631; x_wconf 70' lang='lat' dir='ltr'><strong>Quae</strong></span> <span class='ocrx_word' id='word_1_670' title='bbox 1502 4564 1678 4634; x_wconf 84' lang='lat' dir='ltr'><strong>major</strong></span> <span class='ocrx_word' id='word_1_671' title='bbox 1723 4564 1965 4619; x_wconf 90' lang='lat' dir='ltr'><strong>nominis</strong></span> <span class='ocrx_word' id='word_1_672' title='bbox 2005 4563 2155 4619; x_wconf 91' lang='lat' dir='ltr'><strong>chri-</strong></span> 
     </span>
    </p>
   </div>
   <div class='ocr_carea' id='block_1_89' title="bbox 2256 4580 3819 4669">
    <p class='ocr_par' dir='ltr' id='par_1_89' title="bbox 2256 4580 3819 4669">
     <span class='ocr_line' id='line_1_89' title="bbox 2256 4580 3819 4669; baseline 0.008 -33"><span class='ocrx_word' id='word_1_673' title='bbox 2256 4580 2376 4652; x_wconf 87' lang='lat' dir='ltr'><strong>ejus</strong></span> <span class='ocrx_word' id='word_1_674' title='bbox 2402 4581 2659 4653; x_wconf 91' lang='lat' dir='ltr'><strong>placatio.</strong></span> <span class='ocrx_word' id='word_1_675' title='bbox 2691 4583 2862 4642; x_wconf 86' lang='lat' dir='ltr'><strong>Erant</strong></span> <span class='ocrx_word' id='word_1_676' title='bbox 2888 4598 3071 4644; x_wconf 91' lang='lat' dir='ltr'><strong>autem</strong></span> <span class='ocrx_word' id='word_1_677' title='bbox 3100 4602 3354 4660; x_wconf 86' lang='lat' dir='ltr'><strong>parentes</strong></span> <span class='ocrx_word' id='word_1_678' title='bbox 3381 4596 3505 4666; x_wconf 86' lang='lat' dir='ltr'><strong>ejus</strong></span> <span class='ocrx_word' id='word_1_679' title='bbox 3537 4592 3758 4669; x_wconf 87' lang='lat' dir='ltr'><strong>religiosi</strong></span> <span class='ocrx_word' id='word_1_680' title='bbox 3775 4605 3819 4649; x_wconf 80' lang='lat' dir='ltr'><strong>et</strong></span> 
     </span>
    </p>
   </div>
   <div class='ocr_carea' id='block_1_90' title="bbox 562 4654 2142 4759">
    <p class='ocr_par' dir='ltr' id='par_1_90' title="bbox 562 4654 2142 4729">
     <span class='ocr_line' id='line_1_90' title="bbox 562 4654 2142 4729; baseline 0.001 -18"><span class='ocrx_word' id='word_1_681' title='bbox 562 4655 736 4711; x_wconf 50' lang='lat' dir='ltr'><strong>‘stiaui</strong></span> <span class='ocrx_word' id='word_1_682' title='bbox 786 4654 986 4726; x_wconf 89' lang='lat' dir='ltr'><strong>injuria</strong></span> <span class='ocrx_word' id='word_1_683' title='bbox 1011 4697 1028 4722; x_wconf 91' lang='lat'><strong>,</strong></span> <span class='ocrx_word' id='word_1_684' title='bbox 1076 4671 1242 4726; x_wconf 89' lang='lat' dir='ltr'><strong>quam</strong></span> <span class='ocrx_word' id='word_1_685' title='bbox 1286 4656 1382 4713; x_wconf 89' lang='lat' dir='ltr'><strong>Dei</strong></span> <span class='ocrx_word' id='word_1_686' title='bbox 1431 4673 1709 4729; x_wconf 86' lang='lat' dir='ltr'><strong>summum</strong></span> <span class='ocrx_word' id='word_1_687' title='bbox 1738 4659 2075 4715; x_wconf 89' lang='lat' dir='ltr'><strong>sacerdotem</strong></span> <span class='ocrx_word' id='word_1_688' title='bbox 2103 4671 2142 4714; x_wconf 79' lang='grc' dir='ltr'><strong>ει</strong></span> 
     </span>
    </p>
   </div>
   <div class='ocr_carea' id='block_1_91' title="bbox 2240 4654 3819 4759">
    <p class='ocr_par' dir='ltr' id='par_1_91' title="bbox 2256 4654 3819 4759">
     <span class='ocr_line' id='line_1_91' title="bbox 2256 4654 3819 4759; baseline 0.01 -33"><span class='ocrx_word' id='word_1_689' title='bbox 2256 4672 2431 4743; x_wconf 86' lang='lat' dir='ltr'><strong>gratia</strong></span> <span class='ocrx_word' id='word_1_690' title='bbox 2462 4673 2603 4729; x_wconf 91' lang='lat' dir='ltr'><strong>inter</strong></span> <span class='ocrx_word' id='word_1_691' title='bbox 2631 4680 2761 4733; x_wconf 88' lang='lat' dir='ltr'><strong>suos</strong></span> <span class='ocrx_word' id='word_1_692' title='bbox 2788 4654 3230 4751; x_wconf 76' lang='lat' dir='ltr'><strong>nominatissimi,</strong></span> <span class='ocrx_word' id='word_1_693' title='bbox 3263 4683 3367 4742; x_wconf 91' lang='lat' dir='ltr'><strong>ﬁde</strong></span> <span class='ocrx_word' id='word_1_694' title='bbox 3393 4654 3566 4759; x_wconf 74' lang='lat' dir='ltr'><strong>pleni,</strong></span> <span class='ocrx_word' id='word_1_695' title='bbox 3592 4654 3819 4746; x_wconf 73' lang='lat' dir='ltr'><strong>elemosi-</strong></span> 
     </span>
    </p>
   </div>
   <div class='ocr_carea' id='block_1_92' title="bbox 571 4745 3819 4855">
    <p class='ocr_par' dir='ltr' id='par_1_92' title="bbox 571 4745 3819 4855">
     <span class='ocr_line' id='line_1_92' title="bbox 571 4745 3819 4855; baseline 0.005 -37"><span class='ocrx_word' id='word_1_696' title='bbox 571 4745 816 4855; x_wconf 62' lang='grc' dir='ltr'><strong>θεξῖιθείίθ</strong></span> <span class='ocrx_word' id='word_1_697' title='bbox 842 4755 1047 4855; x_wconf 49' lang='lat' dir='ltr'><strong>sane“?</strong></span> <span class='ocrx_word' id='word_1_698' title='bbox 1075 4755 1339 4855; x_wconf 58' lang='grc' dir='ltr'><strong>τεξιξπθω</strong></span> <span class='ocrx_word' id='word_1_699' title='bbox 1370 4756 1650 4855; x_wconf 43' lang='lat' dir='ltr'><strong>“Duorum</strong></span> <span class='ocrx_word' id='word_1_700' title='bbox 1683 4747 2017 4855; x_wconf 54' lang='grc' dir='ltr'><strong>δηίωθὶίιξπιη</strong></span> <span class='ocrx_word' id='word_1_701' title='bbox 2050 4748 2156 4854; x_wconf 43' lang='lat' dir='ltr'><strong>diei</strong></span> <span class='ocrx_word' id='word_1_702' title='bbox 2255 4764 2343 4820; x_wconf 91' lang='lat' dir='ltr'><strong>nis</strong></span> <span class='ocrx_word' id='word_1_703' title='bbox 2371 4764 2538 4822; x_wconf 89' lang='lat' dir='ltr'><strong>dediti</strong></span> <span class='ocrx_word' id='word_1_704' title='bbox 2563 4809 2578 4835; x_wconf 96' lang='lat'><strong>,</strong></span> <span class='ocrx_word' id='word_1_705' title='bbox 2609 4769 2807 4827; x_wconf 88' lang='lat' dir='ltr'><strong>domus</strong></span> <span class='ocrx_word' id='word_1_706' title='bbox 2853 4788 2968 4829; x_wconf 65' lang='lat' dir='ltr'><strong>sua:</strong></span> <span class='ocrx_word' id='word_1_707' title='bbox 3013 4745 3512 4838; x_wconf 30' lang='lat' dir='ltr'><strong>curam&#39;habentes</strong></span> <span class='ocrx_word' id='word_1_708' title='bbox 3533 4745 3819 4851; x_wconf 48' lang='lat' dir='ltr'><strong>,d&#39;amiliam</strong></span> 
     </span>
    </p>
   </div>
   <div class='ocr_carea' id='block_1_93' title="bbox 1877 5273 2550 5338">
    <p class='ocr_par' dir='ltr' id='par_1_93' title="bbox 1877 5273 2550 5338">
     <span class='ocr_line' id='line_1_93' title="bbox 1877 5273 2550 5338; baseline 0.013 -9"><span class='ocrx_word' id='word_1_709' title='bbox 1877 5273 1965 5329; x_wconf 79' lang='lat' dir='ltr'><strong>VA</strong></span> <span class='ocrx_word' id='word_1_710' title='bbox 1975 5274 2112 5332; x_wconf 65' lang='lat' dir='ltr'><strong>BHE</strong></span> <span class='ocrx_word' id='word_1_711' title='bbox 2146 5276 2550 5338; x_wconf 79' lang='lat' dir='ltr'><strong>LECTIONES.</strong></span> 
     </span>
    </p>
   </div>
   <div class='ocr_carea' id='block_1_94' title="bbox 653 5383 3141 5476">
    <p class='ocr_par' dir='ltr' id='par_1_94' title="bbox 653 5383 3141 5476">
     <span class='ocr_line' id='line_1_94' title="bbox 653 5383 3141 5476; baseline 0.014 -41"><span class='ocrx_word' id='word_1_712' title='bbox 653 5383 738 5476; x_wconf 30' lang='grc' dir='ltr'><strong>ΤΑ</strong></span> <span class='ocrx_word' id='word_1_713' title='bbox 757 5383 1321 5476; x_wconf 26' lang='grc' dir='ltr'><strong>Βςῌιξῖἑίίύὶιξῃιανα..</strong></span> <span class='ocrx_word' id='word_1_714' title='bbox 1386 5389 1466 5476; x_wconf 39' lang='lat' dir='ltr'><strong>“f‘</strong></span> <span class='ocrx_word' id='word_1_715' title='bbox 1490 5389 1898 5476; x_wconf 11' lang='lat' dir='ltr'><strong>.flﬁ’ectosforr.’</strong></span> <span class='ocrx_word' id='word_1_716' title='bbox 1925 5388 2154 5476; x_wconf 71' lang='lat' dir='ltr'><strong>aﬁlictos</strong></span> <span class='ocrx_word' id='word_1_717' title='bbox 2183 5392 2301 5476; x_wconf 55' lang='lat' dir='ltr'><strong>cod.</strong></span> <span class='ocrx_word' id='word_1_718' title='bbox 2380 5394 2449 5428; x_wconf 83' lang='grc'><strong>¹¹⁶</strong></span> <span class='ocrx_word' id='word_1_719' title='bbox 2485 5395 2564 5476; x_wconf 67' lang='lat' dir='ltr'><strong>Et</strong></span> <span class='ocrx_word' id='word_1_720' title='bbox 2580 5415 2714 5476; x_wconf 59' lang='grc' dir='ltr'><strong>(ξξιι).Δ</strong></span> <span class='ocrx_word' id='word_1_721' title='bbox 2732 5420 2994 5476; x_wconf 74' lang='lat' dir='ltr'><strong>superscr.</strong></span> <span class='ocrx_word' id='word_1_722' title='bbox 3072 5411 3141 5444; x_wconf 83' lang='grc'><strong>¹¹⁶</strong></span> 
     </span>
    </p>
   </div>
   <div class='ocr_carea' id='block_1_95' title="bbox 577 5452 3144 5563">
    <p class='ocr_par' dir='ltr' id='par_1_95' title="bbox 577 5452 3144 5563">
     <span class='ocr_line' id='line_1_95' title="bbox 577 5452 3144 5563; baseline 0.012 -54"><span class='ocrx_word' id='word_1_723' title='bbox 577 5452 741 5563; x_wconf 58' lang='grc' dir='ltr'><strong>γει-ις</strong></span> <span class='ocrx_word' id='word_1_724' title='bbox 788 5458 1049 5563; x_wconf 54' lang='lat' dir='ltr'><strong>quattuor</strong></span> <span class='ocrx_word' id='word_1_725' title='bbox 1084 5457 1222 5563; x_wconf 43' lang='lat' dir='ltr'><strong>folia.</strong></span> <span class='ocrx_word' id='word_1_726' title='bbox 1244 5452 1391 5563; x_wconf 52' lang='lat' dir='ltr'><strong>{ego</strong></span> <span class='ocrx_word' id='word_1_727' title='bbox 1411 5460 1856 5563; x_wconf 45' lang='lat' dir='ltr'><strong>fillegehgugbus</strong></span> <span class='ocrx_word' id='word_1_728' title='bbox 1885 5460 2054 5563; x_wconf 38' lang='lat' dir='ltr'><strong>cenbis</strong></span> <span class='ocrx_word' id='word_1_729' title='bbox 2084 5461 2406 5563; x_wconf 51' lang='lat' dir='ltr'><strong>remittimur</strong></span> <span class='ocrx_word' id='word_1_730' title='bbox 2434 5467 2506 5520; x_wconf 86' lang='lat' dir='ltr'><strong>ad</strong></span> <span class='ocrx_word' id='word_1_731' title='bbox 2532 5452 3025 5538; x_wconf 45' lang='lat' dir='ltr'><strong>roiéiaéi’a&#39;i&#39;és.</strong></span> <span class='ocrx_word' id='word_1_732' title='bbox 3052 5481 3144 5540; x_wconf 74' lang='lat'><strong>29.</strong></span> 
     </span>
    </p>
   </div>
   <div class='ocr_carea' id='block_1_96' title="bbox 577 5528 2398 5600">
    <p class='ocr_par' dir='ltr' id='par_1_96' title="bbox 577 5528 2398 5600">
     <span class='ocr_line' id='line_1_96' title="bbox 577 5528 2398 5600; baseline 0.005 -21"><span class='ocrx_word' id='word_1_733' title='bbox 577 5528 776 5580; x_wconf 80' lang='lat' dir='ltr'><strong>inserta</strong></span> <span class='ocrx_word' id='word_1_734' title='bbox 808 5536 930 5582; x_wconf 75' lang='lat' dir='ltr'><strong>sunt</strong></span> <span class='ocrx_word' id='word_1_735' title='bbox 962 5529 1103 5583; x_wconf 77' lang='lat' dir='ltr'><strong>inter</strong></span> <span class='ocrx_word' id='word_1_736' title='bbox 1124 5529 1258 5600; x_wconf 77' lang='lat' dir='ltr'><strong>folia</strong></span> <span class='ocrx_word' id='word_1_737' title='bbox 1278 5530 1352 5586; x_wconf 75' lang='lat'><strong>25</strong></span> <span class='ocrx_word' id='word_1_738' title='bbox 1379 5539 1428 5586; x_wconf 82' lang='lat' dir='ltr'><strong>et</strong></span> <span class='ocrx_word' id='word_1_739' title='bbox 1454 5528 1578 5586; x_wconf 47' lang='lat' dir='ltr'><strong>50C</strong></span> <span class='ocrx_word' id='word_1_740' title='bbox 1619 5528 1688 5563; x_wconf 69' lang='grc'><strong>⁸⁸⁷</strong></span> <span class='ocrx_word' id='word_1_741' title='bbox 1726 5528 1993 5586; x_wconf 85' lang='lat' dir='ltr'><strong>Fecerunt</strong></span> <span class='ocrx_word' id='word_1_742' title='bbox 2020 5546 2158 5585; x_wconf 87' lang='lat' dir='ltr'><strong>corr.</strong></span> <span class='ocrx_word' id='word_1_743' title='bbox 2193 5530 2320 5589; x_wconf 78' lang='lat' dir='ltr'><strong>fecit</strong></span> <span class='ocrx_word' id='word_1_744' title='bbox 2350 5551 2398 5589; x_wconf 90' lang='lat' dir='ltr'><strong>c.</strong></span> 
     </span>
    </p>
   </div>
   <div class='ocr_carea' id='block_1_97' title="bbox 650 5647 2679 5815">
    <p class='ocr_par' dir='ltr' id='par_1_97' title="bbox 650 5647 2679 5815">
     <span class='ocr_line' id='line_1_97' title="bbox 650 5647 2679 5815; baseline 0.01 -35"><span class='ocrx_word' id='word_1_745' title='bbox 650 5725 764 5799; x_wconf 71' lang='grc'><strong>(40)</strong></span> <span class='ocrx_word' id='word_1_746' title='bbox 795 5726 1087 5801; x_wconf 86' lang='lat' dir='ltr'><strong>Sequentia</strong></span> <span class='ocrx_word' id='word_1_747' title='bbox 1112 5732 1324 5804; x_wconf 76' lang='lat' dir='ltr'><strong>excepit</strong></span> <span class='ocrx_word' id='word_1_748' title='bbox 1353 5740 1545 5789; x_wconf 89' lang='lat' dir='ltr'><strong>auctor</strong></span> <span class='ocrx_word' id='word_1_749' title='bbox 1562 5747 1629 5788; x_wconf 81' lang='lat' dir='ltr'><strong>ex</strong></span> <span class='ocrx_word' id='word_1_750' title='bbox 1653 5730 1776 5788; x_wconf 80' lang='lat' dir='ltr'><strong>Vita</strong></span> <span class='ocrx_word' id='word_1_751' title='bbox 1807 5732 1865 5789; x_wconf 91' lang='lat' dir='ltr'><strong>S.</strong></span> <span class='ocrx_word' id='word_1_752' title='bbox 1896 5647 2354 5810; x_wconf 41' lang='lat' dir='ltr'><strong>Pulchilziﬂili‘ﬁin</strong></span> <span class='ocrx_word' id='word_1_753' title='bbox 2381 5741 2679 5815; x_wconf 84' lang='lat' dir='ltr'><strong>deperdita.</strong></span> 
     </span>
    </p>
   </div>
  </div>
