  <div class='ocr_page' id='page_1' title='image "/cluster/home/n/w/nwhite01/storage/ocr_20150623/154/hvd.32044015473820/040.png"; bbox 0 0 3932 6298; ppageno 0'>
   <div class='ocr_carea' id='block_1_1' title="bbox 149 315 1710 397">
    <p class='ocr_par' dir='ltr' id='par_1_1' title="bbox 149 318 1710 397">
     <span class='ocr_line' id='line_1_1' title="bbox 149 318 1710 397; baseline -0.002 -20"><span class='ocrx_word' id='word_1_1' title='bbox 149 341 208 397; x_wconf 68' lang='grc' dir='ltr'><strong>σε)</strong></span> <span class='ocrx_word' id='word_1_2' title='bbox 1387 318 1710 378; x_wconf 70' lang='lat' dir='ltr'><strong>CHRONItX</strong></span> 
     </span>
    </p>
   </div>
   <div class='ocr_carea' id='block_1_2' title="bbox 1810 315 2109 397">
    <p class='ocr_par' dir='ltr' id='par_1_2' title="bbox 1821 315 2109 373">
     <span class='ocr_line' id='line_1_2' title="bbox 1821 315 2109 373; baseline 0 -1"><span class='ocrx_word' id='word_1_3' title='bbox 1821 352 1885 359; x_wconf 59' lang='grc' dir='ltr'><strong>-μ</strong></span> <span class='ocrx_word' id='word_1_4' title='bbox 1903 315 2030 373; x_wconf 81' lang='lat' dir='ltr'><strong>LIB.</strong></span> <span class='ocrx_word' id='word_1_5' title='bbox 2067 315 2109 372; x_wconf 93' lang='grc'><strong>1.</strong></span> 
     </span>
    </p>
   </div>
   <div class='ocr_carea' id='block_1_3' title="bbox 3325 318 3393 373">
    <p class='ocr_par' dir='ltr' id='par_1_3' title="bbox 3325 318 3393 373">
     <span class='ocr_line' id='line_1_3' title="bbox 3325 318 3393 373; baseline 0.044 -3"><span class='ocrx_word' id='word_1_6' title='bbox 3325 318 3393 373; x_wconf 78' lang='lat'><strong>70</strong></span> 
     </span>
    </p>
   </div>
   <div class='ocr_carea' id='block_1_4' title="bbox 151 432 3393 509">
    <p class='ocr_par' dir='ltr' id='par_1_4' title="bbox 151 432 3393 509">
     <span class='ocr_line' id='line_1_4' title="bbox 151 432 3393 509; baseline -0.004 -2"><span class='ocrx_word' id='word_1_7' title='bbox 151 464 315 508; x_wconf 78' lang='lat' dir='ltr'><strong>sutum</strong></span> <span class='ocrx_word' id='word_1_8' title='bbox 359 447 426 502; x_wconf 90' lang='lat' dir='ltr'><strong>sit</strong></span> <span class='ocrx_word' id='word_1_9' title='bbox 486 453 542 500; x_wconf 90' lang='lat' dir='ltr'><strong>ut</strong></span> <span class='ocrx_word' id='word_1_10' title='bbox 586 453 799 500; x_wconf 85' lang='lat' dir='ltr'><strong>tantum</strong></span> <span class='ocrx_word' id='word_1_11' title='bbox 853 460 918 502; x_wconf 86' lang='lat' dir='ltr'><strong>ac</strong></span> <span class='ocrx_word' id='word_1_12' title='bbox 978 447 1139 502; x_wconf 99' lang='lat' dir='ltr'><strong>talem</strong></span> <span class='ocrx_word' id='word_1_13' title='bbox 1193 446 1455 499; x_wconf 73' lang='lat' dir='ltr'><strong>haberent</strong></span> <span class='ocrx_word' id='word_1_14' title='bbox 1501 444 1692 498; x_wconf 90' lang='lat' dir='ltr'><strong>lilium.</strong></span> <span class='ocrx_word' id='word_1_15' title='bbox 1729 448 1771 505; x_wconf 74' lang='grc' dir='ltr'><strong>Α</strong></span> <span class='ocrx_word' id='word_1_16' title='bbox 1802 440 1999 509; x_wconf 80' lang='lat' dir='ltr'><strong>pietate</strong></span> <span class='ocrx_word' id='word_1_17' title='bbox 2026 434 2334 499; x_wconf 84' lang='lat' dir='ltr'><strong>laudabilis,</strong></span> <span class='ocrx_word' id='word_1_18' title='bbox 2365 432 2621 503; x_wconf 82' lang='lat' dir='ltr'><strong>patientia</strong></span> <span class='ocrx_word' id='word_1_19' title='bbox 2644 432 2935 504; x_wconf 80' lang='lat' dir='ltr'><strong>mirabilis,</strong></span> <span class='ocrx_word' id='word_1_20' title='bbox 2962 434 3229 508; x_wconf 89' lang='lat' dir='ltr'><strong>sapientia</strong></span> <span class='ocrx_word' id='word_1_21' title='bbox 3256 453 3393 495; x_wconf 78' lang='lat' dir='ltr'><strong>cen-</strong></span> 
     </span>
    </p>
   </div>
   <div class='ocr_carea' id='block_1_5' title="bbox 157 534 1697 607">
    <p class='ocr_par' dir='ltr' id='par_1_5' title="bbox 157 534 1697 607">
     <span class='ocr_line' id='line_1_5' title="bbox 157 534 1697 607; baseline -0.003 -14"><span class='ocrx_word' id='word_1_22' title='bbox 157 540 294 593; x_wconf 64' lang='lat' dir='ltr'><strong>Vatus</strong></span> <span class='ocrx_word' id='word_1_23' title='bbox 345 536 501 607; x_wconf 80' lang='lat' dir='ltr'><strong>igitur</strong></span> <span class='ocrx_word' id='word_1_24' title='bbox 551 551 682 605; x_wconf 90' lang='lat' dir='ltr'><strong>puer</strong></span> <span class='ocrx_word' id='word_1_25' title='bbox 734 537 1106 592; x_wconf 82' lang='lat' dir='ltr'><strong>sacramentis.</strong></span> <span class='ocrx_word' id='word_1_26' title='bbox 1147 535 1459 592; x_wconf 71' lang='lat' dir='ltr'><strong>cmlcstibns</strong></span> <span class='ocrx_word' id='word_1_27' title='bbox 1506 534 1697 589; x_wconf 88' lang='lat' dir='ltr'><strong>inicia-</strong></span> 
     </span>
    </p>
   </div>
   <div class='ocr_carea' id='block_1_6' title="bbox 151 625 1699 697">
    <p class='ocr_par' dir='ltr' id='par_1_6' title="bbox 151 625 1699 697">
     <span class='ocr_line' id='line_1_6' title="bbox 151 625 1699 697; baseline -0.003 -13"><span class='ocrx_word' id='word_1_28' title='bbox 151 643 223 686; x_wconf 88' lang='lat' dir='ltr'><strong>tus</strong></span> <span class='ocrx_word' id='word_1_29' title='bbox 248 636 342 693; x_wconf 88' lang='lat' dir='ltr'><strong>est,</strong></span> <span class='ocrx_word' id='word_1_30' title='bbox 373 635 425 681; x_wconf 92' lang='lat' dir='ltr'><strong>et</strong></span> <span class='ocrx_word' id='word_1_31' title='bbox 453 626 505 680; x_wconf 94' lang='lat' dir='ltr'><strong>in</strong></span> <span class='ocrx_word' id='word_1_32' title='bbox 536 627 856 697; x_wconf 83' lang='lat' dir='ltr'><strong>baptismate</strong></span> <span class='ocrx_word' id='word_1_33' title='bbox 885 627 1248 683; x_wconf 81' lang='lat' dir='ltr'><strong>Pulchronius</strong></span> <span class='ocrx_word' id='word_1_34' title='bbox 1275 625 1589 681; x_wconf 89' lang='lat' dir='ltr'><strong>nominatus</strong></span> <span class='ocrx_word' id='word_1_35' title='bbox 1613 634 1699 681; x_wconf 90' lang='lat' dir='ltr'><strong>est</strong></span> 
     </span>
    </p>
   </div>
   <div class='ocr_carea' id='block_1_7' title="bbox 149 715 1697 791">
    <p class='ocr_par' dir='ltr' id='par_1_7' title="bbox 149 715 1697 791">
     <span class='ocr_line' id='line_1_7' title="bbox 149 715 1697 791; baseline -0.005 -16"><span class='ocrx_word' id='word_1_36' title='bbox 149 722 244 775; x_wconf 84' lang='lat' dir='ltr'><strong>sive</strong></span> <span class='ocrx_word' id='word_1_37' title='bbox 256 717 598 772; x_wconf 81' lang='lat' dir='ltr'><strong>Policronius.</strong></span> <span class='ocrx_word' id='word_1_38' title='bbox 622 715 669 771; x_wconf 99' lang='lat'><strong>0</strong></span> <span class='ocrx_word' id='word_1_39' title='bbox 684 719 905 789; x_wconf 84' lang='lat' dir='ltr'><strong>dignum</strong></span> <span class='ocrx_word' id='word_1_40' title='bbox 926 719 1251 791; x_wconf 69' lang='lat' dir='ltr'><strong>praesagium</strong></span> <span class='ocrx_word' id='word_1_41' title='bbox 1270 716 1527 780; x_wconf 88' lang='lat' dir='ltr'><strong>nominis,</strong></span> <span class='ocrx_word' id='word_1_42' title='bbox 1551 715 1697 786; x_wconf 89' lang='lat' dir='ltr'><strong>quod</strong></span> 
     </span>
    </p>
   </div>
   <div class='ocr_carea' id='block_1_8' title="bbox 150 791 1701 878">
    <p class='ocr_par' dir='ltr' id='par_1_8' title="bbox 150 791 1701 878">
     <span class='ocr_line' id='line_1_8' title="bbox 150 791 1701 878; baseline -0.001 -16"><span class='ocrx_word' id='word_1_43' title='bbox 150 810 185 863; x_wconf 89' lang='lat' dir='ltr'><strong>si</strong></span> <span class='ocrx_word' id='word_1_44' title='bbox 224 808 270 861; x_wconf 92' lang='lat' dir='ltr'><strong>in</strong></span> <span class='ocrx_word' id='word_1_45' title='bbox 305 806 470 861; x_wconf 85' lang='lat' dir='ltr'><strong>Greco</strong></span> <span class='ocrx_word' id='word_1_46' title='bbox 500 791 769 862; x_wconf 82' lang='lat' dir='ltr'><strong>resolvere</strong></span> <span class='ocrx_word' id='word_1_47' title='bbox 797 809 931 863; x_wconf 80' lang='lat' dir='ltr'><strong>velis</strong></span> <span class='ocrx_word' id='word_1_48' title='bbox 954 850 969 874; x_wconf 96' lang='lat'><strong>,</strong></span> <span class='ocrx_word' id='word_1_49' title='bbox 1012 809 1425 878; x_wconf 87' lang='lat' dir='ltr'><strong>interpretatum</strong></span> <span class='ocrx_word' id='word_1_50' title='bbox 1452 805 1519 837; x_wconf 78' lang='grc'><strong>¹¹⁸</strong></span> <span class='ocrx_word' id='word_1_51' title='bbox 1541 813 1701 860; x_wconf 88' lang='lat' dir='ltr'><strong>sonat</strong></span> 
     </span>
    </p>
   </div>
   <div class='ocr_carea' id='block_1_9' title="bbox 149 896 1700 972">
    <p class='ocr_par' dir='ltr' id='par_1_9' title="bbox 149 896 1700 972">
     <span class='ocr_line' id='line_1_9' title="bbox 149 896 1700 972; baseline 0.001 -22"><span class='ocrx_word' id='word_1_52' title='bbox 149 898 315 952; x_wconf 81' lang='lat' dir='ltr'><strong>civitas</strong></span> <span class='ocrx_word' id='word_1_53' title='bbox 334 897 605 967; x_wconf 88' lang='lat' dir='ltr'><strong>temporis.</strong></span> <span class='ocrx_word' id='word_1_54' title='bbox 636 897 703 952; x_wconf 87' lang='lat' dir='ltr'><strong>Et</strong></span> <span class='ocrx_word' id='word_1_55' title='bbox 721 899 851 970; x_wconf 92' lang='lat' dir='ltr'><strong>quid</strong></span> <span class='ocrx_word' id='word_1_56' title='bbox 876 901 982 956; x_wconf 92' lang='lat' dir='ltr'><strong>hoc</strong></span> <span class='ocrx_word' id='word_1_57' title='bbox 1003 902 1253 972; x_wconf 80' lang='lat' dir='ltr'><strong>signatur</strong></span> <span class='ocrx_word' id='word_1_58' title='bbox 1274 897 1569 964; x_wconf 90' lang='lat' dir='ltr'><strong>vocabulo,</strong></span> <span class='ocrx_word' id='word_1_59' title='bbox 1592 896 1700 952; x_wconf 91' lang='lat' dir='ltr'><strong>nisi</strong></span> 
     </span>
    </p>
   </div>
   <div class='ocr_carea' id='block_1_10' title="bbox 149 989 1702 1059">
    <p class='ocr_par' dir='ltr' id='par_1_10' title="bbox 149 989 1702 1059">
     <span class='ocr_line' id='line_1_10' title="bbox 149 989 1702 1059; baseline -0.001 -16"><span class='ocrx_word' id='word_1_60' title='bbox 149 989 272 1059; x_wconf 88' lang='lat' dir='ltr'><strong>quod</strong></span> <span class='ocrx_word' id='word_1_61' title='bbox 310 1002 438 1059; x_wconf 88' lang='lat' dir='ltr'><strong>puer</strong></span> <span class='ocrx_word' id='word_1_62' title='bbox 480 989 568 1045; x_wconf 90' lang='lat' dir='ltr'><strong>hic</strong></span> <span class='ocrx_word' id='word_1_63' title='bbox 597 1000 822 1048; x_wconf 91' lang='lat' dir='ltr'><strong>sanctus</strong></span> <span class='ocrx_word' id='word_1_64' title='bbox 866 993 969 1048; x_wconf 91' lang='lat' dir='ltr'><strong>hoc</strong></span> <span class='ocrx_word' id='word_1_65' title='bbox 1004 1001 1150 1049; x_wconf 80' lang='lat' dir='ltr'><strong>esset</strong></span> <span class='ocrx_word' id='word_1_66' title='bbox 1183 990 1405 1052; x_wconf 78' lang='lat' dir='ltr'><strong>futurus</strong></span> <span class='ocrx_word' id='word_1_67' title='bbox 1438 990 1492 1044; x_wconf 89' lang='lat' dir='ltr'><strong>in</strong></span> <span class='ocrx_word' id='word_1_68' title='bbox 1537 1002 1702 1059; x_wconf 89' lang='lat' dir='ltr'><strong>opere</strong></span> 
     </span>
    </p>
   </div>
   <div class='ocr_carea' id='block_1_11' title="bbox 151 1082 1705 1156">
    <p class='ocr_par' dir='ltr' id='par_1_11' title="bbox 151 1082 1705 1156">
     <span class='ocr_line' id='line_1_11' title="bbox 151 1082 1705 1156; baseline 0.001 -17"><span class='ocrx_word' id='word_1_69' title='bbox 151 1082 274 1156; x_wconf 77' lang='lat' dir='ltr'><strong>quod</strong></span> <span class='ocrx_word' id='word_1_70' title='bbox 294 1084 605 1155; x_wconf 81' lang='lat' dir='ltr'><strong>signabatur</strong></span> <span class='ocrx_word' id='word_1_71' title='bbox 629 1101 695 1141; x_wconf 80' lang='lat' dir='ltr'><strong>ex</strong></span> <span class='ocrx_word' id='word_1_72' title='bbox 717 1087 975 1142; x_wconf 81' lang='lat' dir='ltr'><strong>nomine?</strong></span> <span class='ocrx_word' id='word_1_73' title='bbox 1002 1082 1139 1141; x_wconf 86' lang='lat' dir='ltr'><strong>Nam</strong></span> <span class='ocrx_word' id='word_1_74' title='bbox 1167 1085 1215 1142; x_wconf 91' lang='lat' dir='ltr'><strong>si</strong></span> <span class='ocrx_word' id='word_1_75' title='bbox 1242 1084 1449 1142; x_wconf 84' lang='lat' dir='ltr'><strong>referas</strong></span> <span class='ocrx_word' id='word_1_76' title='bbox 1474 1084 1541 1140; x_wconf 92' lang='lat' dir='ltr'><strong>ad</strong></span> <span class='ocrx_word' id='word_1_77' title='bbox 1571 1092 1705 1140; x_wconf 86' lang='lat' dir='ltr'><strong>tem-</strong></span> 
     </span>
    </p>
   </div>
   <div class='ocr_carea' id='block_1_12' title="bbox 151 1176 1703 1249">
    <p class='ocr_par' dir='ltr' id='par_1_12' title="bbox 151 1176 1703 1249">
     <span class='ocr_line' id='line_1_12' title="bbox 151 1176 1703 1249; baseline 0.001 -18"><span class='ocrx_word' id='word_1_78' title='bbox 151 1193 237 1246; x_wconf 86' lang='lat' dir='ltr'><strong>pus</strong></span> <span class='ocrx_word' id='word_1_79' title='bbox 262 1176 375 1230; x_wconf 67' lang='lat' dir='ltr'><strong>vitae</strong></span> <span class='ocrx_word' id='word_1_80' title='bbox 402 1176 541 1246; x_wconf 86' lang='lat' dir='ltr'><strong>ejus,</strong></span> <span class='ocrx_word' id='word_1_81' title='bbox 575 1192 698 1232; x_wconf 92' lang='lat' dir='ltr'><strong>cum</strong></span> <span class='ocrx_word' id='word_1_82' title='bbox 742 1178 880 1233; x_wconf 90' lang='lat' dir='ltr'><strong>bella</strong></span> <span class='ocrx_word' id='word_1_83' title='bbox 911 1187 1108 1235; x_wconf 90' lang='lat' dir='ltr'><strong>cuncta</strong></span> <span class='ocrx_word' id='word_1_84' title='bbox 1152 1178 1459 1249; x_wconf 84' lang='lat' dir='ltr'><strong>perderent,</strong></span> <span class='ocrx_word' id='word_1_85' title='bbox 1509 1176 1703 1233; x_wconf 81' lang='lat' dir='ltr'><strong>civitas</strong></span> 
     </span>
    </p>
   </div>
   <div class='ocr_carea' id='block_1_13' title="bbox 152 1264 1702 1336">
    <p class='ocr_par' dir='ltr' id='par_1_13' title="bbox 152 1264 1702 1336">
     <span class='ocr_line' id='line_1_13' title="bbox 152 1264 1702 1336; baseline 0.003 -19"><span class='ocrx_word' id='word_1_86' title='bbox 152 1264 382 1333; x_wconf 77' lang='lat' dir='ltr'><strong>temporis</strong></span> <span class='ocrx_word' id='word_1_87' title='bbox 406 1264 551 1319; x_wconf 92' lang='lat' dir='ltr'><strong>illius</strong></span> <span class='ocrx_word' id='word_1_88' title='bbox 580 1264 756 1322; x_wconf 88' lang='lat' dir='ltr'><strong>factus</strong></span> <span class='ocrx_word' id='word_1_89' title='bbox 783 1276 888 1336; x_wconf 88' lang='lat' dir='ltr'><strong>est,</strong></span> <span class='ocrx_word' id='word_1_90' title='bbox 921 1281 1045 1323; x_wconf 89' lang='lat' dir='ltr'><strong>eum</strong></span> <span class='ocrx_word' id='word_1_91' title='bbox 1082 1268 1150 1323; x_wconf 89' lang='lat' dir='ltr'><strong>ad</strong></span> <span class='ocrx_word' id='word_1_92' title='bbox 1179 1264 1463 1323; x_wconf 90' lang='lat' dir='ltr'><strong>tuitionem</strong></span> <span class='ocrx_word' id='word_1_93' title='bbox 1491 1276 1546 1323; x_wconf 86' lang='lat' dir='ltr'><strong>et</strong></span> <span class='ocrx_word' id='word_1_94' title='bbox 1576 1283 1702 1322; x_wconf 91' lang='lat' dir='ltr'><strong>mu-</strong></span> 
     </span>
    </p>
   </div>
   <div class='ocr_carea' id='block_1_14' title="bbox 153 1355 1705 1429">
    <p class='ocr_par' dir='ltr' id='par_1_14' title="bbox 153 1355 1705 1429">
     <span class='ocr_line' id='line_1_14' title="bbox 153 1355 1705 1429; baseline 0.005 -22"><span class='ocrx_word' id='word_1_95' title='bbox 153 1355 421 1409; x_wconf 84' lang='lat' dir='ltr'><strong>nimentum</strong></span> <span class='ocrx_word' id='word_1_96' title='bbox 449 1356 694 1411; x_wconf 88' lang='lat' dir='ltr'><strong>omnium</strong></span> <span class='ocrx_word' id='word_1_97' title='bbox 737 1357 847 1414; x_wconf 90' lang='lat' dir='ltr'><strong>Deo</strong></span> <span class='ocrx_word' id='word_1_98' title='bbox 875 1359 1134 1414; x_wconf 89' lang='lat' dir='ltr'><strong>adherere</strong></span> <span class='ocrx_word' id='word_1_99' title='bbox 1162 1358 1458 1413; x_wconf 88' lang='lat' dir='ltr'><strong>volentium</strong></span> <span class='ocrx_word' id='word_1_100' title='bbox 1497 1358 1705 1429; x_wconf 67' lang='lat' dir='ltr'><strong>praede-</strong></span> 
     </span>
    </p>
   </div>
   <div class='ocr_carea' id='block_1_15' title="bbox 152 1443 1702 1518">
    <p class='ocr_par' dir='ltr' id='par_1_15' title="bbox 152 1443 1702 1518">
     <span class='ocr_line' id='line_1_15' title="bbox 152 1443 1702 1518; baseline 0.004 -20"><span class='ocrx_word' id='word_1_101' title='bbox 152 1443 355 1500; x_wconf 84' lang='lat' dir='ltr'><strong>stinatus</strong></span> <span class='ocrx_word' id='word_1_102' title='bbox 402 1454 521 1513; x_wconf 89' lang='lat' dir='ltr'><strong>est;</strong></span> <span class='ocrx_word' id='word_1_103' title='bbox 567 1447 759 1502; x_wconf 89' lang='lat' dir='ltr'><strong>civitas</strong></span> <span class='ocrx_word' id='word_1_104' title='bbox 807 1448 1068 1518; x_wconf 84' lang='lat' dir='ltr'><strong>temporis</strong></span> <span class='ocrx_word' id='word_1_105' title='bbox 1106 1447 1282 1504; x_wconf 82' lang='lat' dir='ltr'><strong>factus</strong></span> <span class='ocrx_word' id='word_1_106' title='bbox 1316 1456 1419 1513; x_wconf 89' lang='lat' dir='ltr'><strong>est,</strong></span> <span class='ocrx_word' id='word_1_107' title='bbox 1472 1464 1596 1504; x_wconf 91' lang='lat' dir='ltr'><strong>cum</strong></span> <span class='ocrx_word' id='word_1_108' title='bbox 1635 1448 1702 1504; x_wconf 90' lang='lat' dir='ltr'><strong>ad</strong></span> 
     </span>
    </p>
   </div>
   <div class='ocr_carea' id='block_1_16' title="bbox 152 1526 1703 1611">
    <p class='ocr_par' dir='ltr' id='par_1_16' title="bbox 152 1526 1703 1611">
     <span class='ocr_line' id='line_1_16' title="bbox 152 1526 1703 1611; baseline 0.005 -22"><span class='ocrx_word' id='word_1_109' title='bbox 152 1537 446 1607; x_wconf 69' lang='lat' dir='ltr'><strong>adligendas</strong></span> <span class='ocrx_word' id='word_1_110' title='bbox 466 1547 519 1593; x_wconf 88' lang='lat' dir='ltr'><strong>et</strong></span> <span class='ocrx_word' id='word_1_111' title='bbox 539 1540 941 1595; x_wconf 86' lang='lat' dir='ltr'><strong>conservandas</strong></span> <span class='ocrx_word' id='word_1_112' title='bbox 958 1526 1292 1596; x_wconf 84' lang='lat' dir='ltr'><strong>credentium</strong></span> <span class='ocrx_word' id='word_1_113' title='bbox 1322 1540 1534 1595; x_wconf 89' lang='lat' dir='ltr'><strong>animas</strong></span> <span class='ocrx_word' id='word_1_114' title='bbox 1563 1555 1703 1611; x_wconf 91' lang='lat' dir='ltr'><strong>pon—</strong></span> 
     </span>
    </p>
   </div>
   <div class='ocr_carea' id='block_1_17' title="bbox 152 1628 1703 1688">
    <p class='ocr_par' dir='ltr' id='par_1_17' title="bbox 152 1628 1703 1688">
     <span class='ocr_line' id='line_1_17' title="bbox 152 1628 1703 1688; baseline 0.003 -5"><span class='ocrx_word' id='word_1_115' title='bbox 152 1628 259 1683; x_wconf 72' lang='lat' dir='ltr'><strong>tifex</strong></span> <span class='ocrx_word' id='word_1_116' title='bbox 286 1630 607 1687; x_wconf 85' lang='lat' dir='ltr'><strong>constitutus</strong></span> <span class='ocrx_word' id='word_1_117' title='bbox 637 1642 740 1687; x_wconf 88' lang='lat' dir='ltr'><strong>est.</strong></span> <span class='ocrx_word' id='word_1_118' title='bbox 770 1630 1191 1687; x_wconf 88' lang='lat' dir='ltr'><strong>Consideremus</strong></span> <span class='ocrx_word' id='word_1_119' title='bbox 1221 1641 1401 1687; x_wconf 89' lang='lat' dir='ltr'><strong>tamen</strong></span> <span class='ocrx_word' id='word_1_120' title='bbox 1438 1641 1491 1687; x_wconf 88' lang='lat' dir='ltr'><strong>et</strong></span> <span class='ocrx_word' id='word_1_121' title='bbox 1524 1633 1703 1688; x_wconf 91' lang='lat' dir='ltr'><strong>altiori</strong></span> 
     </span>
    </p>
   </div>
   <div class='ocr_carea' id='block_1_18' title="bbox 154 1721 1705 1795">
    <p class='ocr_par' dir='ltr' id='par_1_18' title="bbox 154 1721 1705 1795">
     <span class='ocr_line' id='line_1_18' title="bbox 154 1721 1705 1795; baseline 0.004 -21"><span class='ocrx_word' id='word_1_122' title='bbox 154 1721 379 1792; x_wconf 76' lang='lat' dir='ltr'><strong>mysterio</strong></span> <span class='ocrx_word' id='word_1_123' title='bbox 401 1723 505 1777; x_wconf 86' lang='lat' dir='ltr'><strong>vim</strong></span> <span class='ocrx_word' id='word_1_124' title='bbox 536 1724 786 1779; x_wconf 89' lang='lat' dir='ltr'><strong>vocabuli</strong></span> <span class='ocrx_word' id='word_1_125' title='bbox 818 1724 1001 1795; x_wconf 86' lang='lat' dir='ltr'><strong>hujus.</strong></span> <span class='ocrx_word' id='word_1_126' title='bbox 1040 1723 1179 1779; x_wconf 89' lang='lat' dir='ltr'><strong>Cum</strong></span> <span class='ocrx_word' id='word_1_127' title='bbox 1218 1724 1364 1779; x_wconf 89' lang='lat' dir='ltr'><strong>enim</strong></span> <span class='ocrx_word' id='word_1_128' title='bbox 1404 1725 1593 1780; x_wconf 88' lang='lat' dir='ltr'><strong>habuit</strong></span> <span class='ocrx_word' id='word_1_129' title='bbox 1621 1725 1705 1780; x_wconf 84' lang='lat' dir='ltr'><strong>di-</strong></span> 
     </span>
    </p>
   </div>
   <div class='ocr_carea' id='block_1_19' title="bbox 154 1814 1707 1887">
    <p class='ocr_par' dir='ltr' id='par_1_19' title="bbox 154 1814 1707 1887">
     <span class='ocr_line' id='line_1_19' title="bbox 154 1814 1707 1887; baseline 0.005 -22"><span class='ocrx_word' id='word_1_130' title='bbox 154 1821 304 1867; x_wconf 82' lang='lat' dir='ltr'><strong>rectos</strong></span> <span class='ocrx_word' id='word_1_131' title='bbox 328 1814 487 1883; x_wconf 86' lang='lat' dir='ltr'><strong>pedes</strong></span> <span class='ocrx_word' id='word_1_132' title='bbox 516 1815 584 1869; x_wconf 85' lang='lat' dir='ltr'><strong>ad</strong></span> <span class='ocrx_word' id='word_1_133' title='bbox 608 1816 1083 1887; x_wconf 85' lang='lat' dir='ltr'><strong>evangelizandam</strong></span> <span class='ocrx_word' id='word_1_134' title='bbox 1112 1832 1323 1887; x_wconf 84' lang='lat' dir='ltr'><strong>pacem,</strong></span> <span class='ocrx_word' id='word_1_135' title='bbox 1349 1826 1403 1872; x_wconf 87' lang='lat' dir='ltr'><strong>et</strong></span> <span class='ocrx_word' id='word_1_136' title='bbox 1430 1818 1559 1873; x_wconf 90' lang='lat' dir='ltr'><strong>dum</strong></span> <span class='ocrx_word' id='word_1_137' title='bbox 1593 1825 1707 1873; x_wconf 86' lang='lat' dir='ltr'><strong>sta-</strong></span> 
     </span>
    </p>
   </div>
   <div class='ocr_carea' id='block_1_20' title="bbox 155 1904 1705 1979">
    <p class='ocr_par' dir='ltr' id='par_1_20' title="bbox 155 1904 1705 1979">
     <span class='ocr_line' id='line_1_20' title="bbox 155 1904 1705 1979; baseline 0.005 -22"><span class='ocrx_word' id='word_1_138' title='bbox 155 1912 222 1957; x_wconf 84' lang='lat' dir='ltr'><strong>ret</strong></span> <span class='ocrx_word' id='word_1_139' title='bbox 243 1904 363 1973; x_wconf 84' lang='lat' dir='ltr'><strong>pede</strong></span> <span class='ocrx_word' id='word_1_140' title='bbox 389 1905 616 1961; x_wconf 91' lang='lat' dir='ltr'><strong>immoto</strong></span> <span class='ocrx_word' id='word_1_141' title='bbox 639 1906 694 1960; x_wconf 93' lang='lat' dir='ltr'><strong>in</strong></span> <span class='ocrx_word' id='word_1_142' title='bbox 737 1906 892 1962; x_wconf 89' lang='lat' dir='ltr'><strong>atriis</strong></span> <span class='ocrx_word' id='word_1_143' title='bbox 925 1905 1286 1974; x_wconf 86' lang='lat' dir='ltr'><strong>Hierusalem,</strong></span> <span class='ocrx_word' id='word_1_144' title='bbox 1318 1924 1441 1979; x_wconf 68' lang='lat' dir='ltr'><strong>qua:</strong></span> <span class='ocrx_word' id='word_1_145' title='bbox 1468 1908 1705 1964; x_wconf 64' lang='lat' dir='ltr'><strong>aedifica-</strong></span> 
     </span>
    </p>
   </div>
   <div class='ocr_carea' id='block_1_21' title="bbox 156 1996 1705 2069">
    <p class='ocr_par' dir='ltr' id='par_1_21' title="bbox 156 1996 1705 2069">
     <span class='ocr_line' id='line_1_21' title="bbox 156 1996 1705 2069; baseline 0.005 -21"><span class='ocrx_word' id='word_1_146' title='bbox 156 2004 227 2049; x_wconf 87' lang='lat' dir='ltr'><strong>tur</strong></span> <span class='ocrx_word' id='word_1_147' title='bbox 251 2004 303 2050; x_wconf 88' lang='lat' dir='ltr'><strong>ut</strong></span> <span class='ocrx_word' id='word_1_148' title='bbox 321 1996 525 2065; x_wconf 82' lang='lat' dir='ltr'><strong>civitas,</strong></span> <span class='ocrx_word' id='word_1_149' title='bbox 560 1999 753 2054; x_wconf 79' lang='lat' dir='ltr'><strong>civitas</strong></span> <span class='ocrx_word' id='word_1_150' title='bbox 772 1999 1010 2055; x_wconf 83' lang='lat' dir='ltr'><strong>civitatis</strong></span> <span class='ocrx_word' id='word_1_151' title='bbox 1034 2001 1293 2069; x_wconf 89' lang='lat' dir='ltr'><strong>temporis</strong></span> <span class='ocrx_word' id='word_1_152' title='bbox 1316 2000 1504 2055; x_wconf 82' lang='lat' dir='ltr'><strong>:eterni</strong></span> <span class='ocrx_word' id='word_1_153' title='bbox 1527 1999 1705 2057; x_wconf 91' lang='lat' dir='ltr'><strong>factus</strong></span> 
     </span>
    </p>
   </div>
   <div class='ocr_carea' id='block_1_22' title="bbox 156 2089 1707 2162">
    <p class='ocr_par' dir='ltr' id='par_1_22' title="bbox 156 2089 1707 2162">
     <span class='ocr_line' id='line_1_22' title="bbox 156 2089 1707 2162; baseline 0.005 -21"><span class='ocrx_word' id='word_1_154' title='bbox 156 2089 364 2159; x_wconf 82' lang='lat' dir='ltr'><strong>est,qnia</strong></span> <span class='ocrx_word' id='word_1_155' title='bbox 381 2099 433 2143; x_wconf 90' lang='lat' dir='ltr'><strong>et</strong></span> <span class='ocrx_word' id='word_1_156' title='bbox 446 2090 793 2162; x_wconf 89' lang='lat' dir='ltr'><strong>participatio</strong></span> <span class='ocrx_word' id='word_1_157' title='bbox 808 2091 929 2161; x_wconf 88' lang='lat' dir='ltr'><strong>ejus</strong></span> <span class='ocrx_word' id='word_1_158' title='bbox 951 2091 1005 2146; x_wconf 93' lang='lat' dir='ltr'><strong>in</strong></span> <span class='ocrx_word' id='word_1_159' title='bbox 1022 2091 1256 2161; x_wconf 89' lang='lat' dir='ltr'><strong>idipsum</strong></span> <span class='ocrx_word' id='word_1_160' title='bbox 1284 2100 1368 2145; x_wconf 91' lang='lat' dir='ltr'><strong>est</strong></span> <span class='ocrx_word' id='word_1_161' title='bbox 1381 2134 1395 2154; x_wconf 85' lang='lat'><strong>,</strong></span> <span class='ocrx_word' id='word_1_162' title='bbox 1410 2092 1503 2147; x_wconf 93' lang='lat' dir='ltr'><strong>ubi</strong></span> <span class='ocrx_word' id='word_1_163' title='bbox 1519 2108 1707 2149; x_wconf 86' lang='lat' dir='ltr'><strong>ascen-</strong></span> 
     </span>
    </p>
   </div>
   <div class='ocr_carea' id='block_1_23' title="bbox 156 2178 1749 2240">
    <p class='ocr_par' dir='ltr' id='par_1_23' title="bbox 156 2178 1749 2240">
     <span class='ocr_line' id='line_1_23' title="bbox 156 2178 1749 2240; baseline 0.006 -9"><span class='ocrx_word' id='word_1_164' title='bbox 156 2178 321 2234; x_wconf 90' lang='lat' dir='ltr'><strong>derunt</strong></span> <span class='ocrx_word' id='word_1_165' title='bbox 345 2181 513 2237; x_wconf 90' lang='lat' dir='ltr'><strong>tribus</strong></span> <span class='ocrx_word' id='word_1_166' title='bbox 529 2181 1206 2239; x_wconf 82' lang='lat' dir='ltr'><strong>Dominiadconlitendum</strong></span> <span class='ocrx_word' id='word_1_167' title='bbox 1232 2182 1438 2237; x_wconf 83' lang='lat' dir='ltr'><strong>nomini</strong></span> <span class='ocrx_word' id='word_1_168' title='bbox 1466 2182 1701 2240; x_wconf 90' lang='lat' dir='ltr'><strong>Domini.</strong></span> <span class='ocrx_word' id='word_1_169' title='bbox 1742 2212 1749 2219; x_wconf 71' lang='grc' dir='ltr'><strong><em>ο</em></strong></span> 
     </span>
    </p>
   </div>
   <div class='ocr_carea' id='block_1_24' title="bbox 160 2269 1706 2345">
    <p class='ocr_par' dir='ltr' id='par_1_24' title="bbox 160 2269 1706 2345">
     <span class='ocr_line' id='line_1_24' title="bbox 160 2269 1706 2345; baseline 0.006 -21"><span class='ocrx_word' id='word_1_170' title='bbox 160 2269 275 2343; x_wconf 83' lang='lat' dir='ltr'><strong>Ergo</strong></span> <span class='ocrx_word' id='word_1_171' title='bbox 305 2282 353 2327; x_wconf 90' lang='lat' dir='ltr'><strong>et</strong></span> <span class='ocrx_word' id='word_1_172' title='bbox 385 2273 579 2329; x_wconf 90' lang='lat' dir='ltr'><strong>civitas</strong></span> <span class='ocrx_word' id='word_1_173' title='bbox 622 2275 884 2345; x_wconf 86' lang='lat' dir='ltr'><strong>temporis</strong></span> <span class='ocrx_word' id='word_1_174' title='bbox 912 2283 996 2330; x_wconf 91' lang='lat' dir='ltr'><strong>est</strong></span> <span class='ocrx_word' id='word_1_175' title='bbox 1031 2275 1194 2330; x_wconf 90' lang='lat' dir='ltr'><strong>etiam</strong></span> <span class='ocrx_word' id='word_1_176' title='bbox 1243 2275 1436 2331; x_wconf 86' lang='lat' dir='ltr'><strong>civitas</strong></span> <span class='ocrx_word' id='word_1_177' title='bbox 1468 2276 1706 2334; x_wconf 87' lang='lat' dir='ltr'><strong>civitatis</strong></span> 
     </span>
    </p>
   </div>
   <div class='ocr_carea' id='block_1_25' title="bbox 158 2364 1707 2440">
    <p class='ocr_par' dir='ltr' id='par_1_25' title="bbox 158 2364 1707 2440">
     <span class='ocr_line' id='line_1_25' title="bbox 158 2364 1707 2440; baseline 0.006 -24"><span class='ocrx_word' id='word_1_178' title='bbox 158 2364 381 2434; x_wconf 86' lang='lat' dir='ltr'><strong>temporis</strong></span> <span class='ocrx_word' id='word_1_179' title='bbox 410 2381 515 2420; x_wconf 91' lang='lat' dir='ltr'><strong>non</strong></span> <span class='ocrx_word' id='word_1_180' title='bbox 560 2365 860 2421; x_wconf 86' lang='lat' dir='ltr'><strong>transitorii</strong></span> <span class='ocrx_word' id='word_1_181' title='bbox 908 2367 1003 2422; x_wconf 85' lang='lat' dir='ltr'><strong>sed</strong></span> <span class='ocrx_word' id='word_1_182' title='bbox 1042 2367 1234 2435; x_wconf 88' lang='lat' dir='ltr'><strong>eterni,</strong></span> <span class='ocrx_word' id='word_1_183' title='bbox 1265 2366 1500 2425; x_wconf 87' lang='lat' dir='ltr'><strong>civitatis</strong></span> <span class='ocrx_word' id='word_1_184' title='bbox 1525 2369 1707 2440; x_wconf 87' lang='lat' dir='ltr'><strong>itaque</strong></span> 
     </span>
    </p>
   </div>
   <div class='ocr_carea' id='block_1_26' title="bbox 158 2458 1704 2529">
    <p class='ocr_par' dir='ltr' id='par_1_26' title="bbox 158 2458 1704 2529">
     <span class='ocr_line' id='line_1_26' title="bbox 158 2458 1704 2529; baseline 0.006 -22"><span class='ocrx_word' id='word_1_185' title='bbox 158 2470 246 2509; x_wconf 91' lang='lat' dir='ltr'><strong>non</strong></span> <span class='ocrx_word' id='word_1_186' title='bbox 272 2473 383 2527; x_wconf 68' lang='lat' dir='ltr'><strong>qua!</strong></span> <span class='ocrx_word' id='word_1_187' title='bbox 413 2458 716 2513; x_wconf 76' lang='lat' dir='ltr'><strong>:edificatur</strong></span> <span class='ocrx_word' id='word_1_188' title='bbox 757 2459 1026 2529; x_wconf 89' lang='lat' dir='ltr'><strong>lapidibus</strong></span> <span class='ocrx_word' id='word_1_189' title='bbox 1058 2459 1465 2517; x_wconf 90' lang='lat' dir='ltr'><strong>insensibilibus</strong></span> <span class='ocrx_word' id='word_1_190' title='bbox 1495 2461 1591 2518; x_wconf 86' lang='lat' dir='ltr'><strong>sed</strong></span> <span class='ocrx_word' id='word_1_191' title='bbox 1619 2462 1704 2517; x_wconf 88' lang='lat' dir='ltr'><strong>vi-</strong></span> 
     </span>
    </p>
   </div>
   <div class='ocr_carea' id='block_1_27' title="bbox 157 2548 1707 2624">
    <p class='ocr_par' dir='ltr' id='par_1_27' title="bbox 157 2548 1707 2624">
     <span class='ocr_line' id='line_1_27' title="bbox 157 2548 1707 2624; baseline 0.006 -24"><span class='ocrx_word' id='word_1_192' title='bbox 157 2548 251 2611; x_wconf 87' lang='lat' dir='ltr'><strong>vis;</strong></span> <span class='ocrx_word' id='word_1_193' title='bbox 281 2550 329 2603; x_wconf 90' lang='lat' dir='ltr'><strong>in</strong></span> <span class='ocrx_word' id='word_1_194' title='bbox 357 2563 459 2621; x_wconf 90' lang='lat' dir='ltr'><strong>qua</strong></span> <span class='ocrx_word' id='word_1_195' title='bbox 481 2551 623 2621; x_wconf 87' lang='lat' dir='ltr'><strong>lapis</strong></span> <span class='ocrx_word' id='word_1_196' title='bbox 650 2550 745 2622; x_wconf 90' lang='lat' dir='ltr'><strong>qui</strong></span> <span class='ocrx_word' id='word_1_197' title='bbox 773 2551 842 2605; x_wconf 90' lang='lat' dir='ltr'><strong>ab</strong></span> <span class='ocrx_word' id='word_1_198' title='bbox 869 2551 1250 2609; x_wconf 85' lang='lat' dir='ltr'><strong>cdilicantibus</strong></span> <span class='ocrx_word' id='word_1_199' title='bbox 1276 2555 1599 2624; x_wconf 88' lang='lat' dir='ltr'><strong>reprobatus</strong></span> <span class='ocrx_word' id='word_1_200' title='bbox 1624 2563 1707 2610; x_wconf 89' lang='lat' dir='ltr'><strong>est</strong></span> 
     </span>
    </p>
   </div>
   <div class='ocr_carea' id='block_1_28' title="bbox 160 2640 1709 2714">
    <p class='ocr_par' dir='ltr' id='par_1_28' title="bbox 160 2640 1709 2714">
     <span class='ocr_line' id='line_1_28' title="bbox 160 2640 1709 2714; baseline 0.006 -22"><span class='ocrx_word' id='word_1_201' title='bbox 160 2640 397 2711; x_wconf 81' lang='lat' dir='ltr'><strong>angularis</strong></span> <span class='ocrx_word' id='word_1_202' title='bbox 423 2643 630 2700; x_wconf 81' lang='lat' dir='ltr'><strong>missus</strong></span> <span class='ocrx_word' id='word_1_203' title='bbox 657 2651 760 2711; x_wconf 88' lang='lat' dir='ltr'><strong>est,</strong></span> <span class='ocrx_word' id='word_1_204' title='bbox 785 2644 878 2714; x_wconf 90' lang='lat' dir='ltr'><strong>qui</strong></span> <span class='ocrx_word' id='word_1_205' title='bbox 908 2644 1155 2699; x_wconf 89' lang='lat' dir='ltr'><strong>abscisus</strong></span> <span class='ocrx_word' id='word_1_206' title='bbox 1180 2654 1263 2701; x_wconf 88' lang='lat' dir='ltr'><strong>est</strong></span> <span class='ocrx_word' id='word_1_207' title='bbox 1291 2645 1358 2701; x_wconf 90' lang='lat' dir='ltr'><strong>de</strong></span> <span class='ocrx_word' id='word_1_208' title='bbox 1380 2656 1561 2701; x_wconf 90' lang='lat' dir='ltr'><strong>monte</strong></span> <span class='ocrx_word' id='word_1_209' title='bbox 1591 2646 1709 2702; x_wconf 88' lang='lat' dir='ltr'><strong>sine</strong></span> 
     </span>
    </p>
   </div>
   <div class='ocr_carea' id='block_1_29' title="bbox 161 2733 1707 2806">
    <p class='ocr_par' dir='ltr' id='par_1_29' title="bbox 161 2733 1707 2806">
     <span class='ocr_line' id='line_1_29' title="bbox 161 2733 1707 2806; baseline 0.006 -23"><span class='ocrx_word' id='word_1_210' title='bbox 161 2733 373 2788; x_wconf 89' lang='lat' dir='ltr'><strong>manibus</strong></span> <span class='ocrx_word' id='word_1_211' title='bbox 393 2735 803 2806; x_wconf 77' lang='lat' dir='ltr'><strong>pnecidentium</strong></span> <span class='ocrx_word' id='word_1_212' title='bbox 832 2744 884 2791; x_wconf 91' lang='lat' dir='ltr'><strong>et</strong></span> <span class='ocrx_word' id='word_1_213' title='bbox 908 2735 1148 2806; x_wconf 90' lang='lat' dir='ltr'><strong>implevit</strong></span> <span class='ocrx_word' id='word_1_214' title='bbox 1176 2735 1488 2791; x_wconf 91' lang='lat' dir='ltr'><strong>universum</strong></span> <span class='ocrx_word' id='word_1_215' title='bbox 1519 2738 1707 2792; x_wconf 86' lang='lat' dir='ltr'><strong>orbem</strong></span> 
     </span>
    </p>
   </div>
   <div class='ocr_carea' id='block_1_30' title="bbox 160 2825 1707 2899">
    <p class='ocr_par' dir='ltr' id='par_1_30' title="bbox 160 2825 1707 2899">
     <span class='ocr_line' id='line_1_30' title="bbox 160 2825 1707 2899; baseline 0.005 -22"><span class='ocrx_word' id='word_1_216' title='bbox 160 2831 409 2880; x_wconf 85' lang='lat' dir='ltr'><strong>terramm.</strong></span> <span class='ocrx_word' id='word_1_217' title='bbox 440 2825 758 2882; x_wconf 88' lang='lat' dir='ltr'><strong>lntueamur</strong></span> <span class='ocrx_word' id='word_1_218' title='bbox 788 2828 971 2899; x_wconf 91' lang='lat' dir='ltr'><strong>itaque</strong></span> <span class='ocrx_word' id='word_1_219' title='bbox 996 2828 1406 2884; x_wconf 84' lang='lat' dir='ltr'><strong>editicacioncm</strong></span> <span class='ocrx_word' id='word_1_220' title='bbox 1432 2829 1597 2899; x_wconf 78' lang='lat' dir='ltr'><strong>hujus</strong></span> <span class='ocrx_word' id='word_1_221' title='bbox 1625 2829 1707 2884; x_wconf 88' lang='lat' dir='ltr'><strong>ci-</strong></span> 
     </span>
    </p>
   </div>
   <div class='ocr_carea' id='block_1_31' title="bbox 160 2913 1709 2990">
    <p class='ocr_par' dir='ltr' id='par_1_31' title="bbox 160 2913 1709 2990">
     <span class='ocr_line' id='line_1_31' title="bbox 160 2913 1709 2990; baseline 0.008 -27"><span class='ocrx_word' id='word_1_222' title='bbox 160 2913 309 2970; x_wconf 78' lang='lat' dir='ltr'><strong>vitatis</strong></span> <span class='ocrx_word' id='word_1_223' title='bbox 335 2917 619 2986; x_wconf 89' lang='lat' dir='ltr'><strong>temporis,</strong></span> <span class='ocrx_word' id='word_1_224' title='bbox 645 2926 700 2972; x_wconf 91' lang='lat' dir='ltr'><strong>et</strong></span> <span class='ocrx_word' id='word_1_225' title='bbox 730 2927 791 2973; x_wconf 85' lang='lat' dir='ltr'><strong>ut</strong></span> <span class='ocrx_word' id='word_1_226' title='bbox 827 2917 988 2990; x_wconf 90' lang='lat' dir='ltr'><strong>digne</strong></span> <span class='ocrx_word' id='word_1_227' title='bbox 1016 2917 1201 2974; x_wconf 88' lang='lat' dir='ltr'><strong>videre</strong></span> <span class='ocrx_word' id='word_1_228' title='bbox 1227 2934 1556 2985; x_wconf 88' lang='lat' dir='ltr'><strong>mereamur,</strong></span> <span class='ocrx_word' id='word_1_229' title='bbox 1594 2920 1709 2975; x_wconf 90' lang='lat' dir='ltr'><strong>edi-</strong></span> 
     </span>
    </p>
   </div>
   <div class='ocr_carea' id='block_1_32' title="bbox 162 3003 1707 3082">
    <p class='ocr_par' dir='ltr' id='par_1_32' title="bbox 162 3003 1707 3082">
     <span class='ocr_line' id='line_1_32' title="bbox 162 3003 1707 3082; baseline 0.006 -26"><span class='ocrx_word' id='word_1_230' title='bbox 162 3003 400 3063; x_wconf 83' lang='lat' dir='ltr'><strong>iicatorem</strong></span> <span class='ocrx_word' id='word_1_231' title='bbox 427 3009 550 3079; x_wconf 90' lang='lat' dir='ltr'><strong>ejus</strong></span> <span class='ocrx_word' id='word_1_232' title='bbox 584 3008 847 3079; x_wconf 87' lang='lat' dir='ltr'><strong>Spiritum</strong></span> <span class='ocrx_word' id='word_1_233' title='bbox 877 3020 1127 3065; x_wconf 87' lang='lat' dir='ltr'><strong>sanctum</strong></span> <span class='ocrx_word' id='word_1_234' title='bbox 1157 3012 1492 3079; x_wconf 88' lang='lat' dir='ltr'><strong>invocemus,</strong></span> <span class='ocrx_word' id='word_1_235' title='bbox 1520 3020 1579 3066; x_wconf 92' lang='lat' dir='ltr'><strong>ut</strong></span> <span class='ocrx_word' id='word_1_236' title='bbox 1606 3026 1707 3082; x_wconf 81' lang='lat' dir='ltr'><strong>po-</strong></span> 
     </span>
    </p>
   </div>
   <div class='ocr_carea' id='block_1_33' title="bbox 163 3101 1707 3175">
    <p class='ocr_par' dir='ltr' id='par_1_33' title="bbox 163 3101 1707 3175">
     <span class='ocr_line' id='line_1_33' title="bbox 163 3101 1707 3175; baseline 0.007 -27"><span class='ocrx_word' id='word_1_237' title='bbox 163 3105 238 3150; x_wconf 86' lang='lat' dir='ltr'><strong>nat</strong></span> <span class='ocrx_word' id='word_1_238' title='bbox 255 3101 459 3156; x_wconf 86' lang='lat' dir='ltr'><strong>verbum</strong></span> <span class='ocrx_word' id='word_1_239' title='bbox 488 3102 545 3156; x_wconf 90' lang='lat' dir='ltr'><strong>in</strong></span> <span class='ocrx_word' id='word_1_240' title='bbox 577 3117 675 3156; x_wconf 91' lang='lat' dir='ltr'><strong>ore</strong></span> <span class='ocrx_word' id='word_1_241' title='bbox 702 3112 891 3157; x_wconf 92' lang='lat' dir='ltr'><strong>nostro</strong></span> <span class='ocrx_word' id='word_1_242' title='bbox 918 3110 972 3157; x_wconf 91' lang='lat' dir='ltr'><strong>et</strong></span> <span class='ocrx_word' id='word_1_243' title='bbox 998 3102 1050 3157; x_wconf 92' lang='lat' dir='ltr'><strong>in</strong></span> <span class='ocrx_word' id='word_1_244' title='bbox 1086 3103 1249 3158; x_wconf 83' lang='lat' dir='ltr'><strong>corde</strong></span> <span class='ocrx_word' id='word_1_245' title='bbox 1280 3101 1490 3169; x_wconf 82' lang='lat' dir='ltr'><strong>nostro,</strong></span> <span class='ocrx_word' id='word_1_246' title='bbox 1526 3104 1707 3175; x_wconf 83' lang='lat' dir='ltr'><strong>quati-</strong></span> 
     </span>
    </p>
   </div>
   <div class='ocr_carea' id='block_1_34' title="bbox 164 3191 1705 3269">
    <p class='ocr_par' dir='ltr' id='par_1_34' title="bbox 164 3191 1705 3269">
     <span class='ocr_line' id='line_1_34' title="bbox 164 3191 1705 3269; baseline 0.009 -30"><span class='ocrx_word' id='word_1_247' title='bbox 164 3202 247 3242; x_wconf 88' lang='lat' dir='ltr'><strong>nus</strong></span> <span class='ocrx_word' id='word_1_248' title='bbox 265 3191 328 3246; x_wconf 90' lang='lat' dir='ltr'><strong>sit</strong></span> <span class='ocrx_word' id='word_1_249' title='bbox 353 3208 413 3247; x_wconf 90' lang='lat' dir='ltr'><strong>os</strong></span> <span class='ocrx_word' id='word_1_250' title='bbox 431 3201 685 3249; x_wconf 90' lang='lat' dir='ltr'><strong>nostrum</strong></span> <span class='ocrx_word' id='word_1_251' title='bbox 716 3193 771 3248; x_wconf 91' lang='lat' dir='ltr'><strong>in</strong></span> <span class='ocrx_word' id='word_1_252' title='bbox 800 3195 964 3250; x_wconf 91' lang='lat' dir='ltr'><strong>corde</strong></span> <span class='ocrx_word' id='word_1_253' title='bbox 993 3206 1203 3262; x_wconf 88' lang='lat' dir='ltr'><strong>nostro,</strong></span> <span class='ocrx_word' id='word_1_254' title='bbox 1251 3204 1311 3251; x_wconf 92' lang='lat' dir='ltr'><strong>ut</strong></span> <span class='ocrx_word' id='word_1_255' title='bbox 1351 3196 1512 3268; x_wconf 85' lang='lat' dir='ltr'><strong>digna</strong></span> <span class='ocrx_word' id='word_1_256' title='bbox 1553 3196 1705 3269; x_wconf 83' lang='lat' dir='ltr'><strong>loqui</strong></span> 
     </span>
    </p>
   </div>
   <div class='ocr_carea' id='block_1_35' title="bbox 167 3284 426 3340">
    <p class='ocr_par' dir='ltr' id='par_1_35' title="bbox 167 3284 426 3340">
     <span class='ocr_line' id='line_1_35' title="bbox 167 3284 426 3340; baseline 0.031 -8"><span class='ocrx_word' id='word_1_257' title='bbox 167 3284 426 3340; x_wconf 51' lang='lat' dir='ltr'><strong>valeamus.</strong></span> 
     </span>
    </p>
   </div>
   <div class='ocr_carea' id='block_1_36' title="bbox 218 3375 1712 3451">
    <p class='ocr_par' dir='ltr' id='par_1_36' title="bbox 218 3375 1712 3451">
     <span class='ocr_line' id='line_1_36' title="bbox 218 3375 1712 3451; baseline 0.005 -22"><span class='ocrx_word' id='word_1_258' title='bbox 218 3375 507 3435; x_wconf 80' lang='lat' dir='ltr'><strong>Ablactatus</strong></span> <span class='ocrx_word' id='word_1_259' title='bbox 552 3378 724 3451; x_wconf 90' lang='lat' dir='ltr'><strong>igitur</strong></span> <span class='ocrx_word' id='word_1_260' title='bbox 760 3387 864 3446; x_wconf 89' lang='lat' dir='ltr'><strong>est,</strong></span> <span class='ocrx_word' id='word_1_261' title='bbox 908 3390 963 3437; x_wconf 89' lang='lat' dir='ltr'><strong>et</strong></span> <span class='ocrx_word' id='word_1_262' title='bbox 988 3379 1218 3437; x_wconf 81' lang='lat' dir='ltr'><strong>decursa</strong></span> <span class='ocrx_word' id='word_1_263' title='bbox 1245 3380 1597 3439; x_wconf 89' lang='lat' dir='ltr'><strong>balbutientis</strong></span> <span class='ocrx_word' id='word_1_264' title='bbox 1627 3382 1712 3437; x_wconf 90' lang='lat' dir='ltr'><strong>iu-</strong></span> 
     </span>
    </p>
   </div>
   <div class='ocr_carea' id='block_1_37' title="bbox 167 3461 1710 3541">
    <p class='ocr_par' dir='ltr' id='par_1_37' title="bbox 167 3461 1710 3541">
     <span class='ocr_line' id='line_1_37' title="bbox 167 3461 1710 3541; baseline 0.006 -26"><span class='ocrx_word' id='word_1_265' title='bbox 167 3461 317 3521; x_wconf 69' lang='lat' dir='ltr'><strong>lantia:</strong></span> <span class='ocrx_word' id='word_1_266' title='bbox 360 3467 699 3524; x_wconf 88' lang='lat' dir='ltr'><strong>hebdomada</strong></span> <span class='ocrx_word' id='word_1_267' title='bbox 740 3468 934 3525; x_wconf 85' lang='lat' dir='ltr'><strong>litteris</strong></span> <span class='ocrx_word' id='word_1_268' title='bbox 986 3470 1240 3536; x_wconf 90' lang='lat' dir='ltr'><strong>traditus,</strong></span> <span class='ocrx_word' id='word_1_269' title='bbox 1291 3470 1467 3541; x_wconf 89' lang='lat' dir='ltr'><strong>prima</strong></span> <span class='ocrx_word' id='word_1_270' title='bbox 1520 3486 1710 3527; x_wconf 90' lang='lat' dir='ltr'><strong>eorum</strong></span> 
     </span>
    </p>
   </div>
   <div class='ocr_carea' id='block_1_38' title="bbox 166 3560 1714 3628">
    <p class='ocr_par' dir='ltr' id='par_1_38' title="bbox 166 3560 1714 3628">
     <span class='ocr_line' id='line_1_38' title="bbox 166 3560 1714 3628; baseline 0.006 -19"><span class='ocrx_word' id='word_1_271' title='bbox 166 3560 424 3628; x_wconf 86' lang='lat' dir='ltr'><strong>temptabat</strong></span> <span class='ocrx_word' id='word_1_272' title='bbox 453 3561 740 3617; x_wconf 88' lang='lat' dir='ltr'><strong>addiscere</strong></span> <span class='ocrx_word' id='word_1_273' title='bbox 781 3562 1108 3617; x_wconf 86' lang='lat' dir='ltr'><strong>rudimenta.</strong></span> <span class='ocrx_word' id='word_1_274' title='bbox 1141 3560 1383 3628; x_wconf 84' lang='lat' dir='ltr'><strong>Quarum</strong></span> <span class='ocrx_word' id='word_1_275' title='bbox 1428 3563 1714 3619; x_wconf 83' lang='lat' dir='ltr'><strong>elementis</strong></span> 
     </span>
    </p>
   </div>
   <div class='ocr_carea' id='block_1_39' title="bbox 169 3648 1712 3723">
    <p class='ocr_par' dir='ltr' id='par_1_39' title="bbox 169 3648 1712 3723">
     <span class='ocr_line' id='line_1_39' title="bbox 169 3648 1712 3723; baseline 0.004 -21"><span class='ocrx_word' id='word_1_276' title='bbox 169 3648 289 3704; x_wconf 87' lang='lat' dir='ltr'><strong>brevi</strong></span> <span class='ocrx_word' id='word_1_277' title='bbox 312 3650 446 3707; x_wconf 89' lang='lat' dir='ltr'><strong>datis</strong></span> <span class='ocrx_word' id='word_1_278' title='bbox 476 3652 780 3718; x_wconf 70' lang='lat' dir='ltr'><strong>memorize,</strong></span> <span class='ocrx_word' id='word_1_279' title='bbox 805 3650 1097 3708; x_wconf 88' lang='lat' dir='ltr'><strong>festinabat</strong></span> <span class='ocrx_word' id='word_1_280' title='bbox 1112 3651 1226 3723; x_wconf 89' lang='lat' dir='ltr'><strong>jam</strong></span> <span class='ocrx_word' id='word_1_281' title='bbox 1259 3652 1327 3707; x_wconf 90' lang='lat' dir='ltr'><strong>ad</strong></span> <span class='ocrx_word' id='word_1_282' title='bbox 1350 3651 1544 3709; x_wconf 89' lang='lat' dir='ltr'><strong>altiora</strong></span> <span class='ocrx_word' id='word_1_283' title='bbox 1576 3670 1712 3709; x_wconf 90' lang='lat' dir='ltr'><strong>con-</strong></span> 
     </span>
    </p>
   </div>
   <div class='ocr_carea' id='block_1_40' title="bbox 168 3742 1717 3816">
    <p class='ocr_par' dir='ltr' id='par_1_40' title="bbox 168 3742 1717 3816">
     <span class='ocr_line' id='line_1_40' title="bbox 168 3742 1717 3816; baseline 0.005 -22"><span class='ocrx_word' id='word_1_284' title='bbox 168 3742 404 3798; x_wconf 85' lang='lat' dir='ltr'><strong>scendere.</strong></span> <span class='ocrx_word' id='word_1_285' title='bbox 422 3742 595 3799; x_wconf 85' lang='lat' dir='ltr'><strong>Datus</strong></span> <span class='ocrx_word' id='word_1_286' title='bbox 622 3743 789 3816; x_wconf 84' lang='lat' dir='ltr'><strong>igitur</strong></span> <span class='ocrx_word' id='word_1_287' title='bbox 807 3744 1077 3799; x_wconf 88' lang='lat' dir='ltr'><strong>vacationi</strong></span> <span class='ocrx_word' id='word_1_288' title='bbox 1107 3743 1406 3814; x_wconf 73' lang='lat' dir='ltr'><strong>sapientias,</strong></span> <span class='ocrx_word' id='word_1_289' title='bbox 1432 3745 1717 3801; x_wconf 86' lang='lat' dir='ltr'><strong>hauriebat</strong></span> 
     </span>
    </p>
   </div>
   <div class='ocr_carea' id='block_1_41' title="bbox 169 3831 1712 3909">
    <p class='ocr_par' dir='ltr' id='par_1_41' title="bbox 169 3831 1712 3909">
     <span class='ocr_line' id='line_1_41' title="bbox 169 3831 1712 3909; baseline 0.005 -24"><span class='ocrx_word' id='word_1_290' title='bbox 169 3831 613 3902; x_wconf 59' lang='lat' dir='ltr'><strong>fontes‘doctrinve,</strong></span> <span class='ocrx_word' id='word_1_291' title='bbox 644 3836 832 3892; x_wconf 90' lang='lat' dir='ltr'><strong>tardus</strong></span> <span class='ocrx_word' id='word_1_292' title='bbox 858 3836 1099 3907; x_wconf 91' lang='lat' dir='ltr'><strong>eloquio,</strong></span> <span class='ocrx_word' id='word_1_293' title='bbox 1126 3837 1252 3892; x_wconf 88' lang='lat' dir='ltr'><strong>licet</strong></span> <span class='ocrx_word' id='word_1_294' title='bbox 1265 3837 1449 3893; x_wconf 87' lang='lat' dir='ltr'><strong>clarus</strong></span> <span class='ocrx_word' id='word_1_295' title='bbox 1472 3838 1712 3909; x_wconf 90' lang='lat' dir='ltr'><strong>ingenio,</strong></span> 
     </span>
    </p>
   </div>
   <div class='ocr_carea' id='block_1_42' title="bbox 168 3912 1717 3999">
    <p class='ocr_par' dir='ltr' id='par_1_42' title="bbox 168 3912 1717 3999">
     <span class='ocr_line' id='line_1_42' title="bbox 168 3912 1717 3999; baseline 0.005 -23"><span class='ocrx_word' id='word_1_296' title='bbox 168 3940 308 3993; x_wconf 83' lang='lat' dir='ltr'><strong>quum</strong></span> <span class='ocrx_word' id='word_1_297' title='bbox 331 3926 393 3962; x_wconf 82' lang='lat'><strong>“’</strong></span> <span class='ocrx_word' id='word_1_298' title='bbox 416 3940 525 3983; x_wconf 87' lang='lat' dir='ltr'><strong>n0n</strong></span> <span class='ocrx_word' id='word_1_299' title='bbox 549 3928 646 3999; x_wconf 87' lang='lat' dir='ltr'><strong>qui</strong></span> <span class='ocrx_word' id='word_1_300' title='bbox 667 3928 851 3983; x_wconf 62' lang='lat' dir='ltr'><strong>multae</strong></span> <span class='ocrx_word' id='word_1_301' title='bbox 868 3912 1192 3999; x_wconf 68' lang='lat' dir='ltr'><strong>eloquentia:</strong></span> <span class='ocrx_word' id='word_1_302' title='bbox 1225 3928 1311 3983; x_wconf 93' lang='lat' dir='ltr'><strong>vel</strong></span> <span class='ocrx_word' id='word_1_303' title='bbox 1338 3929 1501 3983; x_wconf 89' lang='lat' dir='ltr'><strong>etiam</strong></span> <span class='ocrx_word' id='word_1_304' title='bbox 1533 3928 1717 3984; x_wconf 76' lang='lat' dir='ltr'><strong>multa:</strong></span> 
     </span>
    </p>
   </div>
   <div class='ocr_carea' id='block_1_43' title="bbox 168 4019 1715 4091">
    <p class='ocr_par' dir='ltr' id='par_1_43' title="bbox 168 4019 1715 4091">
     <span class='ocr_line' id='line_1_43' title="bbox 168 4019 1715 4091; baseline 0.004 -22"><span class='ocrx_word' id='word_1_305' title='bbox 168 4026 236 4071; x_wconf 82' lang='lat' dir='ltr'><strong>est</strong></span> <span class='ocrx_word' id='word_1_306' title='bbox 258 4020 538 4090; x_wconf 68' lang='lat' dir='ltr'><strong>sapientiae,</strong></span> <span class='ocrx_word' id='word_1_307' title='bbox 567 4019 697 4091; x_wconf 86' lang='lat' dir='ltr'><strong>quia</strong></span> <span class='ocrx_word' id='word_1_308' title='bbox 728 4019 1049 4090; x_wconf 70' lang='lat' dir='ltr'><strong>eloquentia:</strong></span> <span class='ocrx_word' id='word_1_309' title='bbox 1086 4035 1220 4074; x_wconf 89' lang='lat' dir='ltr'><strong>aura</strong></span> <span class='ocrx_word' id='word_1_310' title='bbox 1254 4035 1446 4091; x_wconf 91' lang='lat' dir='ltr'><strong>parum</strong></span> <span class='ocrx_word' id='word_1_311' title='bbox 1495 4021 1715 4091; x_wconf 87' lang='lat' dir='ltr'><strong>quidem</strong></span> 
     </span>
    </p>
   </div>
   <div class='ocr_carea' id='block_1_44' title="bbox 169 4109 1719 4177">
    <p class='ocr_par' dir='ltr' id='par_1_44' title="bbox 169 4109 1719 4177">
     <span class='ocr_line' id='line_1_44' title="bbox 169 4109 1719 4177; baseline 0.003 -17"><span class='ocrx_word' id='word_1_312' title='bbox 169 4109 380 4166; x_wconf 78' lang='lat' dir='ltr'><strong>auditum</strong></span> <span class='ocrx_word' id='word_1_313' title='bbox 404 4111 701 4167; x_wconf 89' lang='lat' dir='ltr'><strong>mulcendo</strong></span> <span class='ocrx_word' id='word_1_314' title='bbox 741 4111 991 4177; x_wconf 87' lang='lat' dir='ltr'><strong>delectat,</strong></span> <span class='ocrx_word' id='word_1_315' title='bbox 1037 4110 1201 4166; x_wconf 90' lang='lat' dir='ltr'><strong>simul</strong></span> <span class='ocrx_word' id='word_1_316' title='bbox 1255 4125 1386 4165; x_wconf 90' lang='lat' dir='ltr'><strong>vero</strong></span> <span class='ocrx_word' id='word_1_317' title='bbox 1419 4117 1481 4164; x_wconf 91' lang='lat' dir='ltr'><strong>ut</strong></span> <span class='ocrx_word' id='word_1_318' title='bbox 1520 4110 1719 4166; x_wconf 91' lang='lat' dir='ltr'><strong>desinit</strong></span> 
     </span>
    </p>
   </div>
   <div class='ocr_carea' id='block_1_45' title="bbox 171 4201 1719 4277">
    <p class='ocr_par' dir='ltr' id='par_1_45' title="bbox 171 4201 1719 4277">
     <span class='ocr_line' id='line_1_45' title="bbox 171 4201 1719 4277; baseline 0.001 -23"><span class='ocrx_word' id='word_1_319' title='bbox 171 4217 311 4257; x_wconf 83' lang='lat' dir='ltr'><strong>sonus</strong></span> <span class='ocrx_word' id='word_1_320' title='bbox 336 4204 627 4277; x_wconf 82' lang='lat' dir='ltr'><strong>loquentis,</strong></span> <span class='ocrx_word' id='word_1_321' title='bbox 667 4211 722 4258; x_wconf 90' lang='lat' dir='ltr'><strong>et</strong></span> <span class='ocrx_word' id='word_1_322' title='bbox 750 4202 1026 4274; x_wconf 89' lang='lat' dir='ltr'><strong>profectus</strong></span> <span class='ocrx_word' id='word_1_323' title='bbox 1050 4201 1250 4257; x_wconf 91' lang='lat' dir='ltr'><strong>desinit</strong></span> <span class='ocrx_word' id='word_1_324' title='bbox 1280 4201 1569 4256; x_wconf 86' lang='lat' dir='ltr'><strong>audientis.</strong></span> <span class='ocrx_word' id='word_1_325' title='bbox 1595 4201 1719 4256; x_wconf 87' lang='lat' dir='ltr'><strong>[dco</strong></span> 
     </span>
    </p>
   </div>
   <div class='ocr_carea' id='block_1_46' title="bbox 171 4291 1718 4365">
    <p class='ocr_par' dir='ltr' id='par_1_46' title="bbox 171 4291 1718 4365">
     <span class='ocr_line' id='line_1_46' title="bbox 171 4291 1718 4365; baseline 0.002 -22"><span class='ocrx_word' id='word_1_326' title='bbox 171 4292 305 4347; x_wconf 78' lang='lat' dir='ltr'><strong>etiam</strong></span> <span class='ocrx_word' id='word_1_327' title='bbox 328 4309 458 4364; x_wconf 88' lang='lat' dir='ltr'><strong>puer</strong></span> <span class='ocrx_word' id='word_1_328' title='bbox 474 4304 738 4353; x_wconf 87' lang='lat' dir='ltr'><strong>strenuus</strong></span> <span class='ocrx_word' id='word_1_329' title='bbox 764 4294 831 4349; x_wconf 88' lang='lat' dir='ltr'><strong>ad</strong></span> <span class='ocrx_word' id='word_1_330' title='bbox 865 4293 1188 4365; x_wconf 84' lang='lat' dir='ltr'><strong>perfectiora</strong></span> <span class='ocrx_word' id='word_1_331' title='bbox 1226 4292 1355 4347; x_wconf 89' lang='lat' dir='ltr'><strong>totis</strong></span> <span class='ocrx_word' id='word_1_332' title='bbox 1384 4291 1611 4345; x_wconf 86' lang='lat' dir='ltr'><strong>tendens</strong></span> <span class='ocrx_word' id='word_1_333' title='bbox 1631 4291 1718 4346; x_wconf 86' lang='lat' dir='ltr'><strong>vi-</strong></span> 
     </span>
    </p>
   </div>
   <div class='ocr_carea' id='block_1_47' title="bbox 172 4382 1719 4456">
    <p class='ocr_par' dir='ltr' id='par_1_47' title="bbox 172 4382 1719 4456">
     <span class='ocr_line' id='line_1_47' title="bbox 172 4382 1719 4456; baseline 0.003 -23"><span class='ocrx_word' id='word_1_334' title='bbox 172 4382 315 4450; x_wconf 84' lang='lat' dir='ltr'><strong>ribus,</strong></span> <span class='ocrx_word' id='word_1_335' title='bbox 342 4387 414 4442; x_wconf 91' lang='lat' dir='ltr'><strong>illi</strong></span> <span class='ocrx_word' id='word_1_336' title='bbox 440 4386 695 4443; x_wconf 85' lang='lat' dir='ltr'><strong>studebat</strong></span> <span class='ocrx_word' id='word_1_337' title='bbox 720 4386 1020 4456; x_wconf 70' lang='lat' dir='ltr'><strong>sapientiae,</strong></span> <span class='ocrx_word' id='word_1_338' title='bbox 1045 4399 1153 4439; x_wconf 92' lang='lat' dir='ltr'><strong>non</strong></span> <span class='ocrx_word' id='word_1_339' title='bbox 1185 4398 1308 4454; x_wconf 72' lang='lat' dir='ltr'><strong>qua:</strong></span> <span class='ocrx_word' id='word_1_340' title='bbox 1329 4384 1382 4438; x_wconf 92' lang='lat' dir='ltr'><strong>in</strong></span> <span class='ocrx_word' id='word_1_341' title='bbox 1414 4382 1592 4439; x_wconf 86' lang='lat' dir='ltr'><strong>verbis</strong></span> <span class='ocrx_word' id='word_1_342' title='bbox 1621 4397 1719 4438; x_wconf 88' lang='lat' dir='ltr'><strong>vo-</strong></span> 
     </span>
    </p>
   </div>
   <div class='ocr_carea' id='block_1_48' title="bbox 1802 523 3389 600">
    <p class='ocr_par' dir='ltr' id='par_1_48' title="bbox 1802 523 3389 600">
     <span class='ocr_line' id='line_1_48' title="bbox 1802 523 3389 600; baseline 0.001 -17"><span class='ocrx_word' id='word_1_343' title='bbox 1802 530 2049 599; x_wconf 88' lang='lat' dir='ltr'><strong>spicnus,</strong></span> <span class='ocrx_word' id='word_1_344' title='bbox 2072 527 2301 582; x_wconf 87' lang='lat' dir='ltr'><strong>caritate</strong></span> <span class='ocrx_word' id='word_1_345' title='bbox 2336 523 2589 592; x_wconf 81' lang='lat' dir='ltr'><strong>diffusus,</strong></span> <span class='ocrx_word' id='word_1_346' title='bbox 2621 540 2718 595; x_wconf 87' lang='lat' dir='ltr'><strong>spe</strong></span> <span class='ocrx_word' id='word_1_347' title='bbox 2740 525 3089 599; x_wconf 88' lang='lat' dir='ltr'><strong>longanimis,</strong></span> <span class='ocrx_word' id='word_1_348' title='bbox 3116 529 3221 584; x_wconf 82' lang='lat' dir='ltr'><strong>fide</strong></span> <span class='ocrx_word' id='word_1_349' title='bbox 3249 546 3389 600; x_wconf 68' lang='lat' dir='ltr'><strong>prae-</strong></span> 
     </span>
    </p>
   </div>
   <div class='ocr_carea' id='block_1_49' title="bbox 1799 616 3390 691">
    <p class='ocr_par' dir='ltr' id='par_1_49' title="bbox 1799 616 3390 691">
     <span class='ocr_line' id='line_1_49' title="bbox 1799 616 3390 691; baseline 0.002 -17"><span class='ocrx_word' id='word_1_350' title='bbox 1799 619 2070 686; x_wconf 87' lang='lat' dir='ltr'><strong>dicabilis,</strong></span> <span class='ocrx_word' id='word_1_351' title='bbox 2116 619 2379 691; x_wconf 87' lang='lat' dir='ltr'><strong>gravitate</strong></span> <span class='ocrx_word' id='word_1_352' title='bbox 2424 616 2770 684; x_wconf 88' lang='lat' dir='ltr'><strong>venerabilis,</strong></span> <span class='ocrx_word' id='word_1_353' title='bbox 2814 635 2913 688; x_wconf 91' lang='lat' dir='ltr'><strong>per</strong></span> <span class='ocrx_word' id='word_1_354' title='bbox 2947 620 3122 675; x_wconf 83' lang='lat' dir='ltr'><strong>zelum</strong></span> <span class='ocrx_word' id='word_1_355' title='bbox 3152 620 3390 691; x_wconf 69' lang='lat' dir='ltr'><strong>justicize</strong></span> 
     </span>
    </p>
   </div>
   <div class='ocr_carea' id='block_1_50' title="bbox 1799 712 3387 785">
    <p class='ocr_par' dir='ltr' id='par_1_50' title="bbox 1799 712 3387 785">
     <span class='ocr_line' id='line_1_50' title="bbox 1799 712 3387 785; baseline 0.003 -19"><span class='ocrx_word' id='word_1_356' title='bbox 1799 727 1927 783; x_wconf 88' lang='lat' dir='ltr'><strong>erga</strong></span> <span class='ocrx_word' id='word_1_357' title='bbox 1949 712 2331 782; x_wconf 87' lang='lat' dir='ltr'><strong>delinquentes</strong></span> <span class='ocrx_word' id='word_1_358' title='bbox 2351 718 2589 776; x_wconf 91' lang='lat' dir='ltr'><strong>erectus,</strong></span> <span class='ocrx_word' id='word_1_359' title='bbox 2618 726 2715 780; x_wconf 91' lang='lat' dir='ltr'><strong>per</strong></span> <span class='ocrx_word' id='word_1_360' title='bbox 2736 712 3173 781; x_wconf 85' lang='lat' dir='ltr'><strong>compassionem</strong></span> <span class='ocrx_word' id='word_1_361' title='bbox 3199 716 3387 785; x_wconf 77' lang='lat' dir='ltr'><strong>proxi-</strong></span> 
     </span>
    </p>
   </div>
   <div class='ocr_carea' id='block_1_51' title="bbox 1800 800 3387 873">
    <p class='ocr_par' dir='ltr' id='par_1_51' title="bbox 1800 800 3387 873">
     <span class='ocr_line' id='line_1_51' title="bbox 1800 800 3387 873; baseline 0.003 -15"><span class='ocrx_word' id='word_1_362' title='bbox 1800 818 1945 869; x_wconf 89' lang='lat' dir='ltr'><strong>mus,</strong></span> <span class='ocrx_word' id='word_1_363' title='bbox 1969 802 2024 857; x_wconf 93' lang='lat' dir='ltr'><strong>in</strong></span> <span class='ocrx_word' id='word_1_364' title='bbox 2045 802 2290 857; x_wconf 90' lang='lat' dir='ltr'><strong>adversis</strong></span> <span class='ocrx_word' id='word_1_365' title='bbox 2311 800 2763 872; x_wconf 88' lang='lat' dir='ltr'><strong>patientissimus,</strong></span> <span class='ocrx_word' id='word_1_366' title='bbox 2789 801 2842 855; x_wconf 92' lang='lat' dir='ltr'><strong>in</strong></span> <span class='ocrx_word' id='word_1_367' title='bbox 2864 803 3143 873; x_wconf 85' lang='lat' dir='ltr'><strong>prosperis</strong></span> <span class='ocrx_word' id='word_1_368' title='bbox 3170 815 3387 873; x_wconf 89' lang='lat' dir='ltr'><strong>cautus,</strong></span> 
     </span>
    </p>
   </div>
   <div class='ocr_carea' id='block_1_52' title="bbox 1801 892 3387 966">
    <p class='ocr_par' dir='ltr' id='par_1_52' title="bbox 1801 892 3387 966">
     <span class='ocr_line' id='line_1_52' title="bbox 1801 892 3387 966; baseline 0.003 -17"><span class='ocrx_word' id='word_1_369' title='bbox 1801 895 1857 950; x_wconf 90' lang='lat' dir='ltr'><strong>in</strong></span> <span class='ocrx_word' id='word_1_370' title='bbox 1885 909 1998 966; x_wconf 92' lang='lat' dir='ltr'><strong>quo</strong></span> <span class='ocrx_word' id='word_1_371' title='bbox 2025 893 2207 949; x_wconf 91' lang='lat' dir='ltr'><strong>omnis</strong></span> <span class='ocrx_word' id='word_1_372' title='bbox 2236 894 2358 948; x_wconf 93' lang='lat' dir='ltr'><strong>laus</strong></span> <span class='ocrx_word' id='word_1_373' title='bbox 2386 908 2579 949; x_wconf 88' lang='lat' dir='ltr'><strong>secure</strong></span> <span class='ocrx_word' id='word_1_374' title='bbox 2604 893 2839 948; x_wconf 86' lang='lat' dir='ltr'><strong>canitur.</strong></span> <span class='ocrx_word' id='word_1_375' title='bbox 2880 892 3058 951; x_wconf 79' lang='lat' dir='ltr'><strong>Hicin</strong></span> <span class='ocrx_word' id='word_1_376' title='bbox 3087 897 3289 953; x_wconf 63' lang='lat' dir='ltr'><strong>saeculo</strong></span> <span class='ocrx_word' id='word_1_377' title='bbox 3317 899 3387 931; x_wconf 76' lang='lat'><strong>&quot;&#39;</strong></span> 
     </span>
    </p>
   </div>
   <div class='ocr_carea' id='block_1_53' title="bbox 1802 983 3391 1059">
    <p class='ocr_par' dir='ltr' id='par_1_53' title="bbox 1802 983 3391 1059">
     <span class='ocr_line' id='line_1_53' title="bbox 1802 983 3391 1059; baseline 0.002 -17"><span class='ocrx_word' id='word_1_378' title='bbox 1802 987 1962 1042; x_wconf 87' lang='lat' dir='ltr'><strong>annis</strong></span> <span class='ocrx_word' id='word_1_379' title='bbox 1987 985 2018 1039; x_wconf 92' lang='lat'><strong>7</strong></span> <span class='ocrx_word' id='word_1_380' title='bbox 2041 1001 2165 1041; x_wconf 90' lang='lat' dir='ltr'><strong>cum</strong></span> <span class='ocrx_word' id='word_1_381' title='bbox 2178 999 2350 1040; x_wconf 79' lang='lat' dir='ltr'><strong>uxore</strong></span> <span class='ocrx_word' id='word_1_382' title='bbox 2373 999 2471 1039; x_wconf 90' lang='lat' dir='ltr'><strong>sua</strong></span> <span class='ocrx_word' id='word_1_383' title='bbox 2499 983 2808 1052; x_wconf 88' lang='lat' dir='ltr'><strong>Piminiola,</strong></span> <span class='ocrx_word' id='word_1_384' title='bbox 2830 987 3004 1041; x_wconf 90' lang='lat' dir='ltr'><strong>sancti</strong></span> <span class='ocrx_word' id='word_1_385' title='bbox 3028 985 3231 1059; x_wconf 80' lang='lat' dir='ltr'><strong>Hylarii</strong></span> <span class='ocrx_word' id='word_1_386' title='bbox 3254 987 3391 1045; x_wconf 57' lang='lat' dir='ltr'><strong>Are.</strong></span> 
     </span>
    </p>
   </div>
   <div class='ocr_carea' id='block_1_54' title="bbox 1800 1076 3393 1147">
    <p class='ocr_par' dir='ltr' id='par_1_54' title="bbox 1800 1076 3393 1147">
     <span class='ocr_line' id='line_1_54' title="bbox 1800 1076 3393 1147; baseline 0.003 -13"><span class='ocrx_word' id='word_1_387' title='bbox 1800 1077 2026 1134; x_wconf 90' lang='lat' dir='ltr'><strong>latensis</strong></span> <span class='ocrx_word' id='word_1_388' title='bbox 2051 1076 2443 1147; x_wconf 85' lang='lat' dir='ltr'><strong>archiepiscopi</strong></span> <span class='ocrx_word' id='word_1_389' title='bbox 2466 1092 2675 1146; x_wconf 89' lang='lat' dir='ltr'><strong>sorore,</strong></span> <span class='ocrx_word' id='word_1_390' title='bbox 2699 1087 3075 1146; x_wconf 90' lang='lat' dir='ltr'><strong>conversatus,</strong></span> <span class='ocrx_word' id='word_1_391' title='bbox 3104 1079 3393 1138; x_wconf 83' lang='lat' dir='ltr'><strong>Lirinensc</strong></span> 
     </span>
    </p>
   </div>
   <div class='ocr_carea' id='block_1_55' title="bbox 1801 1167 3391 1240">
    <p class='ocr_par' dir='ltr' id='par_1_55' title="bbox 1801 1167 3391 1240">
     <span class='ocr_line' id='line_1_55' title="bbox 1801 1167 3391 1240; baseline 0.001 -14"><span class='ocrx_word' id='word_1_392' title='bbox 1801 1168 2110 1226; x_wconf 60' lang='lat' dir='ltr'><strong>coenobium</strong></span> <span class='ocrx_word' id='word_1_393' title='bbox 2141 1167 2384 1238; x_wconf 81' lang='lat' dir='ltr'><strong>expetiit,</strong></span> <span class='ocrx_word' id='word_1_394' title='bbox 2407 1167 2548 1223; x_wconf 88' lang='lat' dir='ltr'><strong>unde</strong></span> <span class='ocrx_word' id='word_1_395' title='bbox 2569 1178 2757 1240; x_wconf 82' lang='lat' dir='ltr'><strong>raptus</strong></span> <span class='ocrx_word' id='word_1_396' title='bbox 2784 1167 2851 1223; x_wconf 91' lang='lat' dir='ltr'><strong>ad</strong></span> <span class='ocrx_word' id='word_1_397' title='bbox 2874 1168 3235 1239; x_wconf 82' lang='lat' dir='ltr'><strong>pontificium,</strong></span> <span class='ocrx_word' id='word_1_398' title='bbox 3257 1188 3391 1228; x_wconf 87' lang='lat' dir='ltr'><strong>ean-</strong></span> 
     </span>
    </p>
   </div>
   <div class='ocr_carea' id='block_1_56' title="bbox 1801 1260 3390 1331">
    <p class='ocr_par' dir='ltr' id='par_1_56' title="bbox 1801 1260 3390 1331">
     <span class='ocr_line' id='line_1_56' title="bbox 1801 1260 3390 1331; baseline 0.001 -15"><span class='ocrx_word' id='word_1_399' title='bbox 1801 1261 1923 1316; x_wconf 86' lang='lat' dir='ltr'><strong>dem</strong></span> <span class='ocrx_word' id='word_1_400' title='bbox 1947 1260 2263 1331; x_wconf 87' lang='lat' dir='ltr'><strong>gravitatem</strong></span> <span class='ocrx_word' id='word_1_401' title='bbox 2286 1260 2758 1325; x_wconf 89' lang='lat' dir='ltr'><strong>mornm,eandcm</strong></span> <span class='ocrx_word' id='word_1_402' title='bbox 2775 1260 3390 1321; x_wconf 85' lang='lat' dir='ltr'><strong>Immilitatisctvilitatis</strong></span> 
     </span>
    </p>
   </div>
   <div class='ocr_carea' id='block_1_57' title="bbox 1802 1351 3390 1425">
    <p class='ocr_par' dir='ltr' id='par_1_57' title="bbox 1802 1351 3390 1425">
     <span class='ocr_line' id='line_1_57' title="bbox 1802 1351 3390 1425; baseline -0.001 -16"><span class='ocrx_word' id='word_1_403' title='bbox 1802 1352 2111 1409; x_wconf 86' lang='lat' dir='ltr'><strong>sectabatur</strong></span> <span class='ocrx_word' id='word_1_404' title='bbox 2139 1351 2549 1419; x_wconf 87' lang='lat' dir='ltr'><strong>continentiam,</strong></span> <span class='ocrx_word' id='word_1_405' title='bbox 2573 1351 2750 1407; x_wconf 91' lang='lat' dir='ltr'><strong>locato</strong></span> <span class='ocrx_word' id='word_1_406' title='bbox 2771 1352 2874 1407; x_wconf 90' lang='lat' dir='ltr'><strong>sibi</strong></span> <span class='ocrx_word' id='word_1_407' title='bbox 2900 1353 2955 1406; x_wconf 92' lang='lat' dir='ltr'><strong>in</strong></span> <span class='ocrx_word' id='word_1_408' title='bbox 2978 1364 3267 1425; x_wconf 88' lang='lat' dir='ltr'><strong>prospectu</strong></span> <span class='ocrx_word' id='word_1_409' title='bbox 3295 1368 3390 1409; x_wconf 85' lang='lat' dir='ltr'><strong>ur-</strong></span> 
     </span>
    </p>
   </div>
   <div class='ocr_carea' id='block_1_58' title="bbox 1802 1443 3390 1515">
    <p class='ocr_par' dir='ltr' id='par_1_58' title="bbox 1802 1443 3390 1515">
     <span class='ocr_line' id='line_1_58' title="bbox 1802 1443 3390 1515; baseline 0.002 -15"><span class='ocrx_word' id='word_1_410' title='bbox 1802 1445 1889 1501; x_wconf 85' lang='lat' dir='ltr'><strong>bis</strong></span> <span class='ocrx_word' id='word_1_411' title='bbox 1926 1444 1990 1477; x_wconf 78' lang='grc'>¹¹¹</span> <span class='ocrx_word' id='word_1_412' title='bbox 2023 1444 2380 1511; x_wconf 88' lang='lat' dir='ltr'><strong>monasterio,</strong></span> <span class='ocrx_word' id='word_1_413' title='bbox 2413 1443 2506 1498; x_wconf 91' lang='lat' dir='ltr'><strong>ubi</strong></span> <span class='ocrx_word' id='word_1_414' title='bbox 2545 1457 2671 1499; x_wconf 91' lang='lat' dir='ltr'><strong>cum</strong></span> <span class='ocrx_word' id='word_1_415' title='bbox 2707 1443 2792 1500; x_wconf 93' lang='lat' dir='ltr'><strong>his</strong></span> <span class='ocrx_word' id='word_1_416' title='bbox 2814 1444 2909 1515; x_wconf 88' lang='lat' dir='ltr'><strong>qui</strong></span> <span class='ocrx_word' id='word_1_417' title='bbox 2947 1460 3131 1501; x_wconf 87' lang='lat' dir='ltr'><strong>secum</strong></span> <span class='ocrx_word' id='word_1_418' title='bbox 3162 1449 3390 1503; x_wconf 89' lang='lat' dir='ltr'><strong>aderant</strong></span> 
     </span>
    </p>
   </div>
   <div class='ocr_carea' id='block_1_59' title="bbox 1802 1533 3392 1594">
    <p class='ocr_par' dir='ltr' id='par_1_59' title="bbox 1802 1533 3392 1594">
     <span class='ocr_line' id='line_1_59' title="bbox 1802 1533 3392 1594; baseline 0.001 -2"><span class='ocrx_word' id='word_1_419' title='bbox 1802 1536 2001 1592; x_wconf 91' lang='lat' dir='ltr'><strong>divinis</strong></span> <span class='ocrx_word' id='word_1_420' title='bbox 2032 1535 2345 1591; x_wconf 89' lang='lat' dir='ltr'><strong>intendebat</strong></span> <span class='ocrx_word' id='word_1_421' title='bbox 2370 1534 2615 1590; x_wconf 86' lang='lat' dir='ltr'><strong>theoriis.</strong></span> <span class='ocrx_word' id='word_1_422' title='bbox 2648 1533 2787 1591; x_wconf 86' lang='lat' dir='ltr'><strong>lluic</strong></span> <span class='ocrx_word' id='word_1_423' title='bbox 2811 1535 3002 1592; x_wconf 91' lang='lat' dir='ltr'><strong>beatus</strong></span> <span class='ocrx_word' id='word_1_424' title='bbox 3028 1535 3392 1594; x_wconf 84' lang='lat' dir='ltr'><strong>Pulchronius</strong></span> 
     </span>
    </p>
   </div>
   <div class='ocr_carea' id='block_1_60' title="bbox 1804 1627 3392 1699">
    <p class='ocr_par' dir='ltr' id='par_1_60' title="bbox 1804 1627 3392 1699">
     <span class='ocr_line' id='line_1_60' title="bbox 1804 1627 3392 1699; baseline 0.001 -16"><span class='ocrx_word' id='word_1_425' title='bbox 1804 1629 1859 1684; x_wconf 91' lang='lat' dir='ltr'><strong>in</strong></span> <span class='ocrx_word' id='word_1_426' title='bbox 1876 1628 2211 1684; x_wconf 91' lang='lat' dir='ltr'><strong>monasterio</strong></span> <span class='ocrx_word' id='word_1_427' title='bbox 2236 1627 2569 1684; x_wconf 89' lang='lat' dir='ltr'><strong>erudiendus</strong></span> <span class='ocrx_word' id='word_1_428' title='bbox 2596 1644 2627 1682; x_wconf 90' lang='lat' dir='ltr'><strong>a</strong></span> <span class='ocrx_word' id='word_1_429' title='bbox 2652 1628 2972 1699; x_wconf 90' lang='lat' dir='ltr'><strong>parentibus</strong></span> <span class='ocrx_word' id='word_1_430' title='bbox 2994 1629 3247 1696; x_wconf 90' lang='lat' dir='ltr'><strong>traditus,</strong></span> <span class='ocrx_word' id='word_1_431' title='bbox 3273 1643 3392 1684; x_wconf 87' lang='lat' dir='ltr'><strong>ma-</strong></span> 
     </span>
    </p>
   </div>
   <div class='ocr_carea' id='block_1_61' title="bbox 1805 1714 3388 1793">
    <p class='ocr_par' dir='ltr' id='par_1_61' title="bbox 1805 1714 3388 1793">
     <span class='ocr_line' id='line_1_61' title="bbox 1805 1714 3388 1793; baseline 0.001 -19"><span class='ocrx_word' id='word_1_432' title='bbox 1805 1720 1959 1792; x_wconf 88' lang='lat' dir='ltr'><strong>gistri</strong></span> <span class='ocrx_word' id='word_1_433' title='bbox 1982 1721 2125 1793; x_wconf 91' lang='lat' dir='ltr'><strong>cepit</strong></span> <span class='ocrx_word' id='word_1_434' title='bbox 2145 1720 2386 1775; x_wconf 85' lang='lat' dir='ltr'><strong>imitatur</strong></span> <span class='ocrx_word' id='word_1_435' title='bbox 2415 1720 2667 1786; x_wconf 80' lang='lat' dir='ltr'><strong>existere,</strong></span> <span class='ocrx_word' id='word_1_436' title='bbox 2689 1714 2758 1775; x_wconf 39' lang='lat' dir='ltr'><strong>et‘</strong></span> <span class='ocrx_word' id='word_1_437' title='bbox 2776 1736 2900 1791; x_wconf 69' lang='lat' dir='ltr'><strong>qua:</strong></span> <span class='ocrx_word' id='word_1_438' title='bbox 2934 1735 3060 1775; x_wconf 91' lang='lat' dir='ltr'><strong>eum</strong></span> <span class='ocrx_word' id='word_1_439' title='bbox 3089 1718 3265 1776; x_wconf 89' lang='lat' dir='ltr'><strong>facere</strong></span> <span class='ocrx_word' id='word_1_440' title='bbox 3302 1722 3388 1776; x_wconf 90' lang='lat' dir='ltr'><strong>vi—</strong></span> 
     </span>
    </p>
   </div>
   <div class='ocr_carea' id='block_1_62' title="bbox 1805 1811 3385 1884">
    <p class='ocr_par' dir='ltr' id='par_1_62' title="bbox 1805 1811 3385 1884">
     <span class='ocr_line' id='line_1_62' title="bbox 1805 1811 3385 1884; baseline -0.001 -15"><span class='ocrx_word' id='word_1_441' title='bbox 1805 1814 1968 1869; x_wconf 88' lang='lat' dir='ltr'><strong>debat</strong></span> <span class='ocrx_word' id='word_1_442' title='bbox 1988 1814 2054 1869; x_wconf 90' lang='lat' dir='ltr'><strong>ad</strong></span> <span class='ocrx_word' id='word_1_443' title='bbox 2082 1814 2273 1869; x_wconf 89' lang='lat' dir='ltr'><strong>eadem</strong></span> <span class='ocrx_word' id='word_1_444' title='bbox 2305 1828 2363 1869; x_wconf 91' lang='lat' dir='ltr'><strong>se</strong></span> <span class='ocrx_word' id='word_1_445' title='bbox 2387 1814 2566 1869; x_wconf 90' lang='lat' dir='ltr'><strong>modis</strong></span> <span class='ocrx_word' id='word_1_446' title='bbox 2600 1813 2801 1884; x_wconf 89' lang='lat' dir='ltr'><strong>quibus</strong></span> <span class='ocrx_word' id='word_1_447' title='bbox 2825 1820 3040 1883; x_wconf 91' lang='lat' dir='ltr'><strong>poterat</strong></span> <span class='ocrx_word' id='word_1_448' title='bbox 3070 1811 3385 1869; x_wconf 76' lang='lat' dir='ltr'><strong>informare.</strong></span> 
     </span>
    </p>
   </div>
   <div class='ocr_carea' id='block_1_63' title="bbox 1806 1904 3389 1976">
    <p class='ocr_par' dir='ltr' id='par_1_63' title="bbox 1806 1904 3389 1976">
     <span class='ocr_line' id='line_1_63' title="bbox 1806 1904 3389 1976; baseline 0.001 -18"><span class='ocrx_word' id='word_1_449' title='bbox 1806 1904 1937 1960; x_wconf 83' lang='lat' dir='ltr'><strong>Erat</strong></span> <span class='ocrx_word' id='word_1_450' title='bbox 1969 1905 2019 1960; x_wconf 90' lang='lat' dir='ltr'><strong>ei</strong></span> <span class='ocrx_word' id='word_1_451' title='bbox 2051 1905 2106 1959; x_wconf 92' lang='lat' dir='ltr'><strong>in</strong></span> <span class='ocrx_word' id='word_1_452' title='bbox 2142 1905 2294 1960; x_wconf 90' lang='lat' dir='ltr'><strong>vultu</strong></span> <span class='ocrx_word' id='word_1_453' title='bbox 2328 1905 2613 1970; x_wconf 89' lang='lat' dir='ltr'><strong>alacritas,</strong></span> <span class='ocrx_word' id='word_1_454' title='bbox 2648 1904 2703 1959; x_wconf 91' lang='lat' dir='ltr'><strong>in</strong></span> <span class='ocrx_word' id='word_1_455' title='bbox 2743 1919 2994 1960; x_wconf 88' lang='lat' dir='ltr'><strong>sermone</strong></span> <span class='ocrx_word' id='word_1_456' title='bbox 3028 1905 3297 1976; x_wconf 90' lang='lat' dir='ltr'><strong>gravitas,</strong></span> <span class='ocrx_word' id='word_1_457' title='bbox 3332 1907 3389 1960; x_wconf 87' lang='lat' dir='ltr'><strong>in</strong></span> 
     </span>
    </p>
   </div>
   <div class='ocr_carea' id='block_1_64' title="bbox 1769 1994 3393 2067">
    <p class='ocr_par' dir='ltr' id='par_1_64' title="bbox 1769 1994 3393 2067">
     <span class='ocr_line' id='line_1_64' title="bbox 1769 1994 3393 2067; baseline 0.003 -20"><span class='ocrx_word' id='word_1_458' title='bbox 1769 2045 1787 2061; x_wconf 67' lang='grc'><em>,</em></span> <span class='ocrx_word' id='word_1_459' title='bbox 1805 1994 2107 2051; x_wconf 90' lang='lat' dir='ltr'><strong>obediendo</strong></span> <span class='ocrx_word' id='word_1_460' title='bbox 2127 1995 2418 2067; x_wconf 83' lang='lat' dir='ltr'><strong>sagacitas,</strong></span> <span class='ocrx_word' id='word_1_461' title='bbox 2448 1996 2502 2051; x_wconf 91' lang='lat' dir='ltr'><strong>in</strong></span> <span class='ocrx_word' id='word_1_462' title='bbox 2522 1996 2873 2067; x_wconf 90' lang='lat' dir='ltr'><strong>obsequendo</strong></span> <span class='ocrx_word' id='word_1_463' title='bbox 2901 1996 3203 2064; x_wconf 89' lang='lat' dir='ltr'><strong>humilitas,</strong></span> <span class='ocrx_word' id='word_1_464' title='bbox 3225 1997 3281 2052; x_wconf 91' lang='lat' dir='ltr'><strong>in</strong></span> <span class='ocrx_word' id='word_1_465' title='bbox 3302 1996 3393 2065; x_wconf 78' lang='lat' dir='ltr'><strong>dc-</strong></span> 
     </span>
    </p>
   </div>
   <div class='ocr_carea' id='block_1_65' title="bbox 1805 2087 3390 2157">
    <p class='ocr_par' dir='ltr' id='par_1_65' title="bbox 1805 2087 3390 2157">
     <span class='ocr_line' id='line_1_65' title="bbox 1805 2087 3390 2157; baseline 0.002 -14"><span class='ocrx_word' id='word_1_466' title='bbox 1805 2087 2029 2145; x_wconf 89' lang='lat' dir='ltr'><strong>ferendo</strong></span> <span class='ocrx_word' id='word_1_467' title='bbox 2062 2090 2347 2157; x_wconf 88' lang='lat' dir='ltr'><strong>sedulitas,</strong></span> <span class='ocrx_word' id='word_1_468' title='bbox 2372 2090 2696 2146; x_wconf 89' lang='lat' dir='ltr'><strong>verecundia</strong></span> <span class='ocrx_word' id='word_1_469' title='bbox 2724 2091 2780 2144; x_wconf 91' lang='lat' dir='ltr'><strong>in</strong></span> <span class='ocrx_word' id='word_1_470' title='bbox 2809 2090 2983 2157; x_wconf 91' lang='lat' dir='ltr'><strong>vultu,</strong></span> <span class='ocrx_word' id='word_1_471' title='bbox 3005 2092 3310 2147; x_wconf 89' lang='lat' dir='ltr'><strong>reverentia</strong></span> <span class='ocrx_word' id='word_1_472' title='bbox 3332 2092 3390 2146; x_wconf 91' lang='lat' dir='ltr'><strong>in</strong></span> 
     </span>
    </p>
   </div>
   <div class='ocr_carea' id='block_1_66' title="bbox 1804 2180 3391 2249">
    <p class='ocr_par' dir='ltr' id='par_1_66' title="bbox 1804 2180 3391 2249">
     <span class='ocr_line' id='line_1_66' title="bbox 1804 2180 3391 2249; baseline 0.001 -14"><span class='ocrx_word' id='word_1_473' title='bbox 1804 2180 2044 2247; x_wconf 90' lang='lat' dir='ltr'><strong>incessu,</strong></span> <span class='ocrx_word' id='word_1_474' title='bbox 2079 2180 2309 2237; x_wconf 89' lang='lat' dir='ltr'><strong>dulcedo</strong></span> <span class='ocrx_word' id='word_1_475' title='bbox 2336 2182 2391 2236; x_wconf 88' lang='lat' dir='ltr'><strong>in</strong></span> <span class='ocrx_word' id='word_1_476' title='bbox 2421 2197 2576 2249; x_wconf 89' lang='lat' dir='ltr'><strong>voce,</strong></span> <span class='ocrx_word' id='word_1_477' title='bbox 2617 2182 2925 2237; x_wconf 90' lang='lat' dir='ltr'><strong>constantia</strong></span> <span class='ocrx_word' id='word_1_478' title='bbox 2952 2183 3006 2237; x_wconf 93' lang='lat' dir='ltr'><strong>in</strong></span> <span class='ocrx_word' id='word_1_479' title='bbox 3033 2184 3266 2239; x_wconf 89' lang='lat' dir='ltr'><strong>actione.</strong></span> <span class='ocrx_word' id='word_1_480' title='bbox 3298 2182 3391 2238; x_wconf 83' lang='lat' dir='ltr'><strong>Di-</strong></span> 
     </span>
    </p>
   </div>
   <div class='ocr_carea' id='block_1_67' title="bbox 1805 2270 3392 2343">
    <p class='ocr_par' dir='ltr' id='par_1_67' title="bbox 1805 2270 3392 2343">
     <span class='ocr_line' id='line_1_67' title="bbox 1805 2270 3392 2343; baseline 0.003 -17"><span class='ocrx_word' id='word_1_481' title='bbox 1805 2270 2073 2343; x_wconf 89' lang='lat' dir='ltr'><strong>ligebatur</strong></span> <span class='ocrx_word' id='word_1_482' title='bbox 2084 2272 2154 2328; x_wconf 91' lang='lat' dir='ltr'><strong>ab</strong></span> <span class='ocrx_word' id='word_1_483' title='bbox 2169 2274 2447 2340; x_wconf 86' lang='lat' dir='ltr'><strong>omnibus,</strong></span> <span class='ocrx_word' id='word_1_484' title='bbox 2461 2275 2785 2330; x_wconf 86' lang='lat' dir='ltr'><strong>laudabatur</strong></span> <span class='ocrx_word' id='word_1_485' title='bbox 2797 2291 2827 2330; x_wconf 89' lang='lat' dir='ltr'><strong>a</strong></span> <span class='ocrx_word' id='word_1_486' title='bbox 2838 2275 3074 2342; x_wconf 91' lang='lat' dir='ltr'><strong>cunctis,</strong></span> <span class='ocrx_word' id='word_1_487' title='bbox 3087 2276 3392 2331; x_wconf 89' lang='lat' dir='ltr'><strong>honoraba-</strong></span> 
     </span>
    </p>
   </div>
   <div class='ocr_carea' id='block_1_68' title="bbox 1804 2365 3390 2439">
    <p class='ocr_par' dir='ltr' id='par_1_68' title="bbox 1804 2365 3390 2439">
     <span class='ocr_line' id='line_1_68' title="bbox 1804 2365 3390 2439; baseline 0.001 -19"><span class='ocrx_word' id='word_1_488' title='bbox 1804 2372 1897 2420; x_wconf 94' lang='lat' dir='ltr'><strong>tur</strong></span> <span class='ocrx_word' id='word_1_489' title='bbox 1923 2365 1991 2420; x_wconf 87' lang='lat' dir='ltr'><strong>ab</strong></span> <span class='ocrx_word' id='word_1_490' title='bbox 2015 2366 2308 2422; x_wconf 90' lang='lat' dir='ltr'><strong>universis.</strong></span> <span class='ocrx_word' id='word_1_491' title='bbox 2342 2365 2513 2433; x_wconf 86' lang='lat' dir='ltr'><strong>Quem</strong></span> <span class='ocrx_word' id='word_1_492' title='bbox 2532 2367 2577 2421; x_wconf 93' lang='lat' dir='ltr'><strong>si</strong></span> <span class='ocrx_word' id='word_1_493' title='bbox 2600 2367 2725 2438; x_wconf 91' lang='lat' dir='ltr'><strong>quis</strong></span> <span class='ocrx_word' id='word_1_494' title='bbox 2745 2377 2890 2424; x_wconf 90' lang='lat' dir='ltr'><strong>esset</strong></span> <span class='ocrx_word' id='word_1_495' title='bbox 2906 2368 3002 2439; x_wconf 89' lang='lat' dir='ltr'><strong>qui</strong></span> <span class='ocrx_word' id='word_1_496' title='bbox 3026 2384 3133 2423; x_wconf 92' lang='lat' dir='ltr'><strong>non</strong></span> <span class='ocrx_word' id='word_1_497' title='bbox 3158 2378 3390 2436; x_wconf 89' lang='lat' dir='ltr'><strong>amaret,</strong></span> 
     </span>
    </p>
   </div>
   <div class='ocr_carea' id='block_1_69' title="bbox 1805 2458 3390 2531">
    <p class='ocr_par' dir='ltr' id='par_1_69' title="bbox 1805 2458 3390 2531">
     <span class='ocr_line' id='line_1_69' title="bbox 1805 2458 3390 2531; baseline 0.002 -18"><span class='ocrx_word' id='word_1_498' title='bbox 1805 2472 1865 2513; x_wconf 92' lang='lat' dir='ltr'><strong>se</strong></span> <span class='ocrx_word' id='word_1_499' title='bbox 1900 2458 2080 2529; x_wconf 88' lang='lat' dir='ltr'><strong>potius</strong></span> <span class='ocrx_word' id='word_1_500' title='bbox 2111 2458 2263 2513; x_wconf 90' lang='lat' dir='ltr'><strong>illum</strong></span> <span class='ocrx_word' id='word_1_501' title='bbox 2294 2475 2402 2513; x_wconf 91' lang='lat' dir='ltr'><strong>non</strong></span> <span class='ocrx_word' id='word_1_502' title='bbox 2423 2462 2657 2515; x_wconf 88' lang='lat' dir='ltr'><strong>amando</strong></span> <span class='ocrx_word' id='word_1_503' title='bbox 2687 2460 3039 2531; x_wconf 88' lang='lat' dir='ltr'><strong>improbaret.</strong></span> <span class='ocrx_word' id='word_1_504' title='bbox 3075 2460 3207 2517; x_wconf 86' lang='lat' dir='ltr'><strong>Erat</strong></span> <span class='ocrx_word' id='word_1_505' title='bbox 3237 2463 3305 2495; x_wconf 82' lang='grc'>¹²²</span> <span class='ocrx_word' id='word_1_506' title='bbox 3339 2464 3390 2518; x_wconf 90' lang='lat' dir='ltr'><strong>ci</strong></span> 
     </span>
    </p>
   </div>
   <div class='ocr_carea' id='block_1_70' title="bbox 1804 2549 3392 2620">
    <p class='ocr_par' dir='ltr' id='par_1_70' title="bbox 1804 2549 3392 2620">
     <span class='ocr_line' id='line_1_70' title="bbox 1804 2549 3392 2620; baseline 0.004 -17"><span class='ocrx_word' id='word_1_507' title='bbox 1804 2564 2024 2620; x_wconf 91' lang='lat' dir='ltr'><strong>quoque</strong></span> <span class='ocrx_word' id='word_1_508' title='bbox 2055 2549 2295 2605; x_wconf 88' lang='lat' dir='ltr'><strong>studium</strong></span> <span class='ocrx_word' id='word_1_509' title='bbox 2321 2550 2573 2606; x_wconf 89' lang='lat' dir='ltr'><strong>timorem</strong></span> <span class='ocrx_word' id='word_1_510' title='bbox 2599 2550 2693 2607; x_wconf 86' lang='lat' dir='ltr'><strong>Dei</strong></span> <span class='ocrx_word' id='word_1_511' title='bbox 2721 2552 2940 2620; x_wconf 88' lang='lat' dir='ltr'><strong>habere,</strong></span> <span class='ocrx_word' id='word_1_512' title='bbox 2965 2554 3209 2610; x_wconf 89' lang='lat' dir='ltr'><strong>seniores</strong></span> <span class='ocrx_word' id='word_1_513' title='bbox 3227 2570 3392 2610; x_wconf 88' lang='lat' dir='ltr'><strong>vene-</strong></span> 
     </span>
    </p>
   </div>
   <div class='ocr_carea' id='block_1_71' title="bbox 1804 2640 3389 2716">
    <p class='ocr_par' dir='ltr' id='par_1_71' title="bbox 1804 2640 3389 2716">
     <span class='ocr_line' id='line_1_71' title="bbox 1804 2640 3389 2716; baseline 0.004 -21"><span class='ocrx_word' id='word_1_514' title='bbox 1804 2640 1937 2707; x_wconf 89' lang='lat' dir='ltr'><strong>rari,</strong></span> <span class='ocrx_word' id='word_1_515' title='bbox 1989 2641 2297 2697; x_wconf 87' lang='lat' dir='ltr'><strong>castitatem</strong></span> <span class='ocrx_word' id='word_1_516' title='bbox 2345 2644 2507 2710; x_wconf 89' lang='lat' dir='ltr'><strong>tueri,</strong></span> <span class='ocrx_word' id='word_1_517' title='bbox 2554 2643 2923 2699; x_wconf 79' lang='lat' dir='ltr'><strong>humilitatem</strong></span> <span class='ocrx_word' id='word_1_518' title='bbox 2950 2661 3058 2700; x_wconf 91' lang='lat' dir='ltr'><strong>non</strong></span> <span class='ocrx_word' id='word_1_519' title='bbox 3086 2647 3389 2716; x_wconf 84' lang='lat' dir='ltr'><strong>aspernari,</strong></span> 
     </span>
    </p>
   </div>
   <div class='ocr_carea' id='block_1_72' title="bbox 1807 2729 3393 2803">
    <p class='ocr_par' dir='ltr' id='par_1_72' title="bbox 1807 2729 3393 2803">
     <span class='ocr_line' id='line_1_72' title="bbox 1807 2729 3393 2803; baseline 0.004 -20"><span class='ocrx_word' id='word_1_520' title='bbox 1807 2729 2189 2784; x_wconf 86' lang='lat' dir='ltr'><strong>verecundiam</strong></span> <span class='ocrx_word' id='word_1_521' title='bbox 2215 2730 2438 2801; x_wconf 80' lang='lat' dir='ltr'><strong>diligere</strong></span> <span class='ocrx_word' id='word_1_522' title='bbox 2470 2740 2524 2785; x_wconf 88' lang='lat' dir='ltr'><strong>ct</strong></span> <span class='ocrx_word' id='word_1_523' title='bbox 2544 2732 2910 2799; x_wconf 89' lang='lat' dir='ltr'><strong>clementiam,</strong></span> <span class='ocrx_word' id='word_1_524' title='bbox 2933 2749 3056 2803; x_wconf 72' lang='lat' dir='ltr'><strong>quae</strong></span> <span class='ocrx_word' id='word_1_525' title='bbox 3077 2743 3207 2789; x_wconf 90' lang='lat' dir='ltr'><strong>sunt</strong></span> <span class='ocrx_word' id='word_1_526' title='bbox 3226 2750 3393 2790; x_wconf 88' lang='lat' dir='ltr'><strong>orna—</strong></span> 
     </span>
    </p>
   </div>
   <div class='ocr_carea' id='block_1_73' title="bbox 1806 2819 3394 2895">
    <p class='ocr_par' dir='ltr' id='par_1_73' title="bbox 1806 2819 3394 2895">
     <span class='ocr_line' id='line_1_73' title="bbox 1806 2819 3394 2895; baseline 0.004 -21"><span class='ocrx_word' id='word_1_527' title='bbox 1806 2828 1988 2874; x_wconf 89' lang='lat' dir='ltr'><strong>menta</strong></span> <span class='ocrx_word' id='word_1_528' title='bbox 2016 2820 2217 2875; x_wconf 90' lang='lat' dir='ltr'><strong>minori</strong></span> <span class='ocrx_word' id='word_1_529' title='bbox 2250 2821 2417 2875; x_wconf 78' lang='lat' dir='ltr'><strong>:etati.</strong></span> <span class='ocrx_word' id='word_1_530' title='bbox 2444 2819 2811 2876; x_wconf 87' lang='lat' dir='ltr'><strong>Erudiebatur</strong></span> <span class='ocrx_word' id='word_1_531' title='bbox 2841 2823 2954 2893; x_wconf 88' lang='lat' dir='ltr'><strong>jam</strong></span> <span class='ocrx_word' id='word_1_532' title='bbox 2989 2831 3120 2879; x_wconf 91' lang='lat' dir='ltr'><strong>tunc</strong></span> <span class='ocrx_word' id='word_1_533' title='bbox 3144 2824 3394 2895; x_wconf 87' lang='lat' dir='ltr'><strong>profecto</strong></span> 
     </span>
    </p>
   </div>
   <div class='ocr_carea' id='block_1_74' title="bbox 1806 2912 3394 2990">
    <p class='ocr_par' dir='ltr' id='par_1_74' title="bbox 1806 2912 3394 2990">
     <span class='ocr_line' id='line_1_74' title="bbox 1806 2912 3394 2990; baseline 0.004 -23"><span class='ocrx_word' id='word_1_534' title='bbox 1806 2912 1841 2968; x_wconf 88' lang='lat' dir='ltr'><strong>d</strong></span> <span class='ocrx_word' id='word_1_535' title='bbox 1863 2912 2106 2970; x_wconf 89' lang='lat' dir='ltr'><strong>vinitatis</strong></span> <span class='ocrx_word' id='word_1_536' title='bbox 2128 2915 2344 2971; x_wconf 84' lang='lat' dir='ltr'><strong>occulto</strong></span> <span class='ocrx_word' id='word_1_537' title='bbox 2359 2916 2586 2987; x_wconf 88' lang='lat' dir='ltr'><strong>judicio,</strong></span> <span class='ocrx_word' id='word_1_538' title='bbox 2610 2932 2679 2971; x_wconf 93' lang='lat' dir='ltr'><strong>nc</strong></span> <span class='ocrx_word' id='word_1_539' title='bbox 2703 2917 2833 2987; x_wconf 89' lang='lat' dir='ltr'><strong>quid</strong></span> <span class='ocrx_word' id='word_1_540' title='bbox 2857 2917 3070 2973; x_wconf 87' lang='lat' dir='ltr'><strong>deesset</strong></span> <span class='ocrx_word' id='word_1_541' title='bbox 3093 2920 3394 2990; x_wconf 82' lang='lat' dir='ltr'><strong>apostolico</strong></span> 
     </span>
    </p>
   </div>
   <div class='ocr_carea' id='block_1_75' title="bbox 1805 3007 3396 3080">
    <p class='ocr_par' dir='ltr' id='par_1_75' title="bbox 1805 3007 3396 3080">
     <span class='ocr_line' id='line_1_75' title="bbox 1805 3007 3396 3080; baseline 0.004 -21"><span class='ocrx_word' id='word_1_542' title='bbox 1805 3007 2048 3075; x_wconf 85' lang='lat' dir='ltr'><strong>pontifici</strong></span> <span class='ocrx_word' id='word_1_543' title='bbox 2078 3023 2204 3063; x_wconf 83' lang='lat' dir='ltr'><strong>mox</strong></span> <span class='ocrx_word' id='word_1_544' title='bbox 2237 3007 2439 3064; x_wconf 89' lang='lat' dir='ltr'><strong>futuro.</strong></span> <span class='ocrx_word' id='word_1_545' title='bbox 2474 3008 2820 3080; x_wconf 81' lang='lat' dir='ltr'><strong>Eratquippe</strong></span> <span class='ocrx_word' id='word_1_546' title='bbox 2845 3025 2911 3064; x_wconf 79' lang='lat' dir='ltr'><strong>ex</strong></span> <span class='ocrx_word' id='word_1_547' title='bbox 2940 3009 3159 3065; x_wconf 88' lang='lat' dir='ltr'><strong>mundis</strong></span> <span class='ocrx_word' id='word_1_548' title='bbox 3184 3012 3396 3065; x_wconf 81' lang='lat' dir='ltr'><strong>anima—</strong></span> 
     </span>
    </p>
   </div>
   <div class='ocr_carea' id='block_1_76' title="bbox 1808 3098 3392 3172">
    <p class='ocr_par' dir='ltr' id='par_1_76' title="bbox 1808 3098 3392 3172">
     <span class='ocr_line' id='line_1_76' title="bbox 1808 3098 3392 3172; baseline 0.004 -21"><span class='ocrx_word' id='word_1_549' title='bbox 1808 3098 1971 3166; x_wconf 91' lang='lat' dir='ltr'><strong>libus,</strong></span> <span class='ocrx_word' id='word_1_550' title='bbox 1994 3100 2102 3157; x_wconf 90' lang='lat' dir='ltr'><strong>illis</strong></span> <span class='ocrx_word' id='word_1_551' title='bbox 2125 3100 2332 3157; x_wconf 89' lang='lat' dir='ltr'><strong>scilicet</strong></span> <span class='ocrx_word' id='word_1_552' title='bbox 2358 3102 2526 3172; x_wconf 89' lang='lat' dir='ltr'><strong>quiet</strong></span> <span class='ocrx_word' id='word_1_553' title='bbox 2551 3101 2830 3156; x_wconf 88' lang='lat' dir='ltr'><strong>ruminare</strong></span> <span class='ocrx_word' id='word_1_554' title='bbox 2864 3110 3066 3155; x_wconf 88' lang='lat' dir='ltr'><strong>norunt</strong></span> <span class='ocrx_word' id='word_1_555' title='bbox 3090 3110 3144 3156; x_wconf 91' lang='lat' dir='ltr'><strong>et</strong></span> <span class='ocrx_word' id='word_1_556' title='bbox 3167 3102 3392 3157; x_wconf 90' lang='lat' dir='ltr'><strong>verbum</strong></span> 
     </span>
    </p>
   </div>
   <div class='ocr_carea' id='block_1_77' title="bbox 1809 3185 3394 3263">
    <p class='ocr_par' dir='ltr' id='par_1_77' title="bbox 1809 3185 3394 3263">
     <span class='ocr_line' id='line_1_77' title="bbox 1809 3185 3394 3263; baseline 0.004 -22"><span class='ocrx_word' id='word_1_557' title='bbox 1809 3185 1903 3243; x_wconf 92' lang='lat' dir='ltr'><strong>Dei</strong></span> <span class='ocrx_word' id='word_1_558' title='bbox 1927 3190 1993 3244; x_wconf 89' lang='lat' dir='ltr'><strong>ad</strong></span> <span class='ocrx_word' id='word_1_559' title='bbox 2018 3191 2336 3246; x_wconf 87' lang='lat' dir='ltr'><strong>memoriam</strong></span> <span class='ocrx_word' id='word_1_560' title='bbox 2360 3208 2638 3258; x_wconf 86' lang='lat' dir='ltr'><strong>revocare,</strong></span> <span class='ocrx_word' id='word_1_561' title='bbox 2662 3193 2865 3263; x_wconf 89' lang='lat' dir='ltr'><strong>quique</strong></span> <span class='ocrx_word' id='word_1_562' title='bbox 2889 3192 3053 3247; x_wconf 91' lang='lat' dir='ltr'><strong>etiam</strong></span> <span class='ocrx_word' id='word_1_563' title='bbox 3080 3193 3280 3248; x_wconf 89' lang='lat' dir='ltr'><strong>divinis</strong></span> <span class='ocrx_word' id='word_1_564' title='bbox 3302 3210 3394 3248; x_wconf 84' lang='lat' dir='ltr'><strong>sa-</strong></span> 
     </span>
    </p>
   </div>
   <div class='ocr_carea' id='block_1_78' title="bbox 1808 3281 3398 3355">
    <p class='ocr_par' dir='ltr' id='par_1_78' title="bbox 1808 3281 3398 3355">
     <span class='ocr_line' id='line_1_78' title="bbox 1808 3281 3398 3355; baseline 0.003 -19"><span class='ocrx_word' id='word_1_565' title='bbox 1808 3281 2029 3338; x_wconf 76' lang='lat' dir='ltr'><strong>criﬁciis</strong></span> <span class='ocrx_word' id='word_1_566' title='bbox 2053 3291 2107 3338; x_wconf 87' lang='lat' dir='ltr'><strong>et</strong></span> <span class='ocrx_word' id='word_1_567' title='bbox 2132 3283 2398 3339; x_wconf 90' lang='lat' dir='ltr'><strong>altaribus</strong></span> <span class='ocrx_word' id='word_1_568' title='bbox 2432 3285 2542 3355; x_wconf 87' lang='lat' dir='ltr'><strong>apti</strong></span> <span class='ocrx_word' id='word_1_569' title='bbox 2590 3293 2737 3340; x_wconf 88' lang='lat' dir='ltr'><strong>sunt.</strong></span> <span class='ocrx_word' id='word_1_570' title='bbox 2790 3283 3225 3340; x_wconf 85' lang='lat' dir='ltr'><strong>Circumcidebat</strong></span> <span class='ocrx_word' id='word_1_571' title='bbox 3254 3285 3307 3339; x_wconf 92' lang='lat' dir='ltr'><strong>in</strong></span> <span class='ocrx_word' id='word_1_572' title='bbox 3337 3301 3398 3340; x_wconf 86' lang='lat' dir='ltr'><strong>se</strong></span> 
     </span>
    </p>
   </div>
   <div class='ocr_carea' id='block_1_79' title="bbox 1807 3374 3398 3449">
    <p class='ocr_par' dir='ltr' id='par_1_79' title="bbox 1807 3374 3398 3449">
     <span class='ocr_line' id='line_1_79' title="bbox 1807 3374 3398 3449; baseline 0.004 -24"><span class='ocrx_word' id='word_1_573' title='bbox 1807 3388 1989 3439; x_wconf 88' lang='lat' dir='ltr'><strong>omne,</strong></span> <span class='ocrx_word' id='word_1_574' title='bbox 2040 3374 2304 3446; x_wconf 86' lang='lat' dir='ltr'><strong>quidquid</strong></span> <span class='ocrx_word' id='word_1_575' title='bbox 2354 3376 2486 3432; x_wconf 91' lang='lat' dir='ltr'><strong>illud</strong></span> <span class='ocrx_word' id='word_1_576' title='bbox 2528 3385 2631 3443; x_wconf 90' lang='lat' dir='ltr'><strong>est,</strong></span> <span class='ocrx_word' id='word_1_577' title='bbox 2678 3377 2824 3449; x_wconf 91' lang='lat' dir='ltr'><strong>quod</strong></span> <span class='ocrx_word' id='word_1_578' title='bbox 2847 3392 3026 3447; x_wconf 89' lang='lat' dir='ltr'><strong>neque</strong></span> <span class='ocrx_word' id='word_1_579' title='bbox 3053 3377 3191 3433; x_wconf 91' lang='lat' dir='ltr'><strong>cibis</strong></span> <span class='ocrx_word' id='word_1_580' title='bbox 3220 3393 3398 3447; x_wconf 87' lang='lat' dir='ltr'><strong>neque</strong></span> 
     </span>
    </p>
   </div>
   <div class='ocr_carea' id='block_1_80' title="bbox 1811 3464 3396 3538">
    <p class='ocr_par' dir='ltr' id='par_1_80' title="bbox 1811 3464 3396 3538">
     <span class='ocr_line' id='line_1_80' title="bbox 1811 3464 3396 3538; baseline 0.003 -20"><span class='ocrx_word' id='word_1_581' title='bbox 1811 3464 2092 3521; x_wconf 81' lang='lat' dir='ltr'><strong>sacriﬁciis</strong></span> <span class='ocrx_word' id='word_1_582' title='bbox 2120 3475 2304 3536; x_wconf 88' lang='lat' dir='ltr'><strong>aptum</strong></span> <span class='ocrx_word' id='word_1_583' title='bbox 2334 3476 2439 3534; x_wconf 89' lang='lat' dir='ltr'><strong>est,</strong></span> <span class='ocrx_word' id='word_1_584' title='bbox 2465 3468 2611 3538; x_wconf 89' lang='lat' dir='ltr'><strong>quod</strong></span> <span class='ocrx_word' id='word_1_585' title='bbox 2649 3468 2903 3523; x_wconf 82' lang='lat' dir='ltr'><strong>humana:</strong></span> <span class='ocrx_word' id='word_1_586' title='bbox 2929 3476 3138 3524; x_wconf 65' lang='lat' dir='ltr'><strong>natura:</strong></span> <span class='ocrx_word' id='word_1_587' title='bbox 3171 3469 3313 3523; x_wconf 88' lang='lat' dir='ltr'><strong>vicio</strong></span> <span class='ocrx_word' id='word_1_588' title='bbox 3341 3470 3396 3523; x_wconf 90' lang='lat' dir='ltr'><strong>in</strong></span> 
     </span>
    </p>
   </div>
   <div class='ocr_carea' id='block_1_81' title="bbox 1810 3557 3396 3632">
    <p class='ocr_par' dir='ltr' id='par_1_81' title="bbox 1810 3557 3396 3632">
     <span class='ocr_line' id='line_1_81' title="bbox 1810 3557 3396 3632; baseline 0.004 -21"><span class='ocrx_word' id='word_1_589' title='bbox 1810 3557 2032 3615; x_wconf 88' lang='lat' dir='ltr'><strong>homine</strong></span> <span class='ocrx_word' id='word_1_590' title='bbox 2054 3558 2298 3630; x_wconf 90' lang='lat' dir='ltr'><strong>operitur</strong></span> <span class='ocrx_word' id='word_1_591' title='bbox 2321 3568 2375 3614; x_wconf 91' lang='lat' dir='ltr'><strong>et</strong></span> <span class='ocrx_word' id='word_1_592' title='bbox 2397 3560 2612 3632; x_wconf 86' lang='lat' dir='ltr'><strong>tegitur.</strong></span> <span class='ocrx_word' id='word_1_593' title='bbox 2638 3559 2965 3616; x_wconf 84' lang='lat' dir='ltr'><strong>Armabatur</strong></span> <span class='ocrx_word' id='word_1_594' title='bbox 2985 3561 3052 3616; x_wconf 90' lang='lat' dir='ltr'><strong>ad</strong></span> <span class='ocrx_word' id='word_1_595' title='bbox 3078 3562 3396 3632; x_wconf 90' lang='lat' dir='ltr'><strong>patientiam</strong></span> 
     </span>
    </p>
   </div>
   <div class='ocr_carea' id='block_1_82' title="bbox 1811 3651 3396 3729">
    <p class='ocr_par' dir='ltr' id='par_1_82' title="bbox 1811 3651 3396 3729">
     <span class='ocr_line' id='line_1_82' title="bbox 1811 3651 3396 3729; baseline 0.004 -25"><span class='ocrx_word' id='word_1_596' title='bbox 1811 3651 2025 3717; x_wconf 90' lang='lat' dir='ltr'><strong>mortis,</strong></span> <span class='ocrx_word' id='word_1_597' title='bbox 2062 3661 2117 3707; x_wconf 90' lang='lat' dir='ltr'><strong>et</strong></span> <span class='ocrx_word' id='word_1_598' title='bbox 2139 3651 2314 3722; x_wconf 90' lang='lat' dir='ltr'><strong>prima</strong></span> <span class='ocrx_word' id='word_1_599' title='bbox 2343 3652 2465 3723; x_wconf 91' lang='lat' dir='ltr'><strong>ejus</strong></span> <span class='ocrx_word' id='word_1_600' title='bbox 2503 3662 2635 3708; x_wconf 63' lang='lat' dir='ltr'><strong>aetas</strong></span> <span class='ocrx_word' id='word_1_601' title='bbox 2667 3653 2781 3724; x_wconf 89' lang='lat' dir='ltr'><strong>jam</strong></span> <span class='ocrx_word' id='word_1_602' title='bbox 2805 3654 3166 3709; x_wconf 86' lang='lat' dir='ltr'><strong>meditabatur</strong></span> <span class='ocrx_word' id='word_1_603' title='bbox 3189 3664 3396 3729; x_wconf 82' lang='lat' dir='ltr'><strong>marty-</strong></span> 
     </span>
    </p>
   </div>
   <div class='ocr_carea' id='block_1_83' title="bbox 1815 3744 3399 3817">
    <p class='ocr_par' dir='ltr' id='par_1_83' title="bbox 1815 3744 3399 3817">
     <span class='ocr_line' id='line_1_83' title="bbox 1815 3744 3399 3817; baseline 0.003 -18"><span class='ocrx_word' id='word_1_604' title='bbox 1815 3746 1978 3800; x_wconf 89' lang='lat' dir='ltr'><strong>rium.</strong></span> <span class='ocrx_word' id='word_1_605' title='bbox 2021 3744 2350 3800; x_wconf 81' lang='lat' dir='ltr'><strong>Attenuabat</strong></span> <span class='ocrx_word' id='word_1_606' title='bbox 2393 3761 2593 3816; x_wconf 89' lang='lat' dir='ltr'><strong>corpus</strong></span> <span class='ocrx_word' id='word_1_607' title='bbox 2644 3746 3157 3817; x_wconf 88' lang='lat' dir='ltr'><strong>tenerumjejuniis,</strong></span> <span class='ocrx_word' id='word_1_608' title='bbox 3196 3756 3251 3803; x_wconf 92' lang='lat' dir='ltr'><strong>et</strong></span> <span class='ocrx_word' id='word_1_609' title='bbox 3289 3747 3399 3803; x_wconf 79' lang='lat' dir='ltr'><strong>fre-</strong></span> 
     </span>
    </p>
   </div>
   <div class='ocr_carea' id='block_1_84' title="bbox 1813 3835 3396 3910">
    <p class='ocr_par' dir='ltr' id='par_1_84' title="bbox 1813 3835 3396 3910">
     <span class='ocr_line' id='line_1_84' title="bbox 1813 3835 3396 3910; baseline 0.004 -22"><span class='ocrx_word' id='word_1_610' title='bbox 1813 3835 2002 3906; x_wconf 88' lang='lat' dir='ltr'><strong>quenti</strong></span> <span class='ocrx_word' id='word_1_611' title='bbox 2025 3835 2204 3891; x_wconf 87' lang='lat' dir='ltr'><strong>inedia</strong></span> <span class='ocrx_word' id='word_1_612' title='bbox 2234 3836 2481 3891; x_wconf 91' lang='lat' dir='ltr'><strong>incendia</strong></span> <span class='ocrx_word' id='word_1_613' title='bbox 2507 3837 2690 3892; x_wconf 89' lang='lat' dir='ltr'><strong>carnis</strong></span> <span class='ocrx_word' id='word_1_614' title='bbox 2710 3838 3016 3904; x_wconf 74' lang='lat' dir='ltr'><strong>edomatat,</strong></span> <span class='ocrx_word' id='word_1_615' title='bbox 3049 3839 3228 3896; x_wconf 90' lang='lat' dir='ltr'><strong>sciens</strong></span> <span class='ocrx_word' id='word_1_616' title='bbox 3249 3842 3396 3910; x_wconf 78' lang='lat' dir='ltr'><strong>quod</strong></span> 
     </span>
    </p>
   </div>
   <div class='ocr_carea' id='block_1_85' title="bbox 1814 3926 3397 4001">
    <p class='ocr_par' dir='ltr' id='par_1_85' title="bbox 1814 3926 3397 4001">
     <span class='ocr_line' id='line_1_85' title="bbox 1814 3926 3397 4001; baseline 0.004 -21"><span class='ocrx_word' id='word_1_617' title='bbox 1814 3942 1923 3980; x_wconf 88' lang='lat' dir='ltr'><strong>non</strong></span> <span class='ocrx_word' id='word_1_618' title='bbox 1956 3926 2220 3998; x_wconf 82' lang='lat' dir='ltr'><strong>indigeret</strong></span> <span class='ocrx_word' id='word_1_619' title='bbox 2250 3927 2466 3982; x_wconf 87' lang='lat' dir='ltr'><strong>flamma</strong></span> <span class='ocrx_word' id='word_1_620' title='bbox 2497 3928 2802 4001; x_wconf 90' lang='lat' dir='ltr'><strong>copiosiore</strong></span> <span class='ocrx_word' id='word_1_621' title='bbox 2832 3930 3080 3997; x_wconf 88' lang='lat' dir='ltr'><strong>materia,</strong></span> <span class='ocrx_word' id='word_1_622' title='bbox 3121 3946 3223 3987; x_wconf 90' lang='lat' dir='ltr'><strong>nec</strong></span> <span class='ocrx_word' id='word_1_623' title='bbox 3248 3932 3397 3987; x_wconf 87' lang='lat' dir='ltr'><strong>inso-</strong></span> 
     </span>
    </p>
   </div>
   <div class='ocr_carea' id='block_1_86' title="bbox 1815 4019 3395 4090">
    <p class='ocr_par' dir='ltr' id='par_1_86' title="bbox 1815 4019 3395 4090">
     <span class='ocr_line' id='line_1_86' title="bbox 1815 4019 3395 4090; baseline 0.004 -17"><span class='ocrx_word' id='word_1_624' title='bbox 1815 4019 1932 4076; x_wconf 90' lang='lat' dir='ltr'><strong>lens</strong></span> <span class='ocrx_word' id='word_1_625' title='bbox 1943 4020 2118 4075; x_wconf 87' lang='lat' dir='ltr'><strong>bestia</strong></span> <span class='ocrx_word' id='word_1_626' title='bbox 2136 4021 2626 4076; x_wconf 88' lang='lat' dir='ltr'><strong>abundantioribus</strong></span> <span class='ocrx_word' id='word_1_627' title='bbox 2640 4022 2796 4087; x_wconf 90' lang='lat' dir='ltr'><strong>cibis,</strong></span> <span class='ocrx_word' id='word_1_628' title='bbox 2815 4032 2874 4077; x_wconf 91' lang='lat' dir='ltr'><strong>ut</strong></span> <span class='ocrx_word' id='word_1_629' title='bbox 2890 4024 3208 4079; x_wconf 89' lang='lat' dir='ltr'><strong>insolentior</strong></span> <span class='ocrx_word' id='word_1_630' title='bbox 3222 4024 3395 4090; x_wconf 78' lang='lat' dir='ltr'><strong>ﬂeret,</strong></span> 
     </span>
    </p>
   </div>
   <div class='ocr_carea' id='block_1_87' title="bbox 1815 4111 3395 4188">
    <p class='ocr_par' dir='ltr' id='par_1_87' title="bbox 1815 4111 3395 4188">
     <span class='ocr_line' id='line_1_87' title="bbox 1815 4111 3395 4188; baseline 0.003 -22"><span class='ocrx_word' id='word_1_631' title='bbox 1815 4127 1940 4167; x_wconf 91' lang='lat' dir='ltr'><strong>cum</strong></span> <span class='ocrx_word' id='word_1_632' title='bbox 1963 4111 2232 4168; x_wconf 84' lang='lat' dir='ltr'><strong>suliieeret</strong></span> <span class='ocrx_word' id='word_1_633' title='bbox 2254 4113 2473 4184; x_wconf 89' lang='lat' dir='ltr'><strong>corpori</strong></span> <span class='ocrx_word' id='word_1_634' title='bbox 2500 4114 2715 4170; x_wconf 88' lang='lat' dir='ltr'><strong>malicia</strong></span> <span class='ocrx_word' id='word_1_635' title='bbox 2748 4132 2867 4171; x_wconf 90' lang='lat' dir='ltr'><strong>sua.</strong></span> <span class='ocrx_word' id='word_1_636' title='bbox 2896 4115 3130 4188; x_wconf 88' lang='lat' dir='ltr'><strong>Legebat</strong></span> <span class='ocrx_word' id='word_1_637' title='bbox 3153 4118 3395 4182; x_wconf 87' lang='lat' dir='ltr'><strong>assidue,</strong></span> 
     </span>
    </p>
   </div>
   <div class='ocr_carea' id='block_1_88' title="bbox 1816 4202 3397 4274">
    <p class='ocr_par' dir='ltr' id='par_1_88' title="bbox 1816 4202 3397 4274">
     <span class='ocr_line' id='line_1_88' title="bbox 1816 4202 3397 4274; baseline 0.004 -18"><span class='ocrx_word' id='word_1_638' title='bbox 1816 4203 2080 4272; x_wconf 88' lang='lat' dir='ltr'><strong>psallebat</strong></span> <span class='ocrx_word' id='word_1_639' title='bbox 2114 4202 2443 4273; x_wconf 86' lang='lat' dir='ltr'><strong>frequenter,</strong></span> <span class='ocrx_word' id='word_1_640' title='bbox 2485 4212 2546 4258; x_wconf 92' lang='lat' dir='ltr'><strong>ut</strong></span> <span class='ocrx_word' id='word_1_641' title='bbox 2577 4219 2791 4274; x_wconf 88' lang='lat' dir='ltr'><strong>semper</strong></span> <span class='ocrx_word' id='word_1_642' title='bbox 2817 4221 2942 4260; x_wconf 92' lang='lat' dir='ltr'><strong>eum</strong></span> <span class='ocrx_word' id='word_1_643' title='bbox 2979 4205 3243 4262; x_wconf 90' lang='lat' dir='ltr'><strong>inveniret</strong></span> <span class='ocrx_word' id='word_1_644' title='bbox 3276 4207 3397 4262; x_wconf 88' lang='lat' dir='ltr'><strong>dia-</strong></span> 
     </span>
    </p>
   </div>
   <div class='ocr_carea' id='block_1_89' title="bbox 1817 4293 3400 4366">
    <p class='ocr_par' dir='ltr' id='par_1_89' title="bbox 1817 4293 3400 4366">
     <span class='ocr_line' id='line_1_89' title="bbox 1817 4293 3400 4366; baseline 0.003 -20"><span class='ocrx_word' id='word_1_645' title='bbox 1817 4293 1976 4347; x_wconf 90' lang='lat' dir='ltr'><strong>bolus</strong></span> <span class='ocrx_word' id='word_1_646' title='bbox 2027 4302 2375 4362; x_wconf 89' lang='lat' dir='ltr'><strong>occupatum,</strong></span> <span class='ocrx_word' id='word_1_647' title='bbox 2425 4294 2520 4362; x_wconf 90' lang='lat' dir='ltr'><strong>qui</strong></span> <span class='ocrx_word' id='word_1_648' title='bbox 2566 4295 2782 4349; x_wconf 89' lang='lat' dir='ltr'><strong>ociosos</strong></span> <span class='ocrx_word' id='word_1_649' title='bbox 2831 4295 3068 4365; x_wconf 87' lang='lat' dir='ltr'><strong>appetit,</strong></span> <span class='ocrx_word' id='word_1_650' title='bbox 3102 4308 3400 4366; x_wconf 84' lang='lat' dir='ltr'><strong>occupatos</strong></span> 
     </span>
    </p>
   </div>
   <div class='ocr_carea' id='block_1_90' title="bbox 1819 4381 3398 4455">
    <p class='ocr_par' dir='ltr' id='par_1_90' title="bbox 1819 4381 3398 4455">
     <span class='ocr_line' id='line_1_90' title="bbox 1819 4381 3398 4455; baseline 0.003 -18"><span class='ocrx_word' id='word_1_651' title='bbox 1819 4381 2037 4455; x_wconf 82' lang='lat' dir='ltr'><strong>refugit.</strong></span> <span class='ocrx_word' id='word_1_652' title='bbox 2073 4382 2130 4438; x_wconf 90' lang='lat' dir='ltr'><strong>Si</strong></span> <span class='ocrx_word' id='word_1_653' title='bbox 2156 4382 2287 4454; x_wconf 89' lang='lat' dir='ltr'><strong>quid</strong></span> <span class='ocrx_word' id='word_1_654' title='bbox 2316 4398 2448 4437; x_wconf 88' lang='lat' dir='ltr'><strong>vero</strong></span> <span class='ocrx_word' id='word_1_655' title='bbox 2466 4382 2639 4438; x_wconf 86' lang='lat' dir='ltr'><strong>hostis</strong></span> <span class='ocrx_word' id='word_1_656' title='bbox 2661 4383 2860 4438; x_wconf 89' lang='lat' dir='ltr'><strong>astutia</strong></span> <span class='ocrx_word' id='word_1_657' title='bbox 2881 4385 3247 4454; x_wconf 86' lang='lat' dir='ltr'><strong>subrepsisset</strong></span> <span class='ocrx_word' id='word_1_658' title='bbox 3267 4389 3398 4441; x_wconf 76' lang='lat' dir='ltr'><strong>ado-</strong></span> 
     </span>
    </p>
   </div>
   <div class='ocr_carea' id='block_1_91' title="bbox 174 4471 3398 4549">
    <p class='ocr_par' dir='ltr' id='par_1_91' title="bbox 174 4471 3398 4549">
     <span class='ocr_line' id='line_1_91' title="bbox 174 4471 3398 4549; baseline -0 -17"><span class='ocrx_word' id='word_1_659' title='bbox 174 4472 250 4541; x_wconf 73' lang='lat' dir='ltr'><strong>lat,</strong></span> <span class='ocrx_word' id='word_1_660' title='bbox 280 4478 365 4532; x_wconf 81' lang='lat' dir='ltr'><strong>sed</strong></span> <span class='ocrx_word' id='word_1_661' title='bbox 400 4495 522 4549; x_wconf 69' lang='lat' dir='ltr'><strong>qute</strong></span> <span class='ocrx_word' id='word_1_662' title='bbox 544 4479 601 4533; x_wconf 94' lang='lat' dir='ltr'><strong>in</strong></span> <span class='ocrx_word' id='word_1_663' title='bbox 631 4478 927 4534; x_wconf 85' lang='lat' dir='ltr'><strong>virtutibus</strong></span> <span class='ocrx_word' id='word_1_664' title='bbox 954 4483 1187 4532; x_wconf 84' lang='lat' dir='ltr'><strong>constat.</strong></span> <span class='ocrx_word' id='word_1_665' title='bbox 1219 4473 1529 4530; x_wconf 87' lang='lat' dir='ltr'><strong>Intellectus</strong></span> <span class='ocrx_word' id='word_1_666' title='bbox 1570 4473 1715 4529; x_wconf 87' lang='lat' dir='ltr'><strong>enim</strong></span> <span class='ocrx_word' id='word_1_667' title='bbox 1750 4489 1795 4548; x_wconf 83' lang='grc' dir='ltr'><strong>ο</strong></span> <span class='ocrx_word' id='word_1_668' title='bbox 1819 4471 2136 4538; x_wconf 89' lang='lat' dir='ltr'><strong>lescentulo,</strong></span> <span class='ocrx_word' id='word_1_669' title='bbox 2182 4472 2494 4542; x_wconf 89' lang='lat' dir='ltr'><strong>requirebat</strong></span> <span class='ocrx_word' id='word_1_670' title='bbox 2529 4471 2859 4541; x_wconf 90' lang='lat' dir='ltr'><strong>baptismum</strong></span> <span class='ocrx_word' id='word_1_671' title='bbox 2896 4472 3279 4541; x_wconf 86' lang='lat' dir='ltr'><strong>lacrimarum;</strong></span> <span class='ocrx_word' id='word_1_672' title='bbox 3323 4475 3398 4531; x_wconf 89' lang='lat' dir='ltr'><strong>ibi</strong></span> 
     </span>
    </p>
   </div>
   <div class='ocr_carea' id='block_1_92' title="bbox 175 4563 1716 4641">
    <p class='ocr_par' dir='ltr' id='par_1_92' title="bbox 175 4563 1716 4641">
     <span class='ocr_line' id='line_1_92' title="bbox 175 4563 1716 4641; baseline 0.001 -22"><span class='ocrx_word' id='word_1_673' title='bbox 175 4563 323 4624; x_wconf 79' lang='lat' dir='ltr'><strong>bonus</strong></span> <span class='ocrx_word' id='word_1_674' title='bbox 337 4579 417 4626; x_wconf 86' lang='lat' dir='ltr'><strong>est</strong></span> <span class='ocrx_word' id='word_1_675' title='bbox 434 4571 692 4626; x_wconf 90' lang='lat' dir='ltr'><strong>omnibus</strong></span> <span class='ocrx_word' id='word_1_676' title='bbox 713 4570 808 4641; x_wconf 90' lang='lat' dir='ltr'><strong>qui</strong></span> <span class='ocrx_word' id='word_1_677' title='bbox 828 4568 1035 4626; x_wconf 86' lang='lat' dir='ltr'><strong>faciunt</strong></span> <span class='ocrx_word' id='word_1_678' title='bbox 1053 4583 1200 4635; x_wconf 89' lang='lat' dir='ltr'><strong>eum,</strong></span> <span class='ocrx_word' id='word_1_679' title='bbox 1224 4583 1335 4623; x_wconf 91' lang='lat' dir='ltr'><strong>non</strong></span> <span class='ocrx_word' id='word_1_680' title='bbox 1355 4567 1449 4638; x_wconf 90' lang='lat' dir='ltr'><strong>qui</strong></span> <span class='ocrx_word' id='word_1_681' title='bbox 1477 4567 1716 4638; x_wconf 89' lang='lat' dir='ltr'><strong>loquun-</strong></span> 
     </span>
    </p>
   </div>
   <div class='ocr_carea' id='block_1_93' title="bbox 177 4663 797 4731">
    <p class='ocr_par' dir='ltr' id='par_1_93' title="bbox 177 4663 797 4731">
     <span class='ocr_line' id='line_1_93' title="bbox 177 4663 797 4731; baseline 0.013 -23"><span class='ocrx_word' id='word_1_682' title='bbox 177 4665 249 4710; x_wconf 88' lang='lat' dir='ltr'><strong>tur</strong></span> <span class='ocrx_word' id='word_1_683' title='bbox 270 4668 318 4714; x_wconf 86' lang='lat' dir='ltr'><strong>et</strong></span> <span class='ocrx_word' id='word_1_684' title='bbox 340 4663 634 4731; x_wconf 65' lang='lat' dir='ltr'><strong>praedicant</strong></span> <span class='ocrx_word' id='word_1_685' title='bbox 650 4676 797 4717; x_wconf 89' lang='lat' dir='ltr'><strong>eum.</strong></span> 
     </span>
    </p>
   </div>
   <div class='ocr_carea' id='block_1_94' title="bbox 234 4749 1720 4824">
    <p class='ocr_par' dir='ltr' id='par_1_94' title="bbox 234 4749 1720 4824">
     <span class='ocr_line' id='line_1_94' title="bbox 234 4749 1720 4824; baseline -0.001 -19"><span class='ocrx_word' id='word_1_686' title='bbox 234 4750 340 4821; x_wconf 88' lang='lat' dir='ltr'><strong>(fol.</strong></span> <span class='ocrx_word' id='word_1_687' title='bbox 366 4753 636 4824; x_wconf 73' lang='lat' dir='ltr'><strong>26’.)Jam</strong></span> <span class='ocrx_word' id='word_1_688' title='bbox 670 4766 801 4808; x_wconf 87' lang='lat' dir='ltr'><strong>vero</strong></span> <span class='ocrx_word' id='word_1_689' title='bbox 829 4751 1084 4822; x_wconf 70' lang='lat' dir='ltr'><strong>pucricia:</strong></span> <span class='ocrx_word' id='word_1_690' title='bbox 1112 4750 1271 4806; x_wconf 87' lang='lat' dir='ltr'><strong>annis</strong></span> <span class='ocrx_word' id='word_1_691' title='bbox 1309 4749 1376 4805; x_wconf 89' lang='lat' dir='ltr'><strong>ad</strong></span> <span class='ocrx_word' id='word_1_692' title='bbox 1405 4749 1720 4805; x_wconf 89' lang='lat' dir='ltr'><strong>similitudi-</strong></span> 
     </span>
    </p>
   </div>
   <div class='ocr_carea' id='block_1_95' title="bbox 178 4839 1718 4913">
    <p class='ocr_par' dir='ltr' id='par_1_95' title="bbox 178 4839 1718 4913">
     <span class='ocr_line' id='line_1_95' title="bbox 178 4839 1718 4913; baseline -0.001 -18"><span class='ocrx_word' id='word_1_693' title='bbox 178 4857 279 4896; x_wconf 85' lang='lat' dir='ltr'><strong>nem</strong></span> <span class='ocrx_word' id='word_1_694' title='bbox 298 4845 610 4913; x_wconf 61' lang='lat' dir='ltr'><strong>patriarcha</strong></span> <span class='ocrx_word' id='word_1_695' title='bbox 635 4842 804 4900; x_wconf 73' lang='lat' dir='ltr'><strong>Iacob</strong></span> <span class='ocrx_word' id='word_1_696' title='bbox 825 4842 972 4899; x_wconf 90' lang='lat' dir='ltr'><strong>domi</strong></span> <span class='ocrx_word' id='word_1_697' title='bbox 1002 4840 1317 4912; x_wconf 87' lang='lat' dir='ltr'><strong>simpliciter</strong></span> <span class='ocrx_word' id='word_1_698' title='bbox 1341 4839 1567 4905; x_wconf 73' lang='lat' dir='ltr'><strong>exactis,</strong></span> <span class='ocrx_word' id='word_1_699' title='bbox 1592 4854 1718 4894; x_wconf 86' lang='lat' dir='ltr'><strong>eum</strong></span> 
     </span>
    </p>
   </div>
   <div class='ocr_carea' id='block_1_96' title="bbox 175 4932 1721 5008">
    <p class='ocr_par' dir='ltr' id='par_1_96' title="bbox 175 4932 1721 5008">
     <span class='ocr_line' id='line_1_96' title="bbox 175 4932 1721 5008; baseline -0.001 -21"><span class='ocrx_word' id='word_1_700' title='bbox 175 4932 267 5001; x_wconf 84' lang='lat' dir='ltr'><strong>iam</strong></span> <span class='ocrx_word' id='word_1_701' title='bbox 296 4935 660 5008; x_wconf 87' lang='lat' dir='ltr'><strong>ingrederetur</strong></span> <span class='ocrx_word' id='word_1_702' title='bbox 686 4935 930 4990; x_wconf 89' lang='lat' dir='ltr'><strong>nutantis</strong></span> <span class='ocrx_word' id='word_1_703' title='bbox 960 4932 1335 4988; x_wconf 65' lang='lat' dir='ltr'><strong>adolescentiae</strong></span> <span class='ocrx_word' id='word_1_704' title='bbox 1369 4932 1594 4996; x_wconf 75' lang='lat' dir='ltr'><strong>bivium,</strong></span> <span class='ocrx_word' id='word_1_705' title='bbox 1623 4945 1721 5002; x_wconf 90' lang='lat' dir='ltr'><strong>po-</strong></span> 
     </span>
    </p>
   </div>
   <div class='ocr_carea' id='block_1_97' title="bbox 178 5024 1720 5089">
    <p class='ocr_par' dir='ltr' id='par_1_97' title="bbox 178 5024 1720 5089">
     <span class='ocr_line' id='line_1_97' title="bbox 178 5024 1720 5089; baseline -0.001 -13"><span class='ocrx_word' id='word_1_706' title='bbox 178 5025 292 5081; x_wconf 88' lang='lat' dir='ltr'><strong>situs</strong></span> <span class='ocrx_word' id='word_1_707' title='bbox 315 5028 368 5081; x_wconf 91' lang='lat' dir='ltr'><strong>in</strong></span> <span class='ocrx_word' id='word_1_708' title='bbox 395 5027 814 5084; x_wconf 89' lang='lat' dir='ltr'><strong>conversacionc</strong></span> <span class='ocrx_word' id='word_1_709' title='bbox 832 5025 1048 5089; x_wconf 87' lang='lat' dir='ltr'><strong>scolari,</strong></span> <span class='ocrx_word' id='word_1_710' title='bbox 1076 5040 1184 5079; x_wconf 92' lang='lat' dir='ltr'><strong>non</strong></span> <span class='ocrx_word' id='word_1_711' title='bbox 1204 5024 1288 5079; x_wconf 88' lang='lat' dir='ltr'><strong>vel</strong></span> <span class='ocrx_word' id='word_1_712' title='bbox 1313 5024 1489 5078; x_wconf 61' lang='lat' dir='ltr'><strong>vetatis</strong></span> <span class='ocrx_word' id='word_1_713' title='bbox 1512 5024 1593 5077; x_wconf 75' lang='lat' dir='ltr'><strong>vel</strong></span> <span class='ocrx_word' id='word_1_714' title='bbox 1622 5038 1720 5079; x_wconf 85' lang='lat' dir='ltr'><strong>co-</strong></span> 
     </span>
    </p>
   </div>
   <div class='ocr_carea' id='block_1_98' title="bbox 179 5114 1719 5187">
    <p class='ocr_par' dir='ltr' id='par_1_98' title="bbox 179 5114 1719 5187">
     <span class='ocr_line' id='line_1_98' title="bbox 179 5114 1719 5187; baseline -0.002 -15"><span class='ocrx_word' id='word_1_715' title='bbox 179 5118 436 5187; x_wconf 63' lang='lat' dir='ltr'><strong>equalium</strong></span> <span class='ocrx_word' id='word_1_716' title='bbox 467 5119 738 5175; x_wconf 84' lang='lat' dir='ltr'><strong>illecebris</strong></span> <span class='ocrx_word' id='word_1_717' title='bbox 768 5118 966 5173; x_wconf 87' lang='lat' dir='ltr'><strong>cedens</strong></span> <span class='ocrx_word' id='word_1_718' title='bbox 987 5115 1223 5187; x_wconf 89' lang='lat' dir='ltr'><strong>prodidit</strong></span> <span class='ocrx_word' id='word_1_719' title='bbox 1247 5115 1585 5186; x_wconf 87' lang='lat' dir='ltr'><strong>pudicitiam,</strong></span> <span class='ocrx_word' id='word_1_720' title='bbox 1624 5114 1719 5169; x_wconf 89' lang='lat' dir='ltr'><strong>sed</strong></span> 
     </span>
    </p>
   </div>
   <div class='ocr_carea' id='block_1_99' title="bbox 181 5204 1721 5277">
    <p class='ocr_par' dir='ltr' id='par_1_99' title="bbox 181 5204 1721 5277">
     <span class='ocr_line' id='line_1_99' title="bbox 181 5204 1721 5277; baseline -0.003 -13"><span class='ocrx_word' id='word_1_721' title='bbox 181 5213 423 5277; x_wconf 70' lang='lat' dir='ltr'><strong>Ianiquam</strong></span> <span class='ocrx_word' id='word_1_722' title='bbox 467 5210 573 5265; x_wconf 83' lang='lat' dir='ltr'><strong>sibi</strong></span> <span class='ocrx_word' id='word_1_723' title='bbox 598 5224 629 5263; x_wconf 90' lang='lat' dir='ltr'><strong>a</strong></span> <span class='ocrx_word' id='word_1_724' title='bbox 660 5208 890 5262; x_wconf 81' lang='lat' dir='ltr'><strong>Domino</strong></span> <span class='ocrx_word' id='word_1_725' title='bbox 915 5206 1268 5264; x_wconf 89' lang='lat' dir='ltr'><strong>commissum</strong></span> <span class='ocrx_word' id='word_1_726' title='bbox 1308 5204 1543 5259; x_wconf 85' lang='lat' dir='ltr'><strong>servavit</strong></span> <span class='ocrx_word' id='word_1_727' title='bbox 1581 5204 1721 5261; x_wconf 89' lang='lat' dir='ltr'><strong>inte-</strong></span> 
     </span>
    </p>
   </div>
   <div class='ocr_carea' id='block_1_100' title="bbox 181 5296 1723 5372">
    <p class='ocr_par' dir='ltr' id='par_1_100' title="bbox 181 5296 1723 5372">
     <span class='ocr_line' id='line_1_100' title="bbox 181 5296 1723 5372; baseline 0.002 -21"><span class='ocrx_word' id='word_1_728' title='bbox 181 5310 311 5363; x_wconf 76' lang='lat' dir='ltr'><strong>grum</strong></span> <span class='ocrx_word' id='word_1_729' title='bbox 337 5301 672 5372; x_wconf 81' lang='lat' dir='ltr'><strong>signaculum</strong></span> <span class='ocrx_word' id='word_1_730' title='bbox 711 5300 980 5356; x_wconf 89' lang='lat' dir='ltr'><strong>castitatis</strong></span> <span class='ocrx_word' id='word_1_731' title='bbox 1002 5298 1157 5371; x_wconf 81' lang='lat' dir='ltr'><strong>(Vita</strong></span> <span class='ocrx_word' id='word_1_732' title='bbox 1191 5297 1397 5368; x_wconf 91' lang='lat' dir='ltr'><strong>Lupi.).</strong></span> <span class='ocrx_word' id='word_1_733' title='bbox 1429 5296 1558 5355; x_wconf 81' lang='lat' dir='ltr'><strong>Erat</strong></span> <span class='ocrx_word' id='word_1_734' title='bbox 1592 5304 1723 5354; x_wconf 90' lang='lat' dir='ltr'><strong>tunc</strong></span> 
     </span>
    </p>
   </div>
   <div class='ocr_carea' id='block_1_101' title="bbox 182 5387 1720 5459">
    <p class='ocr_par' dir='ltr' id='par_1_101' title="bbox 182 5387 1720 5459">
     <span class='ocr_line' id='line_1_101' title="bbox 182 5387 1720 5459; baseline 0.001 -18"><span class='ocrx_word' id='word_1_735' title='bbox 182 5393 409 5459; x_wconf 82' lang='lat' dir='ltr'><strong>temporis</strong></span> <span class='ocrx_word' id='word_1_736' title='bbox 435 5394 490 5448; x_wconf 92' lang='lat' dir='ltr'><strong>in</strong></span> <span class='ocrx_word' id='word_1_737' title='bbox 525 5393 715 5448; x_wconf 87' lang='lat' dir='ltr'><strong>eadem</strong></span> <span class='ocrx_word' id='word_1_738' title='bbox 754 5393 890 5446; x_wconf 87' lang='lat' dir='ltr'><strong>urbe</strong></span> <span class='ocrx_word' id='word_1_739' title='bbox 932 5389 1230 5445; x_wconf 85' lang='lat' dir='ltr'><strong>Trecorum</strong></span> <span class='ocrx_word' id='word_1_740' title='bbox 1274 5390 1466 5445; x_wconf 83' lang='lat' dir='ltr'><strong>beatus</strong></span> <span class='ocrx_word' id='word_1_741' title='bbox 1514 5387 1720 5458; x_wconf 87' lang='lat' dir='ltr'><strong>Lupus,</strong></span> 
     </span>
    </p>
   </div>
   <div class='ocr_carea' id='block_1_102' title="bbox 183 5480 1719 5557">
    <p class='ocr_par' dir='ltr' id='par_1_102' title="bbox 183 5480 1719 5557">
     <span class='ocr_line' id='line_1_102' title="bbox 183 5480 1719 5557; baseline 0 -22"><span class='ocrx_word' id='word_1_742' title='bbox 183 5491 368 5538; x_wconf 77' lang='lat' dir='ltr'><strong>morum</strong></span> <span class='ocrx_word' id='word_1_743' title='bbox 397 5485 666 5557; x_wconf 88' lang='lat' dir='ltr'><strong>probitate</strong></span> <span class='ocrx_word' id='word_1_744' title='bbox 691 5483 939 5550; x_wconf 84' lang='lat' dir='ltr'><strong>celebris,</strong></span> <span class='ocrx_word' id='word_1_745' title='bbox 979 5481 1285 5538; x_wconf 83' lang='lat' dir='ltr'><strong>sanctitatis</strong></span> <span class='ocrx_word' id='word_1_746' title='bbox 1312 5481 1439 5537; x_wconf 89' lang='lat' dir='ltr'><strong>dote</strong></span> <span class='ocrx_word' id='word_1_747' title='bbox 1469 5480 1719 5551; x_wconf 87' lang='lat' dir='ltr'><strong>insignis,</strong></span> 
     </span>
    </p>
   </div>
   <div class='ocr_carea' id='block_1_103' title="bbox 1817 4562 3400 4635">
    <p class='ocr_par' dir='ltr' id='par_1_103' title="bbox 1817 4562 3400 4635">
     <span class='ocr_line' id='line_1_103' title="bbox 1817 4562 3400 4635; baseline 0.003 -17"><span class='ocrx_word' id='word_1_748' title='bbox 1817 4564 1938 4619; x_wconf 91' lang='lat' dir='ltr'><strong>sine</strong></span> <span class='ocrx_word' id='word_1_749' title='bbox 1969 4563 2136 4619; x_wconf 90' lang='lat' dir='ltr'><strong>dubio</strong></span> <span class='ocrx_word' id='word_1_750' title='bbox 2165 4564 2275 4635; x_wconf 79' lang='lat' dir='ltr'><strong>igni</strong></span> <span class='ocrx_word' id='word_1_751' title='bbox 2315 4564 2711 4634; x_wconf 81' lang='lat' dir='ltr'><strong>baptizabatur.</strong></span> <span class='ocrx_word' id='word_1_752' title='bbox 2750 4562 2797 4619; x_wconf 93' lang='lat'><strong>0</strong></span> <span class='ocrx_word' id='word_1_753' title='bbox 2825 4564 3286 4622; x_wconf 87' lang='lat' dir='ltr'><strong>adolescentulum</strong></span> <span class='ocrx_word' id='word_1_754' title='bbox 3314 4584 3400 4623; x_wconf 85' lang='lat' dir='ltr'><strong>se-</strong></span> 
     </span>
    </p>
   </div>
   <div class='ocr_carea' id='block_1_104' title="bbox 1820 4654 3402 4728">
    <p class='ocr_par' dir='ltr' id='par_1_104' title="bbox 1820 4654 3402 4728">
     <span class='ocr_line' id='line_1_104' title="bbox 1820 4654 3402 4728; baseline 0.004 -18"><span class='ocrx_word' id='word_1_755' title='bbox 1820 4656 1982 4711; x_wconf 89' lang='lat' dir='ltr'><strong>nibus</strong></span> <span class='ocrx_word' id='word_1_756' title='bbox 2017 4654 2443 4727; x_wconf 67' lang='lat' dir='ltr'><strong>przeferenduml</strong></span> <span class='ocrx_word' id='word_1_757' title='bbox 2480 4654 2527 4711; x_wconf 88' lang='lat'><strong>0</strong></span> <span class='ocrx_word' id='word_1_758' title='bbox 2554 4657 2880 4727; x_wconf 89' lang='lat' dir='ltr'><strong>discipulum</strong></span> <span class='ocrx_word' id='word_1_759' title='bbox 2914 4657 3071 4728; x_wconf 89' lang='lat' dir='ltr'><strong>cujus</strong></span> <span class='ocrx_word' id='word_1_760' title='bbox 3103 4660 3402 4718; x_wconf 85' lang='lat' dir='ltr'><strong>imitatores</strong></span> 
     </span>
    </p>
   </div>
   <div class='ocr_carea' id='block_1_105' title="bbox 1821 4747 3402 4818">
    <p class='ocr_par' dir='ltr' id='par_1_105' title="bbox 1821 4747 3402 4818">
     <span class='ocr_line' id='line_1_105' title="bbox 1821 4747 3402 4818; baseline 0.006 -17"><span class='ocrx_word' id='word_1_761' title='bbox 1821 4747 1925 4818; x_wconf 87' lang='lat' dir='ltr'><strong>ipsi</strong></span> <span class='ocrx_word' id='word_1_762' title='bbox 1945 4748 2327 4803; x_wconf 87' lang='lat' dir='ltr'><strong>desiderabant</strong></span> <span class='ocrx_word' id='word_1_763' title='bbox 2349 4748 2465 4803; x_wconf 81' lang='lat' dir='ltr'><strong>ﬁeri</strong></span> <span class='ocrx_word' id='word_1_764' title='bbox 2493 4750 2835 4806; x_wconf 85' lang='lat' dir='ltr'><strong>sacerdotes!</strong></span> <span class='ocrx_word' id='word_1_765' title='bbox 2877 4748 3186 4805; x_wconf 55' lang='lat' dir='ltr'><strong>laetabatur</strong></span> <span class='ocrx_word' id='word_1_766' title='bbox 3211 4753 3402 4810; x_wconf 85' lang='lat' dir='ltr'><strong>beatus</strong></span> 
     </span>
    </p>
   </div>
   <div class='ocr_carea' id='block_1_106' title="bbox 1824 4837 3404 4915">
    <p class='ocr_par' dir='ltr' id='par_1_106' title="bbox 1824 4837 3404 4915">
     <span class='ocr_line' id='line_1_106' title="bbox 1824 4837 3404 4915; baseline 0.006 -23"><span class='ocrx_word' id='word_1_767' title='bbox 1824 4837 2011 4910; x_wconf 86' lang='lat' dir='ltr'><strong>Lupus</strong></span> <span class='ocrx_word' id='word_1_768' title='bbox 2034 4839 2102 4894; x_wconf 90' lang='lat' dir='ltr'><strong>de</strong></span> <span class='ocrx_word' id='word_1_769' title='bbox 2133 4840 2380 4910; x_wconf 89' lang='lat' dir='ltr'><strong>profectu</strong></span> <span class='ocrx_word' id='word_1_770' title='bbox 2409 4840 2681 4911; x_wconf 89' lang='lat' dir='ltr'><strong>discipuli,</strong></span> <span class='ocrx_word' id='word_1_771' title='bbox 2709 4840 3014 4911; x_wconf 87' lang='lat' dir='ltr'><strong>gaudebant</strong></span> <span class='ocrx_word' id='word_1_772' title='bbox 3058 4850 3113 4897; x_wconf 92' lang='lat' dir='ltr'><strong>et</strong></span> <span class='ocrx_word' id='word_1_773' title='bbox 3152 4854 3404 4915; x_wconf 82' lang='lat' dir='ltr'><strong>parentes</strong></span> 
     </span>
    </p>
   </div>
   <div class='ocr_carea' id='block_1_107' title="bbox 1822 4930 3402 5008">
    <p class='ocr_par' dir='ltr' id='par_1_107' title="bbox 1822 4930 3402 5008">
     <span class='ocr_line' id='line_1_107' title="bbox 1822 4930 3402 5008; baseline 0.005 -22"><span class='ocrx_word' id='word_1_774' title='bbox 1822 4930 1891 4986; x_wconf 90' lang='lat' dir='ltr'><strong>de</strong></span> <span class='ocrx_word' id='word_1_775' title='bbox 1913 4932 2179 4987; x_wconf 85' lang='lat' dir='ltr'><strong>industria</strong></span> <span class='ocrx_word' id='word_1_776' title='bbox 2204 4941 2258 4987; x_wconf 91' lang='lat' dir='ltr'><strong>et</strong></span> <span class='ocrx_word' id='word_1_777' title='bbox 2279 4933 2559 5003; x_wconf 90' lang='lat' dir='ltr'><strong>proposito</strong></span> <span class='ocrx_word' id='word_1_778' title='bbox 2581 4932 2696 4998; x_wconf 80' lang='lat' dir='ltr'><strong>filii,</strong></span> <span class='ocrx_word' id='word_1_779' title='bbox 2716 4934 2861 5002; x_wconf 88' lang='lat' dir='ltr'><strong>quod</strong></span> <span class='ocrx_word' id='word_1_780' title='bbox 2880 4945 3025 4989; x_wconf 88' lang='lat' dir='ltr'><strong>esset</strong></span> <span class='ocrx_word' id='word_1_781' title='bbox 3042 4939 3323 5008; x_wconf 83' lang='lat' dir='ltr'><strong>perspicax</strong></span> <span class='ocrx_word' id='word_1_782' title='bbox 3348 4942 3402 4995; x_wconf 93' lang='lat' dir='ltr'><strong>in</strong></span> 
     </span>
    </p>
   </div>
   <div class='ocr_carea' id='block_1_108' title="bbox 1824 5024 3405 5095">
    <p class='ocr_par' dir='ltr' id='par_1_108' title="bbox 1824 5024 3405 5095">
     <span class='ocr_line' id='line_1_108' title="bbox 1824 5024 3405 5095; baseline 0.005 -16"><span class='ocrx_word' id='word_1_783' title='bbox 1824 5024 2132 5095; x_wconf 87' lang='lat' dir='ltr'><strong>scripturis,</strong></span> <span class='ocrx_word' id='word_1_784' title='bbox 2161 5024 2503 5080; x_wconf 88' lang='lat' dir='ltr'><strong>rationabilis</strong></span> <span class='ocrx_word' id='word_1_785' title='bbox 2522 5026 2577 5079; x_wconf 92' lang='lat' dir='ltr'><strong>in</strong></span> <span class='ocrx_word' id='word_1_786' title='bbox 2600 5024 2723 5092; x_wconf 77' lang='lat' dir='ltr'><strong>ﬁde,</strong></span> <span class='ocrx_word' id='word_1_787' title='bbox 2751 5041 2974 5082; x_wconf 91' lang='lat' dir='ltr'><strong>cursum</strong></span> <span class='ocrx_word' id='word_1_788' title='bbox 3003 5043 3164 5084; x_wconf 91' lang='lat' dir='ltr'><strong>suum</strong></span> <span class='ocrx_word' id='word_1_789' title='bbox 3196 5031 3263 5086; x_wconf 88' lang='lat' dir='ltr'><strong>ad</strong></span> <span class='ocrx_word' id='word_1_790' title='bbox 3292 5041 3405 5087; x_wconf 86' lang='lat' dir='ltr'><strong>sta-</strong></span> 
     </span>
    </p>
   </div>
   <div class='ocr_carea' id='block_1_109' title="bbox 1826 5115 3400 5194">
    <p class='ocr_par' dir='ltr' id='par_1_109' title="bbox 1826 5115 3400 5194">
     <span class='ocr_line' id='line_1_109' title="bbox 1826 5115 3400 5194; baseline 0.006 -24"><span class='ocrx_word' id='word_1_791' title='bbox 1826 5123 1973 5170; x_wconf 90' lang='lat' dir='ltr'><strong>tutas</strong></span> <span class='ocrx_word' id='word_1_792' title='bbox 1986 5116 2158 5171; x_wconf 89' lang='lat' dir='ltr'><strong>lineas</strong></span> <span class='ocrx_word' id='word_1_793' title='bbox 2169 5116 2547 5172; x_wconf 89' lang='lat' dir='ltr'><strong>mandatorum</strong></span> <span class='ocrx_word' id='word_1_794' title='bbox 2574 5115 2667 5171; x_wconf 90' lang='lat' dir='ltr'><strong>Dei</strong></span> <span class='ocrx_word' id='word_1_795' title='bbox 2690 5116 2989 5177; x_wconf 67' lang='lat' dir='ltr'><strong>refraenans</strong></span> <span class='ocrx_word' id='word_1_796' title='bbox 3001 5129 3056 5176; x_wconf 89' lang='lat' dir='ltr'><strong>et</strong></span> <span class='ocrx_word' id='word_1_797' title='bbox 3069 5131 3400 5194; x_wconf 77' lang='lat' dir='ltr'><strong>temperans.</strong></span> 
     </span>
    </p>
   </div>
   <div class='ocr_carea' id='block_1_110' title="bbox 1825 5208 3403 5284">
    <p class='ocr_par' dir='ltr' id='par_1_110' title="bbox 1825 5208 3403 5284">
     <span class='ocr_line' id='line_1_110' title="bbox 1825 5208 3403 5284; baseline 0.006 -22"><span class='ocrx_word' id='word_1_798' title='bbox 1825 5217 1901 5266; x_wconf 92' lang='lat' dir='ltr'><strong>et.</strong></span> <span class='ocrx_word' id='word_1_799' title='bbox 1930 5208 2075 5278; x_wconf 88' lang='lat' dir='ltr'><strong>quod</strong></span> <span class='ocrx_word' id='word_1_800' title='bbox 2099 5208 2480 5279; x_wconf 87' lang='lat' dir='ltr'><strong>gravissimum</strong></span> <span class='ocrx_word' id='word_1_801' title='bbox 2523 5217 2608 5263; x_wconf 91' lang='lat' dir='ltr'><strong>est</strong></span> <span class='ocrx_word' id='word_1_802' title='bbox 2649 5209 2703 5264; x_wconf 91' lang='lat' dir='ltr'><strong>in</strong></span> <span class='ocrx_word' id='word_1_803' title='bbox 2756 5209 2845 5265; x_wconf 91' lang='lat' dir='ltr'><strong>illa</strong></span> <span class='ocrx_word' id='word_1_804' title='bbox 2899 5221 3077 5279; x_wconf 71' lang='lat' dir='ltr'><strong>aetate,</strong></span> <span class='ocrx_word' id='word_1_805' title='bbox 3119 5229 3295 5284; x_wconf 89' lang='lat' dir='ltr'><strong>neque</strong></span> <span class='ocrx_word' id='word_1_806' title='bbox 3336 5218 3403 5271; x_wconf 86' lang='lat' dir='ltr'><strong>ad</strong></span> 
     </span>
    </p>
   </div>
   <div class='ocr_carea' id='block_1_111' title="bbox 1823 5297 3404 5378">
    <p class='ocr_par' dir='ltr' id='par_1_111' title="bbox 1823 5297 3404 5378">
     <span class='ocr_line' id='line_1_111' title="bbox 1823 5297 3404 5378; baseline 0.006 -26"><span class='ocrx_word' id='word_1_807' title='bbox 1823 5297 2068 5353; x_wconf 80' lang='lat' dir='ltr'><strong>dextram</strong></span> <span class='ocrx_word' id='word_1_808' title='bbox 2093 5312 2269 5369; x_wconf 87' lang='lat' dir='ltr'><strong>neque</strong></span> <span class='ocrx_word' id='word_1_809' title='bbox 2295 5298 2362 5353; x_wconf 88' lang='lat' dir='ltr'><strong>ad</strong></span> <span class='ocrx_word' id='word_1_810' title='bbox 2388 5297 2666 5355; x_wconf 84' lang='lat' dir='ltr'><strong>sinistram</strong></span> <span class='ocrx_word' id='word_1_811' title='bbox 2686 5299 2986 5370; x_wconf 85' lang='lat' dir='ltr'><strong>declinans,</strong></span> <span class='ocrx_word' id='word_1_812' title='bbox 3014 5304 3109 5359; x_wconf 88' lang='lat' dir='ltr'><strong>sed</strong></span> <span class='ocrx_word' id='word_1_813' title='bbox 3141 5306 3227 5361; x_wconf 91' lang='lat' dir='ltr'><strong>via</strong></span> <span class='ocrx_word' id='word_1_814' title='bbox 3257 5309 3404 5378; x_wconf 63' lang='lat' dir='ltr'><strong>regia</strong></span> 
     </span>
    </p>
   </div>
   <div class='ocr_carea' id='block_1_112' title="bbox 1825 5388 2343 5446">
    <p class='ocr_par' dir='ltr' id='par_1_112' title="bbox 1825 5388 2343 5446">
     <span class='ocr_line' id='line_1_112' title="bbox 1825 5388 2343 5446; baseline 0.004 -3"><span class='ocrx_word' id='word_1_815' title='bbox 1825 5388 2040 5444; x_wconf 81' lang='lat' dir='ltr'><strong>fortiter</strong></span> <span class='ocrx_word' id='word_1_816' title='bbox 2067 5390 2343 5446; x_wconf 86' lang='lat' dir='ltr'><strong>incedens.</strong></span> 
     </span>
    </p>
   </div>
   <div class='ocr_carea' id='block_1_113' title="bbox 1898 5480 3402 5560">
    <p class='ocr_par' dir='ltr' id='par_1_113' title="bbox 1898 5480 3402 5560">
     <span class='ocr_line' id='line_1_113' title="bbox 1898 5480 3402 5560; baseline 0.008 -25"><span class='ocrx_word' id='word_1_817' title='bbox 1898 5481 2054 5552; x_wconf 78' lang='lat' dir='ltr'><strong>(Vita</strong></span> <span class='ocrx_word' id='word_1_818' title='bbox 2081 5480 2217 5551; x_wconf 85' lang='lat' dir='ltr'><strong>Lupi</strong></span> <span class='ocrx_word' id='word_1_819' title='bbox 2249 5496 2303 5551; x_wconf 93' lang='lat' dir='ltr'><strong>p.</strong></span> <span class='ocrx_word' id='word_1_820' title='bbox 2334 5480 2450 5551; x_wconf 76' lang='lat'><strong>81.)</strong></span> <span class='ocrx_word' id='word_1_821' title='bbox 2488 5481 2658 5539; x_wconf 82' lang='lat' dir='ltr'><strong>Erant</strong></span> <span class='ocrx_word' id='word_1_822' title='bbox 2689 5491 2871 5540; x_wconf 84' lang='lat' dir='ltr'><strong>autem</strong></span> <span class='ocrx_word' id='word_1_823' title='bbox 2895 5483 3015 5556; x_wconf 88' lang='lat' dir='ltr'><strong>ejus</strong></span> <span class='ocrx_word' id='word_1_824' title='bbox 3043 5488 3402 5560; x_wconf 83' lang='lat' dir='ltr'><strong>condiscipuli</strong></span> 
     </span>
    </p>
   </div>
   <div class='ocr_carea' id='block_1_114' title="bbox 1429 5570 3263 5628">
    <p class='ocr_par' dir='ltr' id='par_1_114' title="bbox 1429 5570 3263 5628">
     <span class='ocr_line' id='line_1_114' title="bbox 1429 5570 3263 5628; baseline 0.002 -4"><span class='ocrx_word' id='word_1_825' title='bbox 1429 5570 1661 5625; x_wconf 65' lang='lat' dir='ltr'><strong>VABIE</strong></span> <span class='ocrx_word' id='word_1_826' title='bbox 1704 5570 2106 5628; x_wconf 76' lang='lat' dir='ltr'><strong>LECTIONES.</strong></span> <span class='ocrx_word' id='word_1_827' title='bbox 2994 5600 2999 5611; x_wconf 73' lang='grc' dir='ltr'>ν</span> <span class='ocrx_word' id='word_1_828' title='bbox 3260 5598 3263 5601; x_wconf 48' lang='grc' dir='ltr'>ι</span> 
     </span>
    </p>
   </div>
   <div class='ocr_carea' id='block_1_115' title="bbox 242 5665 808 5752">
    <p class='ocr_par' dir='ltr' id='par_1_115' title="bbox 242 5665 808 5752">
     <span class='ocr_line' id='line_1_115' title="bbox 242 5665 808 5752; baseline 0.005 -28"><span class='ocrx_word' id='word_1_829' title='bbox 242 5665 304 5752; x_wconf 79' lang='lat'><strong>“&#39;_</strong></span> <span class='ocrx_word' id='word_1_830' title='bbox 332 5666 733 5752; x_wconf 71' lang='lat' dir='ltr'><strong>interpretatam</strong></span> <span class='ocrx_word' id='word_1_831' title='bbox 761 5688 808 5727; x_wconf 77' lang='grc' dir='ltr'><strong>ε.</strong></span> 
     </span>
    </p>
   </div>
   <div class='ocr_carea' id='block_1_116' title="bbox 184 5743 716 5808">
    <p class='ocr_par' dir='ltr' id='par_1_116' title="bbox 184 5743 716 5808">
     <span class='ocr_line' id='line_1_116' title="bbox 184 5743 716 5808; baseline 0.011 -17"><span class='ocrx_word' id='word_1_832' title='bbox 184 5743 378 5794; x_wconf 73' lang='lat' dir='ltr'><strong>—‘.etati</strong></span> <span class='ocrx_word' id='word_1_833' title='bbox 459 5743 513 5796; x_wconf 84' lang='lat' dir='ltr'><strong>in</strong></span> <span class='ocrx_word' id='word_1_834' title='bbox 551 5759 716 5808; x_wconf 85' lang='lat' dir='ltr'><strong>marq.</strong></span> 
     </span>
    </p>
   </div>
   <div class='ocr_carea' id='block_1_117' title="bbox 900 5668 1950 5742">
    <p class='ocr_par' dir='ltr' id='par_1_117' title="bbox 900 5668 1950 5742">
     <span class='ocr_line' id='line_1_117' title="bbox 900 5668 1950 5742; baseline 0 -17"><span class='ocrx_word' id='word_1_835' title='bbox 900 5671 967 5704; x_wconf 84' lang='grc'><strong>¹¹⁹</strong></span> <span class='ocrx_word' id='word_1_836' title='bbox 995 5685 1161 5742; x_wconf 89' lang='lat' dir='ltr'><strong>quam</strong></span> <span class='ocrx_word' id='word_1_837' title='bbox 1190 5685 1326 5727; x_wconf 85' lang='lat' dir='ltr'><strong>corr.</strong></span> <span class='ocrx_word' id='word_1_838' title='bbox 1351 5684 1521 5740; x_wconf 89' lang='lat' dir='ltr'><strong>quum</strong></span> <span class='ocrx_word' id='word_1_839' title='bbox 1560 5685 1606 5724; x_wconf 86' lang='lat' dir='ltr'><strong>c.</strong></span> <span class='ocrx_word' id='word_1_840' title='bbox 1712 5669 1782 5703; x_wconf 80' lang='grc'><strong>¹¹⁹</strong></span> <span class='ocrx_word' id='word_1_841' title='bbox 1811 5668 1895 5724; x_wconf 82' lang='lat' dir='ltr'><strong>lli.</strong></span> <span class='ocrx_word' id='word_1_842' title='bbox 1937 5710 1950 5725; x_wconf 94' lang='lat'><strong>.</strong></span> 
     </span>
    </p>
   </div>
   <div class='ocr_carea' id='block_1_118' title="bbox 1995 5669 3074 5749">
    <p class='ocr_par' dir='ltr' id='par_1_118' title="bbox 1995 5669 3074 5749">
     <span class='ocr_line' id='line_1_118' title="bbox 1995 5669 3074 5749; baseline 0.01 -22"><span class='ocrx_word' id='word_1_843' title='bbox 1995 5711 2009 5727; x_wconf 94' lang='lat'><strong>.</strong></span> <span class='ocrx_word' id='word_1_844' title='bbox 2052 5669 2223 5728; x_wconf 86' lang='lat' dir='ltr'><strong>inscla</strong></span> <span class='ocrx_word' id='word_1_845' title='bbox 2253 5688 2301 5728; x_wconf 87' lang='lat' dir='ltr'><strong>c.</strong></span> <span class='ocrx_word' id='word_1_846' title='bbox 2397 5673 2473 5749; x_wconf 49' lang='grc' dir='ltr'><strong>ηε</strong></span> <span class='ocrx_word' id='word_1_847' title='bbox 2502 5675 2653 5734; x_wconf 89' lang='lat' dir='ltr'><strong>orbis</strong></span> <span class='ocrx_word' id='word_1_848' title='bbox 2674 5692 2812 5733; x_wconf 86' lang='lat' dir='ltr'><strong>corr.</strong></span> <span class='ocrx_word' id='word_1_849' title='bbox 2845 5678 2999 5737; x_wconf 89' lang='lat' dir='ltr'><strong>urbis</strong></span> <span class='ocrx_word' id='word_1_850' title='bbox 3027 5697 3074 5739; x_wconf 77' lang='grc' dir='ltr'><strong>ε.</strong></span> 
     </span>
    </p>
   </div>
   <div class='ocr_carea' id='block_1_119' title="bbox 3181 5681 3404 5741">
    <p class='ocr_par' dir='ltr' id='par_1_119' title="bbox 3181 5681 3404 5741">
     <span class='ocr_line' id='line_1_119' title="bbox 3181 5681 3404 5741; baseline 0 0"><span class='ocrx_word' id='word_1_851' title='bbox 3181 5682 3251 5716; x_wconf 80' lang='grc'>¹⁸¹</span> <span class='ocrx_word' id='word_1_852' title='bbox 3271 5681 3404 5741; x_wconf 80' lang='lat' dir='ltr'><strong>Erat</strong></span> 
     </span>
    </p>
   </div>
  </div>
