3932 6298
494 386 558 440 7i

1492 360 1799 421 HUGONiS
1838 357 2131 429 ABBATIS
2166 352 2739 413 FLAVINIACENSIS
3704 353 3765 411 72

499 495 604 555 sub
629 460 971 551 institutione
988 464 1218 561 'prtefati
1246 483 1413 556 patris
1442 480 1697 545 Severus,
1730 485 1920 548 postea
1949 474 2083 530 Tre-
2117 478 2159 534 Α
2185 471 2599 544 perextendens,
2630 467 2973 526 desiderabat
3019 468 3238 524 Christo
3268 468 3451 524 carnis
3481 471 3767 527 mortifica-

501 570 746 642 viroruin
781 591 1005 641 sanctus
1027 580 1334 651 episcopus,
1378 571 1608 628 Albinus
1647 584 1865 641 quoque
1891 567 2092 624 Catho-

505 678 807 753 launensis,
840 684 897 732 et
942 681 1164 732 sanctus
1214 666 1536 730 Emilianus,
1599 670 1826 720 sanctus
1876 674 2095 753 quoque

508 749 855 835 Aventinus,
878 774 1065 839 postea
1115 760 1412 815 Trecorum
1451 755 1765 827 episcopus,
1807 767 1933 808 cum
1976 749 2097 806 aliis

422 910 450 918 ,ι
492 850 679 937 quam
703 860 984 934 pluribus;
1010 854 1102 931 qui
1132 866 1325 908 omnes
1341 848 1519 921 gratia
1537 846 1631 902 Dei
1658 844 1963 918 innumeris
1982 842 2098 899 cla-

492 952 674 1024 ;ruere
695 951 992 1021 miraculis,
1030 956 1097 1017 ut,
1116 962 1183 1002 ex
1209 943 1423 1000 meritis
1461 939 1856 1012 discipulorum
1879 937 2100 993 daretur

490 1045 738 1118 .intelligi
776 1048 991 1117 quanta:
1052 1034 1361 1093 sanctitatis
1402 1032 1663 1104 magister
1706 1044 1899 1086 eorum
1939 1026 2103 1118 fuerit

515 1139 611 1210 qui
656 1117 787 1193 tales
816 1135 872 1188 in
907 1131 994 1187 via
1024 1130 1121 1191 Dei
1145 1128 1212 1160 η’
1234 1125 1536 1197 discipulos
1573 1119 1949 1178 informaverit
1981 1117 2099 1189 (fol.

515 1231 626 1293 27).
659 1228 823 1281 Beata
860 1224 1093 1291 nimium
1118 1229 1172 1277 et
1200 1217 1435 1274 Domino
1459 1224 1648 1272 nostro
1673 1221 1826 1286 grata
1848 1211 2101 1277 societas,

492 1384 495 1387 _
515 1321 569 1375 in
591 1335 699 1392 qua
725 1326 845 1375 erat
860 1316 1046 1387 videre
1066 1311 1488 1383 tranquillitates
1501 1311 1833 1372 animorum,
1848 1317 2107 1359 mansue-

518 1412 722 1468 tudinis
765 1409 1031 1474 studium,
1081 1402 1472 1460 moderationis
1514 1399 1764 1472 gratiam,
1805 1394 2108 1451 honestatis

519 1520 732 1570 curam,
776 1511 830 1557 et
867 1496 1369 1556 consideracionem
1398 1493 1633 1558 decoris,
1664 1490 1803 1564 inter
1829 1503 1966 1559 quas
1993 1486 2107 1541 vir-

524 1604 667 1649 tutes
692 1610 867 1665 prima
896 1592 995 1647 sibi
1026 1590 1440 1646 fundamentum
1466 1584 1521 1639 in
1549 1583 1631 1639 eis
1655 1579 1982 1637 verecundia
2012 1592 2111 1648 po—

525 1687 739 1742 suerat!
770 1684 875 1740 Sed
892 1682 1019 1754 quia
1032 1690 1092 1738 nt
1118 1679 1409 1752 aequalium
1430 1674 1764 1733 cohabitatio
1784 1671 2016 1736 dulcior,
2035 1670 2110 1743 ita

526 1788 584 1835 et
634 1793 826 1834 senum
860 1777 1031 1832 tutior
1053 1782 1157 1841 est,
1195 1771 1338 1828 beati
1386 1769 1487 1825 viri
1533 1766 1671 1837 Lupi
1711 1761 1971 1820 individui
2014 1760 2113 1816 ad-

2194 565 2342 619 tione
2363 562 2709 633 consepeliri,
2740 572 2800 616 ut
2825 569 3127 616 mereretur
3147 577 3243 633 per
3267 563 3447 632 ipsum
3469 562 3538 616 ad
3557 561 3771 633 gloriam

2194 655 2372 711 Patris
2389 655 2444 709 in
2471 655 2672 710 virtute
2700 653 2938 724 Spiritus
2962 669 3058 724 per
3081 654 3351 710 bonorum
3380 654 3643 710 exercitia
3666 669 3775 726 ope-

2198 763 2320 803 rum
2355 745 2802 803 conresuscitari.
2839 745 2931 802 Sic
2966 746 3020 800 in
3047 761 3211 802 carne
3243 745 3436 801 vivens
3457 760 3573 801 non
3594 762 3777 803 secun-

2198 842 2329 896 dum
2370 855 2591 896 carnem
2640 839 2929 907 militabat,
2958 854 3271 911 praecavens
3308 849 3363 895 et
3400 839 3705 898 observans
3727 852 3776 898 ιιι

2200 949 2375 1005 neque
2412 932 2708 1003 peccando,
2740 947 2919 1003 neque
2959 933 3171 1005 positus
3217 932 3273 988 in
3316 933 3637 1003 suspicione
3664 950 3777 1005 pec-

2184 1024 2340 1092 cati,
2393 1022 2547 1079 fieret
2585 1023 2972 1080 offendiculum
3019 1023 3283 1081 fratribus
3325 1035 3422 1082 aut
3468 1026 3779 1083 scandalum

2205 1115 2321 1188 (fol.
2346 1114 2481 1187 ΞΤ).
2512 1115 2855 1171 lntcllexerat
2882 1115 3029 1171 enim
3056 1131 3121 1171 ex
3149 1116 3451 1189 evangelio,
3467 1132 3637 1187 quam
3667 1134 3779 1189 gra-

2202 1209 2288 1264 vis
2321 1208 2395 1265 sit
2439 1223 2471 1264 a
2512 1206 2745 1263 Domino
2796 1208 3191 1264 seandalizanti
3221 1224 3394 1265 unum
3435 1225 3504 1265 ex
3550 1209 3784 1264 minimis

2205 1301 2501 1358 constituta
2531 1299 2954 1357 animadversio.
2994 1299 3127 1356 Erat
3152 1300 3210 1356 in
3232 1302 3397 1358 corde
3425 1301 3550 1374 ejus
3570 1302 3678 1357 fixa
3704 1302 3783 1358 illa

2207 1392 2422 1449 Domini
2451 1392 2873 1458 sententia:Qui
2904 1392 3251 1461 selmmiliat,
3284 1393 3619 1449 multabitur
3640 1392 3783 1464 (ιιιτ.

2211 1503 2320 1553 xiv,
2351 1486 2463 1558 ll),
2500 1486 2646 1542 unde
2675 1493 2731 1542 et
2765 1484 3045 1541 humiliari
3069 1485 3321 1541 studebat
3356 1486 3413 1541 in
3452 1487 3640 1554 terris,
3674 1497 3788 1543 uta

2210 1575 2442 1632 Domino
2462 1576 2692 1632 exaltari
2720 1584 3021 1631 mereretur
3063 1574 3121 1630 in
3149 1575 3325 1631 cadis.
3352 1573 3461 1632 Sed
3486 1592 3594 1632 nec
3628 1578 3790 1648 potuit

2207 1668 2474 1725 abscondi
2514 1668 2737 1724 lucerna
2774 1667 3099 1723 delitescens
3131 1666 3236 1723 sub
3270 1666 3476 1735 modio,
3516 1683 3707 1723 verum
3733 1668 3792 1724 ad

2210 1761 2526 1835 eﬂ'ugandas
2562 1775 2812 1816 errorum
2855 1758 3108 1815 tenebras
3150 1768 3315 1830 atque
3339 1759 3410 1816 ad
3445 1760 3791 1816 illuminatio-

538 1822 1205 1932 hell-lianrcoﬁtubernib,
1224 1864 1318 1934 qui
1341 1822 1657 1933 magisterio
1669 1856 1908 1929 quodam
1927 1863 1980 1909 et
2012 1853 2112 1908 do-
2144 1822 2185 1882 u
2215 1822 2350 1910 neu;
2373 1854 2669 1910 multorum
2708 1852 2961 1923 imposita
2991 1860 3077 1907 est
3111 1822 3460 1909 candelabro.
3490 1851 3635 1908 Cum
3660 1853 3795 1909 enim

526 1963 702 2018 ctrina
739 1963 864 2017 vita:
882 1958 1165 2016 colorabat
1200 1970 1383 2011 mores
1425 1952 1856 2016 adolescentum,
1886 1955 1942 2002 et
1970 1945 2115 2000 velut

529 2053 739 2107 murice
764 2050 1050 2122 probitatis
1090 2046 1385 2103 inliciebat.
1420 2042 1579 2111 Quod
1619 2042 1838 2111 quidem
1878 2034 2115 2091 maxima

528 2145 611 2198 vir
636 2142 745 2197 Deo
775 2142 966 2212 plenus
991 2137 1321 2209 adimplebat
1363 2134 1557 2207 gratia,
1594 2142 1656 2188 ut
1687 2131 1893 2187 videret
1922 2128 2119 2185 alacri-

530 2236 636 2292 bus
667 2235 788 2290 illos
817 2232 1016 2289 animis
1061 2231 1128 2263 ¹¹δ
1169 2228 1338 2302 patris
1362 2228 1614 2282 instituta
1637 2222 1816 2295 sequi,
1856 2236 1997 2294 quos
2020 2236 2121 2276 nec

532 2329 604 2382 ab
629 2328 841 2397 incepto
874 2322 1142 2397 gravioris
1170 2320 1437 2395 propositi
1467 2316 1774 2375 deterrebat
1796 2316 1964 2388 rigor,
1993 2329 2119 2371 cum

529 2416 786 2488 juvenilis
823 2417 1077 2472 alacritas
1105 2416 1173 2470 ad
1196 2430 1261 2469 ea
1288 2398 1503 2484 semper
1550 2417 1902 2467 convertatur
1942 2406 2123 2463 studia

504 2582 507 2585 _
534 2525 659 2580 qua:
677 2508 974 2564 arbitratur
1000 2506 1395 2578 plansibiliora.
1429 2502 1574 2560 Inter
1619 2502 1741 2558 hos
1769 2500 1955 2573 itaque
1985 2514 2123 2555 con-

538 2600 767 2656 tribules
800 2600 865 2631 “'
894 2615 1024 2656 suos
1052 2599 1246 2654 beatus
1284 2595 1649 2653 Pulchronius
1681 2592 2001 2650 meritorum
2036 2606 2127 2646 ra-

535 2692 721 2748 diabat
745 2691 1014 2763 lampade.
1029 2689 1343 2746 llonestatis
1360 2688 1601 2761 fulgebat
1616 2684 1832 2753 decore,
1855 2684 2128 2740 omnimo-

536 2784 625 2840 dis
665 2794 920 2859 satagens
961 2791 1020 2849 ut
1055 2783 1123 2838 de
1162 2796 1223 2839 se
1262 2778 1642 2852 unusquisque
1676 2786 1733 2834 et
1758 2777 1995 2833 maxime
2041 2775 2130 2831 vir

430 2876 433 2879 ’
539 2877 779 2948 optimus
807 2876 959 2931 boni
981 2874 1227 2940 sentiret,
1255 2881 1587 2945 quapropter
1608 2878 1664 2926 et
1685 2859 1941 2926 omnibus
1970 2866 2132 2924 bouis

541 2969 777 3024 debitam
795 2967 1085 3043 exhibebat
1109 2963 1489 3020 reverentiam.
1506 2960 1747 3019 Cavebat
1757 2969 1940 3017 motus
1962 2958 2133 3025 animi

539 3058 819 3131 juvenilis,
850 3073 909 3112 se
935 3052 1113 3130 ipsum
1154 3055 1452 3131 observans
1477 3062 1533 3111 et
1562 3052 2028 3125 circumspiciens,
2078 3059 2136 3106 et

508 3222 511 3225 γ
548 3159 969 3225 prorumpentes
1006 3146 1059 3202 in
1091 3136 1159 3204 se
1187 3148 1458 3219 appetitus
1483 3145 1722 3219 quadam
1754 3146 1809 3200 vi
1836 3144 2009 3221 animi
2034 3158 2135 3200 co-

548 3226 780 3298 hercens
806 3250 972 3312 atque
992 3239 1310 3308 refraenaus,
1339 3255 1408 3296 ne
1445 3237 1719 3311 appetitus
1751 3237 2014 3297 rationem
2051 3237 2136 3292 vel

547 3316 909 3407 praecurreret
930 3333 1012 3388 vel
1038 3333 1334 3411 desereret,
1356 3347 1427 3388 ne
1452 3329 1843 3411 praecurrendo
1859 3330 2139 3401 perturba-

550 3406 634 3483 ret
665 3444 785 3493 eam
814 3436 980 3507 atque
1021 3406 1355 3492 excluderet,
1385 3412 1440 3480 et
1466 3422 1765 3505 deserendo
1796 3406 2135 3478 destitueret.

553 3506 618 3575 Et
645 3521 718 3573 ita
745 3501 1087 3601 singularum
1104 3516 1385 3599 actionum
1406 3501 1600 3589 modos
1619 3530 1864 3595 servans,
1890 3513 2140 3571 ordinem

508 3682 514 3687 ﬁ
552 3626 775 3682 quoque
802 3620 856 3665 et
885 3609 1248 3665 constantiam
1283 3608 1552 3681 dictorum
1580 3622 1804 3663 suorum
1831 3614 1886 3669 et
1913 3621 2141 3677 operum

555 3702 1092 3773 lito-.lerationemque
1117 3700 1452 3767 custodiens,
1481 3700 1680 3780 decoro
1718 3697 1797 3754 illi
1830 3698 2145 3753 intendebat

555 3794 704 3865 quod
728 3794 980 3866 generale
1001 3809 1123 3850 esse
1156 3801 1211 3859 et
1234 3792 1467 3864 speciale
1489 3788 1778 3872 attestatur
1793 3790 2018 3847 moralis
2041 3790 2143 3845 do-

506 3959 513 3965 .
557 3896 678 3942 ctor
723 3886 1049 3961 Ambrosius
1083 3886 1139 3940 in
1184 3885 1325 3941 libro
1366 3885 1434 3942 de
1470 3883 1695 3952 Officiis,
1737 3884 1811 3941 ita
1848 3882 2142 3954 inquiens:

564 4000 583 4031 ι
624 3977 717 4035 Est
745 3979 1026 4047 decorum,
1052 3978 1151 4046 ait,
1180 3976 1328 4050 quod
1358 3977 1707 4048 praeminet;
1756 3974 1916 4045 cujus
1949 3972 2148 4029 divisio

560 4074 778 4147 gemina
806 4082 909 4131 est.
942 4069 1079 4128 Nam
1111 4080 1195 4128 est
1224 4070 1482 4126 decorum
1507 4069 1665 4140 quasi
1688 4068 1962 4140 generale,
2000 4066 2148 4138 quod

560 4181 658 4237 per
688 4165 1101 4223 universitatem
1140 4162 1390 4219 funditur
1428 4160 1752 4227 honestatis,
1789 4167 1845 4215 et
1893 4158 2052 4230 quasi
2092 4158 2150 4213 in

562 4266 678 4313 toto
706 4266 985 4328 spectatur
1006 4271 1252 4327 corpore.
1279 4253 1378 4312 Est
1412 4254 1577 4311 etiam
1612 4250 1869 4326 speciale,
1911 4250 2058 4323 quod
2094 4249 2150 4305 in

2213 1945 2418 2019 placuit
2446 1946 2498 2002 ei
2519 1946 2615 2018 qui
2643 1946 2848 2001 electos
2882 1944 2952 1999 ad
2984 1944 3330 2001 eternitatem
3364 1954 3549 2012 vocat,
3584 1954 3798 2001 vocatos

2208 2038 2495 2110 justificat,
2532 2037 2864 2108 jnstificatos
2908 2046 3243 2104 remunerat,
3287 2045 3349 2092 ut
3389 2038 3664 2094 exaltaret
3689 2053 3796 2095 ser-

2218 2148 2344 2186 vum
2367 2147 2527 2188 suum
2556 2130 2847 2185 habentem
2879 2128 3134 2186 fiduciam
3164 2129 3221 2184 in
3239 2144 3320 2196 se,
3344 2129 3639 2201 inspiravit
3660 2130 3799 2188 cordi

2219 2225 2362 2282 beati
2382 2223 2642 2280 antistitis
2680 2221 2821 2294 Lupi
2846 2231 2925 2289 ut,
2949 2223 3018 2278 ad
3039 2222 3297 2279 solatium
3330 2222 3537 2279 laboris
3566 2231 3625 2280 et
3650 2225 3802 2280 mini-

2222 2314 2378 2372 sterii
2422 2313 2615 2381 sui,ad
2652 2312 2901 2369 ordinem
2944 2328 3072 2370 eum
3111 2322 3460 2384 promoveret
3494 2316 3798 2371 sacerdotii.

2221 2407 2437 2464 Electus
2467 2406 2651 2477 itaque
2678 2406 2956 2462 communi
2980 2414 3108 2461 voto
3122 2414 3177 2461 et
3194 2405 3355 2462 laude
3374 2406 3510 2462 cieri
3531 2414 3590 2463 et
3606 2408 3802 2478 populi.

2223 2497 2530 2572 presbiterii
2570 2498 2836 2553 honorem
2876 2497 3085 2568 accepit
3123 2506 3179 2554 et
3208 2497 3460 2556 moribus
3502 2498 3801 2556 adornavit.

2223 2588 2358 2647 Erat
2380 2605 2618 2662 namque
2643 2598 2836 2661 potens
2877 2589 2934 2644 in
2971 2589 3139 2646 verbo
3172 2598 3229 2645 et
3272 2589 3548 2659 doctrina,
3572 2600 3634 2647 et
3665 2602 3805 2664 pote-

2226 2692 2365 2741 state
2386 2684 2506 2757 ipsa
2535 2698 2663 2739 cum
2702 2683 2950 2754 apostolo
2992 2682 3249 2739 utebatur
3289 2683 3346 2739 in
3390 2682 3807 2751 edificatiouem,

2227 2777 2419 2833 nonin
2439 2776 2888 2843 destructionem,
2927 2782 2989 2831 ut
3019 2775 3404 2833 ediﬁcarentur
3431 2777 3671 2834 correcti
3694 2792 3809 2848 pec-

2228 2878 2446 2926 catores
2476 2868 2545 2924 ad
2579 2867 2978 2938 paenitentiam,
3014 2868 3215 2939 quibus
3239 2867 3354 2938 jam
3390 2868 3687 2926 videbatur
3720 2869 3813 2925 im-

2232 2962 2442 3017 minere
2484 2960 2782 3017 destructio
2823 2977 2919 3031 per
2939 2959 3177 3031 culpam.
3219 2959 3424 3018 Orabat
3452 2977 3558 3033 pro
3587 2963 3814 3035 peccatis

2236 3053 2443 3126 populi,
2479 3062 2555 3120 et,
2601 3068 2728 3109 cum
2758 3053 2971 3109 nullum
2994 3053 3233 3120 laederet,
3275 3054 3539 3110 omnibus
3565 3057 3816 3126 prodesse

2160 3185 2205 3243 Ο
2236 3147 2516 3218 cupiebat;
2538 3146 2719 3203 sciens
2729 3146 3028 3204 sacerdotis
3048 3146 3133 3202 vel
3162 3146 3402 3203 ministri
3420 3162 3547 3203 esse
3568 3149 3817 3219 prodesse

2237 3239 2285 3295 si
2309 3239 2426 3294 fieri
2458 3247 2639 3310 potest
2672 3237 2951 3305 omnibus,
2993 3238 3187 3293 obesse
3229 3238 3458 3293 nemini.
3490 3237 3819 3310 lmplebatur

2233 3329 2349 3404 jam
2371 3331 2427 3386 in
2446 3344 2514 3386 eo
2539 3330 2630 3385 illa
2652 3330 2891 3386 nominis
2917 3330 3004 3389 sui
3026 3329 3409 3402 ethimologia;
3434 3340 3491 3386 et
3513 3332 3672 3402 quod
3696 3348 3821 3404 prae.

2238 3423 2549 3479 nuntiatum
2572 3432 2691 3479 erat
2720 3438 2789 3479 ex
2825 3423 3067 3490 nomine,
3103 3423 3335 3479 sonabat
3358 3422 3475 3493 jam
3500 3423 3563 3479 in
3593 3426 3819 3481 actione.

2238 3514 2446 3571 Civitas
2474 3514 2619 3571 enim
2642 3523 2762 3570 erat
2794 3514 3060 3585 temporis
3093 3515 3283 3586 utique
3310 3515 3627 3587 gravissimi
3648 3528 3706 3574 et
3735 3533 3823 3588 pe—

2241 3606 2642 3675 riculosissimi,
2665 3606 2721 3661 in
2740 3621 2851 3678 quo
2872 3607 3184 3677 praeliorum
3209 3606 3521 3664 fremitibus
3550 3616 3705 3665 totus
3725 3608 3827 3665 fere

2241 3698 2588 3771 quatiebatur
2607 3697 2778 3755 orbis.
2812 3697 2943 3754 Erat
2964 3707 3019 3754 et
3038 3698 3309 3771 refugium
3336 3714 3671 3771 pauperum,
3693 3710 3829 3759 tutor

2243 3792 2637 3862 orphanorum,
2674 3789 2931 3847 defensor
2960 3790 3250 3848 viduarum
3274 3801 3330 3848 et
3355 3793 3717 3864 pupillorum,
3734 3812 3828 3867 op-

2243 3898 2559 3954 pressorum
2589 3883 2922 3950 consolator,
2951 3892 3009 3939 et
3026 3884 3274 3939 omnium
3304 3883 3374 3939 ad
3410 3900 3473 3942 se
3508 3886 3830 3960 confugien-

2247 3976 2382 4031 tium
2406 3975 2690 4046 piissimus
2718 3984 3005 4047 susceptor
3026 3983 3083 4031 et
3106 3976 3420 4036 auxiliator.
3445 3976 3494 4035 0
3523 3980 3726 4038 civitas
3753 3981 3829 4036 in-

2246 4067 2647 4139 expugnabilis,
2672 4059 2942 4138 protectio
2970 4068 3445 4140 incomparabilis,
3475 4071 3736 4130 defensio
3754 4074 3831 4129 in-

2249 4159 2542 4229 vincibilis,
2588 4160 2747 4218 sedes
2778 4162 2949 4218 divini
2993 4163 3445 4234 propiciatorium
3476 4165 3758 4234 altissimi,
3784 4167 3832 4221 in

2247 4268 2357 4325 qua
2384 4262 2577 4327 regnat
2598 4254 2864 4326 sapientia
2911 4264 2967 4311 et
3007 4255 3179 4312 dictat
3210 4256 3365 4329 leges
3407 4257 3651 4328 justitia,
3679 4274 3834 4330 quam

561 4351 744 4425 aliqua
780 4349 1029 4421 corporis
1059 4349 1262 4405 eminet
1297 4356 1471 4418 parte.
1520 4346 1785 4404 Generale
1819 4354 1925 4413 est,
1957 4346 2004 4401 si
2024 4342 2153 4414 quis
2253 4345 2515 4403 fortitudo
2547 4346 2835 4415 inhabitat,
2884 4347 3024 4421 regit
3057 4348 3367 4419 prudentia,
3422 4349 3675 4421 disponit
3702 4361 3836 4408 tem-

560 4441 972 4499 universitatem
1014 4440 1317 4499 honestatis
1360 4439 1416 4494 in
1458 4440 1611 4496 omni
1654 4447 1781 4495 actu
1819 4453 1923 4496 suo
1955 4439 2155 4499 habeat
2252 4439 2520 4509 perantia,
2566 4439 2623 4494 in
2666 4454 2777 4510 qua
2823 4438 2993 4512 fulget
3036 4439 3134 4498 Dei
3174 4441 3377 4514 imago,
3420 4458 3547 4513 quae
3573 4444 3837 4500 viciorum

508 4596 513 4603 δ
563 4533 967 4598 concinentem,
993 4540 1055 4587 ut
1083 4532 1187 4587 sibi
1215 4531 1397 4591 olnnis
1424 4531 1536 4586 vita
1562 4530 1684 4602 ejus
1706 4530 2016 4587 consentiat
2052 4545 2155 4586 nec
2183 4526 2231 4586 D
2259 4531 2523 4604 imagines
2556 4532 2837 4588 obliterat!
2865 4531 3093 4604 Suscipe
3126 4541 3184 4589 et
3214 4550 3317 4591 nos
3338 4534 3684 4594 humillimas
3709 4537 3837 4593 dile-

565 4626 621 4681 in
657 4624 766 4680 ulla
813 4639 873 4680 re
908 4624 1200 4695 discrepet.
1246 4620 1491 4692 Speciale
1519 4637 1651 4678 vero
1683 4630 1788 4688 est,
1830 4622 1881 4678 si
1918 4622 2155 4693 aliquem

566 4726 751 4775 aetum
778 4716 845 4749 ¹¹⁶
867 4715 924 4770 in
943 4714 1061 4771 suis
1072 4714 1236 4777 habet
1254 4713 1549 4771 virtutibus
1569 4714 1634 4746 ⁸⁸⁷
1656 4713 2153 4784 praeminentem.»
2204 4764 2207 4765 ν

570 4809 667 4866 His
708 4810 876 4882 igitur
920 4807 1186 4863 virtutum
1225 4804 1481 4876 insigniis
1523 4805 1823 4863 ornabatur
1840 4805 2160 4862 adolescens

571 4900 903 4972 spectabilis.
933 4898 1265 4955 Provexerat
1284 4911 1504 4967 quoque
1534 4911 1660 4952 eum
1687 4912 1902 4953 morum
1944 4898 2162 4969 specio-

572 4991 726 5058 sitas,
761 4999 818 5046 et
848 4990 1223 5046 ecclesiastico
1249 4988 1621 5059 mancipatum
1642 4988 1818 5043 cilicio
1844 4989 2164 5061 ordinisque

574 5082 746 5141 divini
768 5081 1087 5153 ampliatum
1121 5079 1429 5137 ministerio
1466 5080 1649 5136 divina
1676 5069 1974 5136 sublimare
1999 5096 2164 5151 para-

575 5175 669 5230 bat
691 5174 884 5244 pietas.
923 5172 1063 5227 Cum
1092 5188 1224 5228 vero
1249 5172 1363 5243 jam
1404 5187 1627 5228 emensa
1651 5172 2034 5229 adolescentiae
2072 5189 2163 5229 se-

576 5267 709 5321 mita
737 5266 793 5321 in
822 5264 992 5321 robur
1024 5263 1345 5336 emigrasset
1371 5264 1548 5332 virile,
1586 5263 1684 5320 Dei
1725 5264 1870 5336 cepit
1904 5265 2020 5336 jam
2050 5264 2163 5322 fer-

579 5358 788 5414 ventior
832 5357 1069 5415 servitus
1098 5356 1378 5423 insudare,
1420 5366 1476 5412 et
1525 5357 1584 5413 in
1621 5357 1738 5414 dies
1774 5358 2053 5415 robustior
2095 5359 2165 5416 de

579 5449 776 5506 virtute
814 5450 870 5506 in
913 5449 1172 5506 virtutem
1213 5446 1501 5519 proﬁcere,
1528 5457 1586 5505 et
1609 5465 1673 5506 ea
1704 5465 1829 5522 quae
1852 5459 2001 5506 retro
2034 5461 2165 5508 sunt

576 5542 927 5610 obliviscens,
955 5541 1012 5597 in
1039 5556 1105 5597 ea
1144 5553 1364 5612 quoque
1390 5556 1514 5611 quae
1539 5540 1593 5596 in
1619 5551 1780 5599 antea
1817 5551 1948 5599 sunt
1972 5558 2033 5600 se
2062 5559 2162 5599 su-

2259 4632 2439 4679 ctores
2468 4633 2592 4680 tuos
2618 4632 2675 4679 et
2707 4625 2762 4678 in
2788 4623 3105 4681 defensione
3133 4633 3229 4681 tua
3250 4635 3492 4699 protege.

2331 4714 2471 4770 Cum
2526 4714 2691 4786 igitur
2734 4717 2902 4772 tantis
2952 4716 3225 4773 bonorum
3279 4733 3510 4789 operum
3559 4720 3843 4791 praeconiis

2262 4807 2458 4863 beatus
2481 4799 2765 4863 etiérretnr
2791 4807 3180 4875 Pulchronius,
3204 4810 3468 4881 fieretque
3484 4811 3602 4882 jam
3639 4815 3697 4869 in
3726 4831 3845 4885 pro-

2263 4898 2449 4970 patulo
2495 4897 2754 4954 omnibns
2801 4899 3165 4955 sanctimonia
3203 4901 3345 4970 ejus,
3379 4902 3449 4957 ad
3470 4904 3846 4973 pontificatum

2265 4990 2548 5061 petebatur
2570 4990 2930 5049 Virdunensis
2960 4993 3133 5059 urbis,
3161 5010 3304 5064 quae,
3332 5004 3394 5050 ut
3414 4996 3695 5064 diximus,
3731 5009 3849 5053 tan-

2269 5083 2339 5139 tis
2363 5092 2481 5139 erat
2501 5084 2688 5139 attrita
2721 5085 3149 5150 calamitatibus,
3174 5099 3397 5159 gravata
3422 5090 3605 5158 malis,
3641 5100 3707 5147 ut
3736 5106 3851 5161 per-

2267 5176 2432 5247 pauci
2479 5177 2536 5230 in
2577 5192 2641 5232 ea
2698 5177 3074 5233 invenirentur
3124 5179 3220 5249 qui
3267 5180 3469 5237 divinis
3511 5182 3853 5239 deservirem

2267 5266 2527 5323 cultibus.
2585 5265 2798 5324 Causas
2853 5267 3181 5326 calamitatis
3244 5284 3413 5342 supra
3474 5275 3851 5345 exposuimus.

2269 5356 2474 5414 Verum
2504 5372 2635 5415 cum
2667 5358 2721 5413 id
2748 5357 2819 5414 ab
2849 5374 2918 5415 eo
2964 5361 3203 5430 cptineri
3236 5377 3351 5418 non
3386 5375 3578 5435 posset
3616 5378 3681 5423 ut
3717 5368 3855 5421 votis

2266 5452 2568 5522 petentium
2590 5442 2745 5507 daret
2761 5467 3071 5520 assensum,
3087 5455 3157 5511 ad
3177 5455 3397 5512 beatum
3419 5457 3635 5531 Lupum
3657 5462 3854 5517 civium

2270 5545 2368 5617 qui
2399 5552 2559 5599 erant
2582 5544 2787 5600 residui
2808 5560 2935 5616 spes
2969 5554 3083 5601 tota
3108 5550 3466 5619 convertitur,
3496 5561 3553 5609 et
3578 5561 3636 5609 ut
3660 5554 3856 5610 subve-

1847 5637 2085 5695 VAltle
2121 5636 2525 5699 LECTIONES.

614 5730 726 5821 ..⁸⁸³
751 5727 963 5821 Domini
987 5744 1148 5821 "corr.
1181 5725 1278 5809 Dei
1307 5742 1386 5821 ς..
1439 5725 1508 5757 ηδ
1541 5728 1749 5821 alacres
1782 5729 2000 5786 illorum
2029 5732 2246 5789 animos
2276 5749 2425 5821 corr.
2461 5741 2538 5821 ,ξι
2589 5732 2648 5785 in
2703 5738 2870 5812 textu.
3051 5737 3473 5802 contubernales
3497 5752 3857 5821 ενρναεετῑρτο

580 5800 704 5855 ribu
732 5818 777 5855 c.
855 5801 922 5833 “‘
952 5800 1190 5869 aliquam
1223 5800 1475 5853 virtutem
1507 5816 1646 5864 corr.
1672 5800 1908 5870 aliquem
1936 5813 2117 5859 aetum
2149 5820 2194 5857 c.
2276 5804 2341 5835 ¹²⁷
2369 5801 2583 5859 actibus
2611 5818 2749 5855 corr.
2782 5802 3074 5859 virtutibus
3105 5824 3151 5861 c.
