3932 6298
161 333 214 388 π
1368 319 1695 378 CHRONlCt

1798 321 2006 378 —LlB.
2043 321 2083 380 ι.
3285 323 3369 389 τε

160 442 450 502 niatmiserze
481 439 708 507 civitati,
740 440 851 505 jam
873 437 984 495 fere
1010 439 1288 504 desolatas,
1322 452 1437 508 jam
1456 436 1680 492 destitu-
1708 438 1751 494 Α
1780 437 2062 504 memoria,
2088 434 2301 506 vigebat
2346 443 2526 490 tamen
2569 436 2746 492 adhuc
2774 436 3018 495 Arriana:
3050 440 3357 516 iniquitatis

158 549 239 603 ue,
261 532 536 591 lacrimosis
573 532 942 603 ingeminatur
982 531 1287 601 questibus.
1334 527 1582 585 Accessit
1628 534 1682 583 et
1781 527 2157 582 seminarium.
2189 526 2378 582 Flebat
2405 526 2486 582 vir
2516 528 2865 589 beatissimus
2903 541 3125 601 peccata
3149 536 3354 605 populi,

156 629 411 700 vicinorum
447 623 788 680 sacerdotum
832 622 1158 693 supplicatio
1202 620 1595 691 suspirantium
1628 624 1683 672 et
1780 618 2111 689 praedicabat
2160 619 2519 687 curationem,
2567 620 2829 677 suadebat
2861 623 3174 693 penitentiae
3198 643 3356 684 com-

150 718 241 788 jam
275 716 367 774 sibi
399 713 836 786 applaudentium
872 713 940 768 de
980 711 1150 768 futuri
1197 710 1417 781 collega:
1462 706 1676 765 solatio.
1780 710 2154 780 punctionem,
2182 718 2242 765 ut
2261 711 2643 782 resipisccntes
2671 723 3115 773 converterentur
3152 719 3223 775 ad
3248 719 3360 778 Do-

153 808 241 865 Nec
269 816 460 879 poterat
493 806 578 860 vir
611 805 993 862 sancrissimus
1023 803 1192 860 tantis
1229 799 1680 858 consacerdotum

150 912 194 958 et
211 900 357 972 plebis
384 899 584 954 devota:
612 897 776 952 reniti
808 896 1193 968 peticionibus,
1227 910 1355 950 cum
1374 893 1540 949 sciret
1568 891 1680 946 Do-

152 993 369 1048 minicum
407 1005 525 1046 esse
563 997 877 1060 preceptum
908 1007 922 1042 :
950 986 1150 1058 Diliges
1190 986 1490 1056 proximum
1533 994 1682 1037 tuum

148 1089 259 1143 sicut
292 1096 335 1140 te
364 1085 531 1156 ipsum
566 1083 719 1154 (Luc.
750 1099 806 1149 ι,
837 1082 953 1150 27),
984 1089 1052 1136 et°
1067 1080 1215 1151 quod
1252 1079 1477 1149 jubetur
1507 1076 1681 1131 ﬁdelis

148 1180 299 1237 anima
346 1191 450 1231 non
501 1191 602 1231 sua
641 1188 907 1244 quaerere,
951 1172 1047 1227 sed
1099 1186 1223 1242 qua:
1264 1169 1433 1225 Jhesu
1476 1166 1677 1224 Christi

146 1278 266 1328 sunt.
290 1268 392 1340 (fol.
422 1266 536 1339 28.)
559 1267 739 1323 Cessit
761 1265 966 1335 itaque,
990 1272 1044 1320 et
1074 1263 1330 1321 devotum
1352 1259 1680 1332 discipulum

146 1359 319 1416 devotis
358 1358 565 1414 civibus
606 1356 905 1428 assignavit
942 1362 1215 1425 pastorem
1255 1359 1309 1407 et
1341 1351 1677 1422 episcopum.

147 1453 269 1508 Diem
311 1452 447 1507 illam
495 1459 812 1507 sanctorum
860 1447 1183 1522 gaudiorum
1226 1445 1539 1502 celebritate
1587 1459 1680 1499 so-

148 1548 403 1617 lempnem,
440 1528 660 1616 piorum
694 1542 1006 1597 animorum
1042 1539 1324 1596 alacritate
1358 1536 1678 1610 jocundam,

147 1638 261 1694 beati
287 1636 381 1693 viri
404 1634 665 1691 electione
702 1640 757 1689 et
784 1630 1130 1704 promotione
1161 1628 1362 1686 celebri
1401 1626 1680 1683 beatifica-

146 1738 259 1796 tam,
288 1725 639 1782 Virdunensis
673 1724 979 1794 amplexata
1013 1729 1097 1777 est
1132 1719 1394 1785 ecclesia,
1425 1726 1479 1773 et
1505 1730 1681 1787 usque
1784 1724 1937 1779 cacio
1966 1722 2254 1778 viciorum.

147 1819 191 1873 in
211 1818 511 1873 hodiernum
537 1816 683 1871 diem
717 1813 940 1870 assidua
969 1812 1077 1867 diei
1108 1811 1255 1866 illius
1284 1809 1449 1866 sentit
1479 1807 1683 1863 benefl-
1715 1811 1759 1871 Β
1859 1816 1977 1890 (τοι,
2006 1813 2317 1887 esuriam.
2345 1813 2465 1870 hac
2509 1813 2694 1885 itaque
2741 1813 2831 1884 pia
2870 1814 3040 1870 divini
3068 1813 3370 1873 famulam;

144 1910 227 1965 cia.
247 1908 435 1965 Gaudet
462 1907 644 1963 celum
666 1915 721 1962 et
740 1905 947 1960 exultat
972 1912 1136 1971 terra,
1162 1902 1292 1974 quia
1324 1901 1381 1955 in
1408 1901 1514 1955 hoc
1546 1915 1681 1954 con-

1795 1909 2042 1966 exercitia
2088 1907 2229 1978 cepit
2274 1921 2491 1962 servum
2550 1904 2891 1963 suum'Deus
2936 1908 3144 1963 mundo
3182 1908 3371 1966 multis

145 2003 283 2056 currit
316 2002 507 2057 divina:
540 1998 968 2070 dispensationis
1009 2012 1171 2051 omne
1220 1993 1574 2067 mysterium,
1626 1998 1688 2046 ut

1795 2000 2135 2057 manifestare
2162 1998 2463 2065 miraculis,
2492 2006 2553 2054 ut
2580 2008 2969 2070 agnosceretur
3012 1999 3084 2055 ab
3116 2001 3372 2059 omnibus

144 2095 220 2164 qui
248 2094 495 2149 hactenus
535 2091 752 2147 fuerant
785 2106 916 2145 vasa
948 2088 1254 2160 iniquitatis
1278 2086 1345 2143 ad
1383 2086 1685 2152 interitum,

1795 2092 1934 2163 quod
1974 2098 2127 2164 grata
2167 2096 2314 2146 esset
2353 2088 2655 2159 spiritubus
2718 2088 2978 2160 angelicis
3028 2091 3373 2147 conversatio

1781 801 2012 869 minum,
2043 817 2210 873 quam
2261 802 2438 858 bonus
2465 812 2568 871 est,
2606 812 2661 859 et
2689 804 2743 858 in
2775 808 3019 862 seculum
3048 810 3360 867 misericor-

1779 895 1870 949 dia
1895 893 2035 964 ejus.
2069 893 2307 949 Docebat
2362 908 2487 948 cum
2530 895 2776 964 apostolo
2812 895 3234 958 fornicacionem
3268 901 3360 958 fu-

1780 1000 1927 1057 gere,
1956 984 2218 1056 quoniam
2237 984 2331 1056 qui
2359 983 2659 1041 fornicatur
2681 987 2737 1042 in
2759 1003 2956 1060 corpus
2978 1006 3135 1046 suum
3150 1003 3359 1064 peccat,

1780 1085 1834 1132 et
1857 1077 1987 1148 quia
2022 1078 2078 1132 in
2113 1092 2341 1148 corpore
2381 1078 2598 1133 subdito
2640 1081 2877 1150 peccatis
2903 1097 3013 1136 non
3041 1082 3251 1139 habitat
3275 1103 3365 1141 sa-

1779 1169 2004 1239 pientia.
2044 1167 2154 1224 Nec
2187 1177 2400 1239 poterat
2440 1168 2618 1224 inanis
2639 1185 2760 1226 esse
2784 1179 2839 1226 et
2866 1172 2984 1229 sine
3022 1172 3203 1231 fructu
3227 1178 3365 1231 tanti

1781 1261 2135 1331 predicatoris
2163 1261 2414 1327 assertio,
2441 1261 2573 1331 quin
2599 1261 2767 1317 immo
2795 1263 2966 1319 sensit
3000 1266 3130 1322 urbs
3160 1265 3365 1322 Virdu-

1780 1353 1924 1419 nica,
1944 1360 1998 1408 et
2014 1367 2187 1424 usque
2212 1353 2266 1406 in
2296 1352 2620 1407 hodiernum
2646 1353 2786 1408 diem
2808 1356 3072 1425 agnoscit,
3096 1368 3364 1427 quantum

1782 1445 1887 1501 sibi
1942 1445 2228 1516 prestitum
2283 1443 2447 1498 fuerit
2491 1444 2546 1498 in
2593 1444 2688 1499 tali
2740 1446 3013 1515 pontifice,
3057 1450 3215 1518 cujus
3250 1451 3367 1505 vita

1781 1538 1969 1609 populi
1999 1546 2118 1594 erat
2157 1537 2584 1604 firmamentum,
2628 1537 2787 1607 cujus
2832 1537 3080 1594 doctrina
3128 1541 3367 1595 medica-

1782 1640 2029 1686 mentum
2083 1638 2203 1686 erat
2241 1629 2572 1696 animarum,
2625 1630 2897 1701 correptio
2931 1644 3171 1701 morum,
3199 1631 3372 1690 eradi-

145 2185 352 2239 convcrsi
383 2185 449 2239 ad
481 2182 842 2254 penitentiam
881 2196 979 2251 per
1020 2181 1239 2235 beatum
1283 2179 1464 2236 virum
1499 2177 1690 2233 tierent

144 2289 245 2329 vasa
264 2275 476 2345 justitia:
513 2275 571 2327 in
611 2271 1117 2328 sanctificationem.
1146 2268 1513 2326 Consecratus
1559 2284 1689 2340 ergo

145 2366 186 2420 in
238 2366 537 2438 pontiﬁcem
595 2364 736 2420 mira
788 2363 1035 2419 omnium
1095 2362 1385 2418 devotione
1457 2369 1513 2417 et
1567 2376 1691 2433 gra-

142 2459 218 2525 tia,
275 2458 471 2514 studuit
543 2456 761 2529 pictatis
822 2470 1022 2527 augere
1086 2469 1272 2525 opera,
1331 2453 1426 2525 qui
1469 2452 1689 2523 pontifi-

143 2550 225 2605 cali
252 2562 431 2608 auctus
464 2558 592 2607 erat
626 2548 815 2604 infula.
848 2546 1099 2618 Suscepit
1124 2562 1323 2601 nomen
1358 2554 1412 2601 et
1444 2545 1690 2599 habitum

142 2643 433 2710 sacerdotis,
476 2641 735 2698 studebat
766 2648 820 2695 et
849 2638 947 2695 Dei
976 2638 1179 2694 summi
1205 2652 1327 2693 esse
1350 2635 1606 2691 sacerdos
1640 2643 1695 2689 et

1787 2185 1928 2256 ejus.
1953 2183 2123 2240 Caecis
2150 2196 2387 2253 namque
2409 2181 2609 2250 visum,
2651 2180 2861 2238 claudis
2886 2196 3154 2257 gressum,
3190 2182 3374 2240 surdis

1789 2277 2080 2349 praestabat
2102 2274 2367 2342 auditum,
2417 2281 2471 2330 et
2504 2273 2684 2328 omnia
2712 2288 3005 2344 corporum
3025 2273 3375 2331 incommoda

1791 2370 1940 2426 verbi
1985 2368 2187 2423 virtute
2235 2365 2475 2438 fugabat.
2501 2362 2657 2438 (Vita
2700 2364 2862 2437 Lupi,
2919 2380 2975 2436 p.
3034 2364 3146 2437 70.)
3196 2366 3379 2436 Super

1790 2463 2066 2519 daemones
2110 2474 2330 2531 quoque
2373 2465 2585 2513 tantam
2631 2454 3004 2529 consequutus
3056 2467 3241 2514 erata
3266 2458 3377 2515 Do-

1792 2555 1942 2609 mino
1995 2560 2340 2623 potestatem,
2370 2558 2445 2616 et,
2488 2559 2549 2605 ut
2589 2549 2788 2621 legitur
2816 2550 2873 2605 in
2915 2549 3041 2605 Vita
3072 2546 3377 2608 beatissimi

1793 2645 1953 2717 Lupi,
1986 2653 2136 2699 tanta
2158 2643 2212 2698 in
2231 2658 2298 2697 eo
2318 2641 2535 2712 vigebat
2565 2641 2740 2711 gratia
2778 2640 3143 2709 curationum,
3177 2652 3235 2697 ut
3258 2644 3377 2699 solo

144 2737 450 2794 sacrificium.
467 2735 741 2790 Exibebat
760 2733 906 2789 enim
931 2747 990 2787 se
1018 2731 1200 2802 ipsum
1221 2728 1459 2785 hostiam
1488 2727 1691 2795 vivam,

142 2836 367 2893 sanctam,
412 2828 722 2898 placentem
768 2822 901 2890 Deo,
940 2821 1234 2875 immolans
1267 2818 1317 2873 ei
1364 2816 1695 2873 sacrificium

144 2919 286 2977 laudis
318 2931 368 2976 et
411 2920 673 2992 spiritum
724 2915 1173 2995 contribulatum,
1215 2912 1362 2983 quod
1398 2911 1576 2966 solum
1608 2925 1696 2966 sa-

139 3012 389 3078 orificium,
402 3011 609 3068 ceteris
621 3008 875 3064 omnibus
897 3005 1126 3077 abjcctis
1145 3012 1200 3061 et
1228 3002 1519 3073 despectis,
1548 3000 1695 3057 Deus

143 3104 325 3173 expetit.
362 3102 634 3159 Studebat
667 3101 828 3156 etiam
854 3097 1130 3170 profectus
1163 3096 1250 3152 sui
1284 3094 1534 3164 exemplo
1556 3093 1696 3148 invi-

141 3161 234 3249 tare
256 3204 305 3249 et
326 3195 533 3250 illicere
562 3204 772 3249 ceteros
805 3161 873 3246 ad
899 3190 1157 3244 virtutem
1180 3161 1570 3258 prmcipuepcr
1600 3185 1698 3239 hu—
1722 3161 1769 3221 (ἶ

143 3286 351 3342 militatis
384 3304 415 3341 a
438 3288 557 3342 Deo
585 3285 743 3341 nobis
779 3283 1033 3339 traditam
1074 3279 1330 3335 formam.
1368 3276 1698 3331 Assueverat

140 3396 326 3454 quoque
366 3385 533 3456 longa
578 3390 633 3436 et
666 3378 887 3435 assidua
928 3374 1279 3432 meditatione
1305 3385 1527 3427 sursum
1553 3383 1699 3424 sem-

1789 2736 1951 2808 jussu
1975 2735 2250 2791 daemones
2272 2731 2341 2786 ab
2365 2728 2607 2785 obsessis
2634 2727 2847 2801 fugaret
2870 2730 3209 2801 corporibus,
3233 2740 3287 2787 et
3307 2732 3378 2788 ad

1794 2828 2034 2899 primum
2074 2824 2225 2880 vocis
2260 2823 2379 2893 ejus
2422 2820 2714 2892 imperium
2755 2820 2934 2878 omnis
2980 2836 3171 2879 eorum
3221 2832 3386 2881 tene-'

1795 2918 1959 2976 brosa
1984 2924 2226 2989 potestas
2262 2920 2631 2981 evanesceret,
2663 2920 2718 2968 et
2743 2913 2900 2984 vigor
2923 2914 3182 2971 omnibus
3212 2930 3389 2972 memo‘

1796 3014 1912 3070 bris
1931 3011 2327 3067 refunderetur.
2354 3007 2610 3063 Testatur
2632 3006 2737 3062 hoc
2758 3015 2812 3062 et
2832 3006 2976 3063 alius
3002 3007 3225 3078 quidam
3248 3025 3383 3080 pra:-

1798 3102 1897 3159 fati
1924 3103 2065 3159 beati
2110 3101 2247 3172 Lupi
2277 3100 2481 3171 scripto
2506 3099 2736 3155 virtutes
2767 3100 3036 3170 replicans
3066 3110 3120 3156 et
3149 3102 3385 3173 discipuo

1799 3197 1975 3252 lorum
1996 3195 2118 3266 ejus
2173 3193 2496 3248 memoriam
2547 3191 2774 3260 faciens,
2831 3193 2926 3264 qui
2964 3193 3129 3264 hujus
3163 3210 3384 3266 quoque

1796 3287 1941 3365 beati
1983 3285 2155 3357 patris
2198 3284 2373 3340 nostri
2419 3283 2669 3339 meminit
2709 3283 2766 3338 in
2823 3284 2941 3340 hmo
2984 3286 3151 3341 verba
3179 3306 3194 3342 :
3226 3286 3385 3359 (Vita

1798 3375 1958 3448 Lupi,
1981 3392 2034 3446 p.
2061 3375 2176 3447 8t.)
2212 3396 2230 3427 ι
2250 3373 2476 3443 Horum,
2503 3374 2699 3446 inquit,
2728 3390 2872 3431 unus
2903 3374 3258 3434 fuit-sanctus
3277 3379 3385 3434 Po-

1798 3468 2138 3535 locbronius,
2174 3467 2327 3523 urbis
2365 3466 2658 3522 Clavorum
2692 3467 3003 3538 episcopus,
3030 3470 3194 3541 cujus
3213 3471 3384 3527 vitam

142 3489 219 3542 per
242 3476 501 3546 respicere
543 3482 597 3529 et
626 3470 811 3527 carnis
844 3467 1130 3525 materiam
1169 3463 1497 3535 deprimere,
1529 3458 1698 3515 frenis

138 3565 430 3624 arctioribus
448 3566 760 3624 sublevare.
796 3559 1013 3616 Sciebat
1043 3557 1274 3630 speciale
1310 3568 1432 3610 esse
1458 3550 1698 3607 cilicium

141 3660 407 3716 sacerdotis
469 3658 835 3716 mediatorem
895 3651 1080 3724 populi
1118 3648 1256 3706 ellici
1311 3645 1457 3717 apud
1502 3642 1697 3710 Deum,

132 3748 240 3813 ideo
271 3762 319 3808 et
346 3767 588 3823 praeesse
633 3754 983 3805 recusaverat
1023 3744 1132 3800 illis
1168 3741 1370 3814 quibus
1408 3753 1469 3793 se
1497 3750 1700 3807 purga-

140 3842 305 3898 tiorem
329 3860 449 3901 esse
479 3842 629 3899 scire
656 3839 950 3896 metuebat.
992 3835 1163 3892 Versa
1214 3842 1396 3890 autem
1424 3838 1543 3886 erat
1569 3838 1702 3884 tunc

139 3932 185 3988 in
209 3936 625 3992 amaritudinem
675 3932 804 3991 vitis
852 3929 1129 4001 quondam
1175 3927 1300 3982 laeta
1359 3921 1697 3995 palmitibus,

138 4026 243 4082 vitis
281 4038 391 4084 tota
411 4025 726 4092 fructifera,
770 4021 1093 4078 etdiadema
1135 4017 1348 4074 decoris
1405 4024 1460 4071 et
1495 4028 1697 4071 corona

137 4117 449 4187 gloriationis
496 4120 560 4174 in
615 4114 996 4173 confusionem
1059 4119 1114 4166 et
1164 4108 1544 4179 ignominiam,
1572 4105 1701 4176 quia

139 4210 337 4267 Arriana
380 4213 502 4269 fece
552 4219 699 4266 totus
748 4208 863 4278 jam
912 4220 1051 4276 pene
1107 4200 1362 4258 sordebat
1411 4198 1699 4264 Occidens,

137 4317 239 4372 qua:
265 4305 327 4336 ¹²⁸
356 4306 699 4374 ubicumque
728 4298 976 4355 incubuit
999 4295 1141 4352 foeda
1163 4308 1378 4363 semper
1406 4290 1702 4345 criminum

140 4396 337 4466 vestigia
384 4396 608 4451 habuit.
659 4392 726 4446 Et
752 4392 880 4446 licet
922 4388 1094 4444 Gallia
1121 4385 1337 4458 Belgica
1368 4383 1529 4438 ﬁdem
1556 4380 1703 4436 Petri

1801 3560 2089 3617 sanctitate
2124 3559 2362 3630 plenam,
2405 3574 2632 3614 munere
2670 3559 2931 3614 virtutum
2963 3560 3254 3633 insignem,
3280 3564 3388 3618 mis

1800 3652 2116 3732 raculorum
2160 3650 2396 3721 patratio
2439 3650 2696 3715 ostendit,
2758 3651 2962 3722 quibus
3012 3652 3210 3709 claruit
3261 3655 3385 3725 plus

1802 3758 1965 3814 quam
1992 3742 2248 3798 credibile
2278 3741 2368 3798 sit.
2406 3761 2425 3793 ι
2449 3739 2587 3796 Nam
2625 3741 2865 3809 miseris,
2889 3759 3028 3814 quos
3064 3744 3183 3800 dira
3219 3752 3387 3801 vexa-

1804 3835 1898 3890 bat
1919 3833 2171 3890 condicio
2199 3831 2423 3899 furoris,
2450 3843 2511 3887 ut
2534 3834 2969 3905 astringerentur
2993 3834 3186 3892 ferreis
3213 3837 3389 3892 bomh

1804 3943 1937 3982 num
1980 3926 2211 3992 catenis,
2254 3926 2510 3996 precibus
2558 3925 2675 3980 suis
2711 3926 3036 3995 impetrabat
3080 3943 3115 3981 a
3156 3927 3389 3985 Domino

1805 4020 2187 4076 remissionem
2215 4017 2438 4085 furoris,
2477 4026 2535 4072 ut
2564 4018 2682 4074 solo
2708 4018 2830 4088 ejus
2852 4018 3011 4089 jussu
3034 4028 3087 4074 et
3110 4020 3388 4078 daemones

1804 4112 2132 4181 pellerentur
2164 4125 2290 4165 cum
2337 4110 2507 4165 armis
2549 4110 2665 4165 suis
2693 4109 3000 4177 virulentis,
3028 4120 3082 4166 et
3114 4112 3390 4169 larvarum

1804 4203 2188 4271 lemurumque
2233 4208 2484 4255 carerent
2510 4199 2779 4255 fantasiis.
2825 4199 2934 4255 Nec
2960 4201 3138 4255 solum
3179 4204 3235 4257 in
3264 4204 3390 4259 tali-

1804 4294 1929 4361 bus,
1961 4292 2053 4349 sed
2098 4299 2152 4346 et
2188 4290 2242 4344 in
2272 4289 2502 4346 diversis
2546 4289 2701 4345 fulsit
2723 4290 2919 4344 horum
2942 4292 3236 4359 similibus,
3267 4302 3391 4364 qua:

1806 4386 2022 4442 libellus
2062 4385 2129 4440 de
2152 4383 2265 4437 vita
2285 4383 2406 4453 ejus
2445 4382 2684 4453 scriptus
2724 4381 2940 4452 plenius
2989 4383 3226 4439 elucidat
3252 4386 3394 4442 scire

136 4499 323 4557 semper
350 4487 593 4554 imitata,
618 4482 878 4555 profanas
893 4495 1091 4536 vocum
1107 4478 1376 4533 novitates
1401 4483 1456 4530 et
1478 4474 1704 4530 scisma-
1730 4501 1781 4561 ι)
1805 4477 2137 4533 volentibus.
2176 4473 2303 4531 Haec
2328 4475 2396 4507 ³³⁸
2424 4482 2553 4531 sunt
2594 4475 2898 4531 sanctitatis
2927 4475 3073 4531 beati
3102 4476 3204 4532 viri
3230 4480 3389 4533 testi-

136 4584 232 4631 tum
272 4595 489 4636 errores
553 4576 812 4643 orruerit,
865 4572 1024 4628 viciis
1069 4579 1271 4636 tamen,
1298 4584 1420 4639 qua:
1449 4566 1629 4638 quiete
1651 4574 1705 4620 et

134 4669 239 4724 ocio
258 4671 500 4739 aluntur,
524 4680 657 4725 tunc
702 4667 934 4724 nimium
973 4663 1140 4719 fraena
1167 4662 1462 4716 laxaverat.
1496 4658 1704 4714 Redar-

134 4769 309 4829 guebat
332 4780 467 4820 vero
490 4771 742 4818 errantes
762 4760 886 4831 pius
918 4767 1106 4830 pastor
1132 4754 1355 4810 lenitate
1378 4760 1433 4808 et
1450 4766 1706 4807 mansue-

136 4854 299 4910 tudine
333 4858 536 4927 patris,
585 4854 869 4910 severitate
919 4860 973 4907 et
1042 4848 1364 4904 auctoritate
1411 4843 1704 4916 pontificis,

134 4945 292 5001 sciens
324 4946 447 5002 Heli
472 4962 579 5017 pro
594 4946 830 5000 ﬁliorum
853 4943 1138 5014 iniquitate
1159 4940 1533 5010 dampnatum,
1558 4936 1706 5005 quod

136 5034 296 5090 minus
330 5052 531 5091 severa
557 5035 1027 5090 animadversione
1058 5033 1435 5102 delinquentes
1470 5042 1566 5082 eos
1587 5040 1710 5081 cor-

1810 4569 2017 4635 monia,
2047 4584 2170 4639 qum
2199 4567 2401 4638 ubique
2421 4575 2474 4622 et
2503 4574 2635 4621 tunc
2665 4566 2721 4620 in
2742 4566 2853 4621 vita
2886 4580 2986 4622 sua
3010 4576 3065 4623 et
3094 4583 3242 4624 nunc
3267 4580 3394 4640 post

1809 4663 2019 4718 obitum
2060 4661 2181 4732 ejus
2207 4660 2463 4726 celebrat,
2518 4668 2810 4714 veneratur
2838 4666 2893 4714 et
2917 4659 3177 4729 praedicat
3204 4670 3395 4716 sancta

1811 4751 1907 4810 Dei
1951 4752 2208 4809 ecclesia.
2248 4750 2294 4806 0
2344 4751 2523 4806 virum
2580 4751 2731 4806 omni
2783 4751 2945 4806 laude
2985 4750 3393 4822 dignissimum,

1813 4845 1962 4901 omni
1988 4844 2293 4900 devotionis
2318 4858 2504 4899 amore
2527 4843 2850 4899 colendum!
2882 4840 2927 4896 0
2954 4841 3189 4913 Spiritus
3218 4847 3395 4902 sancti

1814 4934 2076 5005 templum
2105 4934 2355 5005 dignum,
2378 4933 2604 5004 jejuniis
2633 4932 2900 4999 sobrium,
2928 4933 3125 5003 vigiliis
3150 4944 3395 5002 cautum,

1811 5026 2161 5082 orationibus
2180 5025 2524 5091 mundatum,
2567 5024 2816 5081 castitate
2848 5025 3283 5084 cluentissimum
3309 5029 3321 5083 !
3352 5026 3398 5084 0

133 5124 374 5194 ripucrat.
407 5126 692 5195 Querebat
705 5128 868 5182 etiam
896 5142 1020 5182 cum
1040 5121 1481 5193 lberemia(ix,l)
1511 5133 1711 5188 aquam
1813 5118 2088 5174 civitatem
2131 5117 2400 5179 munitam
2426 5116 2691 5172 adversus
2738 5117 2967 5179 insidias
3001 5119 3223 5187 diaboli,
3262 5137 3396 5179 san-

135 5218 278 5287 capiti
304 5237 409 5276 suo
440 5230 499 5277 et
536 5220 712 5277 oculis
752 5219 867 5276 suis
898 5219 1101 5274 fontem
1140 5216 1512 5278 lacrimarum,
1545 5218 1606 5265 ut
1631 5209 1713 5265 di-
1810 5210 2085 5265 ctuarium
2117 5209 2233 5275 Dei,
2268 5208 2714 5280 propiciatorium
2739 5210 2982 5266 celestis
3015 5211 3245 5278 oraculi,
3281 5222 3400 5267 tur-

135 5326 224 5379 με
244 5324 434 5384 posset
464 5311 670 5370 deﬂere
694 5312 968 5367 maliciam
1017 5324 1208 5364 eorum
1236 5306 1328 5376 qui
1357 5310 1716 5375 peccaverant
1815 5301 1922 5356 rim
1946 5300 2115 5357 David
2145 5316 2269 5372 qua:
2296 5300 2544 5356 edificata
2589 5310 2673 5358 est
2694 5316 2821 5357 cum
2859 5303 3305 5373 propugnaculis,
3342 5304 3399 5359 in

134 5409 181 5455 ct
204 5419 306 5459 non
329 5413 573 5478 egerant
616 5403 967 5474 penitentiam
1008 5401 1077 5456 ab
1120 5397 1489 5453 immundiciis
1522 5403 1577 5450 et
1604 5394 1709 5448 ini—
1818 5409 1926 5463 qua
1980 5393 2128 5447 milia
2181 5393 2495 5464 clypeorum
2543 5392 2850 5462 dependent
2895 5393 3078 5448 omnis
3122 5400 3403 5449 armatura

135 5496 445 5562 quitatibus.
476 5496 544 5550 In
581 5495 713 5565 ipsis
733 5494 877 5549 enim
909 5490 1156 5561 reliquiis
1179 5487 1510 5558 captivitatis
1541 5493 1599 5541 et
1621 5485 1711 5545 de:
1817 5484 2043 5541 fortium
2067 5486 2079 5539 Ξ
2104 5482 2224 5537 Non
2247 5491 2376 5538 sunt
2400 5483 2454 5537 in
2475 5498 2539 5538 ea
2562 5484 2684 5539 loca
2705 5484 3007 5550 humentia,
3031 5484 3179 5538 nulla
3200 5484 3275 5538 ibi
3310 5498 3405 5539 ca-

136 5589 440 5646 structionis
469 5585 810 5642 Wandalicae
838 5600 965 5640 cum
990 5590 1135 5639 esset
1162 5580 1338 5637 adhuc
1362 5594 1556 5635 recens
1590 5576 1713 5647 ejus
1819 5576 1950 5630 lami
1973 5576 2185 5642 umbra,
2224 5575 2279 5630 in
2319 5592 2429 5647 qua
2478 5576 2706 5632 accubet
2736 5575 2993 5634 draconis
3018 5575 3283 5633 mollicies
3306 5590 3403 5631 ve-

1382 5738 1389 5744 .
1416 5692 1652 5748 VARIE
1690 5689 2096 5748 LECTIONES.

197 5793 263 5825 ’⁸⁸
294 5793 433 5860 Quae
458 5820 537 5832 —-
580 5792 851 5847 laxaverat
880 5792 935 5845 in
960 5807 1128 5862 marg.
1210 5790 1278 5823 m
1308 5786 1432 5845 Haec
1452 5814 1523 5827 ——
1548 5785 1780 5842 ecclesia
1819 5785 1875 5839 in
1903 5799 2071 5874 marg.

448 5890 714 5950 Parnm.
770 5886 952 5949 CLIV
2046 5872 2050 5874 ’
3041 5872 3082 5933 3
