3932 6298
204 373 255 429 Bl
1404 368 1816 428 CIIRONICON.
1849 403 1916 412 ~-
1941 370 2069 428 LIB.
2109 371 2148 427 1.
3356 382 3439 439 82

204 504 336 546 suam
357 486 650 556 maliciam,
678 496 734 543 et
752 486 1153 558 reprimendum
1173 496 1335 559 atque
1361 486 1644 542 delendam
1662 487 1750 542 in-
1780 493 1823 548 Α
1856 482 2006 542 fuere
2029 487 2224 554 beluis,
2257 487 2525 545 interfecti
2548 492 2834 562 presbitcri
2861 503 2916 549 et
2939 493 3280 552 diversorum
3308 495 3430 561 odi-

202 585 493 639 vitarentur.
530 579 634 635 Sed
673 580 804 650 quid
833 596 945 635 non
971 580 1134 636 audet
1163 579 1431 651 impunita
1470 579 1752 649 nequitia?

201 671 323 727 Nihil
353 679 470 728 erat
491 672 636 741 quod
666 681 956 742 peccantes
1001 673 1071 727 ab
1097 670 1436 729 immanitate
1482 670 1750 726 scelerum

198 770 360 834 posset
382 763 934 833 compescere,donec
957 762 1184 819 veniens
1201 762 1412 834 gladius
1436 760 1631 817 vindex
1657 760 1754 815 ira:

197 853 407 910 caelestis
457 868 650 911 omnes
697 862 1007 925 percuteret
1061 853 1331 910 sententia
1386 851 1747 908 irrevocabili.

194 944 380 1019 μου]
405 946 569 1003 Attila
602 946 670 978 ¹³⁹
695 947 866 1015 enim,
913 954 976 1002 ut
1020 946 1281 1014 diximus,
1323 962 1421 1001 rex
1443 945 1748 1011 Hunorum,

193 1040 593 1109 quingentorum
644 1038 858 1094 milium
905 1053 1137 1094 numero
1175 1038 1417 1094 conlisus
1457 1036 1751 1102 exercitus,

190 1137 327 1201 patre
345 1131 563 1202 genitus
593 1131 914 1196 Munzucco,
941 1131 1028 1186 vir
1048 1131 1104 1186 in
1123 1130 1483 1187 concussione
1507 1137 1670 1185 natus
1688 1122 1751 1183 in

190 1223 396 1287 mundo,
450 1231 722 1278 terrarum
765 1223 1011 1278 omnium
1062 1229 1268 1290 metus,
1322 1221 1558 1277 mirabili
1604 1228 1753 1276 sorte

188 1323 364 1370 cuncta
396 1315 658 1383 terrebat,
694 1313 1028 1371 formidabili
1047 1316 1115 1371 de
1146 1331 1206 1371 se
1233 1313 1488 1386 opinione
1509 1315 1748 1385 vulgata.

190 1403 305 1460 Erat
322 1421 560 1476 namque
588 1406 858 1476 superbus
881 1405 1309 1472 incessu,oculis
1336 1405 1664 1477 vigentibus,
1694 1411 1755 1460 ut

187 1495 296 1549 elati
314 1496 555 1565 potentia
574 1495 694 1567 ipso
719 1511 940 1567 quoque
962 1504 1117 1554 motu
1138 1495 1207 1528 “°
1237 1495 1485 1566 corporis
1507 1501 1749 1565 apparet.

189 1586 443 1643 Bellorum
478 1594 711 1657 amator,
764 1588 881 1659 ipse
929 1603 1097 1644 manu
1144 1587 1484 1659 temperavit,
1520 1587 1754 1644 consilio

186 1679 407 1749 validus,
429 1681 852 1751 supplicantium
878 1681 1192 1748 exorabilis,
1217 1680 1495 1752 propicius
1516 1680 1573 1735 iu
1592 1679 1753 1735 fidem

186 1770 331 1826 semel
379 1772 638 1841 receptis,
680 1771 857 1829 forma
901 1772 1103 1840 brevis,
1139 1772 1250 1828 lato
1283 1780 1523 1843 pectore,
1576 1771 1755 1842 capite

181 1861 467 1931 grandiori,
500 1863 728 1920 minutis
757 1863 954 1931 oculis,
991 1864 1141 1919 tenui
1179 1879 1333 1931 naso,
1383 1871 1518 1919 teter
1548 1861 1750 1927 colore,

182 1951 392 2023 originis
434 1968 549 2009 suae
587 1953 742 2025 signa
771 1952 1033 2009 referens.
1067 1952 1172 2021 Qui
1195 1953 1448 2024 quamvis
1484 1953 1574 2009 hic
1609 1960 1755 2008 esset

182 2050 370 2098 natura:
396 2051 461 2097 ut
486 2058 703 2114 semper
740 2059 938 2115 magna
970 2052 1345 2114 praesumeret,
1385 2044 1620 2100 addebat
1666 2051 1752 2098 ta-

181 2146 289 2186 men
315 2131 366 2187 ei
403 2132 797 2189 conﬁdentiam
842 2133 1056 2205 gladius
1086 2132 1275 2189 Martis
1312 2132 1586 2200 inventus,
1611 2132 1754 2203 apud

182 2218 482 2278 Scbitarum
514 2239 669 2296 reges
696 2240 914 2296 semper
940 2224 1181 2291 habitus,
1214 2240 1312 2295 per
1330 2240 1492 2295 quem
1517 2223 1754 2279 arbitra-

179 2314 320 2368 batur
342 2331 408 2371 se
452 2316 604 2372 orbis
633 2317 935 2388 principem
966 2318 1323 2375 constitutum
1355 2326 1411 2373 et
1429 2323 1753 2389 potestatem

178 2407 268 2463 sibi
293 2424 622 2466 concessam
664 2410 929 2466 bellorum
977 2411 1143 2467 homo
1184 2411 1418 2466 subtilis.
1447 2410 1754 2481 Antequam

178 2498 300 2556 bella
324 2511 564 2571 gereret,
600 2511 718 2558 arte
756 2503 1054 2575 pugnabat.
1088 2502 1242 2559 Unde
1269 2511 1324 2558 et
1352 2503 1598 2559 omnium
1621 2503 1755 2558 civi-

176 2599 330 2648 tatum
367 2603 436 2650 et
481 2611 776 2666 regnorum
818 2596 1006 2650 sitibat
1046 2594 1369 2651 dominium.
1400 2595 1603 2655 Aderat
1629 2610 1753 2650 cum

174 2696 301 2742 eoet
313 2686 601 2744 Walamer
623 2687 1078 2761 OstrOgothorum
1113 2704 1209 2743 rex
1234 2696 1288 2743 et
1324 2687 1621 2743 Ardaricus
1645 2686 1754 2743 Ge-

178 2778 439 2848 pidarum,
465 2796 608 2851 quos
648 2789 871 2852 propter
898 2781 1251 2853 sagacitatem
1283 2794 1440 2835 suam
1471 2794 1635 2849 super
1662 2794 1755 2834 ce-

176 2877 306 2927 teros
339 2872 568 2943 regulos
607 2872 775 2928 Attila
823 2872 1117 2944 diligebat;
1157 2880 1336 2928 cetera
1377 2872 1536 2926 turba
1563 2886 1754 2942 regum

176 2961 621 3035 diversarumque
661 2965 946 3021 nationum
968 2965 1136 3021 duces
1163 2964 1422 3021 satellites
1446 2964 1627 3019 Attilae
1653 2979 1756 3018 nu-

176 3054 307 3112 tibus
330 3057 740 3113 dcserviebant.
778 3057 899 3129 Ipso
943 3073 1040 3112 rex
1075 3057 1323 3112 omnium
1353 3071 1543 3127 regum
1592 3070 1758 3126 super

176 3161 352 3205 omnes
386 3164 496 3220 pro
539 3150 797 3206 omnibus
839 3150 1108 3206 sollicitus
1142 3157 1287 3217 erat;
1319 3163 1472 3203 more
1520 3147 1755 3202 turbinis

174 3237 487 3296 inuudantis
513 3241 700 3297 omnia
732 3241 1023 3297 devastans
1048 3250 1103 3297 et
1129 3249 1439 3297 conterens.
1470 3239 1629 3307 Quod
1656 3255 1755 3296 sua

176 3331 380 3388 miseria
430 3333 569 3389 satis
594 3333 785 3390 didicit
825 3333 1020 3390 Gallia.
1064 3332 1314 3388 Inaudita
1367 3347 1605 3402 namque
1631 3338 1758 3387 ante

175 3435 228 3475 se
252 3425 499 3493 potentia
527 3425 681 3482 solus
709 3424 950 3482 Schitica
972 3434 1025 3480 et
1045 3424 1370 3481 Germanica
1393 3439 1559 3495 regna
1583 3423 1759 3479 tenuit

175 3522 224 3567 et
250 3524 487 3588 utraque
527 3516 761 3575 Romani
789 3518 942 3575 orbis
969 3517 1196 3589 imperia
1227 3516 1421 3572 terruit
1445 3516 1758 3573 civitatibus

172 3608 362 3677 captis;
408 3617 469 3664 et
498 3624 568 3665 ne
597 3610 808 3680 reliqua
836 3609 1299 3680 disperderentur,
1325 3624 1568 3663 annuum
1589 3609 1760 3665 vecti-

174 3700 253 3762 gal
283 3702 539 3772 accepit:
571 3710 633 3757 ut
661 3700 954 3757 Jornandis
985 3700 1456 3772 historiographus
1484 3699 1666 3757 refert.
1698 3700 1759 3756 In

173 3791 304 3848 ovile
332 3809 476 3865 ergo
497 3791 845 3849 Dominicum
872 3793 1017 3864 lupis
1038 3791 1584 3860 irruentibus,Hunis
1610 3793 1758 3849 scili-

173 3893 252 3938 cet
291 3885 347 3940 in
377 3885 590 3958 populo
619 3884 837 3941 Domini
867 3884 1351 3952 debacchautibus,
1389 3885 1762 3941 innumerabi-

172 3975 235 4032 lis
252 3992 449 4034 eorum
480 3977 755 4034 exercitus
788 3978 952 4034 urbes
980 3977 1186 4033 invadit
1204 3978 1398 4048 prima:
1416 3975 1645 4049 Belgica:
1669 3977 1756 4045 “’,

174 4070 396 4139 populos
426 4070 523 4140 qui
555 4068 952 4127 Wandalorum
989 4084 1189 4125 manus
1227 4076 1536 4137 evaserant,
1576 4077 1631 4124 et
1666 4069 1759 4124 vix

172 4160 344 4218 adhuc
382 4161 664 4234 respirare
715 4164 992 4231 valebant,
1039 4163 1340 4218 clamantes
1379 4162 1446 4217 de
1491 4161 1762 4232 profundo

174 4254 521 4312 miseriarum
552 4274 566 4311 :
595 4254 708 4310 Hos
735 4255 896 4327 fame,
920 4254 1045 4309 illos
1065 4255 1255 4326 premit
1278 4255 1452 4326 ferro;
1476 4254 1599 4309 illos
1626 4256 1762 4322 neci,

172 4354 295 4401 ωεστ
329 4348 542 4402 addicit
591 4348 911 4418 captivitati.
950 4346 1276 4403 Miserabilis
1312 4354 1367 4402 et
1394 4361 1622 4417 prorsus
1660 4347 1763 4402 mi-

171 4441 399 4497 seranda
430 4439 696 4507 conditio,
723 4440 910 4497 videre
934 4439 1120 4521 plebes
1147 4440 1300 4496 omni
1327 4439 1616 4496 destitutas
1643 4456 1763 4495 mu-

1853 576 1934 631 eia
1961 578 2306 646 clericorum,
2331 580 2609 638 subversae
2630 584 2890 652 ecclesiae,
2918 586 2984 642 ad
3006 587 3199 643 altaria
3222 588 3430 645 Christi

1852 667 2108 721 stabulati
2154 668 2300 738 equi.
2330 667 2375 724 Ο
2409 669 2454 726 si
2492 687 2782 742 possemus
2815 675 2870 730 in
2913 677 3190 746 speculam
3231 680 3431 735 mentis

1852 756 2145 811 ascendere
2173 765 2227 812 et
2252 766 2527 815 tantarum
2550 762 2896 819 miseriarum
2918 781 3115 837 genera
3138 767 3428 837 inspicere,

1851 847 2161 904 videremus
2189 857 2377 920 gentes
2424 853 2676 923 gentibus
2721 862 2776 909 et
2805 857 2987 927 regnis
3022 873 3188 928 regna
3219 859 3428 927 collisa,

1852 940 1990 996 alios
2018 942 2283 1012 torqueri,
2325 943 2461 998 alios
2507 945 2712 1012 necari,
2763 946 2902 1002 alios
2949 947 3207 1005 fluctibus
3249 951 3429 1017 obrui,

1852 1033 1989 1089 alios
2015 1034 2084 1089 ad
2106 1035 2423 1090 servitutem
2447 1037 2612 1091 trahi.
2639 1035 2851 1109 Ubique
2880 1039 3081 1107 luctus,
3109 1042 3312 1113 ubique
3337 1058 3431 1114 gc-

1853 1125 2041 1191 mitus,
2067 1132 2122 1180 et
2157 1125 2392 1194 plurima
2430 1126 2625 1180 mortis
2673 1128 2872 1199 imago.
2919 1128 3063 1196 Quot
3103 1132 3433 1186 monasteria

1854 1224 2031 1288 capta,
2070 1225 2289 1287 quantae
2325 1217 2615 1273 ﬂuviorum
2646 1235 2803 1289 aqua:
2828 1223 3069 1276 humano
3093 1238 3288 1277 cruore
3312 1239 3437 1277 mu-

1853 1317 1998 1377 tata),
2038 1318 2264 1366 vastatae
2306 1311 2471 1366 urbes
2518 1319 2573 1366 et
2622 1311 2782 1366 tracti
2829 1328 3021 1384 greges
3059 1314 3432 1383 captivorum!

1854 1401 2103 1458 Peccatis
2125 1404 2311 1473 populi
2334 1402 2663 1459 facientibus
2694 1402 2863 1459 fortes
2888 1413 3046 1459 erant
3084 1405 3324 1473 barbari,
3355 1405 3439 1460 vi—

1855 1494 1957 1551 ciis
1988 1493 2430 1550 Christianorum
2461 1494 2529 1526 ¹⁸³
2569 1492 2853 1550 Hunorum
2889 1496 3182 1564 superabat
3225 1498 3439 1552 exerci-

1855 1594 1977 1651 tus;
2000 1584 2243 1641 offensus
2274 1594 2393 1640 erat
2417 1584 2582 1653 Deus,
2627 1594 2680 1641 et
2718 1601 2986 1642 accensus
3020 1585 3175 1641 furor
3195 1587 3316 1657 ejus
3350 1589 3434 1643 m.
3470 1634 3473 1637 .

1856 1675 2187 1733 Excecatum
2206 1678 2352 1733 enim
2373 1686 2491 1734 erat
2511 1693 2607 1734 cor
2628 1678 2864 1733 filiorum
2888 1678 3197 1745 hominum,
3225 1686 3280 1734 et
3300 1695 3440 1751 prae-

1858 1778 1942 1825 ter
1974 1785 2179 1840 paucos
2216 1786 2376 1826 senes
2405 1786 2597 1827 omnes
2618 1771 2671 1826 in
2714 1771 3027 1841 captivitate
3069 1779 3124 1827 et
3157 1772 3441 1828 obsidione

1856 1861 2097 1932 generati
2128 1877 2238 1918 non
2284 1863 2686 1931 desiderabant,
2719 1879 2884 1934 quam
2917 1878 3026 1918 non
3060 1873 3345 1932 noverant,
3376 1865 3441 1919 li-

1855 1955 2121 2011 bertatem
2146 1954 2232 2010 ιδ’.

1929 2045 2157 2102 Videbat
2178 2048 2320 2103 inter
2351 2049 2469 2104 lucc
2489 2046 2734 2118 pontifex
2768 2055 2995 2104 sanctus
3024 2047 3169 2118 quod
3195 2047 3440 2114 dolebat;

1854 2139 2089 2210 populus
2120 2139 2232 2210 jam
2273 2139 2423 2211 quod
2466 2140 2777 2196 merebatur
2822 2140 3172 2211 agnoscebat.
3218 2138 3438 2194 Nullum

1853 2239 1973 2287 erat
1995 2230 2309 2315 consilium,
2343 2231 2490 2287 nulla
2518 2232 2782 2286 evadendi
2833 2246 2979 2302 spes,
3006 2232 3216 2287 nullum
3247 2232 3353 2287 nisi
3375 2232 3442 2288 de

1854 2322 1951 2377 Dei
1979 2325 2181 2395 pietate
2208 2322 2501 2395 refugium.
2529 2323 2863 2380 Hortabatur
2882 2325 3027 2380 filios
3051 2326 3241 2381 saltem
3277 2326 3332 2380 in
3353 2325 3441 2381 die

1855 2416 2080 2473 ultionis
2104 2416 2443 2488 resipiscere,
2474 2417 2707 2473 crimina
2734 2433 2857 2488 quae
2885 2418 3039 2490 prius
3072 2418 3441 2489 neglexerant,

1854 2506 2172 2563 imminente
2190 2509 2304 2580 jam
2318 2508 2621 2565 cervicibus
2633 2525 2917 2575 mucrone,
2937 2510 3185 2565 conﬁteri
3210 2517 3264 2565 et
3285 2510 3441 2580 plan-

1855 2614 1980 2669 gere
2010 2608 2072 2654 ut
2100 2609 2324 2670 possent
2370 2601 2508 2655 iram
2532 2599 2626 2655 Dei
2665 2601 2782 2671 jam
2829 2610 3173 2672 praesentem,
3207 2602 3320 2672 jam
3354 2601 3443 2655 in-

1854 2695 2225 2762 cumbentem,
2265 2695 2319 2749 in
2364 2695 2841 2750 mansuetudinem
2876 2703 3109 2761 vertere,
3135 2702 3195 2749 ut
3234 2695 3444 2766 gladius

1857 2787 1992 2844 foris
2023 2788 2335 2856 devastans,
2372 2789 2521 2844 intus
2552 2802 2754 2859 pavore
2796 2786 3129 2858 deprimens,
3153 2787 3281 2842 dum
3314 2801 3442 2858 per-

1857 2878 2067 2934 venerit
2090 2868 2265 2949 uSque
2296 2878 2365 2934 ad
2399 2878 2726 2935 divisionem
2755 2879 2954 2935 animae
2976 2886 3031 2934 et
3059 2879 3327 2949 corporis,
3345 2879 3443 2934 lie-

1857 2976 1941 3025 ret
1961 2985 2057 3041 per
2090 2970 2407 3040 patientiam
2431 2970 2833 3027 sustinentibus
2861 2971 3097 3041 placatio
3120 2970 3326 3026 furoris
3352 2971 3445 3025 Al-

1857 3060 2080 3128 tissimi,
2110 3076 2180 3116 ne
2213 3072 2434 3119 renatos
2464 3062 2720 3118 lavachro
2759 3062 2986 3117 salutari
3020 3077 3171 3118 mors
3209 3062 3447 3118 secunda

1859 3138 2183 3224 possidere‘t,
2225 3162 2280 3209 et
2311 3155 2379 3211 de
2416 3156 2804 3226 dampnatione
2851 3148 3102 3226 corporis
3154 3163 3209 3210 et
3248 3156 3446 3211 anima:

1861 3247 2118 3304 inimicus
2146 3248 2434 3303 exultaret.
2486 3246 2579 3304 Sic
2613 3263 2806 3304 omnes
2828 3248 3171 3305 documentis
3192 3247 3451 3305 salutari-

1858 3339 1963 3396 bus
2000 3339 2306 3395 informatus
2352 3348 2406 3395 et
2445 3340 2772 3396 sacerdotali
2822 3341 3199 3397 benedictione
3244 3340 3449 3395 confir-

1858 3449 2038 3501 mans,
2076 3432 2351 3488 incitabat
2377 3432 2660 3489 universos
2690 3433 2759 3488 ad
2788 3447 3048 3489 coronam
3097 3430 3365 3504 martyrii,
3390 3441 3453 3487 ut

1856 3542 1954 3598 per
1975 3524 2334 3597 penitentiam
2379 3525 2528 3581 uncti
2571 3533 2627 3581 et
2671 3524 3079 3597 quodammodo
3113 3524 3449 3595 incorporati

1859 3618 2059 3675 divinae
2081 3616 2371 3685 voluntati,
2396 3624 2737 3673 mererentur
2758 3616 2879 3672 fieri
2901 3616 3282 3672 holocaustum
3306 3616 3452 3688 regis

1857 3710 2067 3779 aeterni,
2104 3709 2320 3781 purgati
2351 3709 2570 3766 camino
2615 3708 3012 3765 tribulationis.
3036 3707 3349 3765 Munierant
3384 3708 3451 3741 “'

1860 3813 2045 3861 autem
2073 3813 2125 3860 et
2159 3803 2262 3873 ipsi
2306 3802 2543 3858 civitatis
2571 3801 2692 3857 loca
2735 3809 3027 3871 oportuna,
3059 3815 3283 3856 accessu
3307 3798 3448 3856 ditii-

1859 3894 2352 3964 cilia,'defensioni
2378 3894 2595 3961 idonea,
2626 3901 2682 3948 et
2706 3907 2773 3948 eo
2806 3907 2867 3947 se
2890 3891 3097 3962 probus
3134 3891 3367 3963 quisque
3394 3900 3451 3947 et

1861 3995 2055 4061 potens
2074 3985 2286 4041 viribus
2309 3983 2543 4040 contulit
2570 3982 2641 4038 ad
2669 3980 2984 4038 frustranda
3008 3980 3250 4036 hostium
3284 3982 3418 4036 moli
3444 4011 3452 4021 -

1863 4082 2033 4149 mina,
2069 4079 2268 4136 imitati
2304 4077 2727 4134 Maehabeorum
2770 4074 3054 4141 virtutem,
3081 4074 3176 4144 qui
3216 4073 3347 4129 dum
3376 4073 3452 4129 si-

1861 4173 1978 4228 mili
2013 4178 2395 4227 coartarentur
2419 4168 2694 4240 angustia,
2727 4183 2818 4223 res
2842 4166 2953 4222 illis
2978 4165 3082 4221 fuit
3123 4180 3224 4237 pro
3244 4165 3449 4233 anima,

1863 4263 2073 4336 gladius
2097 4277 2196 4333 pro
2220 4261 2451 4317 tuitione
2472 4268 2526 4314 et
2562 4259 2753 4325 tutela,
2778 4257 3018 4314 studium
3039 4272 3140 4326 pro
3165 4257 3275 4312 vita
3301 4264 3454 4313 tuen-

1848 4352 1951 4420 .da,
1972 4352 2127 4407 labor
2148 4349 2330 4406 omnis
2359 4364 2429 4405 ne
2451 4347 2619 4404 simili
2645 4355 2709 4403 ut
2738 4346 2947 4402 dudum
2976 4354 3453 4416 prosternerentur

1861 4443 2076 4516 ignavia
2107 4443 2193 4497 ω’.
2238 4440 2352 4498 Nec
2390 4448 2509 4497 erat
2542 4437 2855 4512 perdifﬁcile
2889 4436 3081 4493 Hunos
3116 4436 3323 4492 furoris
3345 4453 3453 4494 cae-

171 4532 395 4600 nimine,
420 4534 574 4588 omni
597 4531 893 4589 frustratas
908 4533 1196 4600 solamine,
1212 4533 1267 4587 in
1291 4548 1524 4604 quarum
1548 4534 1758 4590 viscera
1790 4560 1839 4620 ι)
1863 4537 2030 4593 disva:
2052 4551 2166 4592 suae
2192 4535 2471 4591 vesaniam
2500 4533 2661 4605 longe
2691 4532 2909 4604 lateque
2929 4530 3260 4596 extendere;
3284 4544 3451 4600 quam

168 4626 375 4680 recenti
423 4626 606 4683 adhuc
645 4626 914 4683 memoria
962 4625 1295 4682 Wandalicae
1318 4627 1760 4698 persequutionis

172 4716 348 4774 rabies
379 4719 735 4785 efferbuerat,
764 4719 867 4775 has
900 4734 1050 4773 nunc
1077 4727 1310 4774 tremere
1345 4719 1450 4774 sub
1477 4719 1610 4790 jugo
1639 4718 1758 4774 Hu—

168 4813 620 4883 norum,pallere
647 4828 744 4867 ora
778 4811 1008 4882 jejunio,
1046 4810 1101 4865 in
1128 4811 1278 4865 omni
1317 4811 1619 4868 crudelium
1656 4812 1757 4868 do-

168 4904 448 4959 minorum
472 4905 649 4960 emori
670 4904 917 4972 servitio,
930 4904 1160 4974 puellas,
1182 4904 1533 4975 virginesque
1545 4919 1755 4972 sacras,

167 4997 212 5050 si
232 5013 360 5067 qua:
381 5005 789 5065 remanserant,
822 5004 1105 5052 matronas
1145 4996 1210 5028 ιδ’
1244 4997 1410 5051 etiam
1442 5005 1497 5051 et
1524 4997 1758 5067 ingenua

168 5105 403 5160 quaeque
438 5089 643 5145 nobilia
696 5104 929 5159 corpora
987 5088 1236 5159 lupanari
1272 5088 1442 5144 sterni
1490 5088 1757 5155 ludibrio;

166 5182 373 5250 quibus
399 5181 698 5252 optabilius
724 5178 1062 5236 fueratfcrro
1083 5180 1459 5251 perimiquam
1478 5189 1591 5235 tam
1614 5179 1764 5252 igno-

170 5273 425 5330 miniosae
478 5273 728 5331 servituti
785 5271 1002 5344 subjici.
1034 5271 1189 5343 Capti
1242 5272 1482 5344 episcopi
1527 5272 1765 5328 ludibrio

1865 4628 1937 4685 ob
1960 4645 2079 4684 rem
2102 4636 2156 4685 et
2182 4627 2416 4698 populus
2451 4626 2519 4683 ad
2545 4640 2736 4682 vocem
2758 4623 3056 4681 sacerdotis
3073 4622 3311 4680 salubria
3333 4635 3452 4676 mo-

1868 4722 2053 4777 nentis
2075 4721 2205 4777 dum
2219 4720 2500 4776 didicisset
2520 4717 2708 4790 procul
2732 4716 3002 4786 respicere
3022 4712 3331 4783 proximum
3356 4712 3452 4767 bo-

1862 4816 1998 4868 ‘num
2024 4828 2165 4879 esse,
2188 4812 2307 4867 vias
2337 4811 2403 4844 ¹¹⁵⁸
2437 4810 2561 4867 vita:
2592 4825 2731 4880 quas
2772 4805 3035 4862 fastidivit
3071 4819 3168 4874 per
3188 4803 3453 4859 innocen-

1863 4905 2016 4973 tiam,
2063 4905 2282 4960 tenebat
2316 4903 2433 4974 jam
2483 4918 2578 4973 per
2619 4897 2991 4972 penitentiam.
3048 4893 3445 4966 Opperiebatur

1864 4997 2062 5055 anhelo
2106 4996 2302 5067 spiritu
2335 4994 2728 5065 dependentem
2773 4988 2974 5045 cervici
3016 5002 3356 5054 mucronem,
3394 4996 3454 5042 et

1866 5086 2241 5158 gratissimum
2278 5091 2399 5140 erat
2424 5083 2504 5138 eis
2525 5082 2607 5137 sic
2633 5077 2828 5145 emori,
2861 5077 2992 5133 dum
3018 5073 3459 5131 reformidabant

1818 5193 1822 5197 '
1869 5179 2017 5235 omni
2043 5177 2188 5233 ferro
2222 5176 2528 5249 graviorem
2554 5171 2851 5228 barbaricae
2876 5166 3270 5226 dominationis
3294 5166 3453 5222 endi-

1872 5269 2135 5340 reptionis
2179 5267 2566 5338 captivitatem.
2610 5264 2917 5320 Advenerat
2932 5263 3047 5332 jam
3083 5258 3201 5316 dies
3230 5258 3372 5315 tuba
3397 5267 3453 5315 ct

1488 5400 1721 5459 νΑιιιιΕ
1757 5398 2156 5456 LECTIONES.

242 5538 309 5571 '”
349 5539 519 5598 Attila
549 5543 838 5599 —ltistor.
866 5541 1032 5598 refert
1061 5543 1117 5596 in
1147 5542 1386 5612 margine
1427 5549 1607 5612 postea
1664 5539 1876 5595 addidit
1925 5536 2116 5608 Hugo;
2162 5552 2265 5612 non
2315 5532 2732 5612 erant.i_a_Vita
2761 5531 3091 5612 Pulchronii.

1301 5558 1386 5596 me
1427 5558 1607 5612 pauca
1664 5558 1876 5595 aaatatt
1925 5558 2116 5608 nugo;
2162 5558 2265 5590 non
2315 5558 2443 5591 eran

1267 5558 1425 5683 lgica:
1447 5630 1493 5667 ε.
1574 5611 1642 5643 ¹⁸¹
1679 5619 1841 5666 matr.
1863 5623 2167 5678 —corpora
2196 5608 2252 5661 in
2278 5624 2445 5679 marg.

169 5622 308 5663 corr.
335 5624 494 5668 motu
523 5614 643 5668 cod.
735 5613 800 5645 “'
824 5613 1013 5670 Galliae
1035 5629 1173 5667 corr.
1201 5611 1270 5667 Bc

3204 5527 3272 5562 '“
3312 5536 3450 5585 nutu

2525 5605 2593 5637 ³⁸⁸
2626 5604 2748 5674 ejus
2775 5618 2913 5657 corr.
2948 5600 3448 5674 christianornm_r.

173 5677 241 5710 ’“
277 5688 336 5734 et
376 5696 432 5737 a.
459 5682 497 5740 f.
529 5700 580 5740 e.
609 5684 665 5739 in
692 5668 902 5740 rasura.
981 5684 1049 5716 “'
1090 5683 1220 5738 Post
1255 5668 1366 5738 Ιιὶἱτ
1391 5700 1482 5738 ses:
1521 5683 1598 5740 vel
1637 5691 1832 5752 septem
1864 5696 2009 5734 taces
2035 5668 2228 5745 'crasaz,
2263 5668 2486 5749 quorum
2522 5668 2742 5752 quarta
2763 5674 2866 5752 fuit
2893 5672 3071 5752 turba.
3092 5668 3451 5752 Λξξίζοίμηίρ-

170 5756 299 5870 :ant
322 5756 653 5824 —gentium
679 5756 735 5811 in
765 5772 933 5828 marg.
962 5763 1261 5810 atramento
1287 5754 1415 5809 alio.

202 5834 320 5870 um.

202 5834 320 5873 κω.

1526 5754 1590 5786 ’³⁷
1634 5748 1764 5807 Post
1791 5748 1902 5806 lucc
1929 5748 2286 5804 atramentum
2317 5755 2575 5804 mutatur.

2677 5745 2745 5777 ³⁵⁸
2763 5740 2900 5800 ’νίας
2921 5752 2971 5798 ct
3002 5740 3265 5799 fastidivit
3288 5740 3347 5794 in
3370 5755 3454 5793 να·-
