3932 6298
476 402 549 459 8‘5
1468 388 1771 449 liUGONlS
1804 385 2095 444 ABBATIS
2134 380 2704 442 FLAVINIACENSIS
3668 375 3731 435 Si

475 482 775 588 elangoris,
798 511 1060 583 strepitus
1099 518 1153 566 et
1172 507 1506 566 ululatiouis.
1539 502 1868 559 Dill‘umlitur
1888 502 2062 557 hosti—
2094 504 2133 561 Α
2166 507 2412 568 praeerat,
2438 506 2498 554 ut
2523 498 2729 553 dictum
2750 505 2853 563 est,
2880 494 3031 550 misit
3048 495 3116 551 al
3136 493 3536 550 Theodmicum
3559 508 3733 565 regem

480 607 552 662 iis
575 606 744 667 acies,
768 605 907 659 llunt
928 602 1365 658 Christianorum
1395 597 1591 660 caedes,
1619 596 1794 650 ﬂuunt
1836 592 2058 664 sangui-

484 698 571 752 nis
583 697 805 751 ﬂumina
828 696 1011 751 hostili
1032 693 1345 750 crudelitate
1354 688 1601 761 profusa,
1627 704 1736 743 non
1760 687 2058 742 bestiarum

482 789 892 858 sedbominnm
935 800 1127 843 cruore
1156 783 1453 839 manantia.
1508 781 1710 837 Senum
1734 780 1827 851 qui
1863 779 2059 849 reliqui

418 908 421 909 ν
481 892 641 937 erant
661 881 728 914 ¹⁵⁹
750 895 912 936 nemo
930 876 1306 943 miserebatur,
1325 875 1556 947 juvenes
1579 875 1788 945 absque
1810 880 2059 942 respectu

483 972 915 1027 trucidabantur.
962 967 1228 1023 Matribus
1261 975 1318 1022 et
1349 966 1655 1038 virginibus
1681 965 1846 1020 nichil
1890 964 2064 1033 pudo-

484 1061 585 1127 ris,
619 1061 788 1117 nichil
832 1057 1171 1113 verecundia:
1220 1066 1496 1112 servatum
1527 1066 1637 1121 cst;
1674 1055 1861 1126 pueris
1886 1064 1940 1110 et
1972 1053 2061 1109 in-

483 1152 725 1208 fantibus
759 1151 1043 1206 misertum
1076 1166 1189 1206 non
1230 1160 1333 1205 est.
1366 1150 1617 1205 Pervenit
1650 1151 1860 1221 gladius
1888 1164 2064 1219 usque

485 1243 552 1297 ad
577 1243 836 1297 animam.
875 1241 1016 1297 Cum
1052 1252 1178 1298 ante
1209 1243 1399 1298 oculos
1435 1243 1636 1296 reduco
1669 1242 1814 1312 quod
1857 1240 2062 1297 factum

468 1339 584 1397 _est,
615 1347 727 1402 prae
756 1332 965 1389 doloris
1000 1333 1365 1388 amaritudine
1395 1348 1495 1387 vox
1533 1333 1649 1402 ipsa
1695 1332 2061 1399 concluditur,

483 1423 610 1493 quia
637 1424 692 1477 in
723 1431 877 1478 tanta
903 1424 1077 1494 plebis
1099 1423 1192 1479 Dei
1230 1424 1533 1479 vastatione
1564 1432 1735 1479 meret
1768 1439 1943 1489 mens,
1970 1438 2066 1479 cor

484 1516 834 1572 rruciaturet
863 1517 1088 1587 spiritus
1105 1517 1377 1572 anxiatur.
1404 1515 1680 1583 Miserere,
1705 1515 2066 1586 Domine,po—

487 1603 618 1671 pulo
640 1611 757 1670 tuo,
793 1602 1040 1659 funiculo
1067 1603 1384 1659 hereditatis
1406 1605 1545 1658 tute!
1578 1600 1656 1657 Ne
1694 1603 1918 1658 deseras
1943 1618 2069 1672 par—

489 1704 596 1749 tem
623 1703 775 1750 tuam
804 1711 906 1751 nec
927 1696 1023 1751 des
1044 1711 1163 1751 cam
1207 1695 1261 1749 in
1302 1695 1770 1750 conculcationem
1802 1694 2063 1765 gentium.

559 1783 856 1842 Numerum
902 1787 1070 1859 igitur
1093 1796 1497 1858 peremptorum
1541 1786 1656 1841 sola
1699 1786 1795 1841 Dei
1839 1785 2067 1841 scientia

489 1878 713 1950 colligit,
744 1880 871 1950 quia
899 1880 1209 1936 civitatibus
1245 1881 1591 1951 castellisque
1617 1879 1932 1935 Wandalica
1966 1896 2069 1935 nu-

490 1986 588 2039 per
609 1972 928 2029 crudelitate
951 1972 1148 2030 dirutis
1171 1983 1335 2045 atque
1367 1974 1650 2045 expositis,
1675 1974 1763 2029 vix
1787 1974 1931 2028 ullus
1956 1982 2074 2028 erat

492 2062 732 2131 receptui
762 2062 941 2130 locus,
960 2063 1051 2118 vix
1081 2065 1225 2120 ullus
1259 2062 1400 2136 fugae
1426 2064 1643 2135 patebat
1664 2063 1865 2119 aditus.
1892 2063 1949 2117 Si
1979 2062 2073 2132 qui

491 2168 623 2209 vero
656 2169 715 2209 se
758 2155 812 2210 in
842 2156 1039 2211 abditis
1064 2157 1326 2212 silvarum
1375 2157 1765 2223 oceuluissent,
1802 2157 2076 2228 pallebant

490 2247 793 2302 marcentia
819 2262 946 2303 ossa
968 2249 1200 2319 jejunio,
1236 2250 1538 2321 prtesertim
1581 2265 1707 2306 cum
1751 2258 1807 2305 et
1844 2250 1919 2305 ibi
1965 2265 2074 2304 non

490 2338 707 2393 deesset
732 2340 825 2409 qui
850 2340 1078 2397 latentes
1111 2342 1485 2415 investigaret,
1520 2342 1771 2398 inventos
1815 2342 2073 2408 traheret,

493 2436 699 2484 tractos
742 2437 1131 2500 prosterneret.
1179 2433 1270 2489 Sic
1318 2433 1555 2489 maxima
1607 2450 1735 2504 pars
1778 2433 2073 2489 Galliarum

495 2522 736 2577 hostium
784 2525 965 2594 praeda
1012 2526 1260 2592 eﬂicitur,
1297 2528 1547 2583 civitates
1590 2527 1787 2598 aliqua:
1838 2543 1976 2598 pcuc
2009 2527 2075 2559 ¹⁸⁰

494 2612 705 2682 absque
732 2612 1069 2671 habitatione
1088 2618 1425 2672 redduntur:
1456 2617 1550 2688 qui
1574 2632 1816 2684 evasere,
1847 2617 1899 2672 in
1931 2617 2078 2672 abdi-

496 2706 568 2762 tis
599 2709 888 2777 moutium,
928 2708 984 2764 in
1023 2712 1275 2767 cavernis
1321 2721 1597 2782 petrarum
1638 2712 1806 2768 vitam
1855 2712 2080 2768 trahunt

494 2798 675 2869 potius
697 2816 862 2871 quam
891 2802 1186 2859 deducunt.
1218 2804 1368 2860 Adeo
1393 2805 1447 2859 in
1479 2820 1612 2860 nece
1637 2805 1824 2876 populi
1846 2821 2079 2877 peccan-

497 2892 571 2948 tis
600 2893 684 2948 ira
717 2893 1032 2950 deseviebat
1050 2895 1337 2952 Altissimi.
1370 2896 1561 2954 Plures
1585 2898 1651 2930 ¹⁵¹
1680 2907 1863 2952 tamen
1893 2914 2078 2953 sacer—

498 2985 689 3040 dotum
723 3002 849 3041 cum
872 2987 1123 3056 plebibus
1144 2989 1247 3042 sibi
1273 2988 1583 3045 commissis
1604 2989 1659 3045 in
1683 2988 2082 3045 munitionibus

500 3080 569 3135 ad
599 3096 722 3150 qua:
755 3080 1113 3154 confugerant
1145 3099 1393 3155 quasque
1420 3084 1683 3141 attentius
1722 3085 2083 3176 préemunive-

503 3185 626 3232 rant
668 3193 737 3232 ex
780 3177 1038 3248 periculis
1069 3178 1138 3211 ¹⁸²
1163 3179 1497 3250 quibuslibet
1537 3178 1719 3235 divina
1750 3180 2082 3250 protectionc

503 3276 559 3323 et
587 3268 826 3325 humana
852 3269 1172 3327 defensione
1191 3271 1405 3328 liberati
1424 3280 1570 3329 sunt.
1598 3270 1712 3328 Hae
1740 3273 1924 3344 itaque
1943 3281 2082 3329 tem-

504 3366 714 3428 pestate
733 3359 926 3418 beatus
941 3360 1129 3434 Lupus
1152 3364 1559 3420 evidentissima
1578 3364 1727 3420 dedit
1753 3380 1869 3421 suae
1888 3364 2089 3421 sancti-

505 3448 637 3505 tatis
662 3449 839 3521 signa,
872 3452 992 3523 qui,
1022 3461 1089 3508 ut
1110 3452 1166 3508 in
1194 3469 1384 3526 ymmo
1404 3454 1524 3526 ejus
1544 3454 1780 3522 canitur,
1805 3455 1929 3509 dum
1951 3455 2089 3510 bella

506 3550 698 3596 cuncta
723 3545 1025 3613 perderent,
1047 3545 1249 3600 orando
1289 3545 1478 3601 Trecas
1503 3548 1714 3602 muniit.
1744 3546 1803 3602 In
1833 3548 2091 3604 omnibus

507 3644 694 3691 autem
724 3636 860 3693 locis
881 3653 1004 3708 qua:
1032 3640 1102 3696 ab
1128 3640 1209 3696 eis
1247 3648 1463 3696 vastata
1493 3649 1641 3708 sunt,
1671 3640 1716 3696 si
1737 3640 1868 3710 quid
1897 3640 2090 3695 inven-

513 3737 628 3783 tum
669 3737 753 3784 est
785 3744 973 3800 opum,
997 3732 1181 3801 praeda
1220 3730 1353 3799 fuit;
1398 3733 1604 3803 reliqua
1627 3733 1970 3804 consumpsit
2005 3732 2091 3787 in-

512 3821 766 3876 cendium
802 3829 898 3877 aut
916 3824 1146 3879 redemit
1163 3825 1397 3895 vectigal
1422 3841 1686 3880 annuum.
1705 3824 1847 3891 Quid
1870 3825 1941 3857 ¹³³
1964 3840 2095 3879 vero

511 3928 608 3983 per
629 3913 872 3985 singulas
907 3916 1073 3973 urbes
1101 3925 1156 3972 et
1195 3917 1315 3973 loca
1356 3918 1585 3988 egerint,
1621 3917 1850 3988 singulis
1869 3916 2097 3973 urbibus

512 4012 569 4059 et
597 4004 733 4061 locis
774 4022 874 4062 sua
914 4008 1131 4064 vexatio
1162 4008 1297 4064 satis
1326 4024 1599 4080 superque
1641 4017 1725 4064 est
1761 4009 2093 4064 testimonio.

515 4096 628 4153 Nos
655 4099 893 4156 breviter
907 4101 1032 4171 quis
1053 4100 1174 4172 ejus
1189 4101 1432 4158 audaciae
1459 4102 1584 4157 linis
1607 4101 1769 4158 fuerit
1792 4102 2096 4170 videamus,

514 4199 569 4244 et
601 4191 681 4247 sic
709 4207 773 4247 ac
801 4193 1171 4250 enarrandum
1202 4195 1345 4250 beati
1384 4195 1483 4249 viri
1517 4195 1724 4250 obitum
1755 4193 2100 4250 reﬂectamus

517 4284 838 4341 articulum.

588 4377 722 4434 Post
755 4381 984 4436 multam
1026 4381 1193 4454 igitur
1218 4382 1540 4439 effusionem
1571 4381 1858 4453 sanguinis
1883 4390 2103 4438 sancto-

518 4486 643 4527 rum
669 4471 980 4529 Aurelianis
1019 4475 1359 4544 perveniunt.
1400 4475 1641 4546 Regebat
1678 4475 1745 4506 “”
1772 4490 1837 4530 eo
1861 4482 2105 4544 tempore

520 4564 970 4620 Aurelianensem
1006 4567 1197 4620 urbem
1238 4576 1466 4623 sanctus
1504 4566 1771 4632 Anianus,
1803 4574 1989 4623 sextus
2013 4583 2106 4621 ur—
2136 4591 2180 4644 ι)

521 4655 607 4711 bis
625 4656 871 4725 ejusdem
896 4657 1209 4727 episcopus,
1238 4659 1331 4728 qui
1353 4666 1477 4727 post
1506 4667 1755 4713 sanetum
1787 4657 2100 4725 Evantium,

522 4746 623 4816 qui
645 4755 889 4818 tempore
908 4748 1254 4805 Constantini
1298 4749 1561 4820 principis
1585 4757 1639 4805 ct
1663 4765 1817 4821 papa:
1856 4749 2104 4806 Silvestri

525 4838 808 4897 Deﬁniano
834 4843 1120 4910 successit,
1148 4842 1471 4898 cathedram.
1495 4849 1828 4912 susceperat.

599 4928 777 5002 (Iona.
807 4931 921 5005 57.]
956 4932 1025 4987 Et
1069 4948 1197 4988 cum
1248 4932 1319 4964 ³⁵³
1359 4931 1514 4987 Etius
1544 4930 1829 5002 patricius,
1865 4931 1961 5001 qui
2004 4931 2108 4986 sub

527 5022 804 5079 Marciano
834 5025 1077 5094 principe
1101 5024 1304 5081 Gallias
1337 5025 1579 5095 regebat,
1601 5023 1959 5093 comperisset
1984 5022 2111 5077 Sin-

528 5115 788 5186 gibanum
819 5117 887 5149 '“
913 5116 1306 5172 Wandalorum
1328 5132 1531 5187 regem,
1563 5115 1658 5187 qui
1681 5116 1735 5169 in
1761 5130 1823 5169 ea
1849 5115 2108 5169 moraba-

526 5219 619 5265 tur
642 5219 697 5265 et
722 5211 967 5281 partibus
990 5209 1093 5264 Etii
1126 5209 1360 5265 favebat.
1390 5209 1807 5264 Aurelianorum
1839 5207 1978 5261 velle
2000 5215 2112 5260 tra-

529 5303 659 5373 dere
697 5303 992 5371 civitatem,
1031 5302 1119 5358 cui
1159 5302 1224 5334 ³⁸⁷
1259 5310 1482 5357 sanctus
1509 5300 1775 5355 Anianus
1818 5298 2111 5368 episcopus

2160 587 2612 661 Wisigothorum,
2646 598 2837 658 petens
2859 588 3122 644 auxilium
3158 595 3349 642 contra
3386 584 3600 651 Hunos,
3623 588 3737 656 qui-

2160 681 2263 735 bus
2293 680 2339 735 si
2368 678 2799 750 praevaluissent,
2829 678 3062 732 mediam
3093 686 3301 747 partem
3332 675 3523 732 Galliae
3551 676 3739 733 Gothis

2159 772 2331 827 daret.
2347 769 2565 844 [Fnem]
2588 769 2744 837 Quod
2764 778 2819 825 et
2843 768 3217 824 Theo-.loricus
3240 769 3454 823 annuit.
3482 768 3740 839 Aliosque

2161 863 2385 918 mittens
2418 863 2648 919 nuncios
2680 861 2746 917 ad
2782 860 3004 916 Attilam
3035 875 3217 931 regem
3242 859 3554 926 Hunorum,
3588 859 3737 913 anxi-

2159 954 2292 1009 lium
2324 955 2514 1025 petivit
2538 963 2731 1010 contra
2769 954 2982 1010 Gothos
3014 954 3108 1024 qui
3142 953 3371 1008 Galliam
3403 952 3744 1009 conabantur

2161 1047 2448 1113 invadere;
2474 1047 2675 1117 quibus
2702 1046 2748 1101 si
2791 1046 3226 1116 prmvaluissent,
3255 1045 3496 1099 mediam
3538 1052 3742 1114 partem

2161 1128 2348 1193 (fallite
2376 1136 2551 1194 ilunis
2580 1137 2754 1193 daret.
2782 1136 2940 1203 Quod
2984 1152 3109 1192 cum
3152 1143 3208 1190 et
3239 1136 3406 1190 Attila
3438 1135 3741 1200 annuisset,

2160 1230 2438 1301 utrimque
2467 1230 2630 1285 Gothi
2652 1238 2707 1284 et
2731 1228 2876 1284 Huni
2909 1244 3008 1298 pro
3034 1235 3187 1298 parte
3217 1225 3403 1282 Gallia:
3430 1226 3587 1297 gravi
3621 1241 3743 1280 con-

2161 1318 2357 1391 ﬂigunt
2384 1320 2702 1376 certamine.
2743 1318 2921 1392 [Jortin
2956 1317 3073 1391 41.]
3103 1317 3257 1374 Cresa
3303 1327 3434 1374 sunt
3465 1333 3534 1373 eo
3568 1318 3745 1388 praelia

2163 1412 2600 1484 \Visigothorum
2641 1412 2875 1467 ducenta
2901 1410 3048 1464 milia
3074 1425 3198 1465 cum
3237 1425 3364 1478 rege
3387 1408 3742 1470 Theoderico,

2164 1504 2451 1562 Hunorum
2475 1520 2608 1560 vero
2632 1511 2852 1560 centum
2881 1501 3276 1573 quinquaginta
3303 1502 3476 1566 milia,
3509 1500 3744 1570 exceptis

2167 1599 2235 1631 ¹³⁸
2258 1597 2331 1654 90
2368 1598 2594 1653 milibus
2620 1595 2948 1667 Gepidarum
2991 1604 3049 1649 et
3072 1593 3434 1659 Francorum,
3471 1594 3570 1663 qui
3614 1593 3747 1646 inter

2166 1704 2225 1745 se
2280 1696 2407 1743 ante
2457 1685 2903 1759 congressionem
2949 1685 3224 1755 publicam
3266 1682 3474 1738 mutuis
3511 1682 3748 1739 cecidere

2166 1779 2505 1846 vulneribus,
2541 1777 2769 1833 Francis
2816 1793 2916 1848 pro
2966 1776 3365 1843 Romanorum,
3397 1776 3625 1847 Gepidis
3656 1791 3742 1846 pr:

2100 1872 2143 1931 Β
2173 1871 2453 1927 llunorum
2515 1877 2670 1940 parte
2733 1869 3105 1941 pugnantibus
3166 1877 3443 1924 nocturno
3498 1884 3748 1924 occursu.

2175 1960 2396 2035 [Μελ]
2441 1960 2534 2017 Sic
2574 1959 2917 2016 orationibus
2958 1958 3101 2013 beati
3149 1957 3345 2012 Auiani
3396 1966 3453 2013 et
3490 1958 3754 2013 industria

2172 2054 2313 2109 Aetii
2348 2052 2562 2124 patricii
2603 2052 2797 2107 civitas
2842 2050 3152 2106 Aureliauis
3191 2050 3419 2104 liberata
3464 2058 3572 2106 est.
3617 2048 3756 2103 Huni

2172 2159 2304 2199 vero
2358 2159 2485 2198 cum
2554 2140 2901 2213 Ostrogethis
2975 2140 3029 2195 in
3094 2139 3459 2196 Mauriaccnsi
3520 2141 3760 2195 resident

2176 2235 2479 2306 campania.
2496 2233 2934 2289 Thorsimundus
2960 2240 3138 2287 autem
3163 2232 3257 2302 qui
3280 2232 3419 2303 patri
3445 2232 3503 2286 in
3536 2247 3757 2303 regnum

2176 2334 2535 2391 successerat,
2569 2326 2797 2380 collecto
2832 2323 3266 2396 Wisigothorum
3323 2324 3476 2378 omni
3525 2325 3760 2378 exemita

2175 2428 2384 2490 patrem
2426 2418 2616 2472 ulcisci
2664 2416 3010 2480 desiderans,
3069 2429 3195 2469 cum
3257 2413 3434 2469 liuius
3491 2413 3763 2468 Mauriaco

2176 2527 2371 2580 campi
2400 2509 2661 2580 conﬂigit.
2690 2506 2868 2580 [Jonn.
2887 2505 3004 2578 58.]
3041 2505 3243 2561 Tribus
3281 2506 3475 2561 diebus
3505 2507 3761 2561 continuo

2177 2610 2476 2673 pugnatum
2503 2609 2607 2667 est,
2637 2598 3030 2670 Sangibano‘”
3053 2612 3268 2667 semper
3298 2596 3352 2651 in
3382 2597 3567 2652 medio
3594 2597 3762 2667 posite

2179 2710 2247 2749 ne
2271 2694 2338 2749 ad
2358 2692 2581 2747 Attilam
2621 2691 2948 2756 deﬂecteret,
2967 2698 3022 2744 et
3041 2689 3459 2744 innumerabilis
3479 2689 3765 2744 multitudo

2178 2784 2407 2840 corruit.
2444 2781 2600 2837 Etius
2641 2797 2772 2836 vero
2795 2779 3026 2836 consilio
3059 2787 3320 2835 strenuus
3349 2788 3515 2833 noctu
3548 2780 3768 2833 veniens

2179 2877 2249 2932 ad
2275 2875 2499 2930 Attilam
2527 2874 2664 2931 dixit
2693 2892 2707 2928 :
2735 2872 3050 2944 Optaveram
3078 2880 3136 2925 ut
3163 2880 3255 2925 tua
3277 2873 3470 2926 virtute
3512 2874 3766 2942 regionem

2180 2970 2316 3024 hanc
2339 2986 2371 3023 a
2400 2966 2820 3039 Wisigotharum
2844 2965 3186 3035 infestatione
3214 2965 3503 3035 potuissem
3539 2965 3766 3034 eripere;

2181 3065 2317 3135 quod
2341 3065 2457 3134 ﬁeri
2486 3079 2815 3134 nequaquam
2835 3070 3024 3132 potest.
3053 3059 3173 3114 Hac
3193 3059 3334 3115 enim
3357 3068 3509 3114 nocte
3535 3059 3766 3114 Theodo-

2183 3160 2325 3214 ricus
2354 3157 2399 3212 Τ
2397 3157 2684 3211 horsimodi
2706 3157 2874 3226 frater
2897 3171 3016 3208 cum
3042 3154 3280 3208 maxima
3303 3151 3597 3207 Gothorum
3629 3159 3769 3222 gente

2110 3221 2155 3281 Ο
2185 3249 2581 3320 advenit,un
2600 3221 2895 3319 prteliando
2915 3246 3119 3300 vincere
3141 3260 3245 3298 non
3262 3244 3478 3314 poteris,
3494 3252 3545 3297 et
3567 3221 3769 3296 utinam

2186 3340 2401 3395 evadere
2426 3339 2623 3410 possis.
2648 3335 2867 3411 [Fnsm]
2895 3336 3050 3392 Tunc
3070 3336 3236 3391 Attila
3264 3334 3416 3391 dedit
3433 3333 3569 3390 Ecio
3589 3335 3768 3390 decem

2187 3434 2341 3489 milia
2369 3433 2692 3498 solidorum,
2722 3439 2782 3485 ut
2805 3430 2925 3501 ejus
2974 3428 3180 3484 auxilio
3218 3435 3273 3484 et
3315 3427 3521 3482 virtute
3556 3427 3769 3481 Panno-

2189 3527 2339 3581 niam
2364 3524 2542 3581 redire
2568 3531 2770 3595 posset.
2803 3522 2923 3594 Ipsa
2951 3523 3116 3578 etiam
3138 3529 3297 3575 nocte
3324 3518 3480 3574 Etius
3510 3518 3582 3573 ad
3604 3517 3774 3571 Thor-

2192 3618 2507 3674 simundum
2535 3632 2788 3688 pergens,
2816 3630 3039 3671 causam
3073 3612 3417 3669 consimilem
3454 3612 3523 3666 dc
3546 3610 3770 3666 adventa

2192 3710 2447 3765 maximas
2476 3705 2850 3763 multitudinis
2868 3704 3155 3760 Hunorum
3176 3719 3207 3757 a
3238 3701 3543 3757 Pannoniis
3572 3698 3770 3755 contiu-

2193 3803 2293 3870 xit,
2308 3801 2593 3872 adjiciens,
2607 3800 2805 3855 debere
2826 3799 2977 3852 illum
2989 3797 3273 3866 vei-crime
3295 3795 3424 3849 dum
3447 3798 3771 3851 remoratur.

2195 3895 2363 3951 frater
2390 3895 2510 3965 ejus
2537 3892 2907 3949 Theodericus
2929 3904 3156 3962 regnum
3178 3888 3227 3943 ei
3252 3886 3591 3956 subriperet.
3620 3880 3772 3936 Simi-

2196 3989 2427 4059 literque
2447 3986 2719 4057 susceptis
2743 3985 2813 4040 ab
2848 3999 2915 4040 eo
2950 3983 3143 4039 decem
3192 3978 3417 4036 milibus
3477 3978 3771 4033 solidorum

2197 4080 2461 4135 auxilium
2487 4077 2717 4149 spondet
2747 4083 2938 4132 contra
2969 4072 3180 4139 Hunos,
3199 4080 3261 4127 et
3296 4070 3377 4127 sic
3424 4069 3572 4124 clam
3617 4065 3772 4121 Wisi-

2198 4172 2349 4245 gothi
2373 4171 2659 4227 recedunt.
2691 4167 2788 4224 His
2815 4182 2953 4239 ergo
2979 4165 3333 4238 fugientibus,
3360 4160 3541 4216 Hunis
3568 4171 3773 4231 quoque

2199 4266 2371 4320 altera
2388 4279 2457 4319 ex
2477 4270 2632 4334 parte
2650 4256 3245 4325 reeedentibus,Etius,
3261 4254 3469 4326 junctis
3492 4253 3600 4309 sibi
3614 4251 3771 4305 Frax-

2201 4355 2302 4423 cis,
2330 4370 2462 4411 suos
2487 4360 2619 4424 post
2632 4360 2843 4424 tergum
2874 4349 3158 4404 Hunorum
3187 4345 3407 4402 direxit.
3429 4346 3586 4411 Quos
3616 4353 3774 4411 usque

2203 4446 2516 4517 Toringiam
2544 4451 2909 4516 persequutus
2945 4450 3051 4509 est,
3073 4448 3129 4496 et
3148 4440 3229 4496 sic
3246 4438 3367 4509 ejus
3394 4437 3600 4491 viruite
3621 4443 3673 4489 et
3700 4434 3774 4485 iu—

2205 4536 2366 4610 genio
2391 4536 2564 4592 Gallia
2590 4536 2660 4590 ab
2691 4533 2945 4590 hostibus
2987 4532 3271 4586 liberatur.
3312 4526 3452 4582 Cum
3479 4525 3648 4596 igitur
3672 4523 3774 4576 haec

2208 4632 2374 4688 factio
2405 4628 2769 4685 Thorsimodo
2793 4634 2847 4682 et
2881 4624 3075 4681 Gothis
3114 4622 3320 4693 perlata
3367 4618 3567 4674 fuisset
3612 4624 3665 4669 et
3707 4610 3773 4666 illi

2210 4724 2534 4795 promissam
2587 4719 2775 4776 Galliae
2827 4724 3037 4788 partem
3086 4712 3458 4784 requirerent,
3510 4704 3779 4762 urbiculus

2212 4830 2414 4870 aureus
2441 4813 2862 4883 quingeutarum
2882 4807 3142 4863 librarum
3182 4804 3248 4835 ¹⁶⁶
3294 4799 3527 4873 gemmis
3567 4803 3779 4883 ornatus

2213 4881 2623 4973 compositionis
2662 4915 2828 4955 causa
2858 4899 2938 4953 eis
2982 4897 3052 4953 ab
3101 4894 3221 4949 Etio
3261 4890 3671 4954 transmittitur,
3691 4881 3778 4953 qui

2211 5010 2382 5065 usque
2409 4993 2569 5048 hodie
2589 4992 2644 5045 in
2675 4988 2945 5045 thesauris
2987 4984 3289 5043 Gothorum
3328 4996 3430 5052 pro
3464 4987 3658 5033 ornatu
3696 4987 3781 5027 re-

2211 5094 2478 5143 servatur.

2284 5198 2460 5271 (Jour).
2495 5195 2610 5267 Μὴ]
2650 5194 2850 5249 Narrat
2885 5192 2948 5223 ¹⁶¹
2988 5189 3248 5246 Getarum
3282 5177 3784 5251 historia,Theod0-

2218 5293 2393 5347 ricum
2416 5289 2850 5360 Wisigotharum
2886 5299 3067 5354 regem
3100 5296 3130 5336 a
3158 5278 3542 5335 Valentiniano
3579 5271 3785 5345 juniore

1843 5409 2079 5467 VARUE
2119 5405 2521 5464 LECTIONES.

606 5538 674 5571 ’δ’
710 5553 767 5608 q.
792 5553 838 5591 r.
871 5552 923 5592 e.
953 5532 1134 5608 posteri
1157 5533 1436 5608 additng
1458 5533 1529 5586 ad
1562 5531 1702 5608 tatus
1737 5529 1930 5608 tegitur
1962 5526 2121 5596 eptis.

1302 5602 1441 5670 Quid
1465 5633 1537 5642 —
1561 5599 1851 5656 articulum
1898 5599 1959 5670 in,
1982 5612 2150 5665 marg.

538 5609 606 5642 ’⁵⁸
643 5604 755 5665 exi.
784 5604 1011 5665 Dlebous
1042 5607 1132 5660 c.?
1207 5604 1272 5635 ¹⁵²

538 5682 606 5713 ’⁵³
645 5681 704 5735 S.
730 5669 818 5732 W.
855 5696 900 5733 r.
926 5695 982 5750 q.
1025 5679 1080 5731 in
1116 5692 1181 5731 ea
1218 5691 1292 5750 nl;
1322 5669 1376 5729 έι
1421 5691 1473 5745 1)·
1613 5672 1651 5726 ί·
1698 5669 2078 5750 δῖερεέζδίνίρῖὥ

538 5753 607 5825 ’f'}
644 5750 887 5825 exceptis
1004 5763 1237 5825 occursu
1266 5747 1319 5825 in
1356 5744 1609 5825 margine.

543 5871 664 5948 teni
913 5871 1094 5944 vii-{5’
1125 5871 1313 5943 folium
1352 5888 1407 5941 in
1440 5871 1596 5958 signa
1635 5871 1675 5939 ὸ
1704 5899 1821 5954 qum
1868 5890 1981 5949 post
2032 5871 2345 5931 reservatur
2389 5871 2746 5942 superscripta

1720 5739 1785 5777 ’δν
1829 5739 1886 5793 S.
1921 5755 1966 5792 s.
2000 5739 2074 5792 iu.
2108 5750 2183 5789 m.

2202 5522 2268 5554 ι⁸⁰
2303 5518 2735 5591 superscriptum.
2817 5514 2881 5545 ¹⁵¹
2923 5510 3114 5591 Plures
3153 5542 3215 5550 —
3241 5509 3338 5564 lih.
3368 5506 3583 5591 suntin
3622 5515 3783 5591 marg.

2230 5592 2297 5624 η’*
2334 5578 2578 5661 Κεδρωιί
2595 5592 3001 5661 —-susceperat
3028 5583 3084 5635 in
3121 5598 3288 5661 marg.
3404 5579 3471 5609 ³⁸⁸
3508 5578 3559 5631 in
3583 5587 3782 5661 rasura.

2192 5663 2256 5695 ¹³τ
2291 5644 2347 5732 ⁴οζ
2394 5644 2445 5716 Ei
2583 5674 2633 5738 e_.
2671 5673 2724 5738 p.
2765 5657 2821 5709 in
2848 5644 3079 5736 rasura;
3117 5660 3204 5738 ut“
3316 5666 3366 5738 θ’.
3420 5644 3785 5738 superscripr

2254 5775 2267 5788 .
2291 5726 2365 5789 ne
2389 5733 2456 5786 ad
2492 5730 2556 5783 Α.
2588 5729 2641 5782 (1.
2673 5720 2732 5780 in
2770 5726 3065 5795 margine:
3122 5723 3204 5795 Λ¹⁶⁰
3242 5720 3307 5788 Q.
3341 5721 3379 5773 l.
3421 5720 3784 5795 superscriptq.

2833 5867 3102 5936 aben.’ur._

540 5818 604 5854 ¹⁶¹
1267 5781 1335 5870 'iiz
1645 5812 1762 5881 [alii
1810 5807 2163 5864 antecedentia
2213 5781 2456 5875 ieguntur
2507 5799 2715 5868 adjecta
2749 5781 2901 5919 8ὶῖηὸ
2928 5804 2989 5850 Θ.
3027 5791 3132 5847 Sed
3165 5811 3224 5847 ea
3257 5796 3359 5845 huc
3403 5790 3684 5861 pertinere,
3716 5781 3787 5831 d0

549 5903 657 5919 -..κο
712 5893 861 5919 ..η-1.,-
913 5890 1073 5919 Fumea
1126 5889 1312 5919 foli...“
1352 5888 1404 5919 ἓν.
1440 5887 1596 5919 cinnn
1635 5894 1675 5919 Ω
1705 5899 1821 5919 num
1868 5890 1981 5919 nnc!
2032 5886 2345 5919 vocor-vatur
2389 5871 2746 5919 srrnerscrinta
2813 5867 3076 5919 labentur.
