3932 6298
214 362 274 421 89
1393 356 1810 415 CHRONICON.
1841 388 1912 400 -—-
1940 355 2067 414 LIB.
2108 357 2146 414 I.
3372 361 3442 421 86

214 483 293 553 qui
314 479 541 551 regnavit
560 477 612 533 in
644 478 890 549 partibus
912 476 1222 534 Occidentis
1247 478 1316 534 ad
1351 494 1527 550 usque
1571 479 1756 535 hostes
1784 478 1832 535 Α
1858 476 2142 533 Hunorum
2175 476 2403 549 imperio
2427 476 2613 533 dirimi
2642 477 2850 550 potuit,
2879 476 2987 536 nisi
3036 446 3093 535 in
3150 492 3441 538 commune

213 573 490 628 Pannonios
518 573 821 639 incitatum,
858 582 1097 643 quatuor
1137 572 1264 628 ﬁliis
1308 572 1457 628 domi
1493 573 1756 642 dimissis,

211 681 317 720 cum
344 662 733 719 Thrasimundo
769 672 824 718 et
858 661 1192 719 Theoderico
1235 663 1303 721 ad
1348 664 1593 735 praelium
1633 680 1760 736 pro-

208 756 440 821 cessisse;
476 754 656 809 Etium
688 769 719 809 e
758 763 950 811 contra
1000 763 1148 810 tanta
1190 771 1324 811 cura
1374 764 1430 812 et
1470 756 1757 827 prudentia

206 845 509 917 processisse
532 846 745 901 obviam
776 846 989 913 Attalaa,
1013 854 1075 902 ut
1101 847 1371 903 inﬁnitum
1410 864 1603 920 agmen
1645 863 1756 904 non

205 938 357 1008 impar
371 947 694 994 occurreret.
720 938 927 994 Bellum
956 948 1133 1007 atrox,
1169 939 1468 1011 multiplex,
1495 939 1753 1008 immane,

200 1030 442 1100 pertinax,
476 1030 564 1085 cui
603 1030 781 1086 simile
824 1031 1035 1087 nullum
1094 1039 1282 1087 narrat
1330 1032 1648 1103 antiquitas,
1694 1041 1755 1088 ut

200 1121 383 1177 rivulus
405 1121 595 1176 humili
620 1122 738 1192 ripa
770 1123 1073 1193 praelabens
1112 1124 1378 1196 sanguine
1423 1125 1593 1180 nimio
1640 1134 1767 1191 tore

197 1213 345 1268 rentis
370 1228 517 1269 more
540 1214 850 1270 inundaret.
897 1213 1018 1281 Quo
1047 1214 1436 1284 Theodericus,
1460 1218 1591 1273 dum
1620 1234 1751 1274 suos

194 1304 422 1360 circuiret
453 1306 776 1373 adhortans,
806 1322 949 1377 equo
974 1307 1219 1378 dejectus
1248 1317 1303 1365 et
1339 1326 1564 1365 suorum
1592 1312 1747 1382 pedi-

194 1396 281 1451 bus
304 1399 646 1455 conculcatus
678 1400 844 1455 vitam
872 1399 1063 1455 ﬁnivit.
1108 1400 1228 1468 Quo
1273 1400 1419 1458 facto
1458 1402 1746 1476 Wisigothi

191 1488 329 1543 divisi
346 1488 412 1543 ab
432 1488 622 1544 Alanis
650 1490 856 1546 invasis
880 1490 1052 1546 Hunis
1074 1508 1213 1563 pene
1232 1492 1453 1549 Attilam
1478 1497 1747 1553 trucidas-

190 1586 309 1643 sent,
330 1579 430 1633 nisi
452 1594 519 1634 eo
547 1595 681 1635 suos
712 1580 854 1636 intra
884 1592 1037 1653 septa
1087 1592 1392 1640 castrorum
1434 1587 1744 1644 recludente

187 1683 278 1723 nox
325 1669 565 1740 praelium
621 1671 959 1738 diremisset,
1012 1674 1157 1744 quod
1206 1674 1352 1729 circa
1396 1692 1598 1732 nonam
1635 1676 1743 1733 diei

186 1760 353 1813 horam
376 1770 591 1831 ceptum
623 1771 775 1831 erat;
814 1764 908 1820 ubi
933 1773 1116 1821 tamen
1154 1766 1437 1823 obsidione
1462 1770 1741 1827 claudere-

184 1860 276 1916 tur,
295 1851 392 1906 nisi
435 1853 779 1910 obstitissent
830 1856 1098 1927 sagittarii
1147 1859 1348 1929 quibus
1386 1876 1445 1916 se
1488 1864 1736 1919 certatim

183 1942 441 1998 munierat.
468 1944 539 1999 At
571 1944 1015 2005 Thorismundus
1058 1950 1264 2007 curatis
1315 1954 1561 2025 exequiis
1605 1956 1737 2011 dum

180 2042 356 2101 patrem
380 2036 569 2092 ulcisci
593 2037 888 2107 desiderat,
906 2038 1091 2096 Etium
1115 2043 1245 2114 quid
1270 2055 1454 2118 ageret
1475 2048 1732 2105 consulit.

179 2122 262 2190 Qui
301 2135 540 2184 metuens
568 2144 639 2185 ne
668 2129 844 2187 Hunis
891 2131 1136 2191 funditus
1171 2139 1466 2208 peremptis
1494 2156 1525 2195 a
1562 2140 1734 2198 Wisi-

175 2216 326 2285 gothis
381 2217 693 2276 Romanum
759 2234 1096 2294 premeretur
1154 2228 1473 2299 imperium,
1531 2233 1735 2302 praebet

176 2308 434 2363 consilium
484 2321 546 2366 ut
583 2313 653 2368 ad
695 2315 903 2384 patrias
953 2316 1108 2373 sedes
1151 2320 1351 2376 rediret
1394 2338 1732 2396 regnumque

173 2398 422 2469 arriperet,
453 2418 522 2458 ne
556 2406 806 2474 germani
837 2407 956 2477 ejus
1000 2410 1242 2479 paternis
1285 2414 1483 2483 opibus
1525 2432 1729 2486 praere-

172 2490 259 2557 ptis
283 2506 503 2563 regnum
532 2495 877 2567 invaderent,
902 2508 957 2554 et
984 2502 1221 2572 graviter
1245 2520 1370 2560 cum
1403 2507 1519 2564 suis
1559 2525 1727 2581 quam

171 2593 273 2632 cum
293 2584 562 2640 extraneis
593 2598 880 2657 pugnaret.
905 2588 1021 2646 Hoc
1041 2607 1305 2663 responso
1326 2608 1548 2669 accepto
1568 2602 1728 2657 rediit

168 2669 445 2729 adGallias.
480 2672 606 2743 Qua
650 2677 988 2737 discessione
1022 2684 1187 2740 Attila
1229 2689 1466 2758 cognita,
1517 2692 1585 2746 ad
1634 2708 1726 2765 op-

168 2765 471 2829 pressionem
526 2767 905 2827 Romanorum
942 2774 1172 2831 intendit
1222 2787 1275 2833 et
1319 2778 1720 2850 Aquileiensem

166 2854 346 2912 obsedit
385 2858 604 2928 urbem,
665 2878 790 2933 quae
838 2873 923 2920 est
972 2870 1289 2940 metropolis
1346 2870 1715 2932 Venetiarum.

164 2940 571 3006 Thorismundus
594 2952 650 3006 in
677 2954 884 3025 campis
910 2955 1298 3027 Catalaunicis,
1324 2962 1416 3017 ubi
1437 2972 1492 3019 et
1512 2981 1719 3038 pugna-

163 3045 305 3128 verat,
327 3041 467 3113 regia
489 3043 781 3113 majestate
803 3046 1094 3106 subvectus
1109 3049 1363 3109 Tolosam
1393 3055 1711 3128 ingreditur.

1862 577 2043 639 optata
2077 570 2290 625 cunctis
2312 570 2626 627 nationibus
2653 571 2834 628 Attila:
2872 586 3024 628 mors
3064 573 3434 643 prmvcnisset.
3494 646 3499 649 _

1860 661 1993 728 Quae
2018 670 2130 716 tam
2152 661 2276 717 vilis
2303 660 2406 717 fuit
2449 670 2511 717 ut
2534 662 2644 717 vita
2678 662 2961 719 mirabilis.
2990 661 3126 719 Nam
3162 663 3291 720 dum
3316 673 3439 735 post

1859 752 2284 809 innumerabiles
2305 768 2503 809 uxores
2523 754 2760 825 puellam
2801 754 2907 809 sibi
2955 754 3220 825 sociasset
3274 764 3327 810 et
3379 754 3437 810 in
3507 745 3514 752 ’

1857 845 2065 916 nuptiis
2086 846 2361 901 hilaritate
2396 844 2566 901 nimia
2621 845 2895 902 resolutus
2948 847 3077 902 vino
3130 861 3437 919 somnoque

1854 945 2111 1010 gravatus
2138 944 2280 993 esset
2299 935 2697 1009 resupinusque
2714 937 2939 1008 jaceret,
2965 938 3187 1010 sanguis
3215 938 3308 1010 qui
3345 937 3434 991 in-

1855 1029 2129 1085 somniato
2155 1028 2223 1085 de
2253 1028 2479 1084 naribus
2512 1028 2739 1096 ﬂuebat,
2769 1030 2899 1085 dum
2930 1031 3207 1086 consuetis
3241 1030 3429 1085 meati-

1851 1121 1956 1178 bus
1991 1119 2285 1193 impeditur
2318 1120 2509 1176 itinere
2549 1118 2703 1177 ferali
2743 1120 2993 1177 faucibus
3035 1120 3259 1191 illapsus
3303 1122 3432 1176 dor-

1851 1212 2109 1267 mientem
2136 1213 2418 1268 extincxit.
2449 1210 2523 1267 De
2546 1227 2657 1282 quo
2678 1212 2733 1269 id
2753 1213 2985 1268 accessit
3004 1213 3430 1285 mirabile,un

1849 1302 2128 1360 Marciano
2150 1304 2380 1376 principi
2410 1303 2649 1360 Orientis
2676 1303 2742 1360 de
2771 1311 2882 1359 tam
2906 1302 3085 1360 feroci
3112 1305 3269 1360 hoste
3314 1306 3428 1360 sol-

1848 1394 1995 1452 licito
2015 1395 2269 1452 divinitas
2291 1396 2561 1452 adsistens
2581 1411 2769 1452 arcum
2784 1395 2960 1450 Attilae
2981 1394 3210 1451 fractum
3236 1397 3429 1471 eadem

1847 1497 2008 1544 nocte
2051 1489 2316 1556 ostendit,
2340 1497 2401 1543 ut
2433 1487 2656 1545 Priscus
2703 1487 2998 1544 historicus
3044 1486 3228 1542 refert.
3282 1486 3428 1543 Nece

1846 1589 2028 1637 autem
2058 1581 2177 1652 ejus
2205 1590 2502 1653 comperta,
2535 1581 2591 1636 in
2617 1581 2811 1637 mediis
2838 1579 3044 1650 campis
3064 1587 3118 1633 et
3136 1578 3279 1634 intra
3302 1586 3424 1633 teu-

1845 1674 1985 1731 toria
2019 1674 2194 1731 serica
2230 1674 2494 1731 cadavere
2536 1674 2714 1729 locato
2759 1672 3129 1744 spectaculum
3179 1670 3427 1725 mirabile

1841 1766 2106 1823 exibetur.
2132 1765 2266 1822 Nam
2282 1766 2349 1822 de
2382 1774 2497 1822 tota
2527 1763 2811 1820 Hunorum
2850 1771 3008 1837 gente
3047 1762 3174 1817 lecti
3214 1762 3423 1833 equites

1841 1859 2024 1915 locum
2046 1873 2157 1931 quo
2183 1866 2303 1914 erat
2324 1858 2538 1929 positus
2558 1857 2877 1923 ambientes,
2905 1854 3047 1911 facta
3093 1855 3213 1925 ejus
3260 1863 3421 1909 cantu

1838 1949 2068 2007 funereo
2096 1950 2586 2022 prosequebantur,
2613 1950 2885 2022 ingentem
2909 1947 3419 2004 commessationem

1839 2043 2174 2098 celebrantes
2202 2042 2518 2113 luctumque
2540 2039 2822 2097 funereum
2852 2041 3023 2095 mixto
3071 2040 3269 2112 gaudio
3322 2055 3420 2094 ex—

1836 2135 2120 2207 plicantes.
2145 2134 2389 2189 Cadaver
2419 2142 2601 2189 autem
2648 2133 2828 2188 loculo
2876 2133 3149 2189 inclusum
3180 2132 3420 2202 primum

1833 2242 1990 2294 auro,
2015 2226 2313 2283 secundum
2336 2236 2578 2298 argento,
2602 2227 2821 2282 tertium
2849 2225 2994 2281 ferro
3015 2226 3415 2291 communiunt,

1832 2321 1977 2392 quod
2016 2318 2161 2376 ferro
2194 2328 2383 2392 gentes
2410 2319 2733 2388 edomuerit,
2770 2319 2826 2374 in
2864 2334 3001 2375 auro
3049 2333 3181 2374 vero
3226 2327 3280 2373 et
3322 2333 3415 2373 ar-

1831 2421 1993 2485 gento
2022 2421 2275 2468 ornatum
2302 2412 2590 2484 utriusque
2624 2412 2703 2468 rei
2732 2413 2964 2483 publica:
2991 2411 3277 2482 acceperit.
3306 2410 3415 2465 Ad-

1827 2506 2033 2562 duntur
2079 2521 2231 2560 arma
2270 2506 2510 2561 hostium
2554 2504 2781 2561 cedibus
2827 2504 3102 2576 adquisita
3150 2502 3415 2573 falerique

1824 2597 1978 2653 vario
2002 2613 2341 2668 gemmarum
2395 2596 2604 2669 fulgore
2657 2597 2901 2669 pretiosi,
2949 2596 3151 2652 diversi
3193 2610 3413 2667 quoque

1823 2686 2285 2759 generisjnsignia
2302 2688 2500 2759 quibus
2514 2689 2734 2759 aliquod
2756 2688 3282 2759 decusjcolitur.!(Cf.
3308 2688 3406 2753 ἕδη

1821 2778 1936 2849 50.)
1969 2778 2036 2833 Et
2071 2787 2131 2833 ut
2175 2788 2253 2834 tot
2288 2780 2562 2850 tantisque
2611 2779 2813 2835 divitiis
2851 2780 3091 2835 humana
3137 2779 3406 2850 cupiditas

1819 2878 2101 2926 arceretur
2120 2912 2135 2938 ,
2168 2870 2297 2925 huic
2320 2871 2471 2942 operi
2494 2871 2782 2942 deputatos
2825 2871 3131 2927 detestabili
3157 2871 3406 2927 mercede

1816 2961 2179 3029 trucidarunt,
2210 2963 2532 3033 sepelientes
2567 2963 2774 3020 scilicet
2819 2971 2879 3018 ut
2926 2973 3071 3021 esset
3095 2980 3246 3021 mors
3291 2978 3407 3020 mo-

1817 3059 2105 3107 mentanea
2134 3052 2521 3124 sepelientibus
2543 3069 2669 3109 cum
2698 3054 2929 3124 sepulto.
2966 3052 3145 3109 Locus
3158 3070 3289 3110 veto
3316 3070 3404 3110 se-

163 3125 580 3235 Attila,.Aquile‘ia
607 3145 763 3206 capta
784 3145 840 3193 et
859 3140 1151 3197 crudeliter
1188 3145 1367 3203 diruta
1395 3125 1707 3219 (at-vastata,
1733 3173 1782 3235 rc
1815 3145 2045 3217 pultura:
2063 3144 2183 3216 ejus
2207 3144 2405 3202 ﬂuvius
2435 3146 2870 3201 immanissimus
2901 3145 2969 3201 ab
3007 3146 3160 3202 alveo
3195 3161 3296 3202 suo
3344 3147 3397 3201 in

160 3229 239 3309 per
262 3220 488 3292 reliquas
513 3222 787 3282 Venetum
818 3228 1065 3289 civitates
1105 3233 1457 3293 debachatur.
1504 3239 1711 3297 Medio-
1733 3220 1782 3235 ru
1816 3237 2157 3309 septuaginta
2182 3238 2331 3294 rivos
2363 3246 2642 3295 extensus.
2671 3237 2739 3294 Et
2762 3239 2855 3294 ubi
2878 3247 3026 3295 totus
3046 3238 3196 3294 ﬂuvii
3232 3240 3400 3294 inuri--

159 3306 314 3366 Ianum
347 3316 703 3381 subvertitur,
756 3318 1007 3379 Ticinum
1056 3324 1310 3396 diruitur,
1369 3329 1548 3387 vicina
1595 3334 1713 3391 loca

158 3400 437 3473 alliduntur,
462 3418 516 3463 et
538 3417 713 3465 totam
739 3428 877 3482 pene
906 3413 1114 3471 Italiam
1145 3417 1455 3478 demolitur.
1481 3421 1710 3481 Romam

155 3490 262 3547 dum
283 3494 502 3554 intendit
521 3504 882 3570 peraccedere
904 3514 958 3560 et
999 3523 1030 3562 a
1057 3509 1172 3565 suis
1200 3523 1508 3569 removetur
1527 3531 1710 3573 exem-

154 3582 226 3650 plo
243 3585 447 3646 Allarici
475 3592 657 3663 regis,
704 3596 850 3665 quod
898 3596 988 3653 ille
1036 3610 1159 3669 post
1205 3599 1432 3659 fractam
1476 3605 1705 3665 Romam

152 3687 242 3728 non
263 3677 345 3733 diu
378 3683 764 3754 supervixerit,
792 3686 902 3743 Leo
938 3705 1077 3760 papa
1124 3708 1221 3763 per
1262 3710 1320 3750 se
1354 3697 1422 3752 ad
1460 3714 1585 3754 eum
1616 3716 1706 3757 ac-

149 3766 361 3861 cessit,a
390 3787 502 3841 quo
541 3773 815 3833 delenitus
851 3778 993 3835 ultra
1019 3779 1326 3839 Danubium
1368 3796 1525 3857 pacta
1569 3805 1704 3861 pace

146 3852 383 3928 discessit,
416 3864 675 3934 gravium
708 3883 766 3923 se
796 3868 961 3926 Italiae
989 3872 1267 3931 illaturum
1305 3852 1447 3933 mala
1492 3852 1703 3938 denun-

145 3942 290 4039 cians,
316 3952 418 4007 nisi
445 3956 555 4011 sibi
585 3954 823 4015 Honoria
853 3960 1214 4020 Valentiniani
1244 3983 1499 4039 germana
1525 3971 1700 4030 Placi—

145 4033 227 4091 dia:
251 4040 349 4096 tilia
384 4060 510 4101 cum
549 4048 801 4116 portione
826 4068 991 4123 opum
1022 4033 1285 4127 regalium
1322 4060 1425 4116 sibi
1455 4063 1696 4121 mittere-

143 4132 240 4225 :an
274 4135 410 4203 quod
446 4138 517 4193 ab
544 4137 786 4196 Honoria
816 4152 870 4198 et
894 4146 1216 4217 requisitum
1250 4160 1384 4206 erat.
1420 4151 1552 4223 (1b.,
1579 4156 1695 4225 ιε.)

141 4213 196 4270 Et
211 4219 326 4277 dum
358 4225 569 4285 Alanos
592 4233 732 4287 ultra
766 4213 1002 4306 Ligerim
1035 4240 1398 4300 consistentes
1424 4213 1695 4303 sibi'tem;

139 4316 233 4375 piat
250 4315 514 4389 subigere,
541 4337 575 4375 a
613 4320 935 4397 Wisigothis
960 4345 1194 4399 quorum
1240 4333 1551 4396 intendebat
1596 4357 1692 4398 ex-

139 4405 377 4504 terminio,
400 4407 596 4504 A_lanis
623 4429 780 4484 opem
811 4416 1131 4491 ferentibus,
1154 4427 1379 4483 recessit
1402 4412 1684 4504 inglorius.

1813 3325 1976 3381 dabat
2001 3326 2254 3397 impetus,
2285 3327 2360 3384 ibi
2381 3329 2674 3400 sepulturae
2697 3338 2781 3385 est
2802 3329 3054 3396 traditus,
3079 3339 3133 3386 et
3175 3330 3361 3386 obstru
3377 3359 3396 3372 -

1812 3417 1914 3474 ctis
1949 3417 2080 3473 rivis
2101 3418 2301 3475 ﬂuvius
2336 3421 2490 3477 alveo
2513 3437 2615 3477 suo
2644 3430 2729 3478 est
2757 3421 3020 3479 redditus.

1879 3508 2054 3583 Igitur
2078 3511 2249 3568 Gallia
2272 3514 2341 3570 ab
2366 3512 2714 3572 infestatione
2737 3515 3025 3573 Hunorum
3055 3518 3128 3573 ita
3173 3518 3392 3589 quidem

1807 3613 1938 3659 tunc
1974 3605 2232 3675 temporis
2253 3605 2479 3662 liberata
2499 3616 2603 3663 est.
2632 3606 2799 3666 Pauci
2835 3609 2998 3665 etiam
3036 3609 3132 3681 qui
3171 3626 3390 3667 reman-

1805 3704 1990 3753 serant
2014 3694 2313 3753 Christiani
2342 3697 2582 3754 divinam
2604 3700 2867 3756 ultioncm
2890 3700 3039 3772 justc
3070 3702 3125 3756 in
3148 3716 3205 3757 se
3230 3716 3389 3758 exer-

1802 3789 1969 3844 citam
2007 3788 2251 3846 videntes
2278 3791 2732 3863 et‘propitiationi
2784 3793 2905 3863 ejus
2948 3793 3134 3849 animo
3183 3794 3389 3867 gratias

1803 3889 2047 3951 agentes,
2076 3882 2409 3953 exequendis
2435 3883 2706 3940 mandatis
2744 3883 2839 3940 Dei
2887 3886 3209 3957 promptiori
3264 3887 3390 3943 sub—

1799 3970 2075 4026 debantur'
2100 3973 2306 4029 animo.
2347 3972 2566 4047 [Bsnm]
2628 3973 2785 4033 Etius
2840 3992 3059 4048 quoque
3099 3978 3383 4049 patricius,

1798 4077 1993 4135 magna
2027 4064 2377 4122 occidentalis
2397 4066 2475 4122 rei
2508 4066 2740 4137 publica:
2768 4068 2918 4125 salus
2943 4077 2998 4124 et
3027 4068 3170 4141 regis
3205 4069 3385 4125 Attila:

1796 4158 1992 4221 terror,
2015 4171 2047 4210 a
2074 4154 2454 4213 Valentiniano
2476 4173 2641 4214 manu
2670 4163 2888 4234 propria
2934 4162 3130 4219 fraude
3161 4165 3383 4236 perimi-

1794 4250 1902 4301 tur.
1930 4244 2033 4312 Qui
2064 4256 2252 4317 postea
2295 4263 2327 4303 a
2360 4250 2576 4307 duobus
2616 4250 2729 4309 Etii
2773 4253 3214 4314 familiarissimis
3250 4260 3381 4316 dolo

1793 4333 2013 4391 Maximi
2043 4337 2362 4396 interfectus
2388 4348 2475 4396 est
2504 4356 2657 4397 anno
2680 4343 2893 4415 imperii
2920 4347 3008 4402 sui
3053 4347 3144 4415 '50,
3165 4366 3311 4405 anno
3343 4354 3377 4406 4

1791 4425 2073 4483 Marciani.
2112 4427 2331 4504 [πλείω]
2358 4429 2459 4487 Cui
2489 4433 2788 4491 succedens
2816 4434 3087 4495 Maximus
3110 4447 3377 4512 tyrannus
3424 4476 3431 4481 -

137 4487 246 4604 illi“
271 4496 379 4571 44.)
424 4500 869 4604 Thorismundus
893 4526 1025 4604 ergo
1066 4487 1241 4573 Hunis
1283 4487 1529 4593 devictis,
1555 4487 1687 4596 ι)εῷ
1719 4520 1763 4576 D
1788 4521 2036 4576 relictam
2060 4487 2430 4580 Valentiniani
2456 4525 2557 4582 sibi
2584 4526 2751 4583 duxit
2784 4543 3032 4598 uxorem,
3082 4487 3157 4588 et;
3178 4487 3376 4604 quam;

134 4596 326 4683 suorum
351 4596 683 4667 composita,
713 4601 866 4669 obiit,
891 4602 1258 4665 Theodericus
1279 4610 1448 4669 frater
1465 4632 1684 4677 succes-

131 4678 204 4770 sit.
242 4678 337 4778 Qui
364 4683 677 4745 Reciarium
719 4691 1020 4752 Suevorum
1054 4714 1235 4772 regem
1273 4704 1327 4759 in
1364 4705 1680 4778 Hispaniam

130 4768 437 4873 Elit'adfntem
461 4778 772 4873 auxiliariis
804 4781 1088 4843 Gundioco
1110 4768 1165 4844 et
1200 4768 1507 4863 Chilperico
1544 4802 1682 4873 regi-

120 4851 213 4962 bh‘tts
251 4857 697 4962 Ilurgundionum
740 4889 915 4945 usque
962 4877 1030 4932 ad
1081 4851 1503 4943 internecionem

125 4951 307 5019 stravit,
333 4972 400 5013 eo
429 4973 751 5034 perempto;
775 4967 865 5021 cui
899 4967 1300 5032 Recismundus
1322 4979 1424 5033 sub
1470 4951 1675 5040 Gotho-

124 5048 225 5131 mtn
243 5042 483 5103 dominio
506 5054 789 5109 successit.
820 5055 951 5127 (1b.,
974 5058 1088 5131 Π.)
1101 5059 1168 5115 Et
1191 5061 1557 5127 Theodericus
1575 5088 1672 5129 oc-

121 5127 302 5224 cubuit,
328 5134 532 5194 Eurico
554 5139 722 5198 fratre
744 5145 794 5201 ei
817 5127 1161 5219 succedente,
1188 5154 1280 5224 qui
1314 5156 1592 5216 Arelatum
1620 5127 1675 5218 et

120 5211 384 5321 Massiliam
425 5232 661 5302 propria:
691 5237 930 5294 subdidit
973 5211 1337 5317 dicioni-(Ib.

1788 4628 1975 4669 mense
1993 4615 2228 4671 tumultu
2254 4618 2476 4674 militari
2493 4618 2781 4689 occiditur,
2800 4624 3148 4697 succeditque
3160 4627 3377 4700 Avitus,

1787 4720 1819 4760 a
1844 4704 2125 4763 Gallicano
2149 4711 2391 4786 exercitu
2418 4711 2599 4782 primo
2622 4711 2819 4769 Tolosa
2851 4730 2883 4770 a
2921 4715 3132 4786 Gothis,
3174 4719 3381 4781 ἀθιιὶων

1784 4798 1927 4868 apud
1956 4799 2233 4856 Arclatum
2260 4812 2527 4875 angustus
2554 4806 2873 4876 appellatus.
2898 4805 3002 4873 Qui
3031 4810 3199 4866 tertio
3222 4826 3368 4867 anno

1782 4889 2012 4959 imperio
2033 4899 2086 4946 et
2114 4891 2224 4947 vita
2272 4895 2469 4964 caruit,
2519 4905 2575 4952 et
2627 4895 2937 4955 Marcianus
2986 4904 3361 4960 monarchiam

1781 4981 2036 5051 optinuit.
2064 4980 2186 5049 Quo
2206 4995 2424 5042 mortuo
2457 5002 2605 5043 anno
2644 4989 2714 5044 ab
2733 4989 3109 5050 incarnatione
3143 4994 3361 5054 Domini

1778 5071 1904 5140 457,
1933 5071 2265 5145 Majorianus
2288 5077 2349 5134 in
2370 5075 2521 5133 Italia
2565 5088 2619 5134 et
2663 5079 3191 5158 Constantinopolim
3248 5089 3360 5147 Leo

1777 5164 1993 5233 augusti
2017 5166 2377 5236 appellantur.
2404 5167 2565 5227 Anno
2600 5171 2765 5243 igitur
2800 5174 2868 5207 “’
2888 5176 2959 5234 ab
2983 5177 3358 5239 incarnatione

1776 5253 1990 5348 Domini
2008 5257 2139 5348 3555,
2164 5267 2455 5330 antequam
2485 5261 2677 5320 Avitus
2696 5265 2993 5338 imperator
3010 5270 3184 5340 ﬂeret,
3211 5273 3357 5348 Cay—

118 5316 811 5423 ffﬁnﬂiqttead-tetnpus
836 5328 1180 5423 Theodemiri
1227 5338 1371 5408 regis
1410 5316 1669 5415 ostrogo-
1771 5346 1979 5405 scricus
2005 5316 2394 5407 Wandalorum
2420 5369 2517 5409 rex

545 5416 613 5449 ¹⁶²
737 5422 967 5526 omnino
983 5425 1241 5526 subjectis
1272 5438 1328 5485 et
1352 5430 1530 5489 Attilae
1563 5396 1669 5490 iin-
1770 5438 1984 5506 tiniani,
2007 5437 2234 5496 Romam
2261 5443 2580 5515 ingreditur,
2594 5396 2916 5523 ὀίεαιυὲξῖιέ
3148 5396 3350 5515 n33:—

116 5499 244 5555 Ιιεηο
268 5504 603 5567 parentibus.
627 5506 736 5566 Nec
759 5511 917 5568 aliter
952 5515 1132 5587 aliqua
1166 5534 1299 5590 gens
1334 5521 1569 5581 Scithica
1593 5528 1665 5582 ab
1769 5499 2249 5591 norum'Aﬂ’ricam

1357 5653 1586 5711 VARle
1626 5658 1917 5718 LECTION
1925 5663 2029 5718 ES.

176 5756 230 5785 ¹⁶ί
265 5760 454 5822 Gothis
486 5800 553 5809 —
578 5784 663 5829 est
693 5777 932 5835 redditus
959 5781 1012 5836 in
1044 5800 1209 5856 marg.
1295 5786 1359 5819 “3
1398 5787 1528 5844 Post
1566 5790 1674 5847 Iure
1711 5794 1815 5847 tria
1850 5794 1957 5866 fere
1990 5798 2237 5856 vocabula
2261 5821 2437 5861 erasa.
