3932 6298
556 348 628 408 87
1542 327 1857 387 HUGONIS.
1877 322 2170 383 ABBATIS
2206 317 2775 379 FLAVINIACENSIS
3705 319 3761 377 δε

558 465 764 520 ειῑιιεεῑ
782 457 890 515 Etii
912 456 1117 529 patritii
1139 452 1310 509 filium
1326 446 1684 507 Gaudentium
1702 457 1888 499 secum
1910 440 2137 496 habens.
2167 450 2215 507 Α
2240 445 2293 493 et
2317 436 2523 509 junctis
2554 432 2877 505 Wisigotbis
2905 430 3107 488 Gallias
3135 444 3237 486 suo
3260 429 3383 529 jure
3406 427 3646 496 defendit,
3666 447 3762 503 que

557 552 741 631 llSID.]
774 549 1036 623 Regnavit
1057 545 1380 619 Gaysericus
1404 557 1455 596 a.
1479 539 1570 606 37,
1598 552 1674 592 ω.
1702 537 1760 604 5,
1788 544 1846 590 et
1870 548 1938 589 eo
1982 547 2132 587 mor-

560 661 657 707 tuo
691 644 956 704 successit
981 638 1303 697 Honorieus.

627 778 808 853 (Ione.
841 777 961 850 50.}
993 775 1160 847 Igitur
1191 770 1258 802 ⁸⁸⁸
1288 776 1505 824 mortuo
1536 765 1723 832 Attila,
1750 763 1877 819 dum
1911 774 2133 853 succes:

552 849 714 928 soi-es
740 872 862 942 ejus
907 849 1085 925 cuncti
1131 864 1399 933 imperare
1439 857 1688 929 cupiunt,
1739 869 1930 910 omnes
1971 849 2134 907 simul

554 961 847 1033 imperium
871 956 1238 1030 perdiderunt.
1275 950 1571 1007 Ardaricus
1594 947 1761 1012 enim,
1806 943 2133 1000 Gebidarnm

548 1067 653 1109 rex
689 1048 1106 1113 famosissimus,
1128 1055 1320 1100 contra
1349 1041 1491 1097 ﬁlios
1516 1039 1695 1094 Attila:
1718 1036 1928 1109 primus
1952 1035 2135 1090 insur-

553 1144 652 1215 git,
683 1151 736 1197 et
755 1140 954 1196 bellum
975 1137 1333 1199 commissum
1367 1143 1451 1190 est
1480 1133 1535 1188 in
1578 1130 1858 1187 Pannonia
1895 1143 2132 1185 concur-

543 1233 798 1289 rentibus
838 1231 1095 1303 gentibus
1144 1227 1316 1284 variis
1348 1226 1549 1298 quibus
1601 1224 1768 1281 Attila
1820 1222 2134 1277 dominatus

546 1322 749 1390 fuerat,
764 1322 981 1387 Gothis,
995 1320 1237 1386 Gebidis,
1257 1317 1468 1384 Suevis,
1484 1315 1679 1382 Hunis,
1699 1314 1908 1381 Alanis,
1928 1312 2130 1376 Erulis,

548 1431 785 1485 quorum
835 1414 1056 1486 triginta
1093 1412 1245 1467 milia
1278 1410 1525 1466 Ardarici
1562 1408 1774 1480 gladius
1823 1405 2129 1471 interemit;

542 1505 743 1575 reliqui
762 1503 1042 1575 fugantur.
1072 1500 1130 1556 In
1159 1500 1227 1533 ¹⁶⁸
1250 1516 1316 1556 eo
1357 1500 1544 1571 praelia
1593 1498 1724 1553 Elac
1771 1498 1947 1567 major
1987 1495 2133 1551 filius

546 1596 729 1650 Attilae
751 1595 1040 1662 occiditur,
1065 1592 1258 1663 reliqui
1288 1590 1545 1664 fugantur
1576 1591 1732 1661 juxta
1761 1590 1893 1644 litus
1920 1586 2133 1643 Pontici

550 1686 744 1753 maris,
772 1685 866 1740 ubi
921 1686 1074 1756 prius
1116 1683 1439 1740 Gotthorum
1489 1683 1646 1737 sedes
1695 1679 1864 1736 fuere.
1915 1676 2136 1749 Gepida:

2236 544 2267 583 a
2293 528 2488 582 vicinis
2518 526 2769 599 gentibus
2810 524 3215 595 premebantur.
3264 521 3578 577 Theodemir
3616 530 3761 578 autem

2232 618 2572 675 Pannoniam
2597 616 2800 672 invadit
2828 626 2883 671 et
2903 614 3370 680 Thessalonicam,
3417 622 3470 668 et
3517 612 3581 668 ab
3613 612 3765 668 Ylario

2233 709 2460 781 patricio
2494 708 2816 764 muneribus
2846 706 3079 777 sumptis
3106 706 3227 760 loca
3250 718 3371 775 qua:
3391 702 3665 757 incolerent
3689 718 3762 758 ac-

2234 798 2443 868 cipiunt
2469 796 2656 868 sicque
2684 796 2994 868 quiescunt.
3021 792 3347 848 Theodemir
3372 791 3532 856 obiit,
3557 789 3763 847 Theode-

2232 890 2406 944 ricum
2456 889 2770 959 relinquens
2822 886 3096 951 heredem,
3129 892 3192 939 ut
3222 883 3422 939 dictum
3461 891 3561 948 est,
3587 881 3766 938 Zenone

2233 979 2551 1051 imperante.
2579 977 2711 1049 (o'b.,
2745 976 2859 1048 57.)
2902 977 2948 1030 A
2998 991 3109 1047 quo
3152 975 3518 1030 Theodericus
3550 973 3766 1028 invitatus

2230 1080 2286 1127 et
2315 1072 2507 1129 consul
2536 1070 2714 1126 factus
2741 1079 2796 1126 et
2826 1070 2882 1124 in
2933 1069 3105 1124 filium
3159 1068 3465 1138 adoptatus,
3489 1066 3673 1120 missus
3702 1073 3767 1120 est

2233 1161 2461 1218 Romam
2494 1161 2561 1217 ad
2590 1160 2930 1217 liberandum
2964 1176 3085 1215 eam
3108 1175 3139 1214 a
3171 1158 3455 1230 tyrannide
3475 1157 3607 1227 regis
3627 1155 3766 1210 Thor-

2231 1254 2553 1325 eilingorum
2578 1262 2632 1307 et
2664 1251 2945 1325 Rugorum
2979 1269 2993 1305 :
3024 1266 3190 1321 quam
3221 1258 3276 1305 et
3320 1250 3489 1303 tercio
3534 1247 3769 1318 ingressus

2231 1343 2318 1398 sui
2349 1344 2403 1397 in
2432 1341 2639 1397 Italiam
2670 1358 2815 1397 anno
2838 1340 3091 1411 optinuit,
3123 1348 3179 1395 et
3212 1340 3361 1411 regio
3391 1347 3667 1393 coronatus
3703 1347 3770 1392 est

2230 1434 2554 1501 diademate,
2578 1432 2795 1488 Alarico
2832 1447 2997 1500 super
3033 1429 3379 1500 Wisigothos
3419 1436 3679 1500 regnante,
3702 1426 3767 1479 Si-

2228 1529 2524 1600 gismundo
2559 1527 2611 1581 in
2641 1524 3094 1598 Burg-andiakqui
3134 1532 3188 1579 et
3214 1524 3333 1595 ejus
3361 1522 3526 1577 filiam
3560 1521 3769 1589 habebat,

2228 1618 2503 1674 Clodoveo
2534 1619 2586 1673 in
2621 1617 2876 1683 Francia,
2910 1614 3254 1671 Ermenfrido
3284 1616 3337 1669 in
3365 1613 3639 1683 Toringia,
3661 1610 3769 1669 Tra—

2230 1695 2502 1765 samundo
2551 1725 2715 1779 super
2764 1707 3081 1762 Wandalos.
3134 1706 3279 1777 (1b.,
3313 1704 3436 1775 58.)
3469 1703 3542 1759 De
3594 1702 3771 1757 Alarico

548 1779 986 1884 ﬂagra-Qad“:
1006 1779 1143 1884 θξξδδ
1167 1784 1589 1884 (Ῐθίξυῐξίξῖξθηωίβ
1606 1775 1768 1884 (gmw
1790 1772 2123 1884 Pannojias'
2160 1825 2201 1884 Β
2231 1810 2394 1857 natus
2419 1809 2505 1856 est
2531 1772 2892 1856 Anialaricus.
2919 1798 3023 1866 Qui
3052 1772 3178 1854 cum
3207 1772 3463 1869 regnaret
3489 1796 3539 1850 in
3561 1794 3707 1849 Gallia
3730 1801 3772 1847 et

550 1868 693 1965 ξίυιξί
733 1866 1197 1965 Πξίνξῗυηξξλιίληί
1249 1867 1520 1965 δθδίίίθηξ
1564 1864 1899 1965 inferiore}?
1961 1862 2125 1965 Efma
2160 1862 2201 1884 υ
2229 1892 2522 1965 Ilispania,
2556 1909 2587 1948 a
2621 1892 2848 1949 Francis
2889 1862 3031 1962 apud
3082 1862 3445 1946 Barcinonam
3484 1894 3771 1959 peremptus,

542 1958 734 2028 junior
757 1957 936 2012 Attilae
956 1957 1099 2012 filius
1130 1965 1426 2011 extremam
1450 1946 1678 2010 minoris
1703 1953 1922 2010 Scithire
1943 1953 2124 2008 sedem

549 2049 657 2104 sibi.
675 2049 903 2119 accepit,
922 2056 977 2103 et
1000 2048 1192 2104 habuit
1207 2047 1483 2103 Marciano
1512 2048 1832 2118 imperante.

618 2160 817 2220 Beatus
846 2163 1030 2233 itaque
1048 2163 1395 2229 Pulcronius,
1425 2163 1578 2219 urbis
1601 2163 1892 2219 Clavorum
1922 2160 2128 2232 episco-

543 2269 671 2325 pus,
695 2271 859 2310 cursu
884 2256 1007 2310 vitae
1032 2265 1414 2323 consummato
1456 2256 1710 2311 discessit
1752 2254 1788 2308 2
1822 2253 1939 2309 Kal.
1997 2251 2121 2307 Mai.

538 2354 601 2400 ,ιιι
627 2345 877 2417 migravit
899 2348 966 2402 ad
998 2346 1314 2403 Dominum.
1361 2347 1576 2417 Corpus
1624 2345 1745 2415 ejus
1797 2344 1852 2399 in
1894 2344 2122 2399 ecclesia

546 2436 982 2492 sanetiAmantii
1010 2437 1229 2492 nomine
1263 2438 1469 2492 honore
1490 2436 1667 2491 dicata
1694 2432 1965 2504 sepultum
1995 2440 2078 2486 est
2109 2450 2123 2485 :

544 2527 674 2586 licet
693 2546 725 2584 a
748 2530 936 2585 multis
958 2530 1301 2600 astipuletur,
1326 2530 1522 2585 timore
1566 2527 1805 2582 hostium
1853 2525 2123 2596 sepultum

542 2635 671 2676 eum
696 2622 854 2692 juxta
878 2622 1024 2678 viam
1055 2621 1351 2692 publicam,
1393 2621 1520 2691 quia
1572 2620 1627 2674 in
1678 2618 1809 2688 ipsis
1855 2617 2123 2671 bellorum

544 2713 874 2770 tumultibus
911 2723 1100 2785 raptus
1123 2713 1214 2780 sit,
1240 2729 1307 2770 ne
1338 2713 1546 2769 videret
1578 2709 1962 2767 exterminium
1992 2708 2125 2764 civi-

542 2805 671 2860 tatis
701 2814 758 2860 et
784 2805 994 2876 populi,
1020 2815 1073 2861 et
1102 2814 1288 2876 postea
1324 2803 1723 2861 rarescentibus
1764 2802 1921 2857 bellis
1960 2816 2126 2871 super

538 2912 669 2951 eum
719 2897 968 2953 editicata
1014 2897 1086 2952 sit
1127 2898 1356 2953 ecclesia
1391 2912 1419 2951 a
1454 2895 1590 2953 viris
1628 2894 1915 2950 timoratis.
1974 2890 2125 2948 Unde

543 2996 736 3057 postea
766 2988 998 3043 evolutis
1035 2988 1242 3058 aliquot
1284 2987 1443 3043 annis
1489 2996 1627 3041 nutu
1667 2985 1853 3040 divino
1887 2985 2123 3039 levatum

542 3079 618 3134 sit
642 3079 1073 3136 sacratissimum
1101 3094 1299 3151 corpus
1323 3078 1471 3150 ejus,
1494 3087 1548 3133 et
1588 3078 1643 3132 in
1685 3077 1912 3133 ecclesia
1950 3076 2123 3132 sancti

543 3170 695 3229 Petri
722 3182 781 3228 ut
804 3180 1054 3228 sanctum
1089 3172 1271 3227 decuit
1295 3170 1592 3227 honorifice
1607 3168 1964 3224 reconditum.
1985 3167 2124 3223 Sue-
2148 3162 2194 3222 C

542 3264 711 3320 cessit
745 3264 796 3318 ei
822 3273 1045 3325 sanctus
1064 3262 1376 3328 Possessor,
1400 3263 1466 3317 de
1499 3278 1609 3334 quo
1631 3270 1840 3319 certum
1863 3262 2128 3318 habemus

543 3354 671 3425 quia
706 3355 919 3430 placuit.
937 3354 1051 3409 Deo
1068 3363 1123 3410 et
1152 3354 1407 3411 inventus
1434 3363 1517 3410 est
1531 3354 1734 3425 justus.
1771 3350 1916 3408 Obiit
1939 3360 1994 3407 et
2014 3353 2128 3423 ipse

544 3461 734 3501 mense
763 3445 1113 3512 Decembrio,
1139 3445 1227 3500 die
1269 3444 1468 3516 primo,
1492 3455 1546 3502 et
1598 3445 1653 3500 in
1688 3444 1919 3502 ecclesia
1951 3446 2127 3501 sancti

540 3532 690 3597 Petri
714 3535 960 3605 sepultus
998 3534 1083 3586 ⁸⁸⁸.
1124 3533 1199 3589 De
1222 3542 1411 3590 sancta
1442 3549 1631 3591 eorum
1662 3534 1922 3589 memoria
1948 3534 2126 3589 hocin

544 3634 762 3696 patrum
813 3626 1029 3698 scriptis
1067 3626 1397 3694 invenimus,
1442 3626 1586 3698 quod
1612 3624 1889 3697 (Dcncsnn
1927 3625 1991 3682 G.
2043 3644 2123 3699 ep.

558 3717 731 3791 Vird.)
752 3735 940 3774 eorum
969 3719 1159 3774 merita
1192 3718 1304 3774 Deo
1327 3717 1526 3774 fuerint
1548 3728 1719 3791 grata,
1738 3727 1793 3774 et
1815 3720 1956 3775 inter
1982 3719 2127 3775 cives

545 3821 857 3867 sanctorum
901 3811 1002 3881 ipsi
1029 3811 1230 3867 fuerint
1259 3812 1620 3868 annumerati.
1661 3810 1977 3866 Celebratur
2012 3811 2127 3866 dies

547 3902 924 3958 translationis
948 3902 1229 3958 annuatim
1289 3899 1490 3958 celebri
1536 3901 1799 3956 memoria
1848 3902 1883 3956 4
1943 3900 2128 3958 Nonas

545 3994 694 4049 Maii.

616 4100 794 4176 [Ιοιιυ.
829 4102 953 4176 55,Ῑ
1010 4102 1464 4175 Ostrogotborum
1520 4105 1587 4139 ‘"
1633 4112 1813 4161 autem
1859 4120 1953 4160 rex
2004 4113 2129 4176 post

548 4193 913 4251 Walamerem
940 4194 1265 4253 Theodemir
1282 4195 1408 4265 fuit,
1437 4206 1491 4252 et
1518 4204 1642 4269 post
1668 4212 1793 4252 eum
1830 4196 1973 4253 filius
2006 4197 2125 4267 ejus

545 4287 921 4345 Theodericus
946 4288 1049 4345 fuit
1076 4305 1171 4346 rex
1205 4290 1638 4361 potentissimus.
1689 4290 1795 4358 Qui
1854 4272 2124 4348 annorum

541 4391 749 4453 septem
774 4382 927 4453 pacis
960 4369 1124 4440 obses
1144 4381 1421 4440 Marciano
1452 4384 1697 4439 redditur
1724 4393 1781 4439 et
1814 4383 2127 4447 Constanti-

530 4473 786 4561 .uopolim
810 4473 890 4537 ad
921 4472 1159 4529 Leonem
1207 4474 1448 4530 ducitur.
1496 4472 1618 4540 Quo
1667 4482 1913 4545 tempore
1961 4473 2123 4530 Gothi
2157 4506 2200 4561 ι)

541 4560 733 4618 Hunos
759 4577 935 4633 usque
968 4564 1036 4618 ad
1067 4563 1493 4619 internecionem
1534 4571 1803 4629 sternunt,
1844 4563 2122 4621 Scirorum

541 4662 756 4724 gentem
793 4653 1128 4709 deleverunt.
1154 4652 1276 4723 Quo
1302 4654 1489 4724 praelia
1542 4653 1807 4709 Walamir
1848 4657 2127 4723 occubuit,

540 4752 596 4797 et
622 4759 655 4798 a
677 4741 1003 4799 Teodemiro
1034 4742 1202 4800 fratre
1220 4744 1341 4815 ejus
1373 4744 1559 4813 Suevi,
1587 4744 1873 4815 Sarmatae,
1910 4746 2125 4819 chidtc

541 4842 599 4889 et
624 4835 783 4890 Alani
810 4843 1093 4899 vastantur
1119 4843 1176 4890 et
1204 4835 1591 4905 subjiciuntur,
1613 4845 1667 4907 et
1691 4852 1723 4892 a
1751 4836 1931 4894 Leone
1958 4839 2127 4910 impe-

540 4935 724 4983 ratore
740 4928 896 4984 ﬁlius
904 4928 956 4984 ei
976 4927 1247 4984 redditur.
1267 4926 1406 5000 (10.,
1419 4928 1532 5000 56.)
1557 4927 1882 4986 Theodemir
1902 4929 2123 4987 fratrem

540 5035 704 5076 suum
734 5019 1002 5076 Widimer
1027 5020 1094 5076 ad
1114 5019 1324 5087 Italiam
1349 5020 1554 5093 dirigit,
1581 5020 1673 5076 ubi
1698 5021 1786 5077 ille
1814 5021 2127 5096 defungitur

541 5114 797 5170 heredem
822 5113 908 5169 sui
934 5113 1174 5168 nominis
1201 5113 1533 5186 relinquens,
1560 5114 1655 5185 qui
1685 5115 1897 5187 magnis
1928 5131 2121 5172 mune-

536 5205 693 5263 ribus
713 5221 745 5260 a
770 5204 1016 5261 Glicerio
1030 5203 1357 5275 imperatore
1379 5206 1647 5278 susceptis
1668 5207 1733 5262 ad
1757 5205 1957 5264 Gallias
1977 5208 2125 5263 venit

2228 2003 2456 2059 regnum
2508 2002 2632 2043 cum
2687 1986 2797 2041 vita
2840 1985 3043 2041 amisit.
3106 1983 3345 2054 Postque
3391 1983 3447 2037 in
3496 1978 3772 2050 Wisigothis

2228 2085 2467 2142 Theudis
2498 2100 2752 2157 regnans,
2777 2082 2917 2154 Agili
2940 2097 3166 2153 regnum
3194 2080 3625 2149 reliquit,eontra
3641 2089 3771 2146 quem

2225 2175 2619 2247 Athanagildus
2654 2191 2778 2229 cum
2808 2172 3029 2228 Liberio
3064 2171 3293 2242 patricio
3318 2169 3672 2224 Romanorum
3704 2165 3769 2218 in-

2227 2270 2479 2325 surrexit.
2501 2266 2676 2339 Super
2706 2265 3065 2337 Ostrogothas
3088 2280 3216 2319 vero
3241 2264 3295 2317 in
3320 2262 3476 2317 Italia
3497 2268 3612 2332 post
3631 2257 3773 2313 Theo-

2225 2362 2469 2418 dericum
2511 2360 2858 2415 Athalaricus
2898 2358 3045 2413 filius
3091 2357 3186 2413 ﬁlii
3241 2356 3360 2426 ejus
3415 2354 3664 2426 regnavit,
3700 2349 3770 2404 cui

2228 2451 2494 2507 successit
2523 2449 2857 2506 Theodatus.
2880 2448 3003 2515 Quo
3030 2447 3262 2519 dejecto,
3286 2445 3509 2517 Witigis
3537 2459 3625 2499 rex
3647 2456 3769 2496 erea-

2229 2550 2335 2609 tur,
2359 2540 2412 2596 in
2441 2556 2552 2612 quo
2582 2542 2797 2596 finitum
2840 2547 2926 2597 est
2974 2552 3204 2610 regnum
3254 2545 3309 2592 et
3353 2535 3521 2593 cessit
3565 2534 3771 2589 Romano

2226 2632 2474 2705 imperio.

2296 2724 2604 2781 Redeamus
2627 2724 2741 2797 jam
2777 2725 2845 2782 ad
2896 2725 3277 2781 successiones
3328 2723 3699 2795 imperatorum
3731 2725 3772 2776 et

2225 2820 2548 2891 pontificum
2607 2818 3002 2874 Romanorum.
3048 2817 3385 2889 Majorianus
3436 2816 3621 2888 quinto
3658 2825 3773 2866 anno

2226 2912 2379 2983 regni
2411 2910 2497 2967 sui
2522 2911 2848 2967 interficitur
2872 2910 3060 2966 Romae
3089 2917 3281 2966 contra
3302 2904 3600 2962 Wandalos
3624 2900 3772 2975 profe-

2228 3012 2375 3059 ctum
2406 3001 2702 3071 faciens,et
2726 3002 2982 3058 Antimus
3012 3002 3308 3073 imperator
3327 2999 3576 3064 efﬁcitur,
3610 2990 3773 3050 anno?

2228 3091 2427 3151 Leonis
2452 3093 2819 3167 imperatoris.
2845 3092 2979 3164 (1b.,
3001 3093 3389 3164 45.)Antimus
3421 3090 3488 3123 “'
3524 3089 3775 3159 imperator

2229 3202 2261 3241 a
2301 3185 2586 3241 Recimero
2628 3201 2827 3258 genero
2866 3201 2968 3241 suo
2998 3185 3142 3239 bello
3182 3183 3445 3239 intestino
3485 3185 3774 3253 peremptus,

2229 3294 2457 3349 regnum
2480 3270 2705 3349 reliquit
2732 3277 2912 3334 Avito.
2944 3275 3051 3344 Qui
3087 3278 3232 3332 ultro
3282 3276 3543 3330 recedens
3584 3271 3773 3326 Placen-

2228 3370 2318 3424 tiae
2344 3360 2634 3440 episcopus
2673 3368 2870 3437 factus,
2894 3385 3120 3442 regnum
3161 3368 3322 3440 liquit
3360 3366 3584 3422 Olibrio.
3614 3362 3673 3417 Et
3707 3359 3775 3415 hic

2230 3463 2533 3533 spadonum
2564 3462 2790 3519 ensibus
2813 3460 3089 3517 occubuit.
3122 3458 3188 3513 Et
3219 3456 3490 3512 Glicerius
3521 3454 3650 3526 apud
3691 3450 3776 3504 Καί

2229 3570 2460 3609 vennam
2492 3569 2662 3609 caesar
2693 3552 2891 3621 factus,
2915 3569 2945 3607 a
2981 3549 3278 3606 Marcellini
3312 3548 3522 3603 sororis
3554 3545 3657 3600 filio
3688 3536 3774 3593 Nc-

2229 3655 2355 3716 pote
2381 3646 2467 3700 vix
2507 3661 2653 3702 anno
2674 3654 2867 3701 exacto
2893 3644 3183 3715 episcopus
3219 3641 3509 3698 ordinatur
3555 3641 3606 3693 in
3646 3642 3776 3706 portu

2230 3735 2496 3793 Romano.
2556 3736 2624 3793 Et
2669 3735 2852 3807 Nepus
2907 3734 3121 3806 fugiens
3176 3731 3451 3797 Orestem,
3500 3727 3591 3799 qui
3638 3725 3773 3779 filium

2229 3846 2390 3886 suum
2440 3830 2804 3903 Augustulum
2863 3828 3008 3898 apud
3059 3826 3375 3881 Ravennam
3436 3822 3777 3893 imperatorrm

2228 3932 2525 3990 creaverat,
2554 3922 2694 3993 apud
2725 3920 3023 3976 Dalmatius
3055 3918 3269 3974 defecit.
3293 3916 3394 3972 Cui
3420 3912 3669 3972 successit
3691 3908 3778 3960 Au—

2229 4016 2503 4086 gustulus,
2529 4030 2690 4086 quem
2720 4013 2787 4068 ab
2816 4011 3087 4084 augustali
3120 4010 3384 4082 dignitate
3423 4006 3657 4062 Odoacer
3696 3998 3777 4053 Ile-

2228 4106 2474 4159 rulorum
2506 4120 2596 4159 rex
2637 4101 2835 4175 dejecit
2873 4110 2927 4156 et
2977 4098 3265 4171 imperium
3322 4096 3585 4161 obtinuit;
3633 4100 3680 4147 et
3717 4088 3777 4143 sic

2228 4196 2537 4267 augustalis
2557 4197 2647 4251 illa
2679 4194 3018 4259 sublimitas,
3045 4208 3167 4264 quae
3198 4193 3268 4246 ab
3316 4188 3613 4245 Octaviano
3653 4190 3777 4252 cepta

2228 4298 2332 4355 est,
2359 4289 2501 4359 apud
2541 4286 2771 4343 Romam
2826 4285 3076 4355 deperiit,
3124 4297 3269 4337 anno
3317 4282 3389 4337 ab
3441 4275 3778 4335 incarnatione

2227 4380 2442 4436 Domini
2468 4379 2593 4446 475,
2622 4378 2834 4449 imperii
2855 4393 2985 4431 vero
3004 4375 3131 4442 522,
3158 4375 3228 4429 ab
3249 4374 3386 4429 urbe
3408 4371 3622 4429 condita
3648 4362 3775 4421 l2“.

2297 4471 2478 4544 (Gesta
2499 4488 2552 4543 p.
2576 4470 2666 4541 R.)
2690 4469 2849 4525 Anno
2876 4466 3004 4523 abi.
3032 4467 3095 4521 D.
3120 4466 3245 4521 466.
3271 4464 3515 4519 Hilarius
3541 4459 3667 4519 sedit
3688 4455 3780 4509 Ro-

2225 4580 2328 4619 mae
2376 4580 2433 4619 a.
2481 4564 2534 4630 6,
2576 4580 2649 4618 m.
2685 4563 2740 4629 '5,
2774 4563 2828 4618 d.
2878 4560 2964 4616 l0.
3025 4558 3126 4615 Cui
3180 4558 3450 4615 successit
3480 4550 3777 4626 Simplicius.

2227 4656 2367 4711 sedit
2396 4672 2447 4710 a.
2479 4656 2565 4721 l5,
2597 4671 2675 4710 m.
2707 4654 2758 4720 I,
2787 4654 2841 4710 d.
2874 4654 2929 4708 4.
2961 4650 3076 4708 Sub
3109 4652 3275 4723 hujus
3308 4651 3623 4721 episcopatu
3656 4638 3780 4696 venit

2228 4749 2420 4805 relatio
2450 4749 2516 4804 de
2554 4746 2746 4804 Grecia
2798 4747 2867 4804 ab
2918 4746 3160 4803 Achacio
3207 4739 3781 4813 Constantinopolitano

2222 4842 2505 4913 (episcopo,
2536 4840 2812 4897 afﬁrmans
2846 4838 3070 4895 Petrum
3117 4837 3546 4894 Alexandrinum
3599 4832 3779 4904 episeo-

2222 4946 2357 5005 pum
2394 4929 2884 4985 Eutbichianistam
2915 4930 3215 4985 hereticum
3241 4927 3467 4983 factum.
3493 4925 3642 4980 Tunc
3661 4919 3780 4975 Sim‘

2228 5024 2424 5095 plieius
2444 5023 2760 5094 dampnavit
2789 5022 3010 5078 Petrum
3061 5020 3512 5086 Alexandrinum,
3554 5033 3616 5072 eo
3657 5007 3780 5084 (ιυοά

2228 5118 2450 5173 Aeatius
2484 5118 2773 5172 innumera
2817 5116 3049 5172 crimina
3096 5115 3163 5170 de
3192 5130 3257 5169 eo
3286 5112 3605 5175 affirmabat,
3626 5117 3778 5163 reserr

2227 5218 2618 5280 vatotempore
2641 5209 2972 5280 penitentiae.
3027 5207 3175 5263 Obiit
3217 5220 3349 5277 ergo
3395 5201 3697 5275 Simplicius
3737 5201 3781 5249 et

1818 5341 2051 5398 VARM‘I
2091 5342 2491 5398 LECTIONES.

1818 5342 2051 5398 VARUS
2091 5342 2491 5400 LECTIONES.
2626 5372 2629 5375 -

616 5428 865 5504 WHHinc
900 5431 1160 5501 incipiunt
1196 5434 1347 5504 varia
1383 5433 1749 5488 additamenta
1770 5475 1784 5499 ,
1823 5451 1942 5504 qua:
1978 5451 2142 5503 parva
2180 5436 2501 5489 membrana:
2534 5436 2737 5489 lacinia
2764 5437 2962 5490 inserta
2986 5437 3340 5502 continentur,
3371 5433 3527 5488 valde
3556 5424 3782 5504 difﬁcili!

539 5500 865 5571 dijudicatu,
900 5500 1151 5573 quoniam
1189 5502 1341 5576 nulla
1378 5503 1485 5574 fere
1527 5500 1845 5575 argumenti
1868 5500 2076 5559 duceris
2111 5507 2468 5561 concinnitate
2509 5506 2750 5576 etsigna
2785 5523 2818 5560 a

2819 5508 2998 5576 ppicta
3033 5508 3299 5561 interdum
3324 5496 3661 5576 evanuerunt.
3694 5496 3781 5550 Ac-

542 5571 1038 5646 rarateuqriantum
1063 5573 1211 5643 potui
1240 5571 1393 5645 signa
1431 5571 1639 5646 secutas
1676 5592 1794 5628 sum
1827 5583 1877 5627 et
1912 5576 2103 5646 ubique
2137 5577 2389 5630 indic-avi.
2433 5571 2771 5631 URLICHS.
2819 5571 2919 5608 ’π’
2958 5576 3014 5630 In
3044 5608 3117 5617 ——
3144 5576 3296 5632 fuere
3326 5578 3379 5630 in
3407 5571 3621 5646 sceduia
3652 5581 3780 5621 am-

542 5656 619 5717 ta.
698 5641 921 5717 “ﬁlim:
952 5641 1203 5717 videntur
1225 5641 1483 5717 pertinere
1521 5644 1674 5698 verba
1709 5646 1763 5717 in
1801 5641 2081 5717 superiore
2108 5648 2347 5717 margine
2383 5657 2680 5700 atramento
2713 5647 2895 5700 eodem
2936 5663 3111 5700 rerum
3156 5646 3397 5700 tenuibus
3426 5642 3778 5717 ᾀιιτιίριξε-ξξ·

540 5715 685 5788 picta
712 5729 740 5788 :_
766 5711 1000 5788 Severus
1032 5755 1045 5768 .
1082 5756 1093 5768 .
1131 5757 1142 5768 .
1179 5711 1305 5769 fuco
1336 5716 1388 5769 4.
1421 5730 1568 5769 anno
1598 5711 1875 5769 occubuit.
1952 5717 2016 5747 ¹⁶⁷
2047 5711 2263 5788 Ostrog.
2299 5748 2364 5757 —
2394 5718 2625 5787 imperio
2653 5719 2706 5769 in
2736 5734 2904 5787 marg.

544 5786 596 5837 it
623 5783 834 5838 sccdulz
862 5794 1065 5838 assuta.

2984 5717 3053 5748 “‘3
3089 5717 3418 5773 Antimus—
3433 5711 3651 5768 Domini
3671 5705 3779 5763 596.
