3932 6298
126 358 183 415 8θ
1304 355 1722 417 CHROMCON.
1762 390 1830 400 —
1855 358 1986 416 LIB.
2025 358 2067 414 l.
3268 354 3339 412 9O

126 474 327 544 sepultus
349 481 429 529 cst
465 472 519 528 in
545 474 774 532 ecclesia
803 484 946 534 neatt
981 477 1128 534 Petri
1164 478 1198 534 6
1242 476 1384 535 Non.
1436 476 1648 544 Marcii,
1678 476 1725 535 Α
1749 476 1916 533 exivit
1934 475 2183 533 Odoacro
2204 485 2258 531 et
2286 473 2524 532 Herulis.
2556 447 2710 543 Quos
2730 472 3010 543 dispersos
3037 469 3343 540 inveniens,

121 577 164 620 et
182 565 384 621 cessavit
407 566 747 638 episcOpatus
775 569 894 628 dies
928 570 982 625 6.

173 656 425 730 [Faenza]
476 657 604 715 Post
655 669 873 731 captam
915 662 1082 734 igitur
1140 661 1371 718 Romam
1418 674 1649 733 regnum

118 750 372 805 Gothorum
406 749 595 807 bifaria
632 752 906 811 divisione
934 756 1212 827 partitum
1261 763 1366 822 est,
1389 762 1444 810 et
1468 753 1565 824 qui
1592 752 1650 807 in

118 842 235 896 llalia
259 853 641 911 remanserunt,
666 845 864 902 ditioni
910 863 971 904 se
1008 847 1221 919 imperii
1277 848 1646 911 tradiderunt;

115 934 269 1004 reliqui
306 932 548 991 Tolosam
577 936 888 1009 Aquitaniae
907 940 1180 996 civitatem
1210 939 1314 996 sibi
1341 947 1651 997 statuerunt

113 1025 279 1080 sedem.
307 1024 588 1098 Elegerunt
632 1028 929 1086 Adaulfum
989 1048 1195 1104 regem,
1226 1032 1323 1104 qui
1364 1041 1420 1088 et
1472 1029 1650 1086 Placi—

110 1116 224 1170 diam
253 1116 395 1173 duxit
420 1134 668 1188 uxorem,
692 1130 757 1177 ut
800 1123 1012 1180 dictum
1051 1133 1156 1181 est.
1190 1123 1370 1197 [1519.]
1401 1123 1523 1191 Quo
1562 1137 1651 1179 se-

111 1207 246 1276 ptimo
270 1222 404 1263 anno
428 1210 634 1278 occiso,
667 1210 844 1269 Vallia
889 1216 1177 1283 successit,
1206 1224 1263 1271 et
1305 1215 1358 1271 ei
1405 1214 1650 1270 Theodo-

109 1300 250 1367 ricus,
298 1310 348 1356 et
398 1301 737 1362 Theoderico
795 1306 1230 1376 Thorsimodus,
1281 1307 1646 1364 Thorsimodo

109 1407 284 1463 quoque
304 1392 689 1466 Theodericus,
719 1408 776 1454 et
800 1400 853 1455 ei
891 1400 1127 1457 Euricus
1169 1400 1340 1457 frater
1365 1401 1508 1472 ejus.
1540 1399 1647 1467 Qui

110 1480 349 1554 Hispanias
373 1484 686 1560 Galliasque
709 1498 765 1545 et
784 1499 953 1546 totam
984 1491 1355 1562 Burgundiam
1383 1492 1487 1548 sibi
1510 1492 1645 1546 sub-

108 1573 212 1629 dens
228 1574 316 1629 24°
339 1592 479 1634 anno
507 1581 662 1652 regni
690 1582 777 1636 sui
797 1583 1019 1638 Arelate
1050 1584 1203 1640 obiit.
1249 1583 1349 1638 Cui
1379 1584 1647 1640 successit

107 1664 310 1723 Alaricus
331 1678 514 1726 contra
528 1687 694 1742 quem
716 1672 1026 1730 Clodoveus
1048 1675 1330 1746 pugnavit.
1355 1672 1642 1748 [Faenum]

109 1755 234 1812 Gothi
257 1774 395 1831 ergo,
423 1762 519 1832 qui
544 1772 750 1819 terram
781 1764 950 1821 Italiae
982 1767 1365 1836 possederunt,
1395 1774 1451 1822 et
1475 1782 1532 1823 se
1560 1766 1646 1822 di—

1751 584 1877 627 eum
1906 569 2096 639 paucis
2131 584 2228 625 eos
2257 576 2501 640 supcrat,
2530 574 3007 639 persequutusque
3030 562 3343 620 Odoaerum

1749 661 1994 716 vinctum
2025 677 2153 717 cum
2190 676 2362 717 uxore
2386 669 2442 716 et
2467 660 2661 716 liberis
2686 657 2979 724 interfecit,
3014 665 3347 728 gentemque

1748 762 1804 809 et
1836 769 2060 825 regnum
2089 752 2413 809 Herulorum
2444 752 2663 810 delevit.

1818 845 2000 920 [lsm.]
2026 845 2325 916 Postquam
2358 861 2488 901 vero
2510 843 2765 900 Wandali
2782 843 2853 898 ad
2874 842 3136 899 Aﬁ'ricam
3160 851 3343 898 trans-

1748 940 1950 1006 ierunt,
1979 938 2243 995 Galiciam
2288 936 2453 994 Suevi
2494 937 2674 995 sortiti
2716 943 2845 992 sunt
2874 953 2888 989 :
2923 943 2979 989 et
3005 951 3100 991 rex
3144 950 3339 990 eorum

1747 1032 2043 1089 Erenricus
2064 1030 2311 1102 regnavit
2350 1045 2402 1085 a.
2442 1029 2531 1096 52,
2553 1038 2607 1085 et
2648 1036 2775 1099 post
2801 1041 2929 1082 cum
2982 1025 3168 1082 Recila
3200 1043 3252 1082 a.
3282 1026 3336 1093 8,

1746 1124 1835 1181 cui
1866 1122 2139 1180 Recianus
2180 1121 2326 1177 ﬁlius
2376 1119 2662 1186 successit,
2712 1126 2767 1173 et
2817 1116 3118 1173 catholicus
3162 1115 3340 1172 factus

1745 1214 1994 1288 regnavit
2034 1230 2087 1271 a.
2119 1214 2174 1269 8.
2201 1212 2323 1282 Quo
2353 1209 2642 1269 interfecto
2666 1207 2891 1275 Maldra,
2932 1206 3255 1262 Frumarius
3285 1216 3340 1262 et

1746 1307 2151 1363 Reccimundus
2201 1320 2358 1376 reges
2402 1302 2831 1361 constituuntur.
2908 1298 3094 1354 Multis
3154 1298 3341 1367 itaque

1747 1400 2053 1457 Suevorum
2066 1398 2289 1469 regibus
2304 1397 2359 1452 in
2382 1395 2613 1453 Arriana
2635 1392 2860 1465 perﬁdia
2870 1390 3334 1460 permanentibus,

1743 1494 1964 1550 tandem
2004 1506 2231 1564 regnum
2273 1488 2677 1545 Thcodomirus
2734 1483 2962 1554 accepit,
3007 1485 3103 1554 qui
3148 1484 3335 1541 statim

1746 1586 1956 1642 Suevos
1996 1584 2280 1640 catholica:
2324 1581 2449 1637 ﬁdei
2494 1578 2749 1636 reddidit.
2799 1576 2902 1632 Cui
2936 1574 3087 1630 Maro
3117 1589 3339 1630 succes-

1743 1679 1818 1734 sit
1835 1685 1889 1733 et
1917 1675 2166 1747 regnavit
2191 1691 2245 1729 a.
2284 1672 2369 1729 14.
2400 1672 2539 1727 lluic
2559 1670 2828 1725 Eboricus
2858 1666 3146 1733 successit,
3173 1679 3339 1736 quem

1745 1768 1963 1825 Audeea
1993 1775 2210 1837 sumpta
2240 1763 2512 1819 tirannide
2557 1775 2728 1832 regno
2775 1758 3012 1829 privavit
3059 1765 3115 1812 et
3147 1772 3342 1810 mena-

109 1849 210 1903 tioni
233 1851 427 1922 imperii
455 1852 657 1911 Leonis
684 1857 1067 1924 tradiderunt,
1117 1874 1243 1914 cum
1290 1860 1360 1914 ab
1395 1857 1647 1915 Odoacro
1675 1841 1716 1900 Β
1744 1864 1908 1919 chum
1945 1862 2094 1919 fecit.
2141 1862 2344 1918 Contra
2396 1873 2559 1929 quem
2616 1854 2963 1925 Lcovigildus
3010 1851 3339 1908 Gottborum

109 1957 202 2011 rege
229 1940 537 2000 Herulon
567 1956 625 2002 et
658 1948 858 2006 vicinis
901 1950 1158 2022 gentibus
1206 1951 1427 2007 assidue
1461 1960 1644 2008 vasta-

108 2042 269 2100 rentur,
296 2051 383 2105 per
410 2037 622 2109 legatos
653 2038 892 2096 Leonem
930 2042 1312 2113 imperatorem
1340 2044 1646 2114 postulave-

107 2134 218 2191 runt,
240 2136 292 2181 ut
315 2127 706 2187 Theodericum
733 2134 814 2189 eis
842 2134 1152 2193 institueret
1186 2136 1474 2206 patricium
1500 2179 1517 2204 ,
1548 2136 1644 2208 qui

107 2218 374 2276 adversariis
412 2238 608 2280 eorum
651 2227 950 2283 resisteret.
991 2227 1148 2295 Quod
1193 2227 1490 2299 imperator
1532 2228 1644 2286 Leo

107 2310 346 2368 clementer
371 2330 624 2372 annuens
646 2359 662 2384 ,
708 2332 833 2374 cum
882 2321 1119 2376 consilio
1155 2329 1382 2377 senatus
1410 2321 1641 2378 Romam

108 2399 442 2461 Theodericum
470 2408 696 2476 direxit,
727 2412 869 2481 quia
890 2412 1154 2471 Romanis
1182 2423 1237 2469 et
1263 2413 1457 2471 Gothis
1478 2415 1645 2486 patri-

108 2495 242 2550 ciatus
263 2497 460 2554 honore
487 2501 730 2572 gloriose
757 2514 1048 2575 susceptus
1074 2516 1178 2562 est.
1224 2505 1324 2562 llic
1350 2518 1419 2562 ex
1447 2521 1643 2578 genere

106 2583 400 2645 Macedonum
441 2589 568 2647 fuit.
610 2591 826 2650 ldacius
855 2595 999 2651 enim
1028 2597 1294 2667 patricius
1320 2606 1375 2654 et
1401 2597 1640 2670 Eugenia

107 2693 210 2732 uxor
230 2680 335 2750 ejus
368 2699 492 2739 cum
522 2695 715 2741 essent
742 2686 950 2757 absque
975 2688 1184 2755 liberis,
1214 2698 1269 2745 et
1294 2690 1560 2746 haberent
1585 2689 1641 2745 in

110 2770 361 2830 ministerio
387 2777 713 2834 creditarios
740 2794 961 2849 pueros,
985 2779 1335 2837 Theodorum
1365 2790 1419 2838 et
1446 2782 1642 2838 Liliam

106 2860 388 2933 llacedones,
415 2870 566 2925 unde
597 2871 811 2940 parvuli
842 2870 1060 2928 fuerant
1086 2874 1318 2942 advecti,
1349 2876 1642 2946 copulave-

106 2964 200 3010 runt
219 2972 303 3013 eos
327 2959 585 3017 invicem.
624 2961 867 3035 Eugenia
892 2965 1063 3034 jussit
1093 2967 1288 3037 puellae
1340 2976 1402 3022 ut
1442 2968 1499 3023 in
1540 2983 1643 3024 no-

105 3055 166 3101 etc
183 3064 273 3119 qua
298 3051 657 3124 jungerentur
678 3055 944 3127 quicquid
973 3055 1202 3115 vidisset
1228 3060 1283 3113 in
1313 3061 1510 3116 sounio
1537 3061 1641 3116 sibi

106 3137 298 3197 referret.
328 3142 472 3200 Vidit
496 3162 636 3218 ergo
663 3148 843 3217 puella
873 3149 1133 3204 sounium
1160 3192 1176 3218 ,
1206 3152 1354 3222 quod
1383 3153 1550 3208 arbor
1573 3152 1640 3209 de

104 3244 149 3283 ea
169 3228 364 3291 exiliens
389 3245 499 3293 tam
528 3239 790 3296 excelsus
815 3251 965 3296 esset
998 3251 1059 3296 ut
1090 3244 1267 3300 nubes
1308 3253 1636 3315 penetraret.

105 3318 223 3386 Quod
245 3341 357 3382 cum
390 3331 510 3385 viro
534 3339 865 3402 narrasset,
891 3333 1026 3389 dicit
1058 3335 1127 3390 ad
1153 3351 1275 3392 eam
1310 3355 1323 3391 :
1365 3336 1498 3392 Cum
1530 3347 1641 3393 stc-

103 3415 265 3471 tm'sia
289 3432 561 3493 conspectu
593 3423 825 3481 domina:
875 3433 984 3483 tua
1011 3469 1027 3495 ,
1058 3427 1201 3483 dices
1246 3428 1296 3482 ei
1353 3429 1547 3485 vidisse
1592 3440 1642 3486 te

103 3503 177 3559 hac
200 3521 326 3568 nocte
348 3531 534 3585 equum
567 3525 621 3571 et
647 3534 840 3589 equam
866 3520 1048 3576 nimia:
1079 3519 1484 3591 pulcritudinis,
1511 3539 1639 3594 quos

102 3600 356 3698 sequebatur
374 3621 536 3677 equus
563 3608 839 3698 parvulus,
876 3608 1210 3664 ambulantes
1247 3611 1303 3665 in
1338 3612 1511 3667 medio
1544 3612 1641 3667 do-

103 3696 312 3747 minorum
361 3705 597 3759 tuorum.
638 3696 881 3769 Eugeni-a
930 3699 1039 3754 hoc
1087 3698 1317 3757 audiens
1368 3702 1489 3757 viro
1537 3717 1640 3758 suo

101 3781 295 3849 nunciat,
320 3794 370 3841 et
396 3796 657 3858 putantes
683 3789 918 3844 liberum
949 3788 1222 3858 futurum,
1251 3792 1437 3848 statim
1464 3801 1642 3850 utros.

101 3885 180 3937 que
200 3872 377 3933 liberos
410 3895 533 3936 esse
586 3879 874 3950 jusserunt
899 3923 915 3947 ,
943 3890 1000 3936 et
1024 3882 1192 3939 rebus
1220 3884 1473 3954 plurimis
1499 3884 1640 3941 dita-

103 3975 269 4021 νει-νηί.
306 3966 516 4040 Peperit
542 3987 679 4042 ergo
708 3972 846 4027 Lilia
875 3973 1049 4029 tilium
1086 3977 1310 4032 nomine
1344 3975 1640 4033 Theoderi-

101 4068 216 4123 cum,
233 4074 381 4129 quem
408 4061 628 4119 ldacius
651 4071 708 4119 et
736 4063 977 4136 Eugenia
1001 4107 1016 4133 ,
1050 4067 1179 4138 quia
1203 4076 1353 4124 esset
1378 4070 1636 4140 decorus,

100 4150 290 4248 prudens
314 4165 367 4210 et
399 4154 562 4213 fortis
588 4166 645 4213 et
672 4158 891 4232 longus,
928 4160 1032 4215 sibi
1063 4160 1462 4232 adoptaverunt
1484 4164 1539 4219 in
1569 4166 1638 4220 fi-

102 4238 216 4297 lium.
240 4243 360 4303 Post
387 4264 631 4319 quorum
663 4261 897 4307 mortem
923 4262 1195 4324 praecepto
1222 4253 1424 4311 Leonis
1462 4256 1636 4327 impc-

100 4335 254 4392 ratoris
297 4341 526 4397 militare
574 4342 807 4411 jussus,
855 4344 1143 4400 duodecim
1192 4346 1354 4403 annis
1384 4348 1635 4405 militiam

99 4436 247 4488 gerens
272 4437 425 4487 tanta
450 4430 798 4489 fortitudinis
822 4442 878 4488 et
901 4434 1104 4505 ingenii
1133 4436 1319 4506 praelia
1348 4438 1536 4508 gessit,
1576 4448 1640 4495 ut

1742 1972 1839 2015 rex
1861 1954 2125 2029 pugnavit
2147 1962 2203 2009 et
2229 1960 2451 2023 captum
2475 1948 2711 2005 totondit
2739 1954 2793 2001 et
2835 1944 3219 2016 presbyterum
3256 1939 3339 1996 fe-

1743 2050 1836 2116 cit,
1859 2057 1914 2103 et
1934 2048 2016 2104 sic
2042 2060 2268 2117 regnum
2314 2041 2623 2097 Suevorum
2654 2039 2710 2093 in
2736 2037 2946 2093 Gothos
2984 2033 3339 2095 transfertur.

1742 2141 1887 2214 quod
1908 2144 2187 2195 manserat
2214 2152 2267 2190 a.
2301 2134 2423 2189 17Ἱ.
2466 2132 2714 2202 Regnum
2739 2144 2867 2184 vero
2888 2126 3218 2181 Gotthorum
3242 2140 3342 2195 po—

1741 2242 1859 2291 stea
1896 2230 2115 2287 duravit
2142 2245 2194 2284 a.
2229 2225 2354 2283 380.
2403 2223 2736 2294 Leovigildo,
2783 2220 2899 2291 regi
2943 2217 3219 2289 Hispania:
3243 2217 3342 2287 qui

1741 2325 1959 2381 Alarico
1989 2320 2278 2387 successit,
2311 2316 2653 2373 Richaredus
2689 2329 2785 2369 rex
2828 2311 3120 2378 successit,
3167 2306 3343 2365 fratre

1741 2417 1862 2486 ejus
1897 2412 2299 2484 Herminigildo
2345 2407 2612 2481 martyrio
2655 2422 2686 2461 a
2730 2413 2885 2477 patre
2922 2411 3204 2459 coronato.
3241 2400 3341 2458 llic

1743 2507 2081 2564 Rieharedus
2115 2512 2324 2561 secrete
2351 2499 2683 2572 baptizatus,
2710 2511 2905 2553 omnes
2932 2495 3145 2551 Gothos
3175 2494 3341 2550 Tole-

1741 2610 1856 2656 tum
1880 2599 2150 2655 adeuntes
2174 2596 2243 2651 ad
2281 2594 2444 2650 ﬁdem
2470 2591 2802 2649 catholicam
2834 2587 3072 2654 reduxit,
3100 2602 3246 2642 anno
3270 2587 3341 2642 ab

1741 2691 2120 2749 incarnatione
2152 2687 2373 2743 Domini
2402 2685 2530 2741 596.

1815 2779 2002 2855 [Aum]
2044 2778 2313 2849 Tempore
2359 2776 2427 2807 ¹⁶⁹
2483 2772 2686 2828 Leonis
2731 2768 2955 2825 Ylarius
2997 2768 3339 2823 Arelatensis

1739 2884 1795 2931 et
1822 2872 2156 2929 Claudianus
2180 2866 2507 2923 Viennensis
2529 2863 2665 2920 clari
2690 2861 2978 2918 habentur.
3008 2858 3335 2931 Pyminiola,

1741 2980 1901 3021 soror
1943 2961 2121 3019 sancti
2173 2958 2346 3014 Ylarii
2391 2954 2750 3021 Arelatensis,
2807 2966 2950 3007 uxor
3007 2950 3112 3005 fuit
3161 2951 3339 3006 sancti

1742 3055 1879 3126 Lupi
1912 3050 2377 3116 Trecassinensis,
2425 3048 2587 3118 cujus
2617 3045 2923 3115 discipulus
2970 3042 3073 3098 fuit
3111 3050 3339 3098 sanctus

1741 3147 2106 3205 Pulchrcnius
2136 3141 2520 3200 Virduneusis.
2547 3139 2766 3209 Septem
2788 3144 2971 3191 autem
2996 3134 3163 3192 simul
3184 3133 3338 3190 fuere

1743 3258 1923 3298 annis.

1815 3331 1997 3404 (Gesta
2019 3346 2072 3401 p.
2120 3327 2213 3399 R.)
2257 3325 2526 3396 Tempore
2556 3322 2725 3394 igitur
2750 3317 2983 3375 Odoacri
3005 3316 3152 3389 regis
3197 3315 3338 3372 sedit

1743 3424 1932 3479 Romae
1968 3422 2119 3477 Felix
2145 3420 2369 3476 natione
2392 3417 2696 3481 Romanus,
2728 3421 2884 3484 patre
2910 3409 3088 3465 Felice
3119 3409 3334 3480 presbio

1741 3527 1882 3583 tero,
1915 3532 1967 3571 a.
1997 3515 2053 3581 8,
2082 3529 2158 3568 m.
2207 3513 2296 3578 11,
2340 3511 2396 3566 (1.
2446 3509 2534 3564 18.
2571 3507 2700 3561 Fuit
2745 3520 2921 3574 usque
2975 3502 3043 3558 ad
3088 3510 3333 3572 tempora

1742 3607 2086 3664 Theoderici.
2115 3604 2232 3660 Sub
2258 3605 2365 3659 hoc
2403 3604 2605 3673 iterum
2631 3599 2781 3654 venit
2804 3597 2997 3652 relatio
3043 3595 3111 3651 de
3140 3591 3334 3649 Grecia

1739 3702 1962 3758 Petrum
2006 3697 2438 3754 Alexandrinum
2480 3699 2797 3749 revocatum
2846 3689 2919 3743 ab
2949 3686 3142 3742 Acutio
3181 3685 3333 3740 Con-

1739 3792 2255 3864 stantinopolitano,
2288 3797 2343 3843 et
2369 3787 2514 3842 facto
2552 3783 2787 3840 concilio
2812 3780 2966 3836 Felix
3007 3794 3146 3850 papa
3171 3777 3332 3832 dam-

1738 3887 1928 3959 pnavit
1952 3883 2203 3940 Acatium
2249 3896 2375 3936 cum
2401 3878 2584 3933 Petro.
2611 3875 2725 3930 Leo
2749 3887 2882 3945 ergo
2915 3872 3212 3943 imperator
3235 3884 3334 3922 ex-

1737 3979 1875 4035 actis
1906 3977 1960 4032 in
1992 3974 2225 4046 imperio
2257 3972 2322 4028 l7
2361 3970 2523 4026 annis
2560 3967 2698 4023 obiit
2718 3980 2884 4023 .anno
2926 3964 2995 4021 ab
3029 3964 3140 4019 inc.
3170 3959 3328 4016 Dom.

1736 4070 1862 4126 474,
1895 4068 2172 4124 Successit
2192 4067 2330 4121 alter
2372 4063 2484 4118 Leo
2528 4069 2585 4117 et
2624 4060 2819 4115 eodem
2858 4073 3005 4114 anno
3039 4054 3333 4111 defunctus

1732 4170 1835 4217 est.
1865 4158 2045 4232 [lsrn.]
2068 4158 2224 4213 Tunc
2254 4157 2440 4211 Zenon
2468 4150 3046 4228 imperatorlcﬁicitur,
3071 4148 3219 4219 quod
3252 4155 3335 4203 te-

1737 4251 1857 4306 nuit
1888 4267 1940 4305 a.
1974 4251 2062 4304 16.
2106 4249 2224 4306 Sub
2256 4263 2368 4318 quo
2413 4260 2615 4317 corpus
2649 4243 2914 4298 Barnaba:
2949 4240 3180 4311 apostoli
3207 4256 3339 4309 rep—

1737 4343 1966 4416 peritur.
2021 4342 2109 4396 Ab
2140 4341 2248 4396 hoc
2280 4338 2474 4394 relatio
2518 4336 2670 4391 venit
2718 4343 2781 4390 ut
2826 4333 3077 4404 penitens
3129 4332 3334 4387 rediret

1736 4438 1984 4493 Acutius.
2021 4433 2205 4507 (Gesta
2232 4448 2285 4504 ρ.
2317 4428 2409 4502 Β.)
2448 4426 2604 4483 Tune
2647 4439 2788 4497 papa
2818 4422 2971 4477 Felix
3001 4422 3154 4477 misit
3189 4422 3341 4477 duos

99 4512 392 4623 gentilibus
415 4524 758 4623 diligeretur.
803 4524 1092 4582 Postremo
1134 4538 1415 4587 senatores
1450 4532 1635 4602 palatii
1664 4560 1713 4621 ι)
1736 4531 2025 4602 episcopos
2057 4527 2336 4583 Mesenum
2381 4532 2438 4580 et
2496 4520 2746 4586 Vitalem,
2797 4524 2861 4573 ιιι
2906 4516 2952 4571 Si
3011 4515 3339 4570 invenirent

97 4608 213 4660 tanto
235 4609 439 4669 invidiae
466 4614 659 4670 dolore
687 4629 813 4670 eum
841 4617 1160 4687 persequuti
1187 4626 1337 4686 sunt,
1366 4628 1428 4676 ut
1455 4621 1637 4694 inqui-
1664 4607 1707 4621 ”
1736 4622 2056 4693 compliccm
2078 4618 2223 4674 Petri
2251 4616 2502 4672 Acatium
2526 4614 2888 4682 dampnarent
2912 4624 3028 4665 eos.
3060 4607 3171 4674 Qui
3199 4622 3327 4662 cor»

98 4708 238 4754 Iereut
258 4704 482 4772 qualiter
511 4705 676 4776 jussu
727 4706 1077 4777 imperatoris
1125 4709 1391 4767 interiret.
1432 4711 1637 4770 Tholo-

96 4798 413 4884 pensantem
461 4796 689 4867 quidam
717 4797 787 4852 de
815 4800 1163 4856 senatoribus
1193 4817 1319 4857 cum
1351 4818 1417 4858 eo
1445 4805 1637 4862 amici-

97 4881 195 4933 tiam
222 4881 356 4953 iniit,
379 4902 551 4958 quam
588 4904 765 4960 usque
812 4888 867 4944 in
915 4890 1061 4947 diem
1099 4893 1284 4950 obitus
1315 4898 1631 4953 eustodivit.

96 4965 344 5071 Susceptus
370 4994 503 5052 ergo
532 4997 563 5036 a
594 4979 858 5039 Romanis
905 4992 963 5040 et
1007 4983 1203 5042 Gothis
1232 5002 1359 5043 cum
1387 4988 1636 5049 Odoacro

95 5060 166 5154 qui
187 5060 393 5154 Romam
438 5071 756 5140 optinuerat
783 5081 836 5128 et
865 5071 1084 5130 Herulis
1110 5075 1266 5145 plura
1296 5079 1480 5147 praelia
1510 5095 1635 5151 ges-

94 5148 585 5251 sit..[Fnsnnc.]ADie
606 5158 783 5251 igitur
807 5161 1045 5230 quadarn
1075 5162 1214 5218 inito
1239 5166 1427 5235 praelio
1456 5148 1635 5237 Theo-

95 5237 267 5300 dericus
290 5262 411 5304 cum
444 5249 648 5307 Gothis
673 5293 689 5317 ,
737 5251 954 5324 fugiens
992 5253 1311 5311 Ravennam
1348 5234 1634 5331 ingressus

93 5336 169 5385 est.
196 5331 284 5391 Ubi
309 5336 502 5395 Liliam
535 5350 764 5397 matrem
792 5358 948 5399 suam
979 5344 1283 5414 inveniens,
1314 5348 1383 5403 ab
1409 5364 1475 5405 ea
1502 5366 1631 5406 cor-

97 5432 242 5523 reptus
264 5446 381 5486 cum
411 5433 730 5505 inproperio
755 5477 772 5502 ,
804 5436 952 5507 quod
976 5453 1086 5495 non
1127 5448 1274 5495 esset
1301 5441 1393 5495 ubi
1421 5440 1635 5514 fugeret

96 5514 177 5570 nisi
196 5530 247 5575 ut
269 5523 461 5581 iterum
498 5527 877 5598 ingrederetur
924 5539 1145 5588 uterum
1191 5532 1261 5589 de
1309 5550 1422 5605 quo
1468 5546 1633 5593 natus

96 5617 223 5673 esset,
247 5614 467 5672 nimium
499 5618 786 5687 confusus,
816 5637 939 5677 cum
971 5624 1161 5694 paucis
1190 5625 1387 5682 iterum
1412 5628 1629 5686 obviam

1736 4713 1881 4784 rupti
1918 4710 2149 4782 pecunia
2179 4724 2291 4764 non
2341 4706 2590 4762 fecerunt
2632 4702 2788 4773 juxta
2829 4707 3161 4771 praeceptum
3197 4713 3339 4768 apo-

1735 4805 1942 4861 stolica:
1965 4802 2129 4859 sedis.
2159 4800 2363 4855 Eodem
2392 4805 2637 4867 tempore
2676 4792 2823 4848 facta
2863 4791 3077 4862 synodo
3120 4789 3337 4844 invenit

1729 4897 2020 4968 judicium,
2061 4894 2255 4949 ambos
2291 4891 2580 4963 episcopos
2620 4891 2911 4955 corruptos
2960 4881 3219 4953 pecunia,
3273 4891 3335 4937 et

1735 4988 1895 5061 cjecti
1966 4995 2096 5044 sunt
2130 5000 2162 5042 a
2211 4980 2617 5041 communione.
2688 4975 2791 5031 llic
2829 4974 3079 5046 sepultus
3146 4982 3232 5028 est
3271 4973 3329 5027 in

1740 5081 1962 5137 basilica
1987 5080 2133 5136 beati
2160 5077 2337 5143 Pauli,
2368 5083 2423 5131 et
2463 5069 2699 5129 cessavit
2732 5068 3087 5140 episcopatus
3122 5067 3242 5123 dies
3270 5065 3333 5121 5.

1737 5173 1870 5231 Post
1889 5187 2016 5229 eum
2047 5171 2299 5227 Gelasius
2322 5167 2541 5223 natione
2564 5161 2714 5229 Afer,
2740 5171 2896 5233 patre
2922 5159 3160 5227 Valerio,
3189 5160 3337 5215 sedit

1739 5279 1791 5318 a.
1816 5262 1869 5328 4,
1901 5277 1977 5316 ιη.
2010 5261 2064 5315 8.
2086 5261 2141 5316 d.
2182 5259 2236 5315 9.
2266 5256 2365 5312 llic
2391 5255 2493 5310 fuit
2533 5260 2748 5308 amator
2770 5250 2903 5307 cleri
2945 5259 3000 5305 et
3026 5264 3335 5319 pauperum

1736 5362 1791 5408 et
1817 5352 2065 5408 liberavit
2093 5367 2125 5406 a
2158 5348 2402 5421 periculo
2432 5356 2486 5402 et
2512 5344 2656 5401 fame
2705 5342 2917 5405 urbem.
2963 5338 3139 5410 Hujus
3188 5348 3335 5394 tem-

1736 5446 1963 5516 poribus
1988 5441 2258 5501 Manichei
2308 5440 2363 5496 in
2400 5440 2537 5495 urbe
2592 5435 2801 5491 inventi
2851 5432 3014 5489 exilio
3059 5431 3335 5503 deportati

1737 5545 1886 5603 sunt,
1919 5543 1977 5592 et
2019 5535 2241 5592 codices
2286 5547 2478 5590 eorum
2529 5528 2784 5585 incendio
2825 5525 3182 5582 concremati.
3228 5522 3337 5581 llic

1737 5628 2019 5686 revocavit
2052 5627 2330 5685 Mescnum
2361 5626 2429 5683 ad
2473 5619 2916 5682 communionem
2958 5619 3063 5675 sub
3103 5617 3336 5677 satisfa—

1357 5744 1441 5800 VA
1452 5745 1591 5801 ΝΛΞ
1628 5743 2037 5803 LECTIONES.

149 5790 201 5825 *ε’
224 5796 477 5874 Tempore
500 5837 571 5846 —
599 5808 758 5864 annis
789 5809 842 5863 in
867 5823 1033 5880 marg.
