3932 6298
587 347 650 414 9'1
1579 347 1890 420 nuoouts-
1914 358 2206 419 ABBATIS
2240 362 2810 422 FLAVlNlACENSlS
3343 353 3353 362 '
3602 332 3605 335 ’
3744 365 3795 423 92

586 473 791 540 ctione,
827 461 1174 546 etpurgatus'
1207 466 1457 548 receptus
1481 486 1582 533 est.
1627 475 1728 533 llic
1754 478 2069 548 dampnavit
2110 478 2166 532 in
2195 478 2239 534 A
2269 478 2438 548 plum,
2471 476 2844 549 dampnationi
2880 491 2994 531 suae
3022 474 3126 546 ipsi
3147 491 3270 532 esse
3311 475 3559 542 obnoxii;
3588 490 3679 532 nec
3700 492 3792 533 ma.

587 573 909 634 perpetuum
950 566 1200 621 Acatium
1252 574 1307 622 et
1327 567 1568 633 Petrum,
1607 568 1712 623 nisi
1754 569 2160 639 resipiscerent.

589 654 738 714 Obiit
760 654 973 727 iLKal.
999 656 1124 712 Dec.
1151 657 1298 712 Fecit
1318 665 1581 712 tractatus
1615 666 1670 712 et
1690 659 1945 730 hymnos.

605 768 610 776 -
660 746 877 819 [Reum]
903 747 1034 805 Post
1062 748 1341 804 Zenonem
1360 749 1646 820 imperavit
1676 750 2000 807 Anastasius
2023 767 2169 807 anno

587 841 659 894 ab
681 840 1056 895 incarnatione
1087 838 1303 893 Domini
1324 839 1449 907 490,
1475 842 1636 897 annis
1663 842 1752 909 27,
1773 844 1888 913 qui,
1921 844 2046 914 quia
2071 860 2169 899 ca-

590 930 822 987 tholicos
842 930 1163 999 insequutus
1187 939 1271 985 est
1297 928 1486 986 favens
1518 932 1696 987 heresi
1716 932 2038 1002 Euthicetis,
2063 934 2170 989 ful-

562 1004 736 1078 ‘mine
766 1021 987 1077 interiit.
1016 1020 1195 1095 [lsm.]
1226 1021 1645 1081 Trasamundus
1678 1026 1744 1057 "°
1773 1025 2168 1082 Wandalorum

589 1130 683 1170 rex
743 1114 1035 1169 catholicas
1089 1115 1350 1171 ecclesias
1401 1117 1602 1172 clausit
1645 1126 1700 1172 et
1731 1117 1837 1172 220
1884 1119 2169 1190 episcopos

590 1206 896 1261 Sardiniam
933 1206 1105 1262 misit.
1136 1205 1406 1279 Regnavit
1436 1224 1489 1264 a.
1524 1208 1616 1278 27,
1639 1226 1716 1265 m.
1746 1210 1800 1265 4.
1825 1210 1926 1265 Cui
1951 1226 2170 1269 succes-

583 1297 655 1353 sit
690 1297 870 1355 lldiris
901 1298 1164 1356 llonorici
1193 1302 1360 1358 ﬁlius.

632 1380 836 1460 '(Gesta
864 1408 918 1461 p.
943 1392 1035 1461 Β.)
1059 1392 1384 1450 Anastasius
1418 1410 1580 1465 papa,
1607 1396 1828 1452 natione
1860 1396 2166 1465 Romanus,

582 1482 725 1537 sedit
758 1481 946 1538 Romae
983 1500 1036 1538 a.
1074 1485 1122 1550 l,
1152 1500 1226 1539 m.
1256 1486 1341 1552 ll,
1378 1486 1434 1542 d.
1470 1487 1559 1542 24.
1607 1488 1691 1542 Ab
1718 1488 1882 1559 hujus
1922 1504 2172 1545 commu-

585 1573 747 1629 nione
775 1575 1166 1630 subtraxerunt
1194 1593 1251 1633 se
1281 1579 1458 1645 multi,
1492 1595 1558 1635 eo
1590 1581 1736 1651 quod
1779 1582 1898 1637 sine
1938 1584 2170 1639 consilio

584 1665 832 1720 ecclesia:
861 1668 1146 1724 catholicae
1183 1672 1647 1728 communicasset
1692 1674 1911 1729 cuidam
1938 1675 2171 1732 diacono

586 1755 1082 1827 Thessalonicensi,
1112 1762 1334 1818 nomine
1372 1762 1589 1831 Fotino,
1617 1766 1711 1835 qui
1732 1768 2172 1824 communicabat

584 1846 794 1902 Acatio.
843 1847 912 1903 Et
938 1864 1062 1905 cum
1094 1853 1252 1908 vellet
1276 1870 1305 1908 a
1337 1855 1717 1913 decessoribus
1767 1858 1885 1915 suis
1916 1859 2176 1930 dampna-

586 1945 702 1992 tnm
732 1940 945 1995 occulte
970 1957 1232 1999 revocare
1259 1944 1535 2013 Acatium,
1564 1963 1671 2002 non
1700 1949 1895 2019 potuit,
1929 1949 2058 2020 quia
2085 1951 2173 2006 di-

582 2026 710 2082 vino
732 2028 941 2098 judicio
984 2046 1280 2100 percussus
1324 2034 1549 2090 interiit.
1605 2034 1882 2093 Successit
1920 2037 2173 2110 Symma-

583 2118 721 2174 chus
750 2119 821 2174 55
850 2136 883 2175 a
911 2119 1091 2189 Petro,
1127 2123 1353 2179 natione
1378 2125 1610 2193 Sardus,
1651 2137 1805 2197 patre
1849 2128 2173 2197 Fortunato,

583 2210 728 2264 sedit
750 2226 802 2265 a.
843 2211 933 2278 15,
970 2229 1046 2267 m.
1084 2212 1136 2280 7,
1167 2215 1222 2270 d.
1254 2215 1346 2270 27.
1380 2215 1508 2272 Fuit
1537 2226 1781 2288 tempore
1815 2218 2094 2276 Anastasii
2123 2230 2176 2276 et

584 2298 923 2357 Theoderici.
947 2302 1246 2360 Constituit
1274 2315 1334 2361 ut
1359 2307 1447 2363 die
1468 2307 1754 2364 Dominico
1778 2318 1833 2365 et
1859 2320 2176 2368 sanctorum

584 2396 857 2453 nataliciis
886 2406 1117 2453 canatur
1146 2399 1331 2454 Gloria
1362 2401 1417 2454 in
1439 2401 1681 2457 excelsis.
1707 2401 1808 2460 Hic
1835 2404 1977 2460 inter
2004 2407 2175 2461 multa

583 2489 938 2544 ecclesiarum
988 2505 1153 2560 opera
1185 2492 1443 2548 omnibus
1481 2492 1754 2564 episcopis
1792 2510 1889 2565 per
1916 2495 2174 2553 Aﬁ'ricam

578 2582 641 2639 et
675 2580 983 2638 Sardiniam
1014 2585 1178 2640 exilio
1218 2586 1461 2657 religatis
1492 2586 1643 2641 omni
1676 2602 1821 2643 anno
1864 2589 2177 2646 necessaria

585 2674 956 2730 ministrabat.
1420 2720 1423 2725 .

653 2766 814 2822 Anno
838 2769 908 2823 ab
941 2768 1051 2823 inc.
1078 2766 1236 2824 Dom.
1260 2767 1387 2836 509,
1416 2768 1555 2824 obiit
1573 2777 1800 2826 sanctus
1822 2767 2175 2837 Benedictus,

584 2858 719 2914 etin
759 2857 942 2914 Monte
977 2857 1211 2915 Cassino
1250 2876 1348 2930 per
1385 2861 1452 2917 15
1502 2877 1678 2917 annos
1727 2861 1922 2933 jacuit,
1965 2871 2021 2918 et
2055 2871 2181 2931 post

586 2967 789 3022 corpus
810 2951 930 3022 ejus
967 2951 1023 3006 in
1074 2950 1305 3007 Calliam
1356 2954 1683 3008 translatum
1737 2963 1822 3009 est
1859 2970 2007 3010 anno
2051 2954 2176 3010 660.

589 3039 860 3114 Tempore
889 3041 1165 3099 Anastasii
1195 3045 1395 3101 claruit
1424 3045 1715 3100 Antonius.

660 3133 846 3206 (Gesta
894 3151 947 3206 p.
988 3134 1081 3207 R.)
1122 3134 1221 3190 Hic
1246 3144 1301 3190 et
1337 3135 1671 3191 Laurentius
1718 3135 1821 3191 sub
1878 3136 2182 3193 intentione

590 3224 828 3283 ordinati
882 3234 1011 3282 sunt
1056 3243 1167 3282 uno
1201 3228 1308 3294 die,
1351 3236 1406 3283 et
1446 3228 1802 3285 conﬁrmatus
1822 3238 1907 3285 est
1938 3228 2186 3302 Symma-

591 3318 751 3384 chus,
780 3325 835 3373 et
852 3317 1127 3373 ordinavit
1151 3318 1253 3373 sub
1281 3318 1482 3374 intuitu
1522 3318 1911 3375 misericordias
1938 3319 2183 3376 Lauren-

591 3405 728 3461 tium
766 3408 1084 3478 episcopum
1111 3407 1167 3462 in
1194 3406 1466 3463 Nucerina
1509 3407 1746 3463 civitate.
1778 3407 1909 3465 Post
1941 3426 2118 3467 annos
2147 3412 2183 3466 4

594 3500 712 3553 zelo
740 3498 888 3554 ducti
926 3499 1151 3570 quidam
1181 3500 1249 3555 de
1282 3500 1431 3555 clero
1474 3506 1529 3554 ct
1551 3506 1745 3554 senatu
1793 3499 2180 3558 incriminave-

595 3598 729 3645 runt
760 3588 1177 3662 Symmachum,
1202 3600 1257 3648 et
1282 3591 1427 3647 facta
1461 3599 1591 3647 sunt
1625 3590 1767 3645 mala
1807 3591 1993 3662 pejora
2032 3593 2183 3664 prio-

594 3681 770 3736 ribus.
822 3679 1056 3748 Quidam
1118 3698 1250 3738 vero
1302 3684 1370 3739 de
1419 3690 1612 3738 senatu
1665 3686 1827 3752 quasi
1877 3684 2185 3740 consultius

595 3781 837 3844 agentes,
873 3774 1146 3830 miserunt
1180 3775 1250 3830 ad
1306 3775 1701 3834 Theodericum
1752 3793 1958 3850 regem,
2003 3785 2066 3832 ut
2102 3777 2185 3833 eis

594 3864 896 3921 destinaret
929 3867 1025 3937 qui
1051 3866 1399 3923 ordinaretur
1426 3871 1761 3940 apostolicus
1787 3870 2053 3941 depositis
2075 3869 2184 3925 illis

594 3957 865 4027 utrisque.
895 3956 999 4024 Qui
1032 3966 1222 4014 contra
1247 3974 1436 4016 sacros
1479 3977 1721 4018 canones
1765 3962 1918 4019 misit
1959 3962 2040 4018 eis
2076 3960 2183 4016 Pe-

594 4058 765 4116 trum,
804 4048 1002 4104 Altinae
1031 4050 1266 4107 civitatis
1294 4053 1632 4124 episcopum.
1665 4053 2027 4126 Symmachus
2057 4068 2186 4109 vero

597 4155 940 4212 congregans
963 4141 1327 4198 universalem
1356 4146 1625 4216 synodum
1655 4145 1760 4201 125
1777 4146 2181 4217 episcoporum,

598 4232 750 4304 prius
773 4235 1025 4306 purgavit
1061 4250 1121 4291 se
1157 4236 1225 4292 de
1247 4237 1478 4293 crimine
1502 4238 1649 4309 quod
1689 4238 1756 4293 de
1773 4253 1847 4302 ,eo
1884 4238 2182 4306 ferebatur,

595 4323 794 4381 deinde
828 4333 941 4381 tam
988 4327 1105 4397 ipse
1151 4343 1319 4399 quam
1369 4345 1563 4386 omnes
1606 4330 2047 4401 dampnaverunt
2080 4329 2185 4386 Pe-

597 4424 741 4471 trum
769 4434 799 4472 a
831 4432 956 4489 rege
978 4418 1207 4474 missum
1237 4429 1298 4475 ut
1335 4421 1643 4477 invasorem
1677 4422 1823 4477 sedis
1848 4422 2190 4491 apostolicae,-

2268 571 2511 625 linteum
2538 571 2722 641 impiis
2748 571 2803 624 in
2834 568 3065 624 circuitu
3087 568 3387 634 ambulare,
3412 576 3507 627 aut
3523 568 3793 638 vertiginem

2267 662 2466 733 capitis
2493 663 2576 717 sui
2611 677 2733 732 qua:
2777 661 2832 715 in
2865 660 3155 730 propatulo
3187 668 3273 715 est
3323 657 3622 726 defendere,
3665 674 3794 729 quam

2267 758 2519 811 errorem
2535 768 2697 809 suum
2720 752 3034 823 simpliciter
3055 750 3305 807 conﬁteri
3327 750 3687 822 etdoctrinam
3703 765 3794 807 sus

2269 846 2467 916 cipere.

2341 939 2526 993 Zenon
2555 940 2622 970 ¹⁷²
2657 947 2708 992 ct
2740 936 3066 992 Anastasius
3091 937 3448 1006 imperatores
3467 932 3797 989 Euthicbiani-

2271 1040 2389 1097 stre,
2419 1030 2475 1084 hi
2503 1030 2759 1101 leguntur
2786 1029 2940 1099 prius
2970 1027 3075 1083 sibi
3116 1035 3362 1082 sanctam
3391 1026 3697 1081 catholicam
3732 1040 3800 1079 ec-

2271 1122 2493 1177 clesiam
2528 1120 2855 1185 subdidisse,
2882 1119 2958 1174 ita
2995 1127 3056 1174 ut
3090 1118 3391 1173 catholicos
3423 1117 3690 1187 episcopos
3717 1116 3800 1170 exi-

2269 1213 2345 1268 lio
2367 1204 2659 1283 religarent
2686 1219 2741 1266 et
2765 1210 3063 1280 apostolica
3086 1209 3380 1264 traditione
3406 1208 3690 1279 postposita
3720 1207 3800 1261 sibi

2271 1312 2669 1361 consentaneas
2712 1302 2767 1356 in
2801 1316 2992 1356 eorum
3022 1301 3245 1357 sedibus
3294 1300 3656 1371 subrogarent.
3696 1297 3799 1353 Nam

2271 1405 2398 1452 ante
2430 1396 2625 1450 horum
2659 1402 2875 1464 tempus
2910 1392 3168 1464 leguntur
3190 1393 3411 1463 quidem
3441 1391 3651 1446 heretici
3672 1390 3802 1459 impe-

2270 1496 2484 1543 ratores
2519 1485 2816 1541 catholicos
2859 1484 3148 1554 episcopos
3176 1483 3363 1538 multis
3400 1481 3576 1536 modis
3600 1494 3799 1545 vexasse,

2272 1578 2526 1635 electioni
2574 1591 2703 1633 vero
2740 1584 2835 1631 aut
2873 1575 3204 1647 promotioni
3254 1574 3549 1644 cujuslibet
3582 1571 3805 1642 pontiﬁcis

2272 1686 2546 1741 nusquam
2593 1670 2853 1741 leguntur
2892 1684 2952 1725 se
2976 1667 3285 1724 miscuisse.
3319 1664 3593 1737 Siquidem
3620 1663 3707 1719 sub
3722 1663 3805 1718 eis-

2273 1762 2396 1818 dem
2427 1758 2884 1815 Euthichianistis
2923 1756 3345 1828 imperatoribus
3384 1763 3443 1811 et
3474 1753 3805 1810 Constantino-

2275 1854 2386 1926 poli
2413 1861 2469 1909 et
2496 1851 2724 1922 reliquis
2754 1850 2986 1905 urbibus
3035 1847 3236 1920 legitur
3272 1845 3674 1902 innumerabilis
3702 1843 3804 1898 ﬁde-

2274 1948 2408 2002 lium
2437 1943 2729 1999 multitudo
2757 1941 2889 1996 cleri
2915 1949 2971 1996 et
3000 1940 3186 2012 populi
3234 1939 3709 2010 pseudoepiscopos
3735 1951 3804 1993 eo-

2273 2054 2398 2095 rum
2425 2037 2738 2093 nullatenus
2771 2034 3053 2104 suscipere
3093 2032 3354 2097 voluisse,
3408 2031 3537 2101 quia
3575 2027 3808 2084 constabat

2273 2145 2370 2186 eos
2398 2130 2608 2199 absque
2636 2126 2723 2182 sui
2763 2124 3029 2181 electione
3068 2123 3124 2178 in
3169 2122 3267 2178 Dei
3297 2130 3659 2191 contemptum
3682 2128 3727 2175 et
3744 2118 3806 2174 sui

2274 2224 2480 2280 erroris
2525 2230 2882 2294 augmentum
2913 2236 2945 2277 a
2982 2218 3223 2292 praefatis
3268 2218 3605 2289 principibus
3632 2228 3806 2287 promo-

2275 2326 2363 2371 tos
2390 2315 2583 2372 fuisse.
2623 2313 2696 2369 Ut
2722 2314 2870 2370 enim
2912 2312 3077 2368 tradit
3120 2310 3473 2375 Anastasius,
3514 2316 3698 2365 sancta
3725 2304 3805 2358 lio-

2276 2424 2454 2464 manaz
2491 2407 2738 2463 ecclesiae
2763 2403 3234 2470 hibliothecarius,
3268 2402 3323 2459 in
3365 2401 3619 2457 chronica
3670 2397 3808 2452 Theo-

2277 2501 2478 2572 phanis
2499 2510 2554 2555 et
2571 2499 2789 2571 Georgii
2822 2497 2916 2552 Dei
2939 2497 3235 2563 cultorum,
3258 2511 3427 2568 quam
3461 2496 3573 2568 ipse
3590 2493 3652 2547 de
3676 2490 3807 2545 Greco

2277 2595 2333 2648 in
2370 2593 2624 2650 Latinum
2658 2590 2978 2647 transtulit:
3004 2587 3260 2662 [Auss'n]
3306 2608 3326 2641 ι
3353 2586 3622 2643 Vicesimo
3644 2580 3806 2651 imperii

2278 2684 2559 2741 Anastasii
2602 2700 2771 2751 anno,
2800 2684 3049 2740 Johanne
3087 2683 3326 2739 Niocetae
3358 2680 3705 2738 Alexandrino
3724 2675 3808 2746 epi-

2279 2792 2449 2847 scopo
2484 2776 2726 2832 heretico
2766 2784 3007 2843 mortuo,
3044 2774 3342 2854 Dioscorus
3393 2773 3578 2845 junior
3601 2769 3808 2842 praelatus

2278 2874 2364 2921 est
2398 2865 2690 2937 episcopus
2717 2864 3081 2920 Alexandriae.
3112 2862 3218 2940 Qui
3246 2879 3371 2920 cum
3416 2876 3606 2917 manus
3630 2855 3807 2928 imposi-

2282 2957 2482 3012 tionem
2514 2957 2836 3028 accepisset,
2884 2963 3233 3013 recesserunt
3280 2954 3650 3010 multitudines
3684 2947 3791 3006 rusti

2281 3066 2469 3105 corum
2499 3050 2762 3116 dicentes,
2791 3048 2925 3120 quia
2957 3047 3068 3103 nisi
3096 3047 3240 3104 sicut
3260 3046 3439 3102 sancti
3468 3058 3686 3101 canones
3707 3054 3807 3096 con-

2286 3142 2458 3197 tinent
2482 3141 2576 3197 ﬁat
2603 3141 2912 3212 episcopus,
2937 3155 3049 3195 non
3075 3139 3393 3210 recipietur.
3418 3135 3682 3206 Principes
3696 3131 3808 3186 enim

2236 3224 2254 3245 ¹
2285 3233 2752 3289 intronizaverunt
2799 3248 2947 3288 eum.
3005 3230 3318 3304 Dyoscorus
3391 3238 3570 3285 autem
3595 3224 3721 3281 venit
3759 3219 3809 3276 ad

2285 3324 2546 3381 Sanctum
2595 3324 2862 3391 Marcum,
2909 3331 2964 3379 et
3009 3323 3289 3379 venientes
3340 3321 3529 3377 clerici
3575 3318 3809 3374 induerunt

2282 3433 2412 3473 eum
2456 3417 2698 3474 secundo
2727 3425 2782 3471 ct
2805 3417 3002 3472 iterum
3029 3430 3154 3470 eum
3183 3419 3651 3470 consecraverunt.
3677 3406 3730 3461 Et
3756 3404 3809 3458 ita

2281 3509 2510 3566 veniens
2536 3509 2604 3564 ad
2631 3509 2893 3564 Sanctum
2937 3506 3243 3562 Johannem
3288 3504 3516 3576 perfecit
3561 3502 3807 3559 collectam.

2283 3601 2420 3657 Cum
2446 3610 2627 3657 autem
2650 3610 2795 3657 esset
2817 3600 2928 3656 illic
2957 3598 3300 3656 Theodosius
3320 3598 3469 3654 ﬁlius
3493 3592 3714 3664 Calliopii
3739 3603 3812 3643 au-

2284 3693 2512 3765 gustalis
2539 3702 2594 3748 et
2634 3692 2898 3749 Achatius
2939 3691 3199 3762 magister
3227 3690 3487 3756 militum,
3535 3687 3691 3743 turba:
3728 3690 3811 3735 tur-

2283 3784 2425 3839 batae
2453 3790 2716 3853 ceperunt
2748 3781 2967 3853 injuriis
3005 3780 3218 3837 afﬁcere
3254 3780 3429 3835 ﬁlium
3458 3772 3742 3851 augustalis,
3763 3781 3813 3821 to

2284 3876 2431 3947 quod
2455 3875 2703 3930 laudaret
2725 3874 3110 3943 imperatorem
3142 3870 3523 3936 Anastasium,
3544 3878 3595 3923 et
3619 3862 3813 3920 insilien-

2285 3976 2367 4024 tes
2392 3967 2615 4037 quidam
2646 3981 2677 4020 a
2701 3965 2831 4020 sede
2861 3963 3190 4034 depulerunt
3222 3978 3350 4017 eum
3375 3972 3432 4018 et
3462 3958 3808 4016 interfecerunt-

2285 4058 2356 4113 At
2382 4074 2512 4113 vero
2539 4056 2812 4113 Achacius
2838 4055 3101 4126 magister
3125 4054 3358 4109 militum
3385 4058 3644 4123 quotquot
3664 4056 3815 4114 capere

2285 4149 2464 4220 potuit
2522 4147 2812 4204 interfecit.
2871 4146 3029 4214 Quod
3092 4145 3319 4201 audiens
3356 4144 3640 4215 imperator
3685 4138 3814 4192 iratus

2286 4253 2389 4297 est.
2426 4241 2598 4296 Porro
2627 4239 2925 4296 Dioscorus
2959 4237 3232 4310 mitigavit
3267 4252 3417 4292 eum.
3450 4235 3681 4303 Cumque
3701 4227 3810 4283 Con-

2289 4332 2701 4403 stantinopolim
2740 4330 2981 4387 venisset
3005 4330 3147 4401 apud
3184 4330 3567 4399 imperatorem
3607 4336 3694 4395 pro
3723 4317 3815 4372 Ale-

2288 4426 2570 4483 xandrinis
2598 4426 3024 4492 intercessurus,
3048 4424 3119 4479 ab
3145 4423 3470 4478 orthodoxis
3494 4419 3689 4492 publice
3715 4426 3814 4467 con-

594 4516 651 4564 ct
671 4507 1024 4565 Laurentium
1055 4512 1306 4567 similiter
1335 4514 1429 4583 qui
1453 4514 1728 4569 seditiosis
1766 4514 2074 4569 assentiens
2105 4515 2185 4569 vi-
2214 4536 2261 4594 ι)
2288 4517 2446 4573 viciis
2498 4516 2873 4587 appetebatur.
2910 4513 3087 4581 Quam
3116 4514 3188 4568 ob
3235 4530 3349 4568 rem
3396 4521 3453 4569 et
3484 4512 3596 4582 ipse
3627 4520 3731 4563 cum
3763 4498 3819 4551 οιι

596 4598 828 4654 debatur
863 4614 923 4655 se
953 4600 1021 4655 ad
1061 4610 1318 4670 papatum
1346 4603 1612 4674 ingerere.
1644 4601 1765 4672 Ipse
1798 4618 1931 4659 vero
1970 4603 2026 4657 in
2068 4602 2180 4660 Do-

599 4689 746 4744 mine
773 4688 1118 4747 confortatus
1165 4706 1339 4761 usque
1386 4692 1455 4747 ad
1489 4691 1633 4747 diem
1679 4691 2028 4749 dormitionis
2075 4709 2189 4749 suae

599 4782 901 4852 permansit
922 4784 1275 4852 apostolicus.
1306 4784 1547 4839 Audiant
1573 4784 1668 4855 qui
1702 4782 1943 4840 favorem
1981 4786 2184 4841 terreni

601 4871 863 4941 principis
891 4873 1089 4928 divinae
1110 4874 1375 4929 voluntati
1405 4882 1762 4945 anteponunt,
1802 4883 1858 4931 et
1884 4874 2187 4947 intelligant

602 4963 765 5019 istius
786 4964 1194 5035 dampnationis
1230 4967 1556 5022 sententiam
1583 4983 1758 5038 usque
1787 4968 1856 5023 ad
1878 4983 1937 5023 se
1959 4969 2186 5024 dirivari

2286 4610 2640 4666 homicidium
2671 4606 3095 4675 intercessisset,
3126 4622 3251 4661 eum
3296 4604 3639 4661 festinatione
3677 4606 3814 4652 rcccS-

2287 4703 2379 4758 sit.
2417 4721 2436 4755 »
2480 4701 2621 4757 Ecce
2648 4701 2852 4771 quibus
2890 4699 3083 4770 primis
3123 4698 3444 4753 auctoribus
3471 4693 3629 4751 seculi
3659 4682 3815 4759 princi-

2289 4808 2385 4865 pes
2416 4807 2549 4849 suos
2598 4791 2883 4863 pontiﬁces
2931 4790 3184 4845 nituntur
3233 4788 3328 4843 Dei
3365 4785 3603 4843 ecclesia:
3641 4789 3813 4865 promes

2291 4863 2437 4940 vere.
2468 4882 2769 4954 Sequentes
2795 4890 2978 4938 autem
3003 4882 3201 4936 horum
3233 4880 3591 4935 hereticorum
3621 4863 3817 4933 exempla

2293 4977 2519 5047 quidam
2569 4975 2869 5032 Grecorum
2917 4974 3277 5044 imperatores
3322 4971 3474 5043 regni
3524 4966 3606 5024 sui
3638 4958 3817 5017 urbibus

602 5061 659 5108 et
685 5054 1014 5126 pertingere,
1038 5073 1163 5127 quae
1199 5074 1230 5112 a
1267 5058 1427 5114 beato
1465 5057 1795 5131 Symmacho
1819 5075 1959 5131 papa
1990 5068 2046 5115 et
2071 5059 2195 5116 aliis
2299 5082 2432 5124 suos
2459 5067 2748 5137 episcopos
2774 5066 3138 5136 imponentes,
3168 5063 3431 5119 Romana:
3454 5074 3576 5115 vero
3602 5052 3708 5111 urbi
3740 5049 3818 5103 hoc

586 5144 714 5231 ,125
741 5145 1012 5216 episcopis
1043 5147 1099 5200 in
1132 5147 1353 5204 Petrum
1388 5158 1444 5205 et
1477 5148 1832 5205 Laurentium
1852 5151 2051 5221 legitur
2073 5166 2198 5222 pro-
2296 5166 2676 5230 pepereerunt.
2722 5156 3010 5213 Decretum
3052 5155 3199 5211 enim
3244 5152 3523 5209 electionis
3554 5165 3583 5205 a
3619 5146 3742 5201 clem
3779 5143 3819 5188 οι

605 5234 862 5291 cessisse.
894 5234 1119 5292 Discant
1154 5238 1242 5294 hic
1264 5239 1446 5295 saltim
1500 5240 1566 5272 ¹⁷¹
1597 5240 1653 5295 hi
1692 5241 1787 5312 qui
1830 5243 2187 5311 apostolicam

602 5325 791 5381 sedem
822 5325 1140 5384 invaserunt
1171 5338 1228 5385 et
1262 5330 1523 5387 Romanae
1547 5333 1790 5389 ecclesia:
1810 5334 2187 5404 praejudicium

607 5417 876 5487 fecerunt,
916 5421 1010 5491 qui
1041 5421 1287 5479 favorem
1335 5425 1537 5480 terreni
1572 5426 1838 5497 principis
1861 5427 2060 5482 divinae
2086 5443 2186 5482 au-

608 5512 849 5568 ctoritati
877 5523 1232 5586 anteponunt,
1275 5518 1579 5574 secundum
1604 5528 1715 5575 tam
1739 5519 1966 5576 evidens
2006 5535 2192 5576 exem-

2296 5259 2491 5307 senatu
2528 5257 2842 5320 susceptum
2879 5247 2986 5305 sibi
3015 5247 3156 5302 mitti
3193 5251 3516 5308 statuerunt,
3554 5238 3815 5311 ρτὶυειιιιειιιι

2292 5342 2514 5399 futurus
2541 5340 2785 5414 pontiiex
2804 5348 3176 5396 consecretur.
3219 5336 3374 5404 Quod
3405 5350 3528 5390 cum
3552 5332 3815 5399 legaturse'

2291 5435 2418 5506 pius
2447 5435 2715 5491 directum
2758 5432 2950 5499 fuisse,
2992 5445 3266 5503 nusquam
3301 5438 3481 5484 tamen
3534 5422 3709 5493 legitur
3743 5420 3821 5464 θος

2300 5526 2673 5583 Romanorum
2717 5525 3042 5581 electionem
3105 5530 3351 5579 mutasse
3391 5528 3485 5575 aut
3531 5509 3815 5586 reprobassr.

1892 5653 2123 5712 VABIIE
2160 5656 2563 5715 LECTIONES.

686 5784 753 5818 "’"
775 5784 1003 5842 Trasam
1030 5815 1100 5825 —
1126 5786 1270 5844 ﬁlius
1290 5787 1345 5842 in.
1368 5804 1533 5858 marg.

1617 5787 1676 5819 ¹⁷¹
1712 5786 1892 5844 saltim
1918 5818 1986 5829 -—
2014 5797 2349 5861 anteponunt
2380 5788 2433 5844 iu
2458 5804 2623 5859 ntarg.

2705 5788 2772 5821 '7’
2798 5784 3078 5858 Sequentia
3102 5784 3155 5839 in
3174 5798 3342 5856 marg.
