  <div class='ocr_page' id='page_1' title='image "/cluster/home/n/w/nwhite01/storage/ocr_20150623/154/hvd.32044015473820/052.png"; bbox 0 0 3932 6298; ppageno 0'>
   <div class='ocr_carea' id='block_1_1' title="bbox 78 394 133 453">
    <p class='ocr_par' dir='ltr' id='par_1_1' title="bbox 78 394 133 453">
     <span class='ocr_line' id='line_1_1' title="bbox 78 394 133 453; baseline -0.036 0"><span class='ocrx_word' id='word_1_1' title='bbox 78 394 133 453; x_wconf 76' lang='grc'><strong>93</strong></span> 
     </span>
    </p>
   </div>
   <div class='ocr_carea' id='block_1_2' title="bbox 1264 385 1679 446">
    <p class='ocr_par' dir='ltr' id='par_1_2' title="bbox 1264 385 1679 446">
     <span class='ocr_line' id='line_1_2' title="bbox 1264 385 1679 446; baseline -0.01 -1"><span class='ocrx_word' id='word_1_2' title='bbox 1264 385 1657 446; x_wconf 79' lang='lat' dir='ltr'><strong>CHRONICON</strong></span> <span class='ocrx_word' id='word_1_3' title='bbox 1674 436 1679 441; x_wconf 91' lang='lat'><strong>.</strong></span> 
     </span>
    </p>
   </div>
   <div class='ocr_carea' id='block_1_3' title="bbox 1710 386 3307 455">
    <p class='ocr_par' dir='ltr' id='par_1_3' title="bbox 1710 386 3307 455">
     <span class='ocr_line' id='line_1_3' title="bbox 1710 386 3307 455; baseline 0.017 -14"><span class='ocrx_word' id='word_1_4' title='bbox 1710 420 1780 429; x_wconf 88' lang='lat'><strong>—-</strong></span> <span class='ocrx_word' id='word_1_5' title='bbox 1807 386 1939 444; x_wconf 82' lang='lat' dir='ltr'><strong>LIB.</strong></span> <span class='ocrx_word' id='word_1_6' title='bbox 1980 387 2019 445; x_wconf 84' lang='grc' dir='ltr'><strong>Ι.</strong></span> <span class='ocrx_word' id='word_1_7' title='bbox 2314 390 2324 397; x_wconf 81' lang='grc'><em>’</em></span> <span class='ocrx_word' id='word_1_8' title='bbox 3220 398 3307 455; x_wconf 51' lang='grc'>9*</span> 
     </span>
    </p>
   </div>
   <div class='ocr_carea' id='block_1_4' title="bbox 79 501 3294 575">
    <p class='ocr_par' dir='ltr' id='par_1_4' title="bbox 79 501 3294 575">
     <span class='ocr_line' id='line_1_4' title="bbox 79 501 3294 575; baseline 0.002 -10"><span class='ocrx_word' id='word_1_9' title='bbox 79 509 168 565; x_wconf 81' lang='lat' dir='ltr'><strong>Hoc</strong></span> <span class='ocrx_word' id='word_1_10' title='bbox 190 515 351 562; x_wconf 82' lang='lat' dir='ltr'><strong>tamen</strong></span> <span class='ocrx_word' id='word_1_11' title='bbox 375 503 499 575; x_wconf 86' lang='lat' dir='ltr'><strong>quia</strong></span> <span class='ocrx_word' id='word_1_12' title='bbox 533 501 769 558; x_wconf 84' lang='lat' dir='ltr'><strong>Domino</strong></span> <span class='ocrx_word' id='word_1_13' title='bbox 794 509 914 559; x_wconf 86' lang='lat' dir='ltr'><strong>erat</strong></span> <span class='ocrx_word' id='word_1_14' title='bbox 938 502 1299 571; x_wconf 88' lang='lat' dir='ltr'><strong>contrarium,</strong></span> <span class='ocrx_word' id='word_1_15' title='bbox 1342 514 1403 560; x_wconf 94' lang='lat' dir='ltr'><strong>ut</strong></span> <span class='ocrx_word' id='word_1_16' title='bbox 1430 506 1609 560; x_wconf 89' lang='lat' dir='ltr'><strong>eccle-</strong></span> <span class='ocrx_word' id='word_1_17' title='bbox 1639 505 1681 561; x_wconf 85' lang='lat' dir='ltr'><strong>A</strong></span> <span class='ocrx_word' id='word_1_18' title='bbox 1711 503 1899 574; x_wconf 81' lang='lat' dir='ltr'><strong>gioncs</strong></span> <span class='ocrx_word' id='word_1_19' title='bbox 1960 519 2089 574; x_wconf 84' lang='lat' dir='ltr'><strong>sepe</strong></span> <span class='ocrx_word' id='word_1_20' title='bbox 2134 503 2351 561; x_wconf 98' lang='lat' dir='ltr'><strong>fuerant</strong></span> <span class='ocrx_word' id='word_1_21' title='bbox 2409 506 2707 563; x_wconf 70' lang='lat' dir='ltr'><strong>trucidatze.</strong></span> <span class='ocrx_word' id='word_1_22' title='bbox 2764 506 3038 567; x_wconf 79' lang='lat' dir='ltr'><strong>Belsarius</strong></span> <span class='ocrx_word' id='word_1_23' title='bbox 3094 511 3294 571; x_wconf 82' lang='lat' dir='ltr'><strong>timens</strong></span> 
     </span>
    </p>
   </div>
   <div class='ocr_carea' id='block_1_5' title="bbox 78 594 1604 670">
    <p class='ocr_par' dir='ltr' id='par_1_5' title="bbox 78 594 1604 670">
     <span class='ocr_line' id='line_1_5' title="bbox 78 594 1604 670; baseline -0.005 -14"><span class='ocrx_word' id='word_1_24' title='bbox 78 603 141 657; x_wconf 80' lang='lat' dir='ltr'><strong>sia</strong></span> <span class='ocrx_word' id='word_1_25' title='bbox 165 597 392 670; x_wconf 88' lang='lat' dir='ltr'><strong>pontiﬁce</strong></span> <span class='ocrx_word' id='word_1_26' title='bbox 426 602 654 660; x_wconf 86' lang='lat' dir='ltr'><strong>careret,</strong></span> <span class='ocrx_word' id='word_1_27' title='bbox 691 608 867 664; x_wconf 90' lang='lat' dir='ltr'><strong>usque</strong></span> <span class='ocrx_word' id='word_1_28' title='bbox 903 594 1034 649; x_wconf 92' lang='lat' dir='ltr'><strong>dum</strong></span> <span class='ocrx_word' id='word_1_29' title='bbox 1071 594 1165 664; x_wconf 92' lang='lat' dir='ltr'><strong>qui</strong></span> <span class='ocrx_word' id='word_1_30' title='bbox 1217 595 1494 651; x_wconf 90' lang='lat' dir='ltr'><strong>decretum</strong></span> <span class='ocrx_word' id='word_1_31' title='bbox 1522 595 1604 650; x_wconf 91' lang='lat' dir='ltr'><strong>fe-</strong></span> 
     </span>
    </p>
   </div>
   <div class='ocr_carea' id='block_1_6' title="bbox 79 686 1607 757">
    <p class='ocr_par' dir='ltr' id='par_1_6' title="bbox 79 686 1607 757">
     <span class='ocr_line' id='line_1_6' title="bbox 79 686 1607 757; baseline -0.003 -9"><span class='ocrx_word' id='word_1_32' title='bbox 79 693 203 748; x_wconf 83' lang='lat' dir='ltr'><strong>rebat</strong></span> <span class='ocrx_word' id='word_1_33' title='bbox 230 690 322 744; x_wconf 87' lang='lat' dir='ltr'><strong>iret</strong></span> <span class='ocrx_word' id='word_1_34' title='bbox 351 695 403 743; x_wconf 91' lang='lat' dir='ltr'><strong>et</strong></span> <span class='ocrx_word' id='word_1_35' title='bbox 438 686 657 753; x_wconf 79' lang='lat' dir='ltr'><strong>rediret,</strong></span> <span class='ocrx_word' id='word_1_36' title='bbox 687 686 904 756; x_wconf 79' lang='lat' dir='ltr'><strong>penitus</strong></span> <span class='ocrx_word' id='word_1_37' title='bbox 942 695 1270 756; x_wconf 87' lang='lat' dir='ltr'><strong>respuerunt</strong></span> <span class='ocrx_word' id='word_1_38' title='bbox 1316 696 1607 757; x_wconf 89' lang='lat' dir='ltr'><strong>sequentes</strong></span> 
     </span>
    </p>
   </div>
   <div class='ocr_carea' id='block_1_7' title="bbox 78 776 1605 850">
    <p class='ocr_par' dir='ltr' id='par_1_7' title="bbox 78 776 1605 850">
     <span class='ocr_line' id='line_1_7' title="bbox 78 776 1605 850; baseline -0.004 -13"><span class='ocrx_word' id='word_1_39' title='bbox 78 783 414 850; x_wconf 75' lang='lat' dir='ltr'><strong>imperatores,</strong></span> <span class='ocrx_word' id='word_1_40' title='bbox 469 776 730 847; x_wconf 79' lang='lat' dir='ltr'><strong>religione</strong></span> <span class='ocrx_word' id='word_1_41' title='bbox 780 783 1101 846; x_wconf 73' lang='lat' dir='ltr'><strong>prmstantes</strong></span> <span class='ocrx_word' id='word_1_42' title='bbox 1135 816 1150 841; x_wconf 92' lang='lat'><strong>,</strong></span> <span class='ocrx_word' id='word_1_43' title='bbox 1198 776 1344 846; x_wconf 91' lang='lat' dir='ltr'><strong>quod</strong></span> <span class='ocrx_word' id='word_1_44' title='bbox 1389 777 1605 847; x_wconf 56' lang='lat' dir='ltr'><strong>,liquido</strong></span> 
     </span>
    </p>
   </div>
   <div class='ocr_carea' id='block_1_8' title="bbox 78 864 1606 940">
    <p class='ocr_par' dir='ltr' id='par_1_8' title="bbox 78 864 1606 940">
     <span class='ocr_line' id='line_1_8' title="bbox 78 864 1606 940; baseline -0.001 -18"><span class='ocrx_word' id='word_1_45' title='bbox 78 881 360 940; x_wconf 76' lang='lat' dir='ltr'><strong>cognoscere</strong></span> <span class='ocrx_word' id='word_1_46' title='bbox 445 879 740 935; x_wconf 84' lang='lat' dir='ltr'><strong>possumus</strong></span> <span class='ocrx_word' id='word_1_47' title='bbox 802 864 857 918; x_wconf 91' lang='lat' dir='ltr'><strong>in</strong></span> <span class='ocrx_word' id='word_1_48' title='bbox 915 865 1198 935; x_wconf 65' lang='lat' dir='ltr'><strong>praeceptis</strong></span> <span class='ocrx_word' id='word_1_49' title='bbox 1261 864 1606 922; x_wconf 84' lang='lat' dir='ltr'><strong>Constantini</strong></span> 
     </span>
    </p>
   </div>
   <div class='ocr_carea' id='block_1_9' title="bbox 76 953 1607 1028">
    <p class='ocr_par' dir='ltr' id='par_1_9' title="bbox 76 953 1607 1028">
     <span class='ocr_line' id='line_1_9' title="bbox 76 953 1607 1028; baseline 0.001 -18"><span class='ocrx_word' id='word_1_50' title='bbox 76 956 293 1028; x_wconf 82' lang='lat' dir='ltr'><strong>principis</strong></span> <span class='ocrx_word' id='word_1_51' title='bbox 318 955 381 1010; x_wconf 83' lang='lat' dir='ltr'><strong>ad</strong></span> <span class='ocrx_word' id='word_1_52' title='bbox 406 953 752 1009; x_wconf 85' lang='lat' dir='ltr'><strong>Benedictum</strong></span> <span class='ocrx_word' id='word_1_53' title='bbox 776 953 1093 1024; x_wconf 86' lang='lat' dir='ltr'><strong>episcopum</strong></span> <span class='ocrx_word' id='word_1_54' title='bbox 1115 962 1169 1009; x_wconf 91' lang='lat' dir='ltr'><strong>et</strong></span> <span class='ocrx_word' id='word_1_55' title='bbox 1192 955 1399 1010; x_wconf 88' lang='lat' dir='ltr'><strong>clerum</strong></span> <span class='ocrx_word' id='word_1_56' title='bbox 1433 964 1488 1011; x_wconf 89' lang='lat' dir='ltr'><strong>et</strong></span> <span class='ocrx_word' id='word_1_57' title='bbox 1512 972 1607 1026; x_wconf 87' lang='lat' dir='ltr'><strong>po-</strong></span> 
     </span>
    </p>
   </div>
   <div class='ocr_carea' id='block_1_10' title="bbox 76 1043 1608 1117">
    <p class='ocr_par' dir='ltr' id='par_1_10' title="bbox 76 1043 1608 1117">
     <span class='ocr_line' id='line_1_10' title="bbox 76 1043 1608 1117; baseline 0.002 -17"><span class='ocrx_word' id='word_1_58' title='bbox 76 1045 225 1117; x_wconf 81' lang='lat' dir='ltr'><strong>pulum</strong></span> <span class='ocrx_word' id='word_1_59' title='bbox 249 1045 565 1099; x_wconf 78' lang='lat' dir='ltr'><strong>Romanum.</strong></span> <span class='ocrx_word' id='word_1_60' title='bbox 602 1043 790 1115; x_wconf 82' lang='lat' dir='ltr'><strong>Itaque</strong></span> <span class='ocrx_word' id='word_1_61' title='bbox 814 1046 909 1116; x_wconf 88' lang='lat' dir='ltr'><strong>qui</strong></span> <span class='ocrx_word' id='word_1_62' title='bbox 958 1046 1185 1101; x_wconf 88' lang='lat' dir='ltr'><strong>attendit</strong></span> <span class='ocrx_word' id='word_1_63' title='bbox 1227 1047 1365 1102; x_wconf 90' lang='lat' dir='ltr'><strong>alios</strong></span> <span class='ocrx_word' id='word_1_64' title='bbox 1405 1046 1608 1103; x_wconf 83' lang='lat' dir='ltr'><strong>Greco-</strong></span> 
     </span>
    </p>
   </div>
   <div class='ocr_carea' id='block_1_11' title="bbox 76 1135 1605 1205">
    <p class='ocr_par' dir='ltr' id='par_1_11' title="bbox 76 1135 1605 1205">
     <span class='ocr_line' id='line_1_11' title="bbox 76 1135 1605 1205; baseline 0.001 -14"><span class='ocrx_word' id='word_1_65' title='bbox 76 1152 171 1191; x_wconf 88' lang='lat' dir='ltr'><strong>rum</strong></span> <span class='ocrx_word' id='word_1_66' title='bbox 202 1135 539 1205; x_wconf 85' lang='lat' dir='ltr'><strong>imperatores</strong></span> <span class='ocrx_word' id='word_1_67' title='bbox 574 1135 854 1191; x_wconf 86' lang='lat' dir='ltr'><strong>decretum</strong></span> <span class='ocrx_word' id='word_1_68' title='bbox 888 1135 991 1191; x_wconf 90' lang='lat' dir='ltr'><strong>sibi</strong></span> <span class='ocrx_word' id='word_1_69' title='bbox 1033 1136 1173 1190; x_wconf 86' lang='lat' dir='ltr'><strong>mitti</strong></span> <span class='ocrx_word' id='word_1_70' title='bbox 1213 1136 1476 1204; x_wconf 88' lang='lat' dir='ltr'><strong>noluisse,</strong></span> <span class='ocrx_word' id='word_1_71' title='bbox 1520 1146 1605 1192; x_wconf 92' lang='lat' dir='ltr'><strong>at-</strong></span> 
     </span>
    </p>
   </div>
   <div class='ocr_carea' id='block_1_12' title="bbox 76 1226 1610 1297">
    <p class='ocr_par' dir='ltr' id='par_1_12' title="bbox 76 1226 1610 1297">
     <span class='ocr_line' id='line_1_12' title="bbox 76 1226 1610 1297; baseline 0.003 -17"><span class='ocrx_word' id='word_1_72' title='bbox 76 1226 223 1280; x_wconf 81' lang='lat' dir='ltr'><strong>tendat</strong></span> <span class='ocrx_word' id='word_1_73' title='bbox 259 1240 349 1281; x_wconf 86' lang='lat' dir='ltr'><strong>eos</strong></span> <span class='ocrx_word' id='word_1_74' title='bbox 390 1241 671 1297; x_wconf 84' lang='lat' dir='ltr'><strong>nunquam</strong></span> <span class='ocrx_word' id='word_1_75' title='bbox 709 1226 1033 1282; x_wconf 86' lang='lat' dir='ltr'><strong>electionem</strong></span> <span class='ocrx_word' id='word_1_76' title='bbox 1064 1235 1326 1295; x_wconf 88' lang='lat' dir='ltr'><strong>mutasse,</strong></span> <span class='ocrx_word' id='word_1_77' title='bbox 1365 1229 1610 1285; x_wconf 88' lang='lat' dir='ltr'><strong>attendat</strong></span> 
     </span>
    </p>
   </div>
   <div class='ocr_carea' id='block_1_13' title="bbox 75 1318 559 1373">
    <p class='ocr_par' dir='ltr' id='par_1_13' title="bbox 75 1318 559 1373">
     <span class='ocr_line' id='line_1_13' title="bbox 75 1318 559 1373; baseline 0.002 -1"><span class='ocrx_word' id='word_1_78' title='bbox 75 1318 559 1373; x_wconf 76' lang='lat' dir='ltr'><strong>etiam.....&quot;&#39;.</strong></span> 
     </span>
    </p>
   </div>
   <div class='ocr_carea' id='block_1_14' title="bbox 125 1408 1606 1484">
    <p class='ocr_par' dir='ltr' id='par_1_14' title="bbox 125 1408 1606 1484">
     <span class='ocr_line' id='line_1_14' title="bbox 125 1408 1606 1484; baseline 0.003 -22"><span class='ocrx_word' id='word_1_79' title='bbox 125 1409 233 1465; x_wconf 88' lang='lat' dir='ltr'><strong>Post</strong></span> <span class='ocrx_word' id='word_1_80' title='bbox 253 1410 594 1466; x_wconf 86' lang='lat' dir='ltr'><strong>Anastasium</strong></span> <span class='ocrx_word' id='word_1_81' title='bbox 615 1408 867 1467; x_wconf 85' lang='lat' dir='ltr'><strong>Justinus</strong></span> <span class='ocrx_word' id='word_1_82' title='bbox 887 1410 1070 1469; x_wconf 85' lang='lat' dir='ltr'><strong>senior</strong></span> <span class='ocrx_word' id='word_1_83' title='bbox 1088 1412 1298 1484; x_wconf 81' lang='lat' dir='ltr'><strong>accepit</strong></span> <span class='ocrx_word' id='word_1_84' title='bbox 1317 1413 1606 1484; x_wconf 88' lang='lat' dir='ltr'><strong>imperium</strong></span> 
     </span>
    </p>
   </div>
   <div class='ocr_carea' id='block_1_15' title="bbox 76 1501 1601 1577">
    <p class='ocr_par' dir='ltr' id='par_1_15' title="bbox 76 1501 1601 1577">
     <span class='ocr_line' id='line_1_15' title="bbox 76 1501 1601 1577; baseline 0.003 -21"><span class='ocrx_word' id='word_1_85' title='bbox 76 1517 188 1557; x_wconf 81' lang='lat' dir='ltr'><strong>anno</strong></span> <span class='ocrx_word' id='word_1_86' title='bbox 211 1502 272 1557; x_wconf 85' lang='lat' dir='ltr'><strong>ab</strong></span> <span class='ocrx_word' id='word_1_87' title='bbox 292 1501 396 1558; x_wconf 92' lang='lat' dir='ltr'><strong>inc.</strong></span> <span class='ocrx_word' id='word_1_88' title='bbox 428 1501 588 1559; x_wconf 87' lang='lat' dir='ltr'><strong>Dom.</strong></span> <span class='ocrx_word' id='word_1_89' title='bbox 623 1503 761 1571; x_wconf 71' lang='lat'><strong>517;</strong></span> <span class='ocrx_word' id='word_1_90' title='bbox 793 1505 1041 1576; x_wconf 76' lang='lat' dir='ltr'><strong>regnavit</strong></span> <span class='ocrx_word' id='word_1_91' title='bbox 1068 1505 1228 1561; x_wconf 90' lang='lat' dir='ltr'><strong>annis</strong></span> <span class='ocrx_word' id='word_1_92' title='bbox 1254 1505 1307 1560; x_wconf 86' lang='lat'><strong>9.</strong></span> <span class='ocrx_word' id='word_1_93' title='bbox 1332 1504 1514 1574; x_wconf 83' lang='lat' dir='ltr'><strong>(Gesta</strong></span> <span class='ocrx_word' id='word_1_94' title='bbox 1548 1523 1601 1577; x_wconf 83' lang='lat' dir='ltr'><strong>p.</strong></span> 
     </span>
    </p>
   </div>
   <div class='ocr_carea' id='block_1_16' title="bbox 76 1593 1603 1667">
    <p class='ocr_par' dir='ltr' id='par_1_16' title="bbox 76 1593 1603 1667">
     <span class='ocr_line' id='line_1_16' title="bbox 76 1593 1603 1667; baseline 0.005 -19"><span class='ocrx_word' id='word_1_95' title='bbox 76 1594 161 1665; x_wconf 68' lang='lat' dir='ltr'><strong>IL).</strong></span> <span class='ocrx_word' id='word_1_96' title='bbox 185 1593 416 1652; x_wconf 84' lang='lat' dir='ltr'><strong>Ormisda</strong></span> <span class='ocrx_word' id='word_1_97' title='bbox 455 1594 773 1667; x_wconf 90' lang='lat' dir='ltr'><strong>Campanus</strong></span> <span class='ocrx_word' id='word_1_98' title='bbox 807 1598 948 1653; x_wconf 87' lang='lat' dir='ltr'><strong>sedit</strong></span> <span class='ocrx_word' id='word_1_99' title='bbox 989 1597 1179 1654; x_wconf 65' lang='lat' dir='ltr'><strong>Romae</strong></span> <span class='ocrx_word' id='word_1_100' title='bbox 1217 1614 1365 1654; x_wconf 88' lang='lat' dir='ltr'><strong>anno</strong></span> <span class='ocrx_word' id='word_1_101' title='bbox 1396 1599 1466 1654; x_wconf 91' lang='lat' dir='ltr'><strong>ah</strong></span> <span class='ocrx_word' id='word_1_102' title='bbox 1494 1598 1603 1655; x_wconf 88' lang='lat' dir='ltr'><strong>inc.</strong></span> 
     </span>
    </p>
   </div>
   <div class='ocr_carea' id='block_1_17' title="bbox 77 1686 1602 1760">
    <p class='ocr_par' dir='ltr' id='par_1_17' title="bbox 77 1686 1602 1760">
     <span class='ocr_line' id='line_1_17' title="bbox 77 1686 1602 1760; baseline 0.001 -17"><span class='ocrx_word' id='word_1_103' title='bbox 77 1686 196 1743; x_wconf 86' lang='lat' dir='ltr'><strong>Dom.</strong></span> <span class='ocrx_word' id='word_1_104' title='bbox 220 1689 333 1756; x_wconf 81' lang='grc'><strong>511,</strong></span> <span class='ocrx_word' id='word_1_105' title='bbox 355 1689 496 1745; x_wconf 85' lang='lat' dir='ltr'><strong>sedit</strong></span> <span class='ocrx_word' id='word_1_106' title='bbox 520 1705 572 1745; x_wconf 89' lang='lat' dir='ltr'><strong>a.</strong></span> <span class='ocrx_word' id='word_1_107' title='bbox 597 1689 652 1757; x_wconf 89' lang='lat'><strong>8,</strong></span> <span class='ocrx_word' id='word_1_108' title='bbox 679 1690 734 1746; x_wconf 93' lang='lat' dir='ltr'><strong>d.</strong></span> <span class='ocrx_word' id='word_1_109' title='bbox 763 1690 850 1755; x_wconf 79' lang='lat' dir='ltr'><strong>M,</strong></span> <span class='ocrx_word' id='word_1_110' title='bbox 878 1698 1045 1760; x_wconf 77' lang='lat' dir='ltr'><strong>patre.</strong></span> <span class='ocrx_word' id='word_1_111' title='bbox 1064 1690 1222 1746; x_wconf 91' lang='lat' dir='ltr'><strong>Justo</strong></span> <span class='ocrx_word' id='word_1_112' title='bbox 1255 1691 1323 1747; x_wconf 88' lang='lat' dir='ltr'><strong>de</strong></span> <span class='ocrx_word' id='word_1_113' title='bbox 1352 1691 1602 1746; x_wconf 84' lang='lat' dir='ltr'><strong>Frisonc.</strong></span> 
     </span>
    </p>
   </div>
   <div class='ocr_carea' id='block_1_18' title="bbox 78 1778 1603 1855">
    <p class='ocr_par' dir='ltr' id='par_1_18' title="bbox 78 1778 1603 1855">
     <span class='ocr_line' id='line_1_18' title="bbox 78 1778 1603 1855; baseline 0.003 -23"><span class='ocrx_word' id='word_1_114' title='bbox 78 1778 150 1835; x_wconf 89' lang='lat' dir='ltr'><strong>llic</strong></span> <span class='ocrx_word' id='word_1_115' title='bbox 168 1780 425 1836; x_wconf 85' lang='lat' dir='ltr'><strong>constituit</strong></span> <span class='ocrx_word' id='word_1_116' title='bbox 449 1782 659 1838; x_wconf 88' lang='lat' dir='ltr'><strong>clerum</strong></span> <span class='ocrx_word' id='word_1_117' title='bbox 673 1791 728 1837; x_wconf 89' lang='lat' dir='ltr'><strong>et</strong></span> <span class='ocrx_word' id='word_1_118' title='bbox 750 1782 1084 1853; x_wconf 90' lang='lat' dir='ltr'><strong>presbiteros</strong></span> <span class='ocrx_word' id='word_1_119' title='bbox 1104 1783 1359 1838; x_wconf 79' lang='lat' dir='ltr'><strong>erudivit.</strong></span> <span class='ocrx_word' id='word_1_120' title='bbox 1384 1782 1603 1855; x_wconf 41' lang='lat' dir='ltr'><strong>[Bson]</strong></span> 
     </span>
    </p>
   </div>
   <div class='ocr_carea' id='block_1_19' title="bbox 1717 593 3290 669">
    <p class='ocr_par' dir='ltr' id='par_1_19' title="bbox 1717 593 3290 669">
     <span class='ocr_line' id='line_1_19' title="bbox 1717 593 3290 669; baseline 0.008 -22"><span class='ocrx_word' id='word_1_121' title='bbox 1717 593 2030 661; x_wconf 86' lang='lat' dir='ltr'><strong>Wandalos,</strong></span> <span class='ocrx_word' id='word_1_122' title='bbox 2044 595 2365 651; x_wconf 85' lang='lat' dir='ltr'><strong>adhortante</strong></span> <span class='ocrx_word' id='word_1_123' title='bbox 2380 596 2653 652; x_wconf 75' lang='lat' dir='ltr'><strong>Antonina</strong></span> <span class='ocrx_word' id='word_1_124' title='bbox 2668 614 2837 655; x_wconf 80' lang='lat' dir='ltr'><strong>uxore</strong></span> <span class='ocrx_word' id='word_1_125' title='bbox 2847 615 2946 656; x_wconf 87' lang='lat' dir='ltr'><strong>sua</strong></span> <span class='ocrx_word' id='word_1_126' title='bbox 2957 600 3290 669; x_wconf 87' lang='lat' dir='ltr'><strong>Christiana,</strong></span> 
     </span>
    </p>
   </div>
   <div class='ocr_carea' id='block_1_20' title="bbox 1708 685 3293 766">
    <p class='ocr_par' dir='ltr' id='par_1_20' title="bbox 1708 685 3293 766">
     <span class='ocr_line' id='line_1_20' title="bbox 1708 685 3293 766; baseline 0.007 -26"><span class='ocrx_word' id='word_1_127' title='bbox 1708 695 1897 741; x_wconf 88' lang='lat' dir='ltr'><strong>votum</strong></span> <span class='ocrx_word' id='word_1_128' title='bbox 1927 687 2074 741; x_wconf 83' lang='lat' dir='ltr'><strong>vovit</strong></span> <span class='ocrx_word' id='word_1_129' title='bbox 2102 685 2213 742; x_wconf 88' lang='lat' dir='ltr'><strong>Deo</strong></span> <span class='ocrx_word' id='word_1_130' title='bbox 2246 703 2306 745; x_wconf 87' lang='lat' dir='ltr'><strong>se</strong></span> <span class='ocrx_word' id='word_1_131' title='bbox 2350 688 2593 744; x_wconf 87' lang='lat' dir='ltr'><strong>futurum</strong></span> <span class='ocrx_word' id='word_1_132' title='bbox 2635 690 3008 747; x_wconf 86' lang='lat' dir='ltr'><strong>Christianum</strong></span> <span class='ocrx_word' id='word_1_133' title='bbox 3035 695 3081 749; x_wconf 92' lang='lat' dir='ltr'><strong>si</strong></span> <span class='ocrx_word' id='word_1_134' title='bbox 3107 704 3293 766; x_wconf 86' lang='lat' dir='ltr'><strong>posset</strong></span> 
     </span>
    </p>
   </div>
   <div class='ocr_carea' id='block_1_21' title="bbox 1709 775 3290 857">
    <p class='ocr_par' dir='ltr' id='par_1_21' title="bbox 1709 775 3290 857">
     <span class='ocr_line' id='line_1_21' title="bbox 1709 775 3290 857; baseline 0.009 -27"><span class='ocrx_word' id='word_1_135' title='bbox 1709 775 2008 834; x_wconf 80' lang='lat' dir='ltr'><strong>Wandalos</strong></span> <span class='ocrx_word' id='word_1_136' title='bbox 2022 794 2300 849; x_wconf 87' lang='lat' dir='ltr'><strong>superare.</strong></span> <span class='ocrx_word' id='word_1_137' title='bbox 2316 780 2568 838; x_wconf 87' lang='lat' dir='ltr'><strong>Wandali</strong></span> <span class='ocrx_word' id='word_1_138' title='bbox 2584 798 2747 854; x_wconf 87' lang='lat' dir='ltr'><strong>super</strong></span> <span class='ocrx_word' id='word_1_139' title='bbox 2772 786 2901 841; x_wconf 84' lang='lat' dir='ltr'><strong>litus</strong></span> <span class='ocrx_word' id='word_1_140' title='bbox 2926 787 3094 857; x_wconf 79' lang='lat' dir='ltr'><strong>maris</strong></span> <span class='ocrx_word' id='word_1_141' title='bbox 3109 796 3290 851; x_wconf 86' lang='lat' dir='ltr'><strong>castra</strong></span> 
     </span>
    </p>
   </div>
   <div class='ocr_carea' id='block_1_22' title="bbox 1709 869 3294 947">
    <p class='ocr_par' dir='ltr' id='par_1_22' title="bbox 1709 869 3294 947">
     <span class='ocr_line' id='line_1_22' title="bbox 1709 869 3294 947; baseline 0.008 -24"><span class='ocrx_word' id='word_1_142' title='bbox 1709 878 2002 937; x_wconf 86' lang='lat' dir='ltr'><strong>metantur,</strong></span> <span class='ocrx_word' id='word_1_143' title='bbox 2027 869 2301 928; x_wconf 86' lang='lat' dir='ltr'><strong>Bclsarius</strong></span> <span class='ocrx_word' id='word_1_144' title='bbox 2323 883 2545 930; x_wconf 87' lang='lat' dir='ltr'><strong>econtra</strong></span> <span class='ocrx_word' id='word_1_145' title='bbox 2564 876 2808 931; x_wconf 85' lang='lat' dir='ltr'><strong>terrestri</strong></span> <span class='ocrx_word' id='word_1_146' title='bbox 2836 879 3022 947; x_wconf 78' lang='lat' dir='ltr'><strong>proelio</strong></span> <span class='ocrx_word' id='word_1_147' title='bbox 3048 888 3102 935; x_wconf 92' lang='lat' dir='ltr'><strong>et</strong></span> <span class='ocrx_word' id='word_1_148' title='bbox 3129 879 3294 936; x_wconf 85' lang='lat' dir='ltr'><strong>Anto-</strong></span> 
     </span>
    </p>
   </div>
   <div class='ocr_carea' id='block_1_23' title="bbox 1709 962 3323 1041">
    <p class='ocr_par' dir='ltr' id='par_1_23' title="bbox 1709 962 3323 1041">
     <span class='ocr_line' id='line_1_23' title="bbox 1709 962 3323 1041; baseline 0.008 -26"><span class='ocrx_word' id='word_1_149' title='bbox 1709 962 1836 1017; x_wconf 90' lang='lat' dir='ltr'><strong>nina</strong></span> <span class='ocrx_word' id='word_1_150' title='bbox 1861 963 2037 1020; x_wconf 82' lang='lat' dir='ltr'><strong>navali</strong></span> <span class='ocrx_word' id='word_1_151' title='bbox 2083 966 2378 1034; x_wconf 88' lang='lat' dir='ltr'><strong>procedere</strong></span> <span class='ocrx_word' id='word_1_152' title='bbox 2407 974 2619 1038; x_wconf 89' lang='lat' dir='ltr'><strong>parant.</strong></span> <span class='ocrx_word' id='word_1_153' title='bbox 2655 967 2791 1023; x_wconf 91' lang='lat' dir='ltr'><strong>Cum</strong></span> <span class='ocrx_word' id='word_1_154' title='bbox 2818 969 2932 1039; x_wconf 90' lang='lat' dir='ltr'><strong>jam</strong></span> <span class='ocrx_word' id='word_1_155' title='bbox 2958 986 3125 1041; x_wconf 82' lang='lat' dir='ltr'><strong>prope</strong></span> <span class='ocrx_word' id='word_1_156' title='bbox 3155 988 3291 1028; x_wconf 85' lang='lat' dir='ltr'><strong>con-</strong></span> <span class='ocrx_word' id='word_1_157' title='bbox 3318 982 3323 989; x_wconf 92' lang='lat'>&#39;</span> 
     </span>
    </p>
   </div>
   <div class='ocr_carea' id='block_1_24' title="bbox 1709 1050 3294 1131">
    <p class='ocr_par' dir='ltr' id='par_1_24' title="bbox 1709 1050 3294 1131">
     <span class='ocr_line' id='line_1_24' title="bbox 1709 1050 3294 1131; baseline 0.008 -25"><span class='ocrx_word' id='word_1_158' title='bbox 1709 1050 1916 1107; x_wconf 81' lang='lat' dir='ltr'><strong>ﬁictum</strong></span> <span class='ocrx_word' id='word_1_159' title='bbox 1954 1063 2156 1121; x_wconf 90' lang='lat' dir='ltr'><strong>essent,</strong></span> <span class='ocrx_word' id='word_1_160' title='bbox 2203 1056 2473 1111; x_wconf 82' lang='lat' dir='ltr'><strong>Antonino</strong></span> <span class='ocrx_word' id='word_1_161' title='bbox 2502 1074 2626 1113; x_wconf 87' lang='lat' dir='ltr'><strong>cum</strong></span> <span class='ocrx_word' id='word_1_162' title='bbox 2670 1061 2787 1115; x_wconf 85' lang='lat' dir='ltr'><strong>suis</strong></span> <span class='ocrx_word' id='word_1_163' title='bbox 2828 1076 3067 1131; x_wconf 87' lang='lat' dir='ltr'><strong>egressa,</strong></span> <span class='ocrx_word' id='word_1_164' title='bbox 3100 1077 3294 1119; x_wconf 89' lang='lat' dir='ltr'><strong>omnes</strong></span> 
     </span>
    </p>
   </div>
   <div class='ocr_carea' id='block_1_25' title="bbox 1710 1143 3292 1218">
    <p class='ocr_par' dir='ltr' id='par_1_25' title="bbox 1710 1143 3292 1218">
     <span class='ocr_line' id='line_1_25' title="bbox 1710 1143 3292 1218; baseline 0.006 -21"><span class='ocrx_word' id='word_1_165' title='bbox 1710 1143 1971 1199; x_wconf 85' lang='lat' dir='ltr'><strong>mulieres</strong></span> <span class='ocrx_word' id='word_1_166' title='bbox 2006 1153 2059 1200; x_wconf 93' lang='lat' dir='ltr'><strong>et</strong></span> <span class='ocrx_word' id='word_1_167' title='bbox 2085 1145 2286 1210; x_wconf 86' lang='lat' dir='ltr'><strong>liberos</strong></span> <span class='ocrx_word' id='word_1_168' title='bbox 2315 1146 2706 1203; x_wconf 77' lang='lat' dir='ltr'><strong>Wandalorum</strong></span> <span class='ocrx_word' id='word_1_169' title='bbox 2725 1150 2941 1218; x_wconf 89' lang='lat' dir='ltr'><strong>delevit,</strong></span> <span class='ocrx_word' id='word_1_170' title='bbox 2968 1167 3069 1206; x_wconf 92' lang='lat' dir='ltr'><strong>nec</strong></span> <span class='ocrx_word' id='word_1_171' title='bbox 3091 1152 3292 1207; x_wconf 88' lang='lat' dir='ltr'><strong>animal</strong></span> 
     </span>
    </p>
   </div>
   <div class='ocr_carea' id='block_1_26' title="bbox 1708 1233 3293 1311">
    <p class='ocr_par' dir='ltr' id='par_1_26' title="bbox 1708 1233 3293 1311">
     <span class='ocr_line' id='line_1_26' title="bbox 1708 1233 3293 1311; baseline 0.006 -24"><span class='ocrx_word' id='word_1_172' title='bbox 1708 1249 1776 1288; x_wconf 82' lang='lat' dir='ltr'><strong>ex</strong></span> <span class='ocrx_word' id='word_1_173' title='bbox 1800 1233 1908 1289; x_wconf 90' lang='lat' dir='ltr'><strong>illis</strong></span> <span class='ocrx_word' id='word_1_174' title='bbox 1933 1235 2115 1291; x_wconf 81' lang='lat' dir='ltr'><strong>vivere</strong></span> <span class='ocrx_word' id='word_1_175' title='bbox 2142 1237 2409 1306; x_wconf 88' lang='lat' dir='ltr'><strong>permisit.</strong></span> <span class='ocrx_word' id='word_1_176' title='bbox 2433 1237 2590 1306; x_wconf 88' lang='lat' dir='ltr'><strong>Quod</strong></span> <span class='ocrx_word' id='word_1_177' title='bbox 2609 1240 2700 1295; x_wconf 90' lang='lat' dir='ltr'><strong>ubi</strong></span> <span class='ocrx_word' id='word_1_178' title='bbox 2727 1239 3036 1297; x_wconf 88' lang='lat' dir='ltr'><strong>Childemcr</strong></span> <span class='ocrx_word' id='word_1_179' title='bbox 3062 1243 3293 1311; x_wconf 80' lang='lat' dir='ltr'><strong>audivit,</strong></span> 
     </span>
    </p>
   </div>
   <div class='ocr_carea' id='block_1_27' title="bbox 1708 1328 3293 1405">
    <p class='ocr_par' dir='ltr' id='par_1_27' title="bbox 1708 1328 3293 1405">
     <span class='ocr_line' id='line_1_27' title="bbox 1708 1328 3293 1405; baseline 0.006 -25"><span class='ocrx_word' id='word_1_180' title='bbox 1708 1338 2009 1382; x_wconf 86' lang='lat' dir='ltr'><strong>retrorsum</strong></span> <span class='ocrx_word' id='word_1_181' title='bbox 2064 1328 2131 1384; x_wconf 85' lang='lat' dir='ltr'><strong>ad</strong></span> <span class='ocrx_word' id='word_1_182' title='bbox 2176 1337 2357 1385; x_wconf 82' lang='lat' dir='ltr'><strong>castra</strong></span> <span class='ocrx_word' id='word_1_183' title='bbox 2407 1329 2642 1397; x_wconf 90' lang='lat' dir='ltr'><strong>rediens,</strong></span> <span class='ocrx_word' id='word_1_184' title='bbox 2696 1331 2968 1388; x_wconf 89' lang='lat' dir='ltr'><strong>destructa</strong></span> <span class='ocrx_word' id='word_1_185' title='bbox 3024 1334 3293 1405; x_wconf 79' lang='lat' dir='ltr'><strong>phalanga</strong></span> 
     </span>
    </p>
   </div>
   <div class='ocr_carea' id='block_1_28' title="bbox 1708 1418 3296 1493">
    <p class='ocr_par' dir='ltr' id='par_1_28' title="bbox 1708 1418 3296 1493">
     <span class='ocr_line' id='line_1_28' title="bbox 1708 1418 3296 1493; baseline 0.005 -21"><span class='ocrx_word' id='word_1_186' title='bbox 1708 1418 1880 1489; x_wconf 69' lang='lat' dir='ltr'><strong>praelii</strong></span> <span class='ocrx_word' id='word_1_187' title='bbox 1911 1435 1941 1474; x_wconf 91' lang='lat' dir='ltr'><strong>a</strong></span> <span class='ocrx_word' id='word_1_188' title='bbox 1963 1418 2207 1475; x_wconf 83' lang='lat' dir='ltr'><strong>Belsario</strong></span> <span class='ocrx_word' id='word_1_189' title='bbox 2233 1429 2287 1476; x_wconf 89' lang='lat' dir='ltr'><strong>et</strong></span> <span class='ocrx_word' id='word_1_190' title='bbox 2308 1421 2602 1488; x_wconf 82' lang='lat' dir='ltr'><strong>Antonino,</strong></span> <span class='ocrx_word' id='word_1_191' title='bbox 2627 1430 2771 1477; x_wconf 87' lang='lat' dir='ltr'><strong>terra</strong></span> <span class='ocrx_word' id='word_1_192' title='bbox 2790 1424 3037 1493; x_wconf 79' lang='lat' dir='ltr'><strong>marique</strong></span> <span class='ocrx_word' id='word_1_193' title='bbox 3062 1426 3296 1480; x_wconf 84' lang='lat' dir='ltr'><strong>vallatus</strong></span> 
     </span>
    </p>
   </div>
   <div class='ocr_carea' id='block_1_29' title="bbox 1708 1511 3298 1581">
    <p class='ocr_par' dir='ltr' id='par_1_29' title="bbox 1708 1511 3298 1581">
     <span class='ocr_line' id='line_1_29' title="bbox 1708 1511 3298 1581; baseline 0.001 -14"><span class='ocrx_word' id='word_1_194' title='bbox 1708 1526 1832 1567; x_wconf 91' lang='lat' dir='ltr'><strong>cum</strong></span> <span class='ocrx_word' id='word_1_195' title='bbox 1855 1511 1970 1567; x_wconf 84' lang='lat' dir='ltr'><strong>suis</strong></span> <span class='ocrx_word' id='word_1_196' title='bbox 1991 1512 2246 1568; x_wconf 90' lang='lat' dir='ltr'><strong>omnibus</strong></span> <span class='ocrx_word' id='word_1_197' title='bbox 2259 1514 2327 1567; x_wconf 88' lang='lat' dir='ltr'><strong>ad</strong></span> <span class='ocrx_word' id='word_1_198' title='bbox 2355 1513 2778 1569; x_wconf 81' lang='lat' dir='ltr'><strong>internecionem</strong></span> <span class='ocrx_word' id='word_1_199' title='bbox 2801 1530 2961 1569; x_wconf 89' lang='lat' dir='ltr'><strong>cesus</strong></span> <span class='ocrx_word' id='word_1_200' title='bbox 2973 1523 3073 1570; x_wconf 89' lang='lat' dir='ltr'><strong>est.</strong></span> <span class='ocrx_word' id='word_1_201' title='bbox 3089 1515 3192 1581; x_wconf 88' lang='lat' dir='ltr'><strong>Qui</strong></span> <span class='ocrx_word' id='word_1_202' title='bbox 3209 1515 3298 1569; x_wconf 86' lang='lat' dir='ltr'><strong>fu-</strong></span> 
     </span>
    </p>
   </div>
   <div class='ocr_carea' id='block_1_30' title="bbox 1708 1599 3298 1669">
    <p class='ocr_par' dir='ltr' id='par_1_30' title="bbox 1708 1599 3298 1669">
     <span class='ocr_line' id='line_1_30' title="bbox 1708 1599 3298 1669; baseline 0.003 -17"><span class='ocrx_word' id='word_1_203' title='bbox 1708 1599 1861 1669; x_wconf 82' lang='lat' dir='ltr'><strong>giens</strong></span> <span class='ocrx_word' id='word_1_204' title='bbox 1880 1614 2005 1654; x_wconf 93' lang='lat' dir='ltr'><strong>cum</strong></span> <span class='ocrx_word' id='word_1_205' title='bbox 2033 1600 2319 1656; x_wconf 87' lang='lat' dir='ltr'><strong>duodecim</strong></span> <span class='ocrx_word' id='word_1_206' title='bbox 2346 1610 2556 1656; x_wconf 89' lang='lat' dir='ltr'><strong>tantum</strong></span> <span class='ocrx_word' id='word_1_207' title='bbox 2586 1602 2869 1661; x_wconf 82' lang='lat' dir='ltr'><strong>Wandalis</strong></span> <span class='ocrx_word' id='word_1_208' title='bbox 2889 1602 2943 1657; x_wconf 89' lang='lat' dir='ltr'><strong>in</strong></span> <span class='ocrx_word' id='word_1_209' title='bbox 2972 1611 3151 1657; x_wconf 92' lang='lat' dir='ltr'><strong>castro</strong></span> <span class='ocrx_word' id='word_1_210' title='bbox 3180 1612 3298 1658; x_wconf 86' lang='lat' dir='ltr'><strong>tuto</strong></span> 
     </span>
    </p>
   </div>
   <div class='ocr_carea' id='block_1_31' title="bbox 1708 1691 3299 1764">
    <p class='ocr_par' dir='ltr' id='par_1_31' title="bbox 1708 1691 3299 1764">
     <span class='ocr_line' id='line_1_31' title="bbox 1708 1691 3299 1764; baseline 0.002 -18"><span class='ocrx_word' id='word_1_211' title='bbox 1708 1706 1768 1746; x_wconf 91' lang='lat' dir='ltr'><strong>se</strong></span> <span class='ocrx_word' id='word_1_212' title='bbox 1795 1691 2014 1761; x_wconf 88' lang='lat' dir='ltr'><strong>recepit,</strong></span> <span class='ocrx_word' id='word_1_213' title='bbox 2045 1692 2137 1746; x_wconf 92' lang='lat' dir='ltr'><strong>ubi</strong></span> <span class='ocrx_word' id='word_1_214' title='bbox 2165 1700 2442 1748; x_wconf 88' lang='lat' dir='ltr'><strong>coartatus</strong></span> <span class='ocrx_word' id='word_1_215' title='bbox 2470 1695 2685 1763; x_wconf 84' lang='lat' dir='ltr'><strong>petebat</strong></span> <span class='ocrx_word' id='word_1_216' title='bbox 2713 1693 3036 1761; x_wconf 90' lang='lat' dir='ltr'><strong>Belsarium,</strong></span> <span class='ocrx_word' id='word_1_217' title='bbox 3065 1710 3133 1749; x_wconf 92' lang='lat' dir='ltr'><strong>nc</strong></span> <span class='ocrx_word' id='word_1_218' title='bbox 3161 1694 3299 1764; x_wconf 77' lang='lat' dir='ltr'><strong>liga-</strong></span> 
     </span>
    </p>
   </div>
   <div class='ocr_carea' id='block_1_32' title="bbox 1712 1783 3294 1855">
    <p class='ocr_par' dir='ltr' id='par_1_32' title="bbox 1712 1783 3294 1855">
     <span class='ocr_line' id='line_1_32' title="bbox 1712 1783 3294 1855; baseline -0.001 -17"><span class='ocrx_word' id='word_1_219' title='bbox 1712 1791 1826 1838; x_wconf 90' lang='lat' dir='ltr'><strong>tum</strong></span> <span class='ocrx_word' id='word_1_220' title='bbox 1866 1798 1993 1838; x_wconf 88' lang='lat' dir='ltr'><strong>cum</strong></span> <span class='ocrx_word' id='word_1_221' title='bbox 2039 1784 2355 1854; x_wconf 88' lang='lat' dir='ltr'><strong>imperatori</strong></span> <span class='ocrx_word' id='word_1_222' title='bbox 2382 1792 2755 1854; x_wconf 70' lang='lat' dir='ltr'><strong>prmsentaret.</strong></span> <span class='ocrx_word' id='word_1_223' title='bbox 2801 1783 2921 1851; x_wconf 91' lang='lat' dir='ltr'><strong>Quo</strong></span> <span class='ocrx_word' id='word_1_224' title='bbox 2961 1784 3294 1855; x_wconf 87' lang='lat' dir='ltr'><strong>promittenti</strong></span> 
     </span>
    </p>
   </div>
   <div class='ocr_carea' id='block_1_33' title="bbox 77 1861 3300 1948">
    <p class='ocr_par' dir='ltr' id='par_1_33' title="bbox 77 1861 3300 1948">
     <span class='ocr_line' id='line_1_33' title="bbox 77 1861 3300 1948; baseline 0.001 -23"><span class='ocrx_word' id='word_1_225' title='bbox 77 1866 175 1925; x_wconf 82' lang='lat' dir='ltr'><strong>Post</strong></span> <span class='ocrx_word' id='word_1_226' title='bbox 198 1870 327 1927; x_wconf 87' lang='lat' dir='ltr'><strong>hunc</strong></span> <span class='ocrx_word' id='word_1_227' title='bbox 345 1869 627 1928; x_wconf 88' lang='lat' dir='ltr'><strong>Johannes</strong></span> <span class='ocrx_word' id='word_1_228' title='bbox 647 1872 884 1941; x_wconf 90' lang='lat' dir='ltr'><strong>Tuscus,</strong></span> <span class='ocrx_word' id='word_1_229' title='bbox 907 1887 1062 1945; x_wconf 87' lang='lat' dir='ltr'><strong>patre</strong></span> <span class='ocrx_word' id='word_1_230' title='bbox 1108 1873 1453 1940; x_wconf 86' lang='lat' dir='ltr'><strong>Constantio,</strong></span> <span class='ocrx_word' id='word_1_231' title='bbox 1478 1891 1530 1929; x_wconf 91' lang='lat' dir='ltr'><strong>a.</strong></span> <span class='ocrx_word' id='word_1_232' title='bbox 1554 1876 1610 1939; x_wconf 72' lang='lat'><strong>2,</strong></span> <span class='ocrx_word' id='word_1_233' title='bbox 1641 1861 1690 1923; x_wconf 79' lang='grc' dir='ltr'><em>Β</em></span> <span class='ocrx_word' id='word_1_234' title='bbox 1715 1891 1826 1931; x_wconf 89' lang='lat' dir='ltr'><strong>non</strong></span> <span class='ocrx_word' id='word_1_235' title='bbox 1856 1891 1914 1931; x_wconf 90' lang='lat' dir='ltr'><strong>se</strong></span> <span class='ocrx_word' id='word_1_236' title='bbox 1937 1891 2062 1932; x_wconf 91' lang='lat' dir='ltr'><strong>eum</strong></span> <span class='ocrx_word' id='word_1_237' title='bbox 2093 1876 2266 1943; x_wconf 90' lang='lat' dir='ltr'><strong>ferro,</strong></span> <span class='ocrx_word' id='word_1_238' title='bbox 2298 1892 2406 1931; x_wconf 89' lang='lat' dir='ltr'><strong>non</strong></span> <span class='ocrx_word' id='word_1_239' title='bbox 2436 1876 2607 1948; x_wconf 89' lang='lat' dir='ltr'><strong>ligno,</strong></span> <span class='ocrx_word' id='word_1_240' title='bbox 2637 1893 2747 1931; x_wconf 89' lang='lat' dir='ltr'><strong>non</strong></span> <span class='ocrx_word' id='word_1_241' title='bbox 2776 1876 3027 1947; x_wconf 87' lang='lat' dir='ltr'><strong>corrigia,</strong></span> <span class='ocrx_word' id='word_1_242' title='bbox 3066 1891 3175 1930; x_wconf 91' lang='lat' dir='ltr'><strong>non</strong></span> <span class='ocrx_word' id='word_1_243' title='bbox 3205 1891 3300 1929; x_wconf 89' lang='lat' dir='ltr'><strong>ere</strong></span> 
     </span>
    </p>
   </div>
   <div class='ocr_carea' id='block_1_34' title="bbox 76 1963 1610 2038">
    <p class='ocr_par' dir='ltr' id='par_1_34' title="bbox 76 1963 1610 2038">
     <span class='ocr_line' id='line_1_34' title="bbox 76 1963 1610 2038; baseline 0.005 -23"><span class='ocrx_word' id='word_1_244' title='bbox 76 1978 132 2016; x_wconf 70' lang='grc' dir='ltr'><strong>ιη.</strong></span> <span class='ocrx_word' id='word_1_245' title='bbox 151 1963 194 2029; x_wconf 87' lang='lat'><strong>8,</strong></span> <span class='ocrx_word' id='word_1_246' title='bbox 216 1964 369 2033; x_wconf 77' lang='grc' dir='ltr'><strong>ρ.15.</strong></span> <span class='ocrx_word' id='word_1_247' title='bbox 411 1963 517 2021; x_wconf 80' lang='lat' dir='ltr'><strong>Hic</strong></span> <span class='ocrx_word' id='word_1_248' title='bbox 554 1964 1085 2038; x_wconf 77' lang='lat' dir='ltr'><strong>Constantinopolin</strong></span> <span class='ocrx_word' id='word_1_249' title='bbox 1128 1967 1356 2023; x_wconf 89' lang='lat' dir='ltr'><strong>veniens</strong></span> <span class='ocrx_word' id='word_1_250' title='bbox 1388 1969 1454 2023; x_wconf 92' lang='lat' dir='ltr'><strong>ad</strong></span> <span class='ocrx_word' id='word_1_251' title='bbox 1477 1983 1610 2038; x_wconf 91' lang='lat' dir='ltr'><strong>por-</strong></span> 
     </span>
    </p>
   </div>
   <div class='ocr_carea' id='block_1_35' title="bbox 78 2057 1610 2131">
    <p class='ocr_par' dir='ltr' id='par_1_35' title="bbox 78 2057 1610 2131">
     <span class='ocr_line' id='line_1_35' title="bbox 78 2057 1610 2131; baseline 0.004 -23"><span class='ocrx_word' id='word_1_252' title='bbox 78 2061 158 2108; x_wconf 82' lang='lat' dir='ltr'><strong>tam</strong></span> <span class='ocrx_word' id='word_1_253' title='bbox 179 2070 283 2125; x_wconf 65' lang='lat' dir='ltr'><strong>quae</strong></span> <span class='ocrx_word' id='word_1_254' title='bbox 310 2066 545 2112; x_wconf 83' lang='lat' dir='ltr'><strong>vocatur</strong></span> <span class='ocrx_word' id='word_1_255' title='bbox 575 2057 777 2126; x_wconf 80' lang='lat' dir='ltr'><strong>Aurea,</strong></span> <span class='ocrx_word' id='word_1_256' title='bbox 820 2060 874 2114; x_wconf 92' lang='lat' dir='ltr'><strong>in</strong></span> <span class='ocrx_word' id='word_1_257' title='bbox 904 2067 1200 2131; x_wconf 90' lang='lat' dir='ltr'><strong>conspectu</strong></span> <span class='ocrx_word' id='word_1_258' title='bbox 1239 2059 1485 2114; x_wconf 89' lang='lat' dir='ltr'><strong>omnium</strong></span> <span class='ocrx_word' id='word_1_259' title='bbox 1516 2076 1610 2114; x_wconf 81' lang='lat' dir='ltr'><strong>ro-</strong></span> 
     </span>
    </p>
   </div>
   <div class='ocr_carea' id='block_1_36' title="bbox 78 2147 1612 2225">
    <p class='ocr_par' dir='ltr' id='par_1_36' title="bbox 78 2147 1612 2225">
     <span class='ocr_line' id='line_1_36' title="bbox 78 2147 1612 2225; baseline 0.005 -26"><span class='ocrx_word' id='word_1_260' title='bbox 78 2147 188 2215; x_wconf 76' lang='lat' dir='ltr'><strong>gnati</strong></span> <span class='ocrx_word' id='word_1_261' title='bbox 219 2162 350 2203; x_wconf 64' lang='lat' dir='ltr'><strong>caeco</strong></span> <span class='ocrx_word' id='word_1_262' title='bbox 382 2148 575 2204; x_wconf 87' lang='lat' dir='ltr'><strong>lumen</strong></span> <span class='ocrx_word' id='word_1_263' title='bbox 608 2151 860 2207; x_wconf 88' lang='lat' dir='ltr'><strong>reddidit.</strong></span> <span class='ocrx_word' id='word_1_264' title='bbox 899 2152 918 2225; x_wconf 95' lang='lat'>(</span> <span class='ocrx_word' id='word_1_265' title='bbox 951 2150 1110 2207; x_wconf 83' lang='lat' dir='ltr'><strong>Gesta</strong></span> <span class='ocrx_word' id='word_1_266' title='bbox 1141 2169 1194 2223; x_wconf 90' lang='lat' dir='ltr'><strong>p.</strong></span> <span class='ocrx_word' id='word_1_267' title='bbox 1236 2152 1323 2219; x_wconf 78' lang='grc' dir='ltr'><strong>Β.)</strong></span> <span class='ocrx_word' id='word_1_268' title='bbox 1353 2152 1458 2219; x_wconf 86' lang='lat' dir='ltr'><strong>Qui</strong></span> <span class='ocrx_word' id='word_1_269' title='bbox 1485 2168 1612 2208; x_wconf 91' lang='lat' dir='ltr'><strong>cum</strong></span> 
     </span>
    </p>
   </div>
   <div class='ocr_carea' id='block_1_37' title="bbox 79 2236 1611 2312">
    <p class='ocr_par' dir='ltr' id='par_1_37' title="bbox 79 2236 1611 2312">
     <span class='ocr_line' id='line_1_37' title="bbox 79 2236 1611 2312; baseline 0.005 -20"><span class='ocrx_word' id='word_1_270' title='bbox 79 2236 260 2293; x_wconf 84' lang='lat' dir='ltr'><strong>redisset</strong></span> <span class='ocrx_word' id='word_1_271' title='bbox 295 2248 347 2294; x_wconf 91' lang='lat' dir='ltr'><strong>et</strong></span> <span class='ocrx_word' id='word_1_272' title='bbox 396 2239 719 2299; x_wconf 85' lang='lat' dir='ltr'><strong>Ravennam</strong></span> <span class='ocrx_word' id='word_1_273' title='bbox 777 2244 1037 2312; x_wconf 89' lang='lat' dir='ltr'><strong>venisset,</strong></span> <span class='ocrx_word' id='word_1_274' title='bbox 1080 2243 1448 2300; x_wconf 87' lang='lat' dir='ltr'><strong>Theodericus</strong></span> <span class='ocrx_word' id='word_1_275' title='bbox 1484 2260 1611 2300; x_wconf 90' lang='lat' dir='ltr'><strong>eum</strong></span> 
     </span>
    </p>
   </div>
   <div class='ocr_carea' id='block_1_38' title="bbox 79 2330 1609 2405">
    <p class='ocr_par' dir='ltr' id='par_1_38' title="bbox 79 2330 1609 2405">
     <span class='ocr_line' id='line_1_38' title="bbox 79 2330 1609 2405; baseline 0.005 -24"><span class='ocrx_word' id='word_1_276' title='bbox 79 2341 172 2381; x_wconf 84' lang='lat' dir='ltr'><strong>cum</strong></span> <span class='ocrx_word' id='word_1_277' title='bbox 198 2330 473 2386; x_wconf 88' lang='lat' dir='ltr'><strong>comitibus</strong></span> <span class='ocrx_word' id='word_1_278' title='bbox 522 2332 761 2388; x_wconf 85' lang='lat' dir='ltr'><strong>carceris</strong></span> <span class='ocrx_word' id='word_1_279' title='bbox 806 2332 1097 2389; x_wconf 78' lang='lat' dir='ltr'><strong>afﬂictione</strong></span> <span class='ocrx_word' id='word_1_280' title='bbox 1134 2335 1384 2405; x_wconf 89' lang='lat' dir='ltr'><strong>peremit,</strong></span> <span class='ocrx_word' id='word_1_281' title='bbox 1410 2335 1609 2390; x_wconf 76' lang='lat' dir='ltr'><strong>invidia</strong></span> 
     </span>
    </p>
   </div>
   <div class='ocr_carea' id='block_1_39' title="bbox 82 2417 1612 2495">
    <p class='ocr_par' dir='ltr' id='par_1_39' title="bbox 82 2417 1612 2495">
     <span class='ocr_line' id='line_1_39' title="bbox 82 2417 1612 2495; baseline 0.008 -25"><span class='ocrx_word' id='word_1_282' title='bbox 82 2417 232 2474; x_wconf 81' lang='lat' dir='ltr'><strong>doctus</strong></span> <span class='ocrx_word' id='word_1_283' title='bbox 271 2421 411 2491; x_wconf 84' lang='lat' dir='ltr'><strong>quod</strong></span> <span class='ocrx_word' id='word_1_284' title='bbox 456 2423 746 2479; x_wconf 68' lang='lat' dir='ltr'><strong>catholicae</strong></span> <span class='ocrx_word' id='word_1_285' title='bbox 790 2424 1009 2495; x_wconf 89' lang='lat' dir='ltr'><strong>pietatis</strong></span> <span class='ocrx_word' id='word_1_286' title='bbox 1056 2424 1313 2482; x_wconf 88' lang='lat' dir='ltr'><strong>defensor</strong></span> <span class='ocrx_word' id='word_1_287' title='bbox 1362 2425 1612 2482; x_wconf 86' lang='lat' dir='ltr'><strong>Justinus</strong></span> 
     </span>
    </p>
   </div>
   <div class='ocr_carea' id='block_1_40' title="bbox 83 2508 1614 2588">
    <p class='ocr_par' dir='ltr' id='par_1_40' title="bbox 83 2508 1614 2588">
     <span class='ocr_line' id='line_1_40' title="bbox 83 2508 1614 2588; baseline 0.009 -29"><span class='ocrx_word' id='word_1_288' title='bbox 83 2508 320 2565; x_wconf 79' lang='lat' dir='ltr'><strong>honoriﬁce</strong></span> <span class='ocrx_word' id='word_1_289' title='bbox 343 2526 468 2567; x_wconf 90' lang='lat' dir='ltr'><strong>eum</strong></span> <span class='ocrx_word' id='word_1_290' title='bbox 498 2514 871 2584; x_wconf 85' lang='lat' dir='ltr'><strong>suscepisset;</strong></span> <span class='ocrx_word' id='word_1_291' title='bbox 916 2530 1028 2586; x_wconf 89' lang='lat' dir='ltr'><strong>quo</strong></span> <span class='ocrx_word' id='word_1_292' title='bbox 1064 2516 1230 2571; x_wconf 90' lang='lat' dir='ltr'><strong>etiam</strong></span> <span class='ocrx_word' id='word_1_293' title='bbox 1272 2532 1418 2572; x_wconf 91' lang='lat' dir='ltr'><strong>anno</strong></span> <span class='ocrx_word' id='word_1_294' title='bbox 1455 2515 1614 2588; x_wconf 79' lang='lat' dir='ltr'><strong>Sym-</strong></span> 
     </span>
    </p>
   </div>
   <div class='ocr_carea' id='block_1_41' title="bbox 84 2603 1612 2682">
    <p class='ocr_par' dir='ltr' id='par_1_41' title="bbox 84 2603 1612 2682">
     <span class='ocr_line' id='line_1_41' title="bbox 84 2603 1612 2682; baseline 0.009 -28"><span class='ocrx_word' id='word_1_295' title='bbox 84 2603 282 2657; x_wconf 77' lang='lat' dir='ltr'><strong>machum</strong></span> <span class='ocrx_word' id='word_1_296' title='bbox 319 2614 370 2659; x_wconf 91' lang='lat' dir='ltr'><strong>et</strong></span> <span class='ocrx_word' id='word_1_297' title='bbox 409 2606 665 2662; x_wconf 88' lang='lat' dir='ltr'><strong>Boetium</strong></span> <span class='ocrx_word' id='word_1_298' title='bbox 694 2609 949 2679; x_wconf 90' lang='lat' dir='ltr'><strong>patritios</strong></span> <span class='ocrx_word' id='word_1_299' title='bbox 980 2609 1272 2676; x_wconf 86' lang='lat' dir='ltr'><strong>occiderat,</strong></span> <span class='ocrx_word' id='word_1_300' title='bbox 1298 2620 1353 2666; x_wconf 90' lang='lat' dir='ltr'><strong>ct</strong></span> <span class='ocrx_word' id='word_1_301' title='bbox 1387 2611 1502 2682; x_wconf 89' lang='lat' dir='ltr'><strong>ipse</strong></span> <span class='ocrx_word' id='word_1_302' title='bbox 1542 2612 1612 2667; x_wconf 88' lang='lat'><strong>99</strong></span> 
     </span>
    </p>
   </div>
   <div class='ocr_carea' id='block_1_42' title="bbox 84 2698 1616 2774">
    <p class='ocr_par' dir='ltr' id='par_1_42' title="bbox 84 2698 1616 2774">
     <span class='ocr_line' id='line_1_42' title="bbox 84 2698 1616 2774; baseline 0.005 -24"><span class='ocrx_word' id='word_1_303' title='bbox 84 2705 172 2763; x_wconf 77' lang='lat' dir='ltr'><strong>post</strong></span> <span class='ocrx_word' id='word_1_304' title='bbox 205 2698 297 2753; x_wconf 90' lang='lat' dir='ltr'><strong>hoc</strong></span> <span class='ocrx_word' id='word_1_305' title='bbox 342 2698 563 2756; x_wconf 81' lang='lat' dir='ltr'><strong>facinus</strong></span> <span class='ocrx_word' id='word_1_306' title='bbox 605 2701 697 2756; x_wconf 88' lang='lat' dir='ltr'><strong>die</strong></span> <span class='ocrx_word' id='word_1_307' title='bbox 743 2710 919 2756; x_wconf 89' lang='lat' dir='ltr'><strong>morte</strong></span> <span class='ocrx_word' id='word_1_308' title='bbox 953 2702 1132 2757; x_wconf 87' lang='lat' dir='ltr'><strong>subita</strong></span> <span class='ocrx_word' id='word_1_309' title='bbox 1159 2703 1409 2773; x_wconf 88' lang='lat' dir='ltr'><strong>sequenti</strong></span> <span class='ocrx_word' id='word_1_310' title='bbox 1455 2704 1616 2774; x_wconf 88' lang='lat' dir='ltr'><strong>periit</strong></span> 
     </span>
    </p>
   </div>
   <div class='ocr_carea' id='block_1_43' title="bbox 84 2786 1617 2862">
    <p class='ocr_par' dir='ltr' id='par_1_43' title="bbox 84 2786 1617 2862">
     <span class='ocr_line' id='line_1_43' title="bbox 84 2786 1617 2862; baseline 0.009 -27"><span class='ocrx_word' id='word_1_311' title='bbox 84 2799 205 2840; x_wconf 85' lang='lat' dir='ltr'><strong>anno.</strong></span> <span class='ocrx_word' id='word_1_312' title='bbox 224 2786 425 2861; x_wconf 46' lang='lat' dir='ltr'><strong>[Brom]</strong></span> <span class='ocrx_word' id='word_1_313' title='bbox 452 2788 712 2860; x_wconf 84' lang='lat' dir='ltr'><strong>Episc0pi</strong></span> <span class='ocrx_word' id='word_1_314' title='bbox 733 2790 800 2846; x_wconf 90' lang='lat' dir='ltr'><strong>de</strong></span> <span class='ocrx_word' id='word_1_315' title='bbox 819 2791 1003 2857; x_wconf 81' lang='lat' dir='ltr'><strong>exilio,</strong></span> <span class='ocrx_word' id='word_1_316' title='bbox 1028 2807 1140 2862; x_wconf 87' lang='lat' dir='ltr'><strong>quo</strong></span> <span class='ocrx_word' id='word_1_317' title='bbox 1169 2807 1266 2862; x_wconf 91' lang='lat' dir='ltr'><strong>per</strong></span> <span class='ocrx_word' id='word_1_318' title='bbox 1282 2791 1539 2848; x_wconf 80' lang='lat' dir='ltr'><strong>Aﬁ‘ricam</strong></span> <span class='ocrx_word' id='word_1_319' title='bbox 1561 2801 1617 2849; x_wconf 84' lang='lat' dir='ltr'><strong>et</strong></span> 
     </span>
    </p>
   </div>
   <div class='ocr_carea' id='block_1_44' title="bbox 85 2874 1614 2953">
    <p class='ocr_par' dir='ltr' id='par_1_44' title="bbox 85 2874 1614 2953">
     <span class='ocr_line' id='line_1_44' title="bbox 85 2874 1614 2953; baseline 0.009 -27"><span class='ocrx_word' id='word_1_320' title='bbox 85 2874 333 2933; x_wconf 83' lang='lat' dir='ltr'><strong>Sardiniam</strong></span> <span class='ocrx_word' id='word_1_321' title='bbox 367 2881 719 2948; x_wconf 83' lang='lat' dir='ltr'><strong>tenebantur,</strong></span> <span class='ocrx_word' id='word_1_322' title='bbox 765 2890 1114 2937; x_wconf 90' lang='lat' dir='ltr'><strong>revertuntur</strong></span> <span class='ocrx_word' id='word_1_323' title='bbox 1162 2891 1288 2953; x_wconf 90' lang='lat' dir='ltr'><strong>post</strong></span> <span class='ocrx_word' id='word_1_324' title='bbox 1339 2899 1513 2940; x_wconf 91' lang='lat' dir='ltr'><strong>annos</strong></span> <span class='ocrx_word' id='word_1_325' title='bbox 1547 2885 1614 2940; x_wconf 71' lang='grc'><strong>74</strong></span> 
     </span>
    </p>
   </div>
   <div class='ocr_carea' id='block_1_45' title="bbox 84 2964 1615 3046">
    <p class='ocr_par' dir='ltr' id='par_1_45' title="bbox 84 2964 1615 3046">
     <span class='ocr_line' id='line_1_45' title="bbox 84 2964 1615 3046; baseline 0.008 -27"><span class='ocrx_word' id='word_1_326' title='bbox 84 2964 279 3025; x_wconf 73' lang='lat' dir='ltr'><strong>heretica:</strong></span> <span class='ocrx_word' id='word_1_327' title='bbox 298 2971 721 3041; x_wconf 84' lang='lat' dir='ltr'><strong>profanationis.</strong></span> <span class='ocrx_word' id='word_1_328' title='bbox 773 2972 960 3046; x_wconf 60' lang='lat' dir='ltr'><strong>[Anq]</strong></span> <span class='ocrx_word' id='word_1_329' title='bbox 1006 2972 1258 3029; x_wconf 84' lang='lat' dir='ltr'><strong>Julianus</strong></span> <span class='ocrx_word' id='word_1_330' title='bbox 1290 2972 1615 3032; x_wconf 84' lang='lat' dir='ltr'><strong>Viennensis</strong></span> 
     </span>
    </p>
   </div>
   <div class='ocr_carea' id='block_1_46' title="bbox 83 3061 1612 3137">
    <p class='ocr_par' dir='ltr' id='par_1_46' title="bbox 83 3061 1612 3137">
     <span class='ocr_line' id='line_1_46' title="bbox 83 3061 1612 3137; baseline 0.007 -26"><span class='ocrx_word' id='word_1_331' title='bbox 83 3061 270 3117; x_wconf 69' lang='lat' dir='ltr'><strong>ecclesia:</strong></span> <span class='ocrx_word' id='word_1_332' title='bbox 294 3065 586 3135; x_wconf 87' lang='lat' dir='ltr'><strong>episcopus</strong></span> <span class='ocrx_word' id='word_1_333' title='bbox 604 3065 820 3120; x_wconf 86' lang='lat' dir='ltr'><strong>claruit.</strong></span> <span class='ocrx_word' id='word_1_334' title='bbox 864 3064 1043 3137; x_wconf 67' lang='lat' dir='ltr'><strong>Usum]</strong></span> <span class='ocrx_word' id='word_1_335' title='bbox 1085 3064 1425 3122; x_wconf 87' lang='lat' dir='ltr'><strong>Childericus</strong></span> <span class='ocrx_word' id='word_1_336' title='bbox 1446 3068 1612 3134; x_wconf 90' lang='lat' dir='ltr'><strong>enim,</strong></span> 
     </span>
    </p>
   </div>
   <div class='ocr_carea' id='block_1_47' title="bbox 83 3151 1612 3228">
    <p class='ocr_par' dir='ltr' id='par_1_47' title="bbox 83 3151 1612 3228">
     <span class='ocr_line' id='line_1_47' title="bbox 83 3151 1612 3228; baseline 0.008 -26"><span class='ocrx_word' id='word_1_337' title='bbox 83 3151 150 3217; x_wconf 84' lang='lat' dir='ltr'><strong>qui</strong></span> <span class='ocrx_word' id='word_1_338' title='bbox 184 3161 229 3207; x_wconf 84' lang='lat' dir='ltr'><strong>ct</strong></span> <span class='ocrx_word' id='word_1_339' title='bbox 265 3153 454 3224; x_wconf 89' lang='lat' dir='ltr'><strong>lldiris,</strong></span> <span class='ocrx_word' id='word_1_340' title='bbox 509 3154 771 3212; x_wconf 81' lang='lat' dir='ltr'><strong>Honorici</strong></span> <span class='ocrx_word' id='word_1_341' title='bbox 800 3157 944 3212; x_wconf 88' lang='lat' dir='ltr'><strong>ﬁlius</strong></span> <span class='ocrx_word' id='word_1_342' title='bbox 986 3172 1050 3212; x_wconf 79' lang='lat' dir='ltr'><strong>ex</strong></span> <span class='ocrx_word' id='word_1_343' title='bbox 1082 3155 1360 3213; x_wconf 87' lang='lat' dir='ltr'><strong>Eudochia</strong></span> <span class='ocrx_word' id='word_1_344' title='bbox 1401 3159 1612 3228; x_wconf 88' lang='lat' dir='ltr'><strong>captiva</strong></span> 
     </span>
    </p>
   </div>
   <div class='ocr_carea' id='block_1_48' title="bbox 84 3238 1615 3319">
    <p class='ocr_par' dir='ltr' id='par_1_48' title="bbox 84 3238 1615 3319">
     <span class='ocr_line' id='line_1_48' title="bbox 84 3238 1615 3319; baseline 0.007 -23"><span class='ocrx_word' id='word_1_345' title='bbox 84 3238 387 3302; x_wconf 72' lang='lat' dir='ltr'><strong>Valentiniani</strong></span> <span class='ocrx_word' id='word_1_346' title='bbox 413 3248 532 3303; x_wconf 85' lang='lat' dir='ltr'><strong>ﬁlia</strong></span> <span class='ocrx_word' id='word_1_347' title='bbox 563 3256 740 3316; x_wconf 88' lang='lat' dir='ltr'><strong>ortus,</strong></span> <span class='ocrx_word' id='word_1_348' title='bbox 766 3258 889 3319; x_wconf 88' lang='lat' dir='ltr'><strong>post</strong></span> <span class='ocrx_word' id='word_1_349' title='bbox 911 3248 1350 3305; x_wconf 89' lang='lat' dir='ltr'><strong>Trasamundum</strong></span> <span class='ocrx_word' id='word_1_350' title='bbox 1375 3250 1615 3307; x_wconf 89' lang='lat' dir='ltr'><strong>Wanda-</strong></span> 
     </span>
    </p>
   </div>
   <div class='ocr_carea' id='block_1_49' title="bbox 82 3332 1616 3414">
    <p class='ocr_par' dir='ltr' id='par_1_49' title="bbox 82 3332 1616 3414">
     <span class='ocr_line' id='line_1_49' title="bbox 82 3332 1616 3414; baseline 0.008 -28"><span class='ocrx_word' id='word_1_351' title='bbox 82 3332 216 3390; x_wconf 80' lang='lat' dir='ltr'><strong>lorum</strong></span> <span class='ocrx_word' id='word_1_352' title='bbox 253 3354 471 3411; x_wconf 86' lang='lat' dir='ltr'><strong>regnum</strong></span> <span class='ocrx_word' id='word_1_353' title='bbox 530 3341 785 3397; x_wconf 90' lang='lat' dir='ltr'><strong>obtinuit.</strong></span> <span class='ocrx_word' id='word_1_354' title='bbox 834 3339 934 3397; x_wconf 80' lang='lat' dir='ltr'><strong>Hic</strong></span> <span class='ocrx_word' id='word_1_355' title='bbox 975 3358 1077 3412; x_wconf 87' lang='lat' dir='ltr'><strong>pro</strong></span> <span class='ocrx_word' id='word_1_356' title='bbox 1125 3352 1467 3398; x_wconf 88' lang='lat' dir='ltr'><strong>sacramento</strong></span> <span class='ocrx_word' id='word_1_357' title='bbox 1505 3360 1616 3414; x_wconf 89' lang='lat' dir='ltr'><strong>quo</strong></span> 
     </span>
    </p>
   </div>
   <div class='ocr_carea' id='block_1_50' title="bbox 82 3431 1617 3506">
    <p class='ocr_par' dir='ltr' id='par_1_50' title="bbox 82 3431 1617 3506">
     <span class='ocr_line' id='line_1_50' title="bbox 82 3431 1617 3506; baseline 0.007 -26"><span class='ocrx_word' id='word_1_358' title='bbox 82 3437 169 3482; x_wconf 78' lang='lat' dir='ltr'><strong>erat</strong></span> <span class='ocrx_word' id='word_1_359' title='bbox 185 3431 440 3500; x_wconf 89' lang='lat' dir='ltr'><strong>astrictus,</strong></span> <span class='ocrx_word' id='word_1_360' title='bbox 472 3441 539 3488; x_wconf 83' lang='lat' dir='ltr'><strong>ut</strong></span> <span class='ocrx_word' id='word_1_361' title='bbox 559 3449 727 3505; x_wconf 89' lang='lat' dir='ltr'><strong>quam</strong></span> <span class='ocrx_word' id='word_1_362' title='bbox 763 3433 853 3489; x_wconf 91' lang='lat' dir='ltr'><strong>diu</strong></span> <span class='ocrx_word' id='word_1_363' title='bbox 891 3449 1119 3505; x_wconf 83' lang='lat' dir='ltr'><strong>regnum</strong></span> <span class='ocrx_word' id='word_1_364' title='bbox 1158 3434 1366 3490; x_wconf 87' lang='lat' dir='ltr'><strong>teneret</strong></span> <span class='ocrx_word' id='word_1_365' title='bbox 1402 3436 1617 3506; x_wconf 91' lang='lat' dir='ltr'><strong>cpisco-</strong></span> 
     </span>
    </p>
   </div>
   <div class='ocr_carea' id='block_1_51' title="bbox 82 3522 1617 3597">
    <p class='ocr_par' dir='ltr' id='par_1_51' title="bbox 82 3522 1617 3597">
     <span class='ocr_line' id='line_1_51' title="bbox 82 3522 1617 3597; baseline 0.007 -25"><span class='ocrx_word' id='word_1_366' title='bbox 82 3532 155 3584; x_wconf 78' lang='lat' dir='ltr'><strong>pos</strong></span> <span class='ocrx_word' id='word_1_367' title='bbox 178 3522 234 3575; x_wconf 87' lang='lat' dir='ltr'><strong>ab</strong></span> <span class='ocrx_word' id='word_1_368' title='bbox 248 3524 402 3580; x_wconf 84' lang='lat' dir='ltr'><strong>exilio</strong></span> <span class='ocrx_word' id='word_1_369' title='bbox 420 3541 493 3581; x_wconf 88' lang='lat' dir='ltr'><strong>ne</strong></span> <span class='ocrx_word' id='word_1_370' title='bbox 527 3534 826 3589; x_wconf 81' lang='lat' dir='ltr'><strong>revocaret,</strong></span> <span class='ocrx_word' id='word_1_371' title='bbox 868 3533 1161 3596; x_wconf 85' lang='lat' dir='ltr'><strong>antequam</strong></span> <span class='ocrx_word' id='word_1_372' title='bbox 1202 3542 1428 3597; x_wconf 82' lang='lat' dir='ltr'><strong>regnum</strong></span> <span class='ocrx_word' id='word_1_373' title='bbox 1472 3529 1617 3584; x_wconf 89' lang='lat' dir='ltr'><strong>acci-</strong></span> 
     </span>
    </p>
   </div>
   <div class='ocr_carea' id='block_1_52' title="bbox 83 3617 1616 3688">
    <p class='ocr_par' dir='ltr' id='par_1_52' title="bbox 83 3617 1616 3688">
     <span class='ocr_line' id='line_1_52' title="bbox 83 3617 1616 3688; baseline 0.007 -23"><span class='ocrx_word' id='word_1_374' title='bbox 83 3621 228 3678; x_wconf 60' lang='lat' dir='ltr'><strong>peret,</strong></span> <span class='ocrx_word' id='word_1_375' title='bbox 278 3617 582 3673; x_wconf 79' lang='lat' dir='ltr'><strong>catholicos</strong></span> <span class='ocrx_word' id='word_1_376' title='bbox 643 3618 956 3674; x_wconf 84' lang='lat' dir='ltr'><strong>sacerdotes</strong></span> <span class='ocrx_word' id='word_1_377' title='bbox 1018 3633 1160 3688; x_wconf 89' lang='lat' dir='ltr'><strong>quos</strong></span> <span class='ocrx_word' id='word_1_378' title='bbox 1206 3617 1616 3676; x_wconf 89' lang='lat' dir='ltr'><strong>Trasamundus</strong></span> 
     </span>
    </p>
   </div>
   <div class='ocr_carea' id='block_1_53' title="bbox 84 3702 1617 3777">
    <p class='ocr_par' dir='ltr' id='par_1_53' title="bbox 84 3702 1617 3777">
     <span class='ocr_line' id='line_1_53' title="bbox 84 3702 1617 3777; baseline 0.007 -21"><span class='ocrx_word' id='word_1_379' title='bbox 84 3702 414 3773; x_wconf 81' lang='lat' dir='ltr'><strong>dampnaverat</strong></span> <span class='ocrx_word' id='word_1_380' title='bbox 445 3753 460 3776; x_wconf 94' lang='lat'><strong>,</strong></span> <span class='ocrx_word' id='word_1_381' title='bbox 521 3711 590 3764; x_wconf 86' lang='lat' dir='ltr'><strong>ab</strong></span> <span class='ocrx_word' id='word_1_382' title='bbox 625 3710 793 3765; x_wconf 73' lang='lat' dir='ltr'><strong>exilio</strong></span> <span class='ocrx_word' id='word_1_383' title='bbox 849 3712 1145 3766; x_wconf 85' lang='lat' dir='ltr'><strong>revocavit.</strong></span> <span class='ocrx_word' id='word_1_384' title='bbox 1179 3710 1351 3777; x_wconf 88' lang='lat' dir='ltr'><strong>Quem</strong></span> <span class='ocrx_word' id='word_1_385' title='bbox 1392 3712 1617 3767; x_wconf 83' lang='lat' dir='ltr'><strong>Gilimer</strong></span> 
     </span>
    </p>
   </div>
   <div class='ocr_carea' id='block_1_54' title="bbox 84 3801 1614 3874">
    <p class='ocr_par' dir='ltr' id='par_1_54' title="bbox 84 3801 1614 3874">
     <span class='ocr_line' id='line_1_54' title="bbox 84 3801 1614 3874; baseline 0.007 -24"><span class='ocrx_word' id='word_1_386' title='bbox 84 3806 251 3867; x_wconf 78' lang='lat' dir='ltr'><strong>sumpta</strong></span> <span class='ocrx_word' id='word_1_387' title='bbox 280 3801 551 3857; x_wconf 80' lang='lat' dir='ltr'><strong>tirannide</strong></span> <span class='ocrx_word' id='word_1_388' title='bbox 577 3817 745 3874; x_wconf 86' lang='lat' dir='ltr'><strong>regno</strong></span> <span class='ocrx_word' id='word_1_389' title='bbox 782 3802 1035 3873; x_wconf 83' lang='lat' dir='ltr'><strong>privavit,</strong></span> <span class='ocrx_word' id='word_1_390' title='bbox 1059 3804 1155 3873; x_wconf 87' lang='lat' dir='ltr'><strong>qui</strong></span> <span class='ocrx_word' id='word_1_391' title='bbox 1191 3812 1247 3858; x_wconf 91' lang='lat' dir='ltr'><strong>et</strong></span> <span class='ocrx_word' id='word_1_392' title='bbox 1271 3803 1614 3860; x_wconf 70' lang='lat' dir='ltr'><strong>Childericus</strong></span> 
     </span>
    </p>
   </div>
   <div class='ocr_carea' id='block_1_55' title="bbox 83 3883 1616 3967">
    <p class='ocr_par' dir='ltr' id='par_1_55' title="bbox 83 3883 1616 3967">
     <span class='ocr_line' id='line_1_55' title="bbox 83 3883 1616 3967; baseline 0.01 -31"><span class='ocrx_word' id='word_1_393' title='bbox 83 3883 220 3942; x_wconf 83' lang='lat' dir='ltr'><strong>dictus</strong></span> <span class='ocrx_word' id='word_1_394' title='bbox 251 3899 329 3946; x_wconf 88' lang='lat' dir='ltr'><strong>est</strong></span> <span class='ocrx_word' id='word_1_395' title='bbox 371 3900 426 3947; x_wconf 89' lang='lat' dir='ltr'><strong>et</strong></span> <span class='ocrx_word' id='word_1_396' title='bbox 457 3908 695 3964; x_wconf 77' lang='lat' dir='ltr'><strong>regnum</strong></span> <span class='ocrx_word' id='word_1_397' title='bbox 727 3893 983 3964; x_wconf 91' lang='lat' dir='ltr'><strong>optinuit.</strong></span> <span class='ocrx_word' id='word_1_398' title='bbox 1033 3892 1322 3967; x_wconf 60' lang='lat' dir='ltr'><strong>[Fncunm]</strong></span> <span class='ocrx_word' id='word_1_399' title='bbox 1362 3893 1616 3951; x_wconf 85' lang='lat' dir='ltr'><strong>Justinus</strong></span> 
     </span>
    </p>
   </div>
   <div class='ocr_carea' id='block_1_56' title="bbox 84 3983 1620 4056">
    <p class='ocr_par' dir='ltr' id='par_1_56' title="bbox 84 3983 1620 4056">
     <span class='ocr_line' id='line_1_56' title="bbox 84 3983 1620 4056; baseline 0.011 -28"><span class='ocrx_word' id='word_1_400' title='bbox 84 3991 165 4031; x_wconf 87' lang='lat' dir='ltr'><strong>non</strong></span> <span class='ocrx_word' id='word_1_401' title='bbox 182 3983 333 4039; x_wconf 88' lang='lat' dir='ltr'><strong>multo</strong></span> <span class='ocrx_word' id='word_1_402' title='bbox 353 3995 477 4056; x_wconf 87' lang='lat' dir='ltr'><strong>post</strong></span> <span class='ocrx_word' id='word_1_403' title='bbox 526 3985 728 4040; x_wconf 89' lang='lat' dir='ltr'><strong>bellum</strong></span> <span class='ocrx_word' id='word_1_404' title='bbox 752 3985 807 4040; x_wconf 88' lang='lat' dir='ltr'><strong>in</strong></span> <span class='ocrx_word' id='word_1_405' title='bbox 833 3985 1029 4043; x_wconf 85' lang='lat' dir='ltr'><strong>Persas</strong></span> <span class='ocrx_word' id='word_1_406' title='bbox 1067 4002 1317 4054; x_wconf 85' lang='lat' dir='ltr'><strong>movens,</strong></span> <span class='ocrx_word' id='word_1_407' title='bbox 1339 4002 1464 4042; x_wconf 88' lang='lat' dir='ltr'><strong>cum</strong></span> <span class='ocrx_word' id='word_1_408' title='bbox 1493 3988 1620 4044; x_wconf 85' lang='lat' dir='ltr'><strong>Cal-</strong></span> 
     </span>
    </p>
   </div>
   <div class='ocr_carea' id='block_1_57' title="bbox 85 4069 1617 4149">
    <p class='ocr_par' dir='ltr' id='par_1_57' title="bbox 85 4069 1617 4149">
     <span class='ocr_line' id='line_1_57' title="bbox 85 4069 1617 4149; baseline 0.008 -25"><span class='ocrx_word' id='word_1_409' title='bbox 85 4069 291 4128; x_wconf 81' lang='lat' dir='ltr'><strong>ccdonem</strong></span> <span class='ocrx_word' id='word_1_410' title='bbox 313 4076 727 4146; x_wconf 86' lang='lat' dir='ltr'><strong>pertransisset,</strong></span> <span class='ocrx_word' id='word_1_411' title='bbox 755 4079 949 4134; x_wconf 88' lang='lat' dir='ltr'><strong>morbo</strong></span> <span class='ocrx_word' id='word_1_412' title='bbox 982 4077 1165 4149; x_wconf 88' lang='lat' dir='ltr'><strong>periit,</strong></span> <span class='ocrx_word' id='word_1_413' title='bbox 1195 4086 1251 4133; x_wconf 91' lang='lat' dir='ltr'><strong>et</strong></span> <span class='ocrx_word' id='word_1_414' title='bbox 1275 4077 1617 4137; x_wconf 88' lang='lat' dir='ltr'><strong>Justinianus</strong></span> 
     </span>
    </p>
   </div>
   <div class='ocr_carea' id='block_1_58' title="bbox 87 4159 1617 4242">
    <p class='ocr_par' dir='ltr' id='par_1_58' title="bbox 87 4159 1617 4242">
     <span class='ocr_line' id='line_1_58' title="bbox 87 4159 1617 4242; baseline 0.004 -22"><span class='ocrx_word' id='word_1_415' title='bbox 87 4159 125 4213; x_wconf 72' lang='lat' dir='ltr'><strong>in</strong></span> <span class='ocrx_word' id='word_1_416' title='bbox 147 4177 340 4234; x_wconf 79' lang='lat' dir='ltr'><strong>regnum</strong></span> <span class='ocrx_word' id='word_1_417' title='bbox 366 4170 634 4225; x_wconf 84' lang='lat' dir='ltr'><strong>elevatur.</strong></span> <span class='ocrx_word' id='word_1_418' title='bbox 661 4169 767 4237; x_wconf 91' lang='lat' dir='ltr'><strong>Qui</strong></span> <span class='ocrx_word' id='word_1_419' title='bbox 796 4186 923 4226; x_wconf 90' lang='lat' dir='ltr'><strong>cum</strong></span> <span class='ocrx_word' id='word_1_420' title='bbox 964 4185 1147 4242; x_wconf 90' lang='lat' dir='ltr'><strong>regem</strong></span> <span class='ocrx_word' id='word_1_421' title='bbox 1177 4168 1469 4226; x_wconf 85' lang='lat' dir='ltr'><strong>Persarum</strong></span> <span class='ocrx_word' id='word_1_422' title='bbox 1516 4187 1617 4242; x_wconf 86' lang='lat' dir='ltr'><strong>0p-</strong></span> 
     </span>
    </p>
   </div>
   <div class='ocr_carea' id='block_1_59' title="bbox 86 4258 1618 4329">
    <p class='ocr_par' dir='ltr' id='par_1_59' title="bbox 86 4258 1618 4329">
     <span class='ocr_line' id='line_1_59' title="bbox 86 4258 1618 4329; baseline 0.007 -22"><span class='ocrx_word' id='word_1_423' title='bbox 86 4265 284 4318; x_wconf 75' lang='lat' dir='ltr'><strong>plessum</strong></span> <span class='ocrx_word' id='word_1_424' title='bbox 318 4260 563 4317; x_wconf 89' lang='lat' dir='ltr'><strong>vinctum</strong></span> <span class='ocrx_word' id='word_1_425' title='bbox 595 4269 821 4329; x_wconf 86' lang='lat' dir='ltr'><strong>teneret,</strong></span> <span class='ocrx_word' id='word_1_426' title='bbox 853 4262 1153 4317; x_wconf 90' lang='lat' dir='ltr'><strong>honoriﬁce</strong></span> <span class='ocrx_word' id='word_1_427' title='bbox 1185 4276 1310 4316; x_wconf 90' lang='lat' dir='ltr'><strong>eum</strong></span> <span class='ocrx_word' id='word_1_428' title='bbox 1341 4261 1398 4315; x_wconf 88' lang='lat' dir='ltr'><strong>in</strong></span> <span class='ocrx_word' id='word_1_429' title='bbox 1428 4258 1618 4318; x_wconf 85' lang='lat' dir='ltr'><strong>cathe—</strong></span> 
     </span>
    </p>
   </div>
   <div class='ocr_carea' id='block_1_60' title="bbox 87 4341 1618 4424">
    <p class='ocr_par' dir='ltr' id='par_1_60' title="bbox 87 4341 1618 4424">
     <span class='ocr_line' id='line_1_60' title="bbox 87 4341 1618 4424; baseline 0.008 -26"><span class='ocrx_word' id='word_1_430' title='bbox 87 4341 158 4399; x_wconf 80' lang='lat' dir='ltr'><strong>dra</strong></span> <span class='ocrx_word' id='word_1_431' title='bbox 184 4349 352 4406; x_wconf 72' lang='lat' dir='ltr'><strong>sedere</strong></span> <span class='ocrx_word' id='word_1_432' title='bbox 378 4352 573 4422; x_wconf 88' lang='lat' dir='ltr'><strong>jussit,</strong></span> <span class='ocrx_word' id='word_1_433' title='bbox 601 4368 854 4423; x_wconf 69' lang='lat' dir='ltr'><strong>quaerens</strong></span> <span class='ocrx_word' id='word_1_434' title='bbox 884 4352 956 4408; x_wconf 91' lang='lat' dir='ltr'><strong>ab</strong></span> <span class='ocrx_word' id='word_1_435' title='bbox 988 4367 1054 4408; x_wconf 88' lang='lat' dir='ltr'><strong>eo</strong></span> <span class='ocrx_word' id='word_1_436' title='bbox 1095 4352 1343 4409; x_wconf 85' lang='lat' dir='ltr'><strong>civitates</strong></span> <span class='ocrx_word' id='word_1_437' title='bbox 1385 4360 1441 4408; x_wconf 91' lang='lat' dir='ltr'><strong>et</strong></span> <span class='ocrx_word' id='word_1_438' title='bbox 1485 4368 1618 4424; x_wconf 89' lang='lat' dir='ltr'><strong>pro-</strong></span> 
     </span>
    </p>
   </div>
   <div class='ocr_carea' id='block_1_61' title="bbox 1642 3221 1683 3277">
    <p class='ocr_par' dir='ltr' id='par_1_61' title="bbox 1642 3221 1683 3277">
     <span class='ocr_line' id='line_1_61' title="bbox 1642 3221 1683 3277; baseline 0 0"><span class='ocrx_word' id='word_1_439' title='bbox 1642 3221 1683 3277; x_wconf 90' lang='lat' dir='ltr'><strong>C</strong></span> 
     </span>
    </p>
   </div>
   <div class='ocr_carea' id='block_1_62' title="bbox 86 4436 1618 4517">
    <p class='ocr_par' dir='ltr' id='par_1_62' title="bbox 86 4436 1618 4517">
     <span class='ocr_line' id='line_1_62' title="bbox 86 4436 1618 4517; baseline 0.01 -32"><span class='ocrx_word' id='word_1_440' title='bbox 86 4436 247 4496; x_wconf 73' lang='lat' dir='ltr'><strong>vincies</strong></span> <span class='ocrx_word' id='word_1_441' title='bbox 268 4444 338 4497; x_wconf 84' lang='lat' dir='ltr'><strong>rei</strong></span> <span class='ocrx_word' id='word_1_442' title='bbox 362 4444 614 4515; x_wconf 63' lang='lat' dir='ltr'><strong>publica.</strong></span> <span class='ocrx_word' id='word_1_443' title='bbox 653 4444 901 4517; x_wconf 89' lang='lat' dir='ltr'><strong>Cumque</strong></span> <span class='ocrx_word' id='word_1_444' title='bbox 921 4446 1011 4500; x_wconf 88' lang='lat' dir='ltr'><strong>ille</strong></span> <span class='ocrx_word' id='word_1_445' title='bbox 1034 4446 1240 4502; x_wconf 88' lang='lat' dir='ltr'><strong>diceret</strong></span> <span class='ocrx_word' id='word_1_446' title='bbox 1267 4464 1281 4501; x_wconf 91' lang='lat'><strong>:</strong></span> <span class='ocrx_word' id='word_1_447' title='bbox 1310 4443 1435 4500; x_wconf 88' lang='lat' dir='ltr'><strong>Non</strong></span> <span class='ocrx_word' id='word_1_448' title='bbox 1457 4446 1618 4515; x_wconf 85' lang='lat' dir='ltr'><strong>dabo,</strong></span> 
     </span>
    </p>
   </div>
   <div class='ocr_carea' id='block_1_63' title="bbox 1710 1966 3301 2039">
    <p class='ocr_par' dir='ltr' id='par_1_63' title="bbox 1710 1966 3301 2039">
     <span class='ocr_line' id='line_1_63' title="bbox 1710 1966 3301 2039; baseline 0 -17"><span class='ocrx_word' id='word_1_449' title='bbox 1710 1968 2011 2039; x_wconf 83' lang='lat' dir='ltr'><strong>ligandum,</strong></span> <span class='ocrx_word' id='word_1_450' title='bbox 2038 1967 2397 2024; x_wconf 82' lang='lat' dir='ltr'><strong>Childcmeris</strong></span> <span class='ocrx_word' id='word_1_451' title='bbox 2430 1984 2489 2024; x_wconf 90' lang='lat' dir='ltr'><strong>se</strong></span> <span class='ocrx_word' id='word_1_452' title='bbox 2533 1967 2783 2025; x_wconf 69' lang='lat' dir='ltr'><strong>redd’tlit.</strong></span> <span class='ocrx_word' id='word_1_453' title='bbox 2814 1967 2987 2034; x_wconf 90' lang='lat' dir='ltr'><strong>Quem</strong></span> <span class='ocrx_word' id='word_1_454' title='bbox 3022 1966 3301 2022; x_wconf 85' lang='lat' dir='ltr'><strong>Belsarius</strong></span> 
     </span>
    </p>
   </div>
   <div class='ocr_carea' id='block_1_64' title="bbox 1711 2057 3298 2132">
    <p class='ocr_par' dir='ltr' id='par_1_64' title="bbox 1711 2057 3298 2132">
     <span class='ocr_line' id='line_1_64' title="bbox 1711 2057 3298 2132; baseline -0.002 -16"><span class='ocrx_word' id='word_1_455' title='bbox 1711 2069 1904 2116; x_wconf 89' lang='lat' dir='ltr'><strong>catena</strong></span> <span class='ocrx_word' id='word_1_456' title='bbox 1934 2068 2188 2132; x_wconf 88' lang='lat' dir='ltr'><strong>argentea</strong></span> <span class='ocrx_word' id='word_1_457' title='bbox 2216 2061 2562 2128; x_wconf 82' lang='lat' dir='ltr'><strong>constrinxit,</strong></span> <span class='ocrx_word' id='word_1_458' title='bbox 2602 2061 2889 2131; x_wconf 89' lang='lat' dir='ltr'><strong>sociosque</strong></span> <span class='ocrx_word' id='word_1_459' title='bbox 2922 2059 3042 2129; x_wconf 86' lang='lat' dir='ltr'><strong>ejus</strong></span> <span class='ocrx_word' id='word_1_460' title='bbox 3073 2057 3298 2113; x_wconf 57' lang='lat' dir='ltr'><strong>interfeo</strong></span> 
     </span>
    </p>
   </div>
   <div class='ocr_carea' id='block_1_65' title="bbox 1711 2149 3297 2223">
    <p class='ocr_par' dir='ltr' id='par_1_65' title="bbox 1711 2149 3297 2223">
     <span class='ocr_line' id='line_1_65' title="bbox 1711 2149 3297 2223; baseline -0.004 -15"><span class='ocrx_word' id='word_1_461' title='bbox 1711 2153 1806 2217; x_wconf 89' lang='lat' dir='ltr'><strong>cit,</strong></span> <span class='ocrx_word' id='word_1_462' title='bbox 1851 2153 2138 2222; x_wconf 85' lang='lat' dir='ltr'><strong>ipsumque</strong></span> <span class='ocrx_word' id='word_1_463' title='bbox 2181 2150 2491 2207; x_wconf 89' lang='lat' dir='ltr'><strong>Justiniano</strong></span> <span class='ocrx_word' id='word_1_464' title='bbox 2522 2151 2899 2223; x_wconf 60' lang='lat' dir='ltr'><strong>praesentavit;</strong></span> <span class='ocrx_word' id='word_1_465' title='bbox 2930 2166 3094 2220; x_wconf 90' lang='lat' dir='ltr'><strong>quem</strong></span> <span class='ocrx_word' id='word_1_466' title='bbox 3126 2150 3213 2203; x_wconf 92' lang='lat' dir='ltr'><strong>ille</strong></span> <span class='ocrx_word' id='word_1_467' title='bbox 3241 2149 3297 2202; x_wconf 88' lang='lat' dir='ltr'><strong>in</strong></span> 
     </span>
    </p>
   </div>
   <div class='ocr_carea' id='block_1_66' title="bbox 1710 2238 3300 2313">
    <p class='ocr_par' dir='ltr' id='par_1_66' title="bbox 1710 2238 3300 2313">
     <span class='ocr_line' id='line_1_66' title="bbox 1710 2238 3300 2313; baseline -0.001 -17"><span class='ocrx_word' id='word_1_468' title='bbox 1710 2242 1914 2313; x_wconf 86' lang='lat' dir='ltr'><strong>palatio</strong></span> <span class='ocrx_word' id='word_1_469' title='bbox 1935 2257 2038 2297; x_wconf 88' lang='lat' dir='ltr'><strong>suo</strong></span> <span class='ocrx_word' id='word_1_470' title='bbox 2067 2242 2315 2297; x_wconf 88' lang='lat' dir='ltr'><strong>habitare</strong></span> <span class='ocrx_word' id='word_1_471' title='bbox 2337 2240 2523 2312; x_wconf 87' lang='lat' dir='ltr'><strong>jussit,</strong></span> <span class='ocrx_word' id='word_1_472' title='bbox 2555 2242 2648 2298; x_wconf 89' lang='lat' dir='ltr'><strong>sed</strong></span> <span class='ocrx_word' id='word_1_473' title='bbox 2678 2241 2854 2311; x_wconf 88' lang='lat' dir='ltr'><strong>sputis</strong></span> <span class='ocrx_word' id='word_1_474' title='bbox 2893 2248 2949 2295; x_wconf 90' lang='lat' dir='ltr'><strong>et</strong></span> <span class='ocrx_word' id='word_1_475' title='bbox 2993 2238 3300 2311; x_wconf 77' lang='lat' dir='ltr'><strong>approhriis</strong></span> 
     </span>
    </p>
   </div>
   <div class='ocr_carea' id='block_1_67' title="bbox 1712 2327 3296 2404">
    <p class='ocr_par' dir='ltr' id='par_1_67' title="bbox 1712 2327 3296 2404">
     <span class='ocr_line' id='line_1_67' title="bbox 1712 2327 3296 2404; baseline -0.003 -19"><span class='ocrx_word' id='word_1_476' title='bbox 1712 2332 1967 2404; x_wconf 78' lang='lat' dir='ltr'><strong>gravibus</strong></span> <span class='ocrx_word' id='word_1_477' title='bbox 2013 2331 2373 2401; x_wconf 90' lang='lat' dir='ltr'><strong>obprimebat.</strong></span> <span class='ocrx_word' id='word_1_478' title='bbox 2419 2329 2723 2401; x_wconf 87' lang='lat' dir='ltr'><strong>Petensquc</strong></span> <span class='ocrx_word' id='word_1_479' title='bbox 2762 2329 3146 2399; x_wconf 87' lang='lat' dir='ltr'><strong>imperatorem</strong></span> <span class='ocrx_word' id='word_1_480' title='bbox 3169 2327 3246 2381; x_wconf 90' lang='lat' dir='ltr'><strong>ait</strong></span> <span class='ocrx_word' id='word_1_481' title='bbox 3282 2346 3296 2380; x_wconf 87' lang='lat'><strong>:</strong></span> 
     </span>
    </p>
   </div>
   <div class='ocr_carea' id='block_1_68' title="bbox 1715 2420 3297 2493">
    <p class='ocr_par' dir='ltr' id='par_1_68' title="bbox 1715 2420 3297 2493">
     <span class='ocr_line' id='line_1_68' title="bbox 1715 2420 3297 2493; baseline -0.004 -15"><span class='ocrx_word' id='word_1_482' title='bbox 1715 2422 2059 2479; x_wconf 82' lang='lat' dir='ltr'><strong>Habitatores</strong></span> <span class='ocrx_word' id='word_1_483' title='bbox 2076 2421 2269 2493; x_wconf 77' lang='lat' dir='ltr'><strong>palatii</strong></span> <span class='ocrx_word' id='word_1_484' title='bbox 2297 2423 2376 2476; x_wconf 85' lang='lat' dir='ltr'><strong>tui</strong></span> <span class='ocrx_word' id='word_1_485' title='bbox 2406 2424 2573 2493; x_wconf 81' lang='lat' dir='ltr'><strong>sputis</strong></span> <span class='ocrx_word' id='word_1_486' title='bbox 2594 2431 2646 2476; x_wconf 88' lang='lat' dir='ltr'><strong>et</strong></span> <span class='ocrx_word' id='word_1_487' title='bbox 2671 2421 2965 2492; x_wconf 84' lang='lat' dir='ltr'><strong>obprobriis</strong></span> <span class='ocrx_word' id='word_1_488' title='bbox 2995 2420 3297 2490; x_wconf 84' lang='lat' dir='ltr'><strong>opprimunt</strong></span> 
     </span>
    </p>
   </div>
   <div class='ocr_carea' id='block_1_69' title="bbox 1713 2511 3298 2587">
    <p class='ocr_par' dir='ltr' id='par_1_69' title="bbox 1713 2511 3298 2587">
     <span class='ocr_line' id='line_1_69' title="bbox 1713 2511 3298 2587; baseline -0.006 -17"><span class='ocrx_word' id='word_1_489' title='bbox 1713 2532 1831 2581; x_wconf 88' lang='lat' dir='ltr'><strong>me;</strong></span> <span class='ocrx_word' id='word_1_490' title='bbox 1865 2531 2087 2587; x_wconf 86' lang='lat' dir='ltr'><strong>quorum</strong></span> <span class='ocrx_word' id='word_1_491' title='bbox 2105 2530 2199 2586; x_wconf 85' lang='lat' dir='ltr'><strong>ego</strong></span> <span class='ocrx_word' id='word_1_492' title='bbox 2224 2514 2271 2568; x_wconf 85' lang='lat' dir='ltr'><strong>si</strong></span> <span class='ocrx_word' id='word_1_493' title='bbox 2290 2513 2502 2583; x_wconf 84' lang='lat' dir='ltr'><strong>juberes</strong></span> <span class='ocrx_word' id='word_1_494' title='bbox 2527 2511 2801 2567; x_wconf 81' lang='lat' dir='ltr'><strong>duodecim</strong></span> <span class='ocrx_word' id='word_1_495' title='bbox 2825 2521 2873 2565; x_wconf 88' lang='lat' dir='ltr'><strong>et</strong></span> <span class='ocrx_word' id='word_1_496' title='bbox 2897 2528 2989 2582; x_wconf 87' lang='lat' dir='ltr'><strong>ego</strong></span> <span class='ocrx_word' id='word_1_497' title='bbox 3013 2525 3148 2563; x_wconf 83' lang='lat' dir='ltr'><strong>unus</strong></span> <span class='ocrx_word' id='word_1_498' title='bbox 3179 2525 3298 2564; x_wconf 85' lang='lat' dir='ltr'><strong>cum</strong></span> 
     </span>
    </p>
   </div>
   <div class='ocr_carea' id='block_1_70' title="bbox 1710 2601 3300 2680">
    <p class='ocr_par' dir='ltr' id='par_1_70' title="bbox 1710 2601 3300 2680">
     <span class='ocr_line' id='line_1_70' title="bbox 1710 2601 3300 2680; baseline -0.006 -18"><span class='ocrx_word' id='word_1_499' title='bbox 1710 2624 1841 2680; x_wconf 83' lang='lat' dir='ltr'><strong>equo</strong></span> <span class='ocrx_word' id='word_1_500' title='bbox 1870 2624 2022 2679; x_wconf 85' lang='lat' dir='ltr'><strong>quem</strong></span> <span class='ocrx_word' id='word_1_501' title='bbox 2051 2606 2213 2660; x_wconf 77' lang='lat' dir='ltr'><strong>habui</strong></span> <span class='ocrx_word' id='word_1_502' title='bbox 2238 2614 2360 2659; x_wconf 84' lang='lat' dir='ltr'><strong>ante</strong></span> <span class='ocrx_word' id='word_1_503' title='bbox 2385 2614 2716 2675; x_wconf 83' lang='lat' dir='ltr'><strong>conspectum</strong></span> <span class='ocrx_word' id='word_1_504' title='bbox 2750 2603 2936 2674; x_wconf 81' lang='lat' dir='ltr'><strong>gloria:</strong></span> <span class='ocrx_word' id='word_1_505' title='bbox 2969 2610 3074 2655; x_wconf 72' lang='lat' dir='ltr'><strong>tua:</strong></span> <span class='ocrx_word' id='word_1_506' title='bbox 3103 2601 3300 2654; x_wconf 87' lang='lat' dir='ltr'><strong>armati</strong></span> 
     </span>
    </p>
   </div>
   <div class='ocr_carea' id='block_1_71' title="bbox 1715 2692 3300 2767">
    <p class='ocr_par' dir='ltr' id='par_1_71' title="bbox 1715 2692 3300 2767">
     <span class='ocr_line' id='line_1_71' title="bbox 1715 2692 3300 2767; baseline -0.006 -14"><span class='ocrx_word' id='word_1_507' title='bbox 1715 2700 2081 2753; x_wconf 82' lang='lat' dir='ltr'><strong>accederemus</strong></span> <span class='ocrx_word' id='word_1_508' title='bbox 2104 2698 2175 2751; x_wconf 88' lang='lat' dir='ltr'><strong>ad</strong></span> <span class='ocrx_word' id='word_1_509' title='bbox 2191 2696 2459 2767; x_wconf 77' lang='lat' dir='ltr'><strong>prwiiam,</strong></span> <span class='ocrx_word' id='word_1_510' title='bbox 2484 2711 2815 2766; x_wconf 82' lang='lat' dir='ltr'><strong>cognosceres</strong></span> <span class='ocrx_word' id='word_1_511' title='bbox 2839 2694 2925 2746; x_wconf 83' lang='lat' dir='ltr'><strong>cui</strong></span> <span class='ocrx_word' id='word_1_512' title='bbox 2942 2708 3007 2746; x_wconf 79' lang='lat' dir='ltr'><strong>cx</strong></span> <span class='ocrx_word' id='word_1_513' title='bbox 3028 2692 3174 2745; x_wconf 84' lang='lat' dir='ltr'><strong>nobis</strong></span> <span class='ocrx_word' id='word_1_514' title='bbox 3210 2707 3300 2744; x_wconf 86' lang='lat' dir='ltr'><strong>va-</strong></span> 
     </span>
    </p>
   </div>
   <div class='ocr_carea' id='block_1_72' title="bbox 1713 2782 3302 2860">
    <p class='ocr_par' dir='ltr' id='par_1_72' title="bbox 1713 2782 3302 2860">
     <span class='ocr_line' id='line_1_72' title="bbox 1713 2782 3302 2860; baseline -0.006 -15"><span class='ocrx_word' id='word_1_515' title='bbox 1713 2791 1899 2845; x_wconf 86' lang='lat' dir='ltr'><strong>liditas</strong></span> <span class='ocrx_word' id='word_1_516' title='bbox 1933 2791 2004 2844; x_wconf 87' lang='lat' dir='ltr'><strong>sit</strong></span> <span class='ocrx_word' id='word_1_517' title='bbox 2032 2797 2123 2843; x_wconf 91' lang='lat' dir='ltr'><strong>aut</strong></span> <span class='ocrx_word' id='word_1_518' title='bbox 2148 2788 2378 2860; x_wconf 81' lang='lat' dir='ltr'><strong>ignavia.</strong></span> <span class='ocrx_word' id='word_1_519' title='bbox 2410 2785 2565 2853; x_wconf 88' lang='lat' dir='ltr'><strong>Quod</strong></span> <span class='ocrx_word' id='word_1_520' title='bbox 2587 2801 2711 2840; x_wconf 90' lang='lat' dir='ltr'><strong>cum</strong></span> <span class='ocrx_word' id='word_1_521' title='bbox 2735 2783 3074 2839; x_wconf 88' lang='lat' dir='ltr'><strong>Justinianus</strong></span> <span class='ocrx_word' id='word_1_522' title='bbox 3097 2782 3302 2837; x_wconf 83' lang='lat' dir='ltr'><strong>duode-</strong></span> 
     </span>
    </p>
   </div>
   <div class='ocr_carea' id='block_1_73' title="bbox 1713 2873 3299 2952">
    <p class='ocr_par' dir='ltr' id='par_1_73' title="bbox 1713 2873 3299 2952">
     <span class='ocr_line' id='line_1_73' title="bbox 1713 2873 3299 2952; baseline -0.006 -15"><span class='ocrx_word' id='word_1_523' title='bbox 1713 2882 1820 2937; x_wconf 90' lang='lat' dir='ltr'><strong>cim</strong></span> <span class='ocrx_word' id='word_1_524' title='bbox 1865 2883 2127 2938; x_wconf 92' lang='lat' dir='ltr'><strong>militibus</strong></span> <span class='ocrx_word' id='word_1_525' title='bbox 2151 2882 2429 2952; x_wconf 90' lang='lat' dir='ltr'><strong>jussisset,</strong></span> <span class='ocrx_word' id='word_1_526' title='bbox 2460 2881 2548 2936; x_wconf 89' lang='lat' dir='ltr'><strong>ille</strong></span> <span class='ocrx_word' id='word_1_527' title='bbox 2574 2880 2703 2935; x_wconf 91' lang='lat' dir='ltr'><strong>dum</strong></span> <span class='ocrx_word' id='word_1_528' title='bbox 2732 2894 2826 2934; x_wconf 90' lang='lat' dir='ltr'><strong>eos</strong></span> <span class='ocrx_word' id='word_1_529' title='bbox 2856 2876 3166 2948; x_wconf 80' lang='lat' dir='ltr'><strong>aggreditur</strong></span> <span class='ocrx_word' id='word_1_530' title='bbox 3210 2873 3299 2928; x_wconf 87' lang='lat' dir='ltr'><strong>fu-</strong></span> 
     </span>
    </p>
   </div>
   <div class='ocr_carea' id='block_1_74' title="bbox 1713 2964 3308 3046">
    <p class='ocr_par' dir='ltr' id='par_1_74' title="bbox 1713 2964 3308 3046">
     <span class='ocr_line' id='line_1_74' title="bbox 1713 2964 3308 3046; baseline -0.006 -18"><span class='ocrx_word' id='word_1_531' title='bbox 1713 2989 1836 3046; x_wconf 88' lang='lat' dir='ltr'><strong>gam</strong></span> <span class='ocrx_word' id='word_1_532' title='bbox 1857 2972 2088 3046; x_wconf 88' lang='lat' dir='ltr'><strong>ﬁngens,</strong></span> <span class='ocrx_word' id='word_1_533' title='bbox 2105 2989 2295 3030; x_wconf 89' lang='lat' dir='ltr'><strong>omnes</strong></span> <span class='ocrx_word' id='word_1_534' title='bbox 2312 2972 2626 3045; x_wconf 88' lang='lat' dir='ltr'><strong>singulatim</strong></span> <span class='ocrx_word' id='word_1_535' title='bbox 2651 2968 2940 3026; x_wconf 88' lang='lat' dir='ltr'><strong>interfecit.</strong></span> <span class='ocrx_word' id='word_1_536' title='bbox 2957 2964 3135 3039; x_wconf 74' lang='lat' dir='ltr'><strong>[lsrn.]</strong></span> <span class='ocrx_word' id='word_1_537' title='bbox 3154 2964 3308 3020; x_wconf 89' lang='lat' dir='ltr'><strong>Post-</strong></span> 
     </span>
    </p>
   </div>
   <div class='ocr_carea' id='block_1_75' title="bbox 1714 3058 3305 3137">
    <p class='ocr_par' dir='ltr' id='par_1_75' title="bbox 1714 3058 3305 3137">
     <span class='ocr_line' id='line_1_75' title="bbox 1714 3058 3305 3137; baseline -0.005 -18"><span class='ocrx_word' id='word_1_538' title='bbox 1714 3066 1818 3121; x_wconf 92' lang='lat' dir='ltr'><strong>hac</strong></span> <span class='ocrx_word' id='word_1_539' title='bbox 1840 3065 1999 3136; x_wconf 91' lang='lat' dir='ltr'><strong>jussu</strong></span> <span class='ocrx_word' id='word_1_540' title='bbox 2038 3065 2386 3137; x_wconf 88' lang='lat' dir='ltr'><strong>imperatoris</strong></span> <span class='ocrx_word' id='word_1_541' title='bbox 2433 3065 2722 3121; x_wconf 88' lang='lat' dir='ltr'><strong>eunuchus</strong></span> <span class='ocrx_word' id='word_1_542' title='bbox 2759 3062 2956 3128; x_wconf 86' lang='lat' dir='ltr'><strong>factus,</strong></span> <span class='ocrx_word' id='word_1_543' title='bbox 2993 3058 3049 3114; x_wconf 91' lang='lat' dir='ltr'><strong>in</strong></span> <span class='ocrx_word' id='word_1_544' title='bbox 3082 3058 3305 3130; x_wconf 78' lang='lat' dir='ltr'><strong>provin-</strong></span> 
     </span>
    </p>
   </div>
   <div class='ocr_carea' id='block_1_76' title="bbox 1719 3148 3304 3226">
    <p class='ocr_par' dir='ltr' id='par_1_76' title="bbox 1719 3148 3304 3226">
     <span class='ocr_line' id='line_1_76' title="bbox 1719 3148 3304 3226; baseline -0.006 -14"><span class='ocrx_word' id='word_1_545' title='bbox 1719 3157 1831 3212; x_wconf 88' lang='lat' dir='ltr'><strong>cias</strong></span> <span class='ocrx_word' id='word_1_546' title='bbox 1859 3157 2069 3213; x_wconf 87' lang='lat' dir='ltr'><strong>vicinas</strong></span> <span class='ocrx_word' id='word_1_547' title='bbox 2092 3166 2280 3212; x_wconf 90' lang='lat' dir='ltr'><strong>contra</strong></span> <span class='ocrx_word' id='word_1_548' title='bbox 2309 3156 2508 3213; x_wconf 89' lang='lat' dir='ltr'><strong>Persas</strong></span> <span class='ocrx_word' id='word_1_549' title='bbox 2535 3155 2799 3226; x_wconf 88' lang='lat' dir='ltr'><strong>patricius</strong></span> <span class='ocrx_word' id='word_1_550' title='bbox 2823 3152 3127 3217; x_wconf 87' lang='lat' dir='ltr'><strong>ordinatur,</strong></span> <span class='ocrx_word' id='word_1_551' title='bbox 3151 3159 3205 3205; x_wconf 90' lang='lat' dir='ltr'><strong>et</strong></span> <span class='ocrx_word' id='word_1_552' title='bbox 3236 3148 3304 3181; x_wconf 73' lang='grc'><strong>¹⁷⁶</strong></span> 
     </span>
    </p>
   </div>
   <div class='ocr_carea' id='block_1_77' title="bbox 1717 3239 3306 3320">
    <p class='ocr_par' dir='ltr' id='par_1_77' title="bbox 1717 3239 3306 3320">
     <span class='ocr_line' id='line_1_77' title="bbox 1717 3239 3306 3320; baseline -0.006 -19"><span class='ocrx_word' id='word_1_553' title='bbox 1717 3248 1797 3302; x_wconf 92' lang='lat' dir='ltr'><strong>sic</strong></span> <span class='ocrx_word' id='word_1_554' title='bbox 1818 3263 2046 3320; x_wconf 80' lang='lat' dir='ltr'><strong>regnum</strong></span> <span class='ocrx_word' id='word_1_555' title='bbox 2076 3247 2467 3303; x_wconf 81' lang='lat' dir='ltr'><strong>Wandalorum</strong></span> <span class='ocrx_word' id='word_1_556' title='bbox 2496 3246 2710 3300; x_wconf 88' lang='lat' dir='ltr'><strong>ﬁnitum</strong></span> <span class='ocrx_word' id='word_1_557' title='bbox 2734 3252 2819 3299; x_wconf 90' lang='lat' dir='ltr'><strong>est</strong></span> <span class='ocrx_word' id='word_1_558' title='bbox 2837 3256 2983 3298; x_wconf 90' lang='lat' dir='ltr'><strong>anno</strong></span> <span class='ocrx_word' id='word_1_559' title='bbox 3011 3239 3306 3312; x_wconf 85' lang='lat' dir='ltr'><strong>ingressio-</strong></span> 
     </span>
    </p>
   </div>
   <div class='ocr_carea' id='block_1_78' title="bbox 1717 3329 3302 3408">
    <p class='ocr_par' dir='ltr' id='par_1_78' title="bbox 1717 3329 3302 3408">
     <span class='ocr_line' id='line_1_78' title="bbox 1717 3329 3302 3408; baseline -0.006 -17"><span class='ocrx_word' id='word_1_560' title='bbox 1717 3338 1805 3393; x_wconf 90' lang='lat' dir='ltr'><strong>nis</strong></span> <span class='ocrx_word' id='word_1_561' title='bbox 1846 3352 2036 3392; x_wconf 87' lang='lat' dir='ltr'><strong>eorum</strong></span> <span class='ocrx_word' id='word_1_562' title='bbox 2071 3339 2127 3392; x_wconf 90' lang='lat' dir='ltr'><strong>in</strong></span> <span class='ocrx_word' id='word_1_563' title='bbox 2172 3336 2487 3408; x_wconf 83' lang='lat' dir='ltr'><strong>Hispaniam</strong></span> <span class='ocrx_word' id='word_1_564' title='bbox 2523 3335 2613 3402; x_wconf 88' lang='lat'><strong>97,</strong></span> <span class='ocrx_word' id='word_1_565' title='bbox 2659 3342 2714 3389; x_wconf 91' lang='lat' dir='ltr'><strong>et</strong></span> <span class='ocrx_word' id='word_1_566' title='bbox 2754 3339 3031 3388; x_wconf 89' lang='lat' dir='ltr'><strong>manserat</strong></span> <span class='ocrx_word' id='word_1_567' title='bbox 3077 3346 3128 3385; x_wconf 89' lang='lat' dir='ltr'><strong>a.</strong></span> <span class='ocrx_word' id='word_1_568' title='bbox 3178 3329 3302 3383; x_wconf 82' lang='grc'><strong>115.</strong></span> 
     </span>
    </p>
   </div>
   <div class='ocr_carea' id='block_1_79' title="bbox 1718 3417 3306 3499">
    <p class='ocr_par' dir='ltr' id='par_1_79' title="bbox 1718 3417 3306 3499">
     <span class='ocr_line' id='line_1_79' title="bbox 1718 3417 3306 3499; baseline -0.006 -19"><span class='ocrx_word' id='word_1_569' title='bbox 1718 3425 1938 3499; x_wconf 75' lang='lat' dir='ltr'><strong>[ann.]</strong></span> <span class='ocrx_word' id='word_1_570' title='bbox 1981 3425 2213 3482; x_wconf 88' lang='lat' dir='ltr'><strong>Senatus</strong></span> <span class='ocrx_word' id='word_1_571' title='bbox 2252 3427 2451 3481; x_wconf 90' lang='lat' dir='ltr'><strong>iterum</strong></span> <span class='ocrx_word' id='word_1_572' title='bbox 2491 3424 2792 3480; x_wconf 88' lang='lat' dir='ltr'><strong>Belsarium</strong></span> <span class='ocrx_word' id='word_1_573' title='bbox 2821 3420 3128 3476; x_wconf 90' lang='lat' dir='ltr'><strong>Justiniano</strong></span> <span class='ocrx_word' id='word_1_574' title='bbox 3177 3417 3306 3472; x_wconf 87' lang='lat' dir='ltr'><strong>facit</strong></span> 
     </span>
    </p>
   </div>
   <div class='ocr_carea' id='block_1_80' title="bbox 1718 3512 3303 3586">
    <p class='ocr_par' dir='ltr' id='par_1_80' title="bbox 1718 3512 3303 3586">
     <span class='ocr_line' id='line_1_80' title="bbox 1718 3512 3303 3586; baseline -0.006 -12"><span class='ocrx_word' id='word_1_575' title='bbox 1718 3519 1992 3574; x_wconf 75' lang='lat' dir='ltr'><strong>odiosum.</strong></span> <span class='ocrx_word' id='word_1_576' title='bbox 2017 3517 2191 3585; x_wconf 90' lang='lat' dir='ltr'><strong>Quam</strong></span> <span class='ocrx_word' id='word_1_577' title='bbox 2217 3518 2289 3573; x_wconf 92' lang='lat' dir='ltr'><strong>ob</strong></span> <span class='ocrx_word' id='word_1_578' title='bbox 2319 3533 2433 3573; x_wconf 89' lang='lat' dir='ltr'><strong>rem</strong></span> <span class='ocrx_word' id='word_1_579' title='bbox 2465 3517 2535 3572; x_wconf 86' lang='lat' dir='ltr'><strong>ab</strong></span> <span class='ocrx_word' id='word_1_580' title='bbox 2566 3518 2773 3571; x_wconf 90' lang='lat' dir='ltr'><strong>honore</strong></span> <span class='ocrx_word' id='word_1_581' title='bbox 2793 3514 3112 3586; x_wconf 87' lang='lat' dir='ltr'><strong>patriciatus</strong></span> <span class='ocrx_word' id='word_1_582' title='bbox 3133 3512 3303 3580; x_wconf 87' lang='lat' dir='ltr'><strong>depo-</strong></span> 
     </span>
    </p>
   </div>
   <div class='ocr_carea' id='block_1_81' title="bbox 1717 3602 3305 3684">
    <p class='ocr_par' dir='ltr' id='par_1_81' title="bbox 1717 3602 3305 3684">
     <span class='ocr_line' id='line_1_81' title="bbox 1717 3602 3305 3684; baseline -0.005 -20"><span class='ocrx_word' id='word_1_583' title='bbox 1717 3611 1886 3665; x_wconf 88' lang='lat' dir='ltr'><strong>nitur.</strong></span> <span class='ocrx_word' id='word_1_584' title='bbox 1918 3609 2117 3664; x_wconf 89' lang='lat' dir='ltr'><strong>ltcrum</strong></span> <span class='ocrx_word' id='word_1_585' title='bbox 2143 3609 2414 3680; x_wconf 90' lang='lat' dir='ltr'><strong>quendam</strong></span> <span class='ocrx_word' id='word_1_586' title='bbox 2444 3608 2757 3663; x_wconf 87' lang='lat' dir='ltr'><strong>Florianum</strong></span> <span class='ocrx_word' id='word_1_587' title='bbox 2783 3607 2835 3660; x_wconf 92' lang='lat' dir='ltr'><strong>in</strong></span> <span class='ocrx_word' id='word_1_588' title='bbox 2859 3605 3145 3684; x_wconf 87' lang='lat' dir='ltr'><strong>imperium</strong></span> <span class='ocrx_word' id='word_1_589' title='bbox 3172 3602 3305 3657; x_wconf 90' lang='lat' dir='ltr'><strong>niti-</strong></span> 
     </span>
    </p>
   </div>
   <div class='ocr_carea' id='block_1_82' title="bbox 1716 3696 3306 3769">
    <p class='ocr_par' dir='ltr' id='par_1_82' title="bbox 1716 3696 3306 3769">
     <span class='ocr_line' id='line_1_82' title="bbox 1716 3696 3306 3769; baseline -0.006 -11"><span class='ocrx_word' id='word_1_590' title='bbox 1716 3710 1808 3758; x_wconf 88' lang='lat' dir='ltr'><strong>tur</strong></span> <span class='ocrx_word' id='word_1_591' title='bbox 1848 3703 2144 3758; x_wconf 88' lang='lat' dir='ltr'><strong>sublimare</strong></span> <span class='ocrx_word' id='word_1_592' title='bbox 2172 3710 2229 3757; x_wconf 91' lang='lat' dir='ltr'><strong>et</strong></span> <span class='ocrx_word' id='word_1_593' title='bbox 2267 3700 2637 3757; x_wconf 88' lang='lat' dir='ltr'><strong>Justinianum</strong></span> <span class='ocrx_word' id='word_1_594' title='bbox 2681 3698 2932 3769; x_wconf 89' lang='lat' dir='ltr'><strong>dejicere.</strong></span> <span class='ocrx_word' id='word_1_595' title='bbox 2975 3696 3078 3765; x_wconf 91' lang='lat' dir='ltr'><strong>Qui</strong></span> <span class='ocrx_word' id='word_1_596' title='bbox 3117 3705 3306 3766; x_wconf 85' lang='lat' dir='ltr'><strong>petens</strong></span> 
     </span>
    </p>
   </div>
   <div class='ocr_carea' id='block_1_83' title="bbox 1718 3789 3307 3866">
    <p class='ocr_par' dir='ltr' id='par_1_83' title="bbox 1718 3789 3307 3866">
     <span class='ocr_line' id='line_1_83' title="bbox 1718 3789 3307 3866; baseline -0.003 -16"><span class='ocrx_word' id='word_1_597' title='bbox 1718 3794 2021 3851; x_wconf 88' lang='lat' dir='ltr'><strong>Belsarium</strong></span> <span class='ocrx_word' id='word_1_598' title='bbox 2048 3803 2109 3849; x_wconf 89' lang='lat' dir='ltr'><strong>ut</strong></span> <span class='ocrx_word' id='word_1_599' title='bbox 2128 3811 2186 3851; x_wconf 90' lang='lat' dir='ltr'><strong>se</strong></span> <span class='ocrx_word' id='word_1_600' title='bbox 2212 3795 2513 3866; x_wconf 86' lang='lat' dir='ltr'><strong>adjuvarct,</strong></span> <span class='ocrx_word' id='word_1_601' title='bbox 2542 3794 2773 3850; x_wconf 89' lang='lat' dir='ltr'><strong>nuncios</strong></span> <span class='ocrx_word' id='word_1_602' title='bbox 2797 3792 2948 3847; x_wconf 91' lang='lat' dir='ltr'><strong>misit</strong></span> <span class='ocrx_word' id='word_1_603' title='bbox 2967 3791 3035 3847; x_wconf 88' lang='lat' dir='ltr'><strong>ad</strong></span> <span class='ocrx_word' id='word_1_604' title='bbox 3062 3806 3209 3846; x_wconf 88' lang='lat' dir='ltr'><strong>eum.</strong></span> <span class='ocrx_word' id='word_1_605' title='bbox 3239 3789 3307 3846; x_wconf 85' lang='lat' dir='ltr'><strong>Et</strong></span> 
     </span>
    </p>
   </div>
   <div class='ocr_carea' id='block_1_84' title="bbox 1718 3878 3306 3956">
    <p class='ocr_par' dir='ltr' id='par_1_84' title="bbox 1718 3878 3306 3956">
     <span class='ocr_line' id='line_1_84' title="bbox 1718 3878 3306 3956; baseline -0.003 -16"><span class='ocrx_word' id='word_1_606' title='bbox 1718 3885 1808 3940; x_wconf 90' lang='lat' dir='ltr'><strong>ille</strong></span> <span class='ocrx_word' id='word_1_607' title='bbox 1836 3878 2047 3956; x_wconf 85' lang='lat' dir='ltr'><strong>ﬁngens</strong></span> <span class='ocrx_word' id='word_1_608' title='bbox 2092 3900 2151 3941; x_wconf 89' lang='lat' dir='ltr'><strong>se</strong></span> <span class='ocrx_word' id='word_1_609' title='bbox 2199 3885 2517 3941; x_wconf 89' lang='lat' dir='ltr'><strong>Florianum</strong></span> <span class='ocrx_word' id='word_1_610' title='bbox 2559 3884 2788 3939; x_wconf 88' lang='lat' dir='ltr'><strong>adorare</strong></span> <span class='ocrx_word' id='word_1_611' title='bbox 2835 3882 3068 3937; x_wconf 89' lang='lat' dir='ltr'><strong>vallatus</strong></span> <span class='ocrx_word' id='word_1_612' title='bbox 3118 3880 3306 3951; x_wconf 88' lang='lat' dir='ltr'><strong>pueris</strong></span> 
     </span>
    </p>
   </div>
   <div class='ocr_carea' id='block_1_85' title="bbox 1718 3973 3307 4049">
    <p class='ocr_par' dir='ltr' id='par_1_85' title="bbox 1718 3973 3307 4049">
     <span class='ocr_line' id='line_1_85' title="bbox 1718 3973 3307 4049; baseline -0.005 -14"><span class='ocrx_word' id='word_1_613' title='bbox 1718 3978 1837 4035; x_wconf 84' lang='lat' dir='ltr'><strong>suis</strong></span> <span class='ocrx_word' id='word_1_614' title='bbox 1877 3977 2191 4032; x_wconf 87' lang='lat' dir='ltr'><strong>Florianum</strong></span> <span class='ocrx_word' id='word_1_615' title='bbox 2231 3976 2410 4049; x_wconf 88' lang='lat' dir='ltr'><strong>gladio</strong></span> <span class='ocrx_word' id='word_1_616' title='bbox 2439 3977 2709 4048; x_wconf 89' lang='lat' dir='ltr'><strong>percussit</strong></span> <span class='ocrx_word' id='word_1_617' title='bbox 2740 3983 2795 4031; x_wconf 90' lang='lat' dir='ltr'><strong>et</strong></span> <span class='ocrx_word' id='word_1_618' title='bbox 2833 3989 3026 4029; x_wconf 88' lang='lat' dir='ltr'><strong>omnes</strong></span> <span class='ocrx_word' id='word_1_619' title='bbox 3053 3973 3307 4027; x_wconf 87' lang='lat' dir='ltr'><strong>inimicos</strong></span> 
     </span>
    </p>
   </div>
   <div class='ocr_carea' id='block_1_86' title="bbox 1719 4065 3308 4141">
    <p class='ocr_par' dir='ltr' id='par_1_86' title="bbox 1719 4065 3308 4141">
     <span class='ocr_line' id='line_1_86' title="bbox 1719 4065 3308 4141; baseline -0.004 -16"><span class='ocrx_word' id='word_1_620' title='bbox 1719 4084 1852 4126; x_wconf 91' lang='lat' dir='ltr'><strong>suos</strong></span> <span class='ocrx_word' id='word_1_621' title='bbox 1878 4070 1972 4141; x_wconf 90' lang='lat' dir='ltr'><strong>qui</strong></span> <span class='ocrx_word' id='word_1_622' title='bbox 2000 4078 2157 4125; x_wconf 87' lang='lat' dir='ltr'><strong>erant</strong></span> <span class='ocrx_word' id='word_1_623' title='bbox 2185 4085 2310 4124; x_wconf 89' lang='lat' dir='ltr'><strong>cum</strong></span> <span class='ocrx_word' id='word_1_624' title='bbox 2340 4084 2427 4136; x_wconf 92' lang='lat' dir='ltr'><strong>eo,</strong></span> <span class='ocrx_word' id='word_1_625' title='bbox 2457 4082 2826 4139; x_wconf 90' lang='lat' dir='ltr'><strong>coronamque</strong></span> <span class='ocrx_word' id='word_1_626' title='bbox 2865 4065 3118 4122; x_wconf 80' lang='lat' dir='ltr'><strong>auferens</strong></span> <span class='ocrx_word' id='word_1_627' title='bbox 3148 4081 3178 4120; x_wconf 92' lang='lat' dir='ltr'><strong>a</strong></span> <span class='ocrx_word' id='word_1_628' title='bbox 3210 4080 3308 4119; x_wconf 85' lang='lat' dir='ltr'><strong>ca-</strong></span> 
     </span>
    </p>
   </div>
   <div class='ocr_carea' id='block_1_87' title="bbox 1718 4157 3310 4234">
    <p class='ocr_par' dir='ltr' id='par_1_87' title="bbox 1718 4157 3310 4234">
     <span class='ocr_line' id='line_1_87' title="bbox 1718 4157 3310 4234; baseline -0.004 -17"><span class='ocrx_word' id='word_1_629' title='bbox 1718 4162 1828 4232; x_wconf 90' lang='lat' dir='ltr'><strong>pite</strong></span> <span class='ocrx_word' id='word_1_630' title='bbox 1865 4162 2107 4217; x_wconf 87' lang='lat' dir='ltr'><strong>Floriani</strong></span> <span class='ocrx_word' id='word_1_631' title='bbox 2137 4162 2398 4234; x_wconf 88' lang='lat' dir='ltr'><strong>imposuit</strong></span> <span class='ocrx_word' id='word_1_632' title='bbox 2433 4161 2595 4232; x_wconf 89' lang='lat' dir='ltr'><strong>capiti</strong></span> <span class='ocrx_word' id='word_1_633' title='bbox 2639 4159 2953 4226; x_wconf 86' lang='lat' dir='ltr'><strong>Justiniani,</strong></span> <span class='ocrx_word' id='word_1_634' title='bbox 3000 4158 3234 4214; x_wconf 84' lang='lat' dir='ltr'><strong>reddens</strong></span> <span class='ocrx_word' id='word_1_635' title='bbox 3257 4157 3310 4212; x_wconf 89' lang='lat' dir='ltr'><strong>ei</strong></span> 
     </span>
    </p>
   </div>
   <div class='ocr_carea' id='block_1_88' title="bbox 1721 4251 2482 4325">
    <p class='ocr_par' dir='ltr' id='par_1_88' title="bbox 1721 4251 2482 4325">
     <span class='ocr_line' id='line_1_88' title="bbox 1721 4251 2482 4325; baseline -0.001 -17"><span class='ocrx_word' id='word_1_636' title='bbox 1721 4253 1874 4309; x_wconf 87' lang='lat' dir='ltr'><strong>basia</strong></span> <span class='ocrx_word' id='word_1_637' title='bbox 1896 4268 1992 4323; x_wconf 89' lang='lat' dir='ltr'><strong>per</strong></span> <span class='ocrx_word' id='word_1_638' title='bbox 2018 4269 2213 4308; x_wconf 88' lang='lat' dir='ltr'><strong>manus</strong></span> <span class='ocrx_word' id='word_1_639' title='bbox 2242 4251 2482 4325; x_wconf 61' lang='lat' dir='ltr'><strong>[Fuso].</strong></span> 
     </span>
    </p>
   </div>
   <div class='ocr_carea' id='block_1_89' title="bbox 1792 4339 3309 4413">
    <p class='ocr_par' dir='ltr' id='par_1_89' title="bbox 1792 4339 3309 4413">
     <span class='ocr_line' id='line_1_89' title="bbox 1792 4339 3309 4413; baseline -0.003 -14"><span class='ocrx_word' id='word_1_640' title='bbox 1792 4344 1856 4399; x_wconf 87' lang='lat' dir='ltr'><strong>A.</strong></span> <span class='ocrx_word' id='word_1_641' title='bbox 1897 4345 2023 4400; x_wconf 73' lang='grc'><strong>525.</strong></span> <span class='ocrx_word' id='word_1_642' title='bbox 2060 4344 2403 4400; x_wconf 88' lang='lat' dir='ltr'><strong>Justinianus</strong></span> <span class='ocrx_word' id='word_1_643' title='bbox 2428 4344 2724 4413; x_wconf 89' lang='lat' dir='ltr'><strong>imperator</strong></span> <span class='ocrx_word' id='word_1_644' title='bbox 2742 4341 2942 4398; x_wconf 90' lang='lat' dir='ltr'><strong>Justini</strong></span> <span class='ocrx_word' id='word_1_645' title='bbox 2962 4339 3187 4410; x_wconf 89' lang='lat' dir='ltr'><strong>majoris</strong></span> <span class='ocrx_word' id='word_1_646' title='bbox 3209 4354 3309 4394; x_wconf 89' lang='lat' dir='ltr'><strong>ne-</strong></span> 
     </span>
    </p>
   </div>
   <div class='ocr_carea' id='block_1_90' title="bbox 1720 4431 3309 4510">
    <p class='ocr_par' dir='ltr' id='par_1_90' title="bbox 1720 4431 3309 4510">
     <span class='ocr_line' id='line_1_90' title="bbox 1720 4431 3309 4510; baseline -0.008 -14"><span class='ocrx_word' id='word_1_647' title='bbox 1720 4454 1821 4510; x_wconf 87' lang='lat' dir='ltr'><strong>pos</strong></span> <span class='ocrx_word' id='word_1_648' title='bbox 1853 4437 2101 4509; x_wconf 83' lang='lat' dir='ltr'><strong>regnavit</strong></span> <span class='ocrx_word' id='word_1_649' title='bbox 2137 4453 2189 4493; x_wconf 88' lang='lat' dir='ltr'><strong>a.</strong></span> <span class='ocrx_word' id='word_1_650' title='bbox 2229 4437 2318 4492; x_wconf 77' lang='lat'><strong>37.</strong></span> <span class='ocrx_word' id='word_1_651' title='bbox 2361 4436 2482 4505; x_wconf 91' lang='lat' dir='ltr'><strong>Quo</strong></span> <span class='ocrx_word' id='word_1_652' title='bbox 2524 4434 2781 4491; x_wconf 80' lang='lat' dir='ltr'><strong>defuncto</strong></span> <span class='ocrx_word' id='word_1_653' title='bbox 2822 4435 2877 4488; x_wconf 91' lang='lat' dir='ltr'><strong>in</strong></span> <span class='ocrx_word' id='word_1_654' title='bbox 2918 4431 3309 4488; x_wconf 82' lang='lat' dir='ltr'><strong>Constantino-</strong></span> 
     </span>
    </p>
   </div>
   <div class='ocr_carea' id='block_1_91' title="bbox 86 4523 3312 4619">
    <p class='ocr_par' dir='ltr' id='par_1_91' title="bbox 86 4523 3312 4619">
     <span class='ocr_line' id='line_1_91' title="bbox 86 4523 3312 4619; baseline -0 -39"><span class='ocrx_word' id='word_1_655' title='bbox 86 4538 125 4581; x_wconf 73' lang='lat' dir='ltr'><strong>et</strong></span> <span class='ocrx_word' id='word_1_656' title='bbox 148 4528 456 4592; x_wconf 74' lang='lat' dir='ltr'><strong>Just‘nianus</strong></span> <span class='ocrx_word' id='word_1_657' title='bbox 502 4545 727 4593; x_wconf 85' lang='lat' dir='ltr'><strong>econtra</strong></span> <span class='ocrx_word' id='word_1_658' title='bbox 761 4539 929 4594; x_wconf 86' lang='lat' dir='ltr'><strong>verbo</strong></span> <span class='ocrx_word' id='word_1_659' title='bbox 972 4539 1181 4594; x_wconf 90' lang='lat' dir='ltr'><strong>rustico</strong></span> <span class='ocrx_word' id='word_1_660' title='bbox 1222 4538 1616 4609; x_wconf 89' lang='lat' dir='ltr'><strong>responderet:</strong></span> <span class='ocrx_word' id='word_1_661' title='bbox 1651 4559 1699 4619; x_wconf 76' lang='grc' dir='ltr'>ο</span> <span class='ocrx_word' id='word_1_662' title='bbox 1724 4531 1891 4603; x_wconf 91' lang='lat' dir='ltr'><strong>polim</strong></span> <span class='ocrx_word' id='word_1_663' title='bbox 1914 4529 2165 4586; x_wconf 89' lang='lat' dir='ltr'><strong>Justinus</strong></span> <span class='ocrx_word' id='word_1_664' title='bbox 2186 4542 2242 4604; x_wconf 74' lang='lat' dir='ltr'><strong>a&#39;.</strong></span> <span class='ocrx_word' id='word_1_665' title='bbox 2271 4530 2376 4586; x_wconf 74' lang='lat'><strong>563</strong></span> <span class='ocrx_word' id='word_1_666' title='bbox 2396 4528 2625 4585; x_wconf 84' lang='lat' dir='ltr'><strong>ambivit</strong></span> <span class='ocrx_word' id='word_1_667' title='bbox 2646 4526 2955 4598; x_wconf 86' lang='lat' dir='ltr'><strong>imperium,</strong></span> <span class='ocrx_word' id='word_1_668' title='bbox 2977 4523 3062 4579; x_wconf 86' lang='lat' dir='ltr'><strong>vir</strong></span> <span class='ocrx_word' id='word_1_669' title='bbox 3090 4523 3312 4593; x_wconf 88' lang='lat' dir='ltr'><strong>iniquus</strong></span> 
     </span>
    </p>
   </div>
   <div class='ocr_carea' id='block_1_92' title="bbox 87 4616 2052 4695">
    <p class='ocr_par' dir='ltr' id='par_1_92' title="bbox 87 4616 2052 4695">
     <span class='ocr_line' id='line_1_92' title="bbox 87 4616 2052 4695; baseline 0.004 -26"><span class='ocrx_word' id='word_1_670' title='bbox 87 4616 265 4691; x_wconf 74' lang='lat' dir='ltr'><strong>Dmms,</strong></span> <span class='ocrx_word' id='word_1_671' title='bbox 282 4628 349 4681; x_wconf 84' lang='lat' dir='ltr'><strong>ob</strong></span> <span class='ocrx_word' id='word_1_672' title='bbox 371 4629 479 4685; x_wconf 89' lang='lat' dir='ltr'><strong>hoc</strong></span> <span class='ocrx_word' id='word_1_673' title='bbox 505 4629 603 4686; x_wconf 93' lang='lat' dir='ltr'><strong>illo</strong></span> <span class='ocrx_word' id='word_1_674' title='bbox 626 4630 820 4686; x_wconf 85' lang='lat' dir='ltr'><strong>inloco</strong></span> <span class='ocrx_word' id='word_1_675' title='bbox 842 4630 1035 4687; x_wconf 89' lang='lat' dir='ltr'><strong>civitas</strong></span> <span class='ocrx_word' id='word_1_676' title='bbox 1056 4629 1280 4686; x_wconf 87' lang='lat' dir='ltr'><strong>fundata</strong></span> <span class='ocrx_word' id='word_1_677' title='bbox 1306 4646 1504 4687; x_wconf 88' lang='lat' dir='ltr'><strong>nomen</strong></span> <span class='ocrx_word' id='word_1_678' title='bbox 1533 4648 1626 4689; x_wconf 87' lang='lat' dir='ltr'><strong>ae—</strong></span> <span class='ocrx_word' id='word_1_679' title='bbox 1652 4616 1686 4619; x_wconf 28' lang='lat' dir='ltr'><strong>ﬂ</strong></span> <span class='ocrx_word' id='word_1_680' title='bbox 1723 4633 1779 4681; x_wconf 89' lang='lat' dir='ltr'><strong>et</strong></span> <span class='ocrx_word' id='word_1_681' title='bbox 1803 4623 2052 4695; x_wconf 89' lang='lat' dir='ltr'><strong>cupidus.</strong></span> 
     </span>
    </p>
   </div>
   <div class='ocr_carea' id='block_1_93' title="bbox 87 4707 1626 4795">
    <p class='ocr_par' dir='ltr' id='par_1_93' title="bbox 87 4707 1626 4795">
     <span class='ocr_line' id='line_1_93' title="bbox 87 4707 1626 4795; baseline 0.009 -28"><span class='ocrx_word' id='word_1_682' title='bbox 87 4713 195 4781; x_wconf 52' lang='lat' dir='ltr'><strong>cepit</strong></span> <span class='ocrx_word' id='word_1_683' title='bbox 214 4707 442 4777; x_wconf 42' lang='lat' dir='ltr'><strong>Denrasf</strong></span> <span class='ocrx_word' id='word_1_684' title='bbox 461 4721 717 4793; x_wconf 77' lang='lat' dir='ltr'><strong>Receptis</strong></span> <span class='ocrx_word' id='word_1_685' title='bbox 739 4738 870 4795; x_wconf 89' lang='lat' dir='ltr'><strong>ergo</strong></span> <span class='ocrx_word' id='word_1_686' title='bbox 910 4723 1209 4794; x_wconf 84' lang='lat' dir='ltr'><strong>provinciis</strong></span> <span class='ocrx_word' id='word_1_687' title='bbox 1238 4731 1292 4779; x_wconf 91' lang='lat' dir='ltr'><strong>et</strong></span> <span class='ocrx_word' id='word_1_688' title='bbox 1314 4723 1626 4781; x_wconf 89' lang='lat' dir='ltr'><strong>civitatibus</strong></span> 
     </span>
    </p>
   </div>
   <div class='ocr_carea' id='block_1_94' title="bbox 91 4803 1623 4886">
    <p class='ocr_par' dir='ltr' id='par_1_94' title="bbox 91 4803 1623 4886">
     <span class='ocr_line' id='line_1_94' title="bbox 91 4803 1623 4886; baseline 0.008 -28"><span class='ocrx_word' id='word_1_689' title='bbox 91 4803 306 4873; x_wconf 63' lang='lat' dir='ltr'><strong>plurimis,</strong></span> <span class='ocrx_word' id='word_1_690' title='bbox 332 4815 586 4882; x_wconf 89' lang='lat' dir='ltr'><strong>permisit</strong></span> <span class='ocrx_word' id='word_1_691' title='bbox 616 4829 743 4869; x_wconf 90' lang='lat' dir='ltr'><strong>eum</strong></span> <span class='ocrx_word' id='word_1_692' title='bbox 772 4815 828 4869; x_wconf 90' lang='lat' dir='ltr'><strong>in</strong></span> <span class='ocrx_word' id='word_1_693' title='bbox 863 4813 1060 4870; x_wconf 89' lang='lat' dir='ltr'><strong>Persas</strong></span> <span class='ocrx_word' id='word_1_694' title='bbox 1101 4830 1329 4885; x_wconf 82' lang='lat' dir='ltr'><strong>regnum</strong></span> <span class='ocrx_word' id='word_1_695' title='bbox 1361 4817 1623 4886; x_wconf 89' lang='lat' dir='ltr'><strong>recipere,</strong></span> 
     </span>
    </p>
   </div>
   <div class='ocr_carea' id='block_1_95' title="bbox 90 4901 1628 4976">
    <p class='ocr_par' dir='ltr' id='par_1_95' title="bbox 90 4901 1628 4976">
     <span class='ocr_line' id='line_1_95' title="bbox 90 4901 1628 4976; baseline 0.01 -31"><span class='ocrx_word' id='word_1_696' title='bbox 90 4901 123 4944; x_wconf 78' lang='lat' dir='ltr'><strong>tt</strong></span> <span class='ocrx_word' id='word_1_697' title='bbox 140 4910 243 4952; x_wconf 82' lang='lat' dir='ltr'><strong>cum</strong></span> <span class='ocrx_word' id='word_1_698' title='bbox 266 4917 460 4975; x_wconf 83' lang='lat' dir='ltr'><strong>magno</strong></span> <span class='ocrx_word' id='word_1_699' title='bbox 488 4905 764 4975; x_wconf 86' lang='lat' dir='ltr'><strong>triumpho</strong></span> <span class='ocrx_word' id='word_1_700' title='bbox 786 4919 1038 4960; x_wconf 88' lang='lat' dir='ltr'><strong>reversus</strong></span> <span class='ocrx_word' id='word_1_701' title='bbox 1059 4912 1144 4959; x_wconf 91' lang='lat' dir='ltr'><strong>est</strong></span> <span class='ocrx_word' id='word_1_702' title='bbox 1167 4903 1628 4976; x_wconf 86' lang='lat' dir='ltr'><strong>Constantinopo-</strong></span> 
     </span>
    </p>
   </div>
   <div class='ocr_carea' id='block_1_96' title="bbox 87 4980 1624 5065">
    <p class='ocr_par' dir='ltr' id='par_1_96' title="bbox 87 4980 1624 5065">
     <span class='ocr_line' id='line_1_96' title="bbox 87 4980 1624 5065; baseline 0.011 -31"><span class='ocrx_word' id='word_1_703' title='bbox 87 4980 173 5038; x_wconf 86' lang='lat' dir='ltr'><strong>lim.</strong></span> <span class='ocrx_word' id='word_1_704' title='bbox 199 4987 291 5054; x_wconf 85' lang='lat' dir='ltr'><strong>Qui</strong></span> <span class='ocrx_word' id='word_1_705' title='bbox 321 5007 446 5047; x_wconf 88' lang='lat' dir='ltr'><strong>cum</strong></span> <span class='ocrx_word' id='word_1_706' title='bbox 474 4994 640 5049; x_wconf 90' lang='lat' dir='ltr'><strong>unico</strong></span> <span class='ocrx_word' id='word_1_707' title='bbox 666 5009 853 5049; x_wconf 87' lang='lat' dir='ltr'><strong>amore</strong></span> <span class='ocrx_word' id='word_1_708' title='bbox 891 4994 1140 5065; x_wconf 84' lang='lat' dir='ltr'><strong>diligeret</strong></span> <span class='ocrx_word' id='word_1_709' title='bbox 1168 4993 1491 5063; x_wconf 89' lang='lat' dir='ltr'><strong>Belsarium,</strong></span> <span class='ocrx_word' id='word_1_710' title='bbox 1538 4996 1624 5050; x_wconf 84' lang='lat' dir='ltr'><strong>in-</strong></span> 
     </span>
    </p>
   </div>
   <div class='ocr_carea' id='block_1_97' title="bbox 86 5072 1624 5156">
    <p class='ocr_par' dir='ltr' id='par_1_97' title="bbox 86 5072 1624 5156">
     <span class='ocr_line' id='line_1_97' title="bbox 86 5072 1624 5156; baseline 0.011 -32"><span class='ocrx_word' id='word_1_711' title='bbox 86 5072 226 5131; x_wconf 87' lang='lat' dir='ltr'><strong>stituit</strong></span> <span class='ocrx_word' id='word_1_712' title='bbox 248 5096 366 5136; x_wconf 86' lang='lat' dir='ltr'><strong>cum</strong></span> <span class='ocrx_word' id='word_1_713' title='bbox 394 5084 686 5153; x_wconf 86' lang='lat' dir='ltr'><strong>patricium</strong></span> <span class='ocrx_word' id='word_1_714' title='bbox 717 5084 773 5138; x_wconf 90' lang='lat' dir='ltr'><strong>in</strong></span> <span class='ocrx_word' id='word_1_715' title='bbox 802 5084 912 5140; x_wconf 89' lang='lat' dir='ltr'><strong>illis</strong></span> <span class='ocrx_word' id='word_1_716' title='bbox 934 5084 1182 5156; x_wconf 87' lang='lat' dir='ltr'><strong>partibus</strong></span> <span class='ocrx_word' id='word_1_717' title='bbox 1205 5083 1419 5140; x_wconf 72' lang='lat' dir='ltr'><strong>Aﬁ‘ricae</strong></span> <span class='ocrx_word' id='word_1_718' title='bbox 1446 5101 1569 5156; x_wconf 64' lang='lat' dir='ltr'><strong>quae</strong></span> <span class='ocrx_word' id='word_1_719' title='bbox 1591 5100 1624 5140; x_wconf 84' lang='lat' dir='ltr'><strong>a</strong></span> 
     </span>
    </p>
   </div>
   <div class='ocr_carea' id='block_1_98' title="bbox 86 5162 1624 5247">
    <p class='ocr_par' dir='ltr' id='par_1_98' title="bbox 86 5162 1624 5247">
     <span class='ocr_line' id='line_1_98' title="bbox 86 5162 1624 5247; baseline 0.008 -26"><span class='ocrx_word' id='word_1_720' title='bbox 86 5162 324 5229; x_wconf 75' lang='lat' dir='ltr'><strong>Wandalis</strong></span> <span class='ocrx_word' id='word_1_721' title='bbox 365 5192 475 5230; x_wconf 84' lang='lat' dir='ltr'><strong>non</strong></span> <span class='ocrx_word' id='word_1_722' title='bbox 521 5177 697 5233; x_wconf 85' lang='lat' dir='ltr'><strong>fuerat</strong></span> <span class='ocrx_word' id='word_1_723' title='bbox 724 5185 1009 5247; x_wconf 88' lang='lat' dir='ltr'><strong>occupata.</strong></span> <span class='ocrx_word' id='word_1_724' title='bbox 1040 5174 1276 5233; x_wconf 89' lang='lat' dir='ltr'><strong>Senatus</strong></span> <span class='ocrx_word' id='word_1_725' title='bbox 1301 5184 1483 5233; x_wconf 87' lang='lat' dir='ltr'><strong>autem</strong></span> <span class='ocrx_word' id='word_1_726' title='bbox 1508 5177 1624 5233; x_wconf 84' lang='lat' dir='ltr'><strong>zelo</strong></span> 
     </span>
    </p>
   </div>
   <div class='ocr_carea' id='block_1_99' title="bbox 87 5260 1623 5343">
    <p class='ocr_par' dir='ltr' id='par_1_99' title="bbox 87 5260 1623 5343">
     <span class='ocr_line' id='line_1_99' title="bbox 87 5260 1623 5343; baseline 0.009 -30"><span class='ocrx_word' id='word_1_727' title='bbox 87 5260 245 5321; x_wconf 87' lang='lat' dir='ltr'><strong>ductus</strong></span> <span class='ocrx_word' id='word_1_728' title='bbox 266 5272 534 5342; x_wconf 82' lang='lat' dir='ltr'><strong>suggessit</strong></span> <span class='ocrx_word' id='word_1_729' title='bbox 563 5272 630 5328; x_wconf 92' lang='lat' dir='ltr'><strong>de</strong></span> <span class='ocrx_word' id='word_1_730' title='bbox 650 5288 716 5329; x_wconf 89' lang='lat' dir='ltr'><strong>eo</strong></span> <span class='ocrx_word' id='word_1_731' title='bbox 755 5272 1072 5343; x_wconf 84' lang='lat' dir='ltr'><strong>imperatori</strong></span> <span class='ocrx_word' id='word_1_732' title='bbox 1100 5272 1244 5342; x_wconf 88' lang='lat' dir='ltr'><strong>quod</strong></span> <span class='ocrx_word' id='word_1_733' title='bbox 1266 5272 1623 5342; x_wconf 89' lang='lat' dir='ltr'><strong>dejectionem</strong></span> 
     </span>
    </p>
   </div>
   <div class='ocr_carea' id='block_1_100' title="bbox 86 5354 1625 5437">
    <p class='ocr_par' dir='ltr' id='par_1_100' title="bbox 86 5354 1625 5437">
     <span class='ocr_line' id='line_1_100' title="bbox 86 5354 1625 5437; baseline -0.003 -15"><span class='ocrx_word' id='word_1_734' title='bbox 86 5354 179 5422; x_wconf 59' lang='lat' dir='ltr'><strong>eius</strong></span> <span class='ocrx_word' id='word_1_735' title='bbox 196 5362 561 5431; x_wconf 86' lang='lat' dir='ltr'><strong>meditaretur,</strong></span> <span class='ocrx_word' id='word_1_736' title='bbox 602 5373 663 5420; x_wconf 92' lang='lat' dir='ltr'><strong>ut</strong></span> <span class='ocrx_word' id='word_1_737' title='bbox 690 5366 807 5436; x_wconf 90' lang='lat' dir='ltr'><strong>ipsc</strong></span> <span class='ocrx_word' id='word_1_738' title='bbox 844 5365 900 5419; x_wconf 90' lang='lat' dir='ltr'><strong>in</strong></span> <span class='ocrx_word' id='word_1_739' title='bbox 941 5379 1171 5437; x_wconf 88' lang='lat' dir='ltr'><strong>regnum</strong></span> <span class='ocrx_word' id='word_1_740' title='bbox 1204 5364 1625 5431; x_wconf 88' lang='lat' dir='ltr'><strong>sublimaretur;</strong></span> 
     </span>
    </p>
   </div>
   <div class='ocr_carea' id='block_1_101' title="bbox 89 5449 1625 5526">
    <p class='ocr_par' dir='ltr' id='par_1_101' title="bbox 89 5449 1625 5526">
     <span class='ocr_line' id='line_1_101' title="bbox 89 5449 1625 5526; baseline 0.005 -23"><span class='ocrx_word' id='word_1_741' title='bbox 89 5454 129 5497; x_wconf 71' lang='lat' dir='ltr'>ﬂ</span> <span class='ocrx_word' id='word_1_742' title='bbox 145 5449 204 5504; x_wconf 90' lang='lat' dir='ltr'><strong>ob</strong></span> <span class='ocrx_word' id='word_1_743' title='bbox 220 5451 270 5506; x_wconf 92' lang='lat' dir='ltr'><strong>id</strong></span> <span class='ocrx_word' id='word_1_744' title='bbox 290 5455 461 5511; x_wconf 81' lang='lat' dir='ltr'><strong>zelum</strong></span> <span class='ocrx_word' id='word_1_745' title='bbox 486 5457 689 5513; x_wconf 89' lang='lat' dir='ltr'><strong>ducens</strong></span> <span class='ocrx_word' id='word_1_746' title='bbox 702 5456 961 5513; x_wconf 88' lang='lat' dir='ltr'><strong>adversus</strong></span> <span class='ocrx_word' id='word_1_747' title='bbox 982 5454 1305 5523; x_wconf 90' lang='lat' dir='ltr'><strong>Belsarium,</strong></span> <span class='ocrx_word' id='word_1_748' title='bbox 1323 5455 1480 5526; x_wconf 89' lang='lat' dir='ltr'><strong>jubet</strong></span> <span class='ocrx_word' id='word_1_749' title='bbox 1500 5472 1625 5511; x_wconf 91' lang='lat' dir='ltr'><strong>eum</strong></span> 
     </span>
    </p>
   </div>
   <div class='ocr_carea' id='block_1_102' title="bbox 93 5533 1627 5621">
    <p class='ocr_par' dir='ltr' id='par_1_102' title="bbox 93 5533 1627 5621">
     <span class='ocr_line' id='line_1_102' title="bbox 93 5533 1627 5621; baseline 0.005 -28"><span class='ocrx_word' id='word_1_750' title='bbox 93 5533 340 5602; x_wconf 72' lang='lat' dir='ltr'><strong>Wandalos</strong></span> <span class='ocrx_word' id='word_1_751' title='bbox 366 5565 698 5621; x_wconf 77' lang='lat' dir='ltr'><strong>expugnare,</strong></span> <span class='ocrx_word' id='word_1_752' title='bbox 744 5563 774 5603; x_wconf 90' lang='lat' dir='ltr'><strong>a</strong></span> <span class='ocrx_word' id='word_1_753' title='bbox 817 5549 1019 5620; x_wconf 90' lang='lat' dir='ltr'><strong>quibus</strong></span> <span class='ocrx_word' id='word_1_754' title='bbox 1051 5547 1237 5603; x_wconf 73' lang='lat' dir='ltr'><strong>multa:</strong></span> <span class='ocrx_word' id='word_1_755' title='bbox 1270 5547 1503 5602; x_wconf 90' lang='lat' dir='ltr'><strong>militum</strong></span> <span class='ocrx_word' id='word_1_756' title='bbox 1549 5547 1627 5601; x_wconf 85' lang='lat' dir='ltr'><strong>le—</strong></span> 
     </span>
    </p>
   </div>
   <div class='ocr_carea' id='block_1_103' title="bbox 1798 4702 3316 4788">
    <p class='ocr_par' dir='ltr' id='par_1_103' title="bbox 1798 4702 3316 4788">
     <span class='ocr_line' id='line_1_103' title="bbox 1798 4702 3316 4788; baseline -0.008 -17"><span class='ocrx_word' id='word_1_757' title='bbox 1798 4714 1984 4788; x_wconf 80' lang='lat' dir='ltr'><strong>[Ano.]</strong></span> <span class='ocrx_word' id='word_1_758' title='bbox 1999 4713 2265 4784; x_wconf 89' lang='lat' dir='ltr'><strong>Tempore</strong></span> <span class='ocrx_word' id='word_1_759' title='bbox 2286 4713 2352 4745; x_wconf 76' lang='grc'><strong>⁸⁷⁸</strong></span> <span class='ocrx_word' id='word_1_760' title='bbox 2373 4711 2574 4769; x_wconf 92' lang='lat' dir='ltr'><strong>Justini</strong></span> <span class='ocrx_word' id='word_1_761' title='bbox 2596 4709 2967 4781; x_wconf 85' lang='lat' dir='ltr'><strong>Pantagathus</strong></span> <span class='ocrx_word' id='word_1_762' title='bbox 2988 4702 3316 4762; x_wconf 75' lang='lat' dir='ltr'><strong>Viennensis</strong></span> 
     </span>
    </p>
   </div>
   <div class='ocr_carea' id='block_1_104' title="bbox 1726 4796 3311 4877">
    <p class='ocr_par' dir='ltr' id='par_1_104' title="bbox 1726 4796 3311 4877">
     <span class='ocr_line' id='line_1_104' title="bbox 1726 4796 3311 4877; baseline -0.005 -17"><span class='ocrx_word' id='word_1_763' title='bbox 1726 4807 1968 4877; x_wconf 88' lang='lat' dir='ltr'><strong>quinque</strong></span> <span class='ocrx_word' id='word_1_764' title='bbox 1988 4805 2177 4872; x_wconf 89' lang='lat' dir='ltr'><strong>annis,</strong></span> <span class='ocrx_word' id='word_1_765' title='bbox 2201 4804 2288 4860; x_wconf 91' lang='lat' dir='ltr'><strong>cui</strong></span> <span class='ocrx_word' id='word_1_766' title='bbox 2332 4804 2598 4860; x_wconf 88' lang='lat' dir='ltr'><strong>successit</strong></span> <span class='ocrx_word' id='word_1_767' title='bbox 2641 4801 2918 4858; x_wconf 83' lang='lat' dir='ltr'><strong>Ysielnus.</strong></span> <span class='ocrx_word' id='word_1_768' title='bbox 2957 4799 3223 4868; x_wconf 89' lang='lat' dir='ltr'><strong>Tempore</strong></span> <span class='ocrx_word' id='word_1_769' title='bbox 3243 4796 3311 4828; x_wconf 78' lang='grc'><strong>⁸⁷⁵</strong></span> 
     </span>
    </p>
   </div>
   <div class='ocr_carea' id='block_1_105' title="bbox 1725 4888 3314 4967">
    <p class='ocr_par' dir='ltr' id='par_1_105' title="bbox 1725 4888 3314 4967">
     <span class='ocr_line' id='line_1_105' title="bbox 1725 4888 3314 4967; baseline -0.006 -14"><span class='ocrx_word' id='word_1_770' title='bbox 1725 4896 2022 4953; x_wconf 89' lang='lat' dir='ltr'><strong>Justiniani</strong></span> <span class='ocrx_word' id='word_1_771' title='bbox 2051 4896 2396 4967; x_wconf 88' lang='lat' dir='ltr'><strong>imperatoris</strong></span> <span class='ocrx_word' id='word_1_772' title='bbox 2429 4893 2735 4950; x_wconf 89' lang='lat' dir='ltr'><strong>Domninus</strong></span> <span class='ocrx_word' id='word_1_773' title='bbox 2759 4888 3084 4946; x_wconf 76' lang='lat' dir='ltr'><strong>Viennensis</strong></span> <span class='ocrx_word' id='word_1_774' title='bbox 3102 4889 3314 4959; x_wconf 89' lang='lat' dir='ltr'><strong>episco-</strong></span> 
     </span>
    </p>
   </div>
   <div class='ocr_carea' id='block_1_106' title="bbox 1730 4986 2071 5058">
    <p class='ocr_par' dir='ltr' id='par_1_106' title="bbox 1730 4986 2071 5058">
     <span class='ocr_line' id='line_1_106' title="bbox 1730 4986 2071 5058; baseline -0.006 -15"><span class='ocrx_word' id='word_1_775' title='bbox 1730 5004 1834 5058; x_wconf 90' lang='lat' dir='ltr'><strong>pus</strong></span> <span class='ocrx_word' id='word_1_776' title='bbox 1867 4986 2071 5042; x_wconf 85' lang='lat' dir='ltr'><strong>floruit.</strong></span> 
     </span>
    </p>
   </div>
   <div class='ocr_carea' id='block_1_107' title="bbox 1801 5071 3317 5157">
    <p class='ocr_par' dir='ltr' id='par_1_107' title="bbox 1801 5071 3317 5157">
     <span class='ocr_line' id='line_1_107' title="bbox 1801 5071 3317 5157; baseline -0.007 -20"><span class='ocrx_word' id='word_1_777' title='bbox 1801 5081 2087 5157; x_wconf 58' lang='lat' dir='ltr'><strong>[Facetam]</strong></span> <span class='ocrx_word' id='word_1_778' title='bbox 2140 5080 2472 5136; x_wconf 88' lang='lat' dir='ltr'><strong>Teodcricus</strong></span> <span class='ocrx_word' id='word_1_779' title='bbox 2521 5076 2687 5149; x_wconf 89' lang='lat' dir='ltr'><strong>igitur</strong></span> <span class='ocrx_word' id='word_1_780' title='bbox 2729 5073 3032 5132; x_wconf 77' lang='lat' dir='ltr'><strong>Gothorum</strong></span> <span class='ocrx_word' id='word_1_781' title='bbox 3085 5088 3202 5138; x_wconf 82' lang='lat' dir='ltr'><strong>rex,</strong></span> <span class='ocrx_word' id='word_1_782' title='bbox 3250 5071 3317 5126; x_wconf 88' lang='lat' dir='ltr'><strong>de</strong></span> 
     </span>
    </p>
   </div>
   <div class='ocr_carea' id='block_1_108' title="bbox 1729 5163 3321 5249">
    <p class='ocr_par' dir='ltr' id='par_1_108' title="bbox 1729 5163 3321 5249">
     <span class='ocr_line' id='line_1_108' title="bbox 1729 5163 3321 5249; baseline -0.01 -17"><span class='ocrx_word' id='word_1_783' title='bbox 1729 5192 1839 5249; x_wconf 91' lang='lat' dir='ltr'><strong>quo</strong></span> <span class='ocrx_word' id='word_1_784' title='bbox 1860 5190 2025 5247; x_wconf 89' lang='lat' dir='ltr'><strong>supra</strong></span> <span class='ocrx_word' id='word_1_785' title='bbox 2060 5174 2367 5238; x_wconf 90' lang='lat' dir='ltr'><strong>retulimus,</strong></span> <span class='ocrx_word' id='word_1_786' title='bbox 2398 5187 2524 5226; x_wconf 89' lang='lat' dir='ltr'><strong>cum</strong></span> <span class='ocrx_word' id='word_1_787' title='bbox 2559 5178 2805 5240; x_wconf 89' lang='lat' dir='ltr'><strong>tempore</strong></span> <span class='ocrx_word' id='word_1_788' title='bbox 2840 5166 3040 5245; x_wconf 89' lang='lat' dir='ltr'><strong>Leonis</strong></span> <span class='ocrx_word' id='word_1_789' title='bbox 3086 5163 3321 5234; x_wconf 89' lang='lat' dir='ltr'><strong>impera-</strong></span> 
     </span>
    </p>
   </div>
   <div class='ocr_carea' id='block_1_109' title="bbox 1730 5256 3322 5330">
    <p class='ocr_par' dir='ltr' id='par_1_109' title="bbox 1730 5256 3322 5330">
     <span class='ocr_line' id='line_1_109' title="bbox 1730 5256 3322 5330; baseline -0.009 -7"><span class='ocrx_word' id='word_1_790' title='bbox 1730 5266 1866 5323; x_wconf 90' lang='lat' dir='ltr'><strong>toris</strong></span> <span class='ocrx_word' id='word_1_791' title='bbox 1906 5264 2179 5322; x_wconf 89' lang='lat' dir='ltr'><strong>renuisset</strong></span> <span class='ocrx_word' id='word_1_792' title='bbox 2207 5263 2391 5321; x_wconf 91' lang='lat' dir='ltr'><strong>subire</strong></span> <span class='ocrx_word' id='word_1_793' title='bbox 2420 5262 2685 5317; x_wconf 90' lang='lat' dir='ltr'><strong>ditionem</strong></span> <span class='ocrx_word' id='word_1_794' title='bbox 2722 5258 2954 5330; x_wconf 90' lang='lat' dir='ltr'><strong>imperii,</strong></span> <span class='ocrx_word' id='word_1_795' title='bbox 2979 5256 3200 5328; x_wconf 88' lang='lat' dir='ltr'><strong>triginta</strong></span> <span class='ocrx_word' id='word_1_796' title='bbox 3228 5269 3322 5309; x_wconf 84' lang='lat' dir='ltr'><strong>an-</strong></span> 
     </span>
    </p>
   </div>
   <div class='ocr_carea' id='block_1_110' title="bbox 1730 5353 3323 5431">
    <p class='ocr_par' dir='ltr' id='par_1_110' title="bbox 1730 5353 3323 5431">
     <span class='ocr_line' id='line_1_110' title="bbox 1730 5353 3323 5431; baseline -0.007 -15"><span class='ocrx_word' id='word_1_797' title='bbox 1730 5361 1818 5417; x_wconf 88' lang='lat' dir='ltr'><strong>nis</strong></span> <span class='ocrx_word' id='word_1_798' title='bbox 1858 5375 1984 5416; x_wconf 91' lang='lat' dir='ltr'><strong>cum</strong></span> <span class='ocrx_word' id='word_1_799' title='bbox 2025 5373 2224 5431; x_wconf 86' lang='lat' dir='ltr'><strong>magna</strong></span> <span class='ocrx_word' id='word_1_800' title='bbox 2265 5356 2520 5411; x_wconf 83' lang='lat' dir='ltr'><strong>felicitate</strong></span> <span class='ocrx_word' id='word_1_801' title='bbox 2557 5355 2821 5427; x_wconf 83' lang='lat' dir='ltr'><strong>regnavit.</strong></span> <span class='ocrx_word' id='word_1_802' title='bbox 2862 5353 3106 5408; x_wconf 86' lang='lat' dir='ltr'><strong>Fuerunt</strong></span> <span class='ocrx_word' id='word_1_803' title='bbox 3130 5364 3323 5405; x_wconf 89' lang='lat' dir='ltr'><strong>omnes</strong></span> 
     </span>
    </p>
   </div>
   <div class='ocr_carea' id='block_1_111' title="bbox 1731 5441 3323 5523">
    <p class='ocr_par' dir='ltr' id='par_1_111' title="bbox 1731 5441 3323 5523">
     <span class='ocr_line' id='line_1_111' title="bbox 1731 5441 3323 5523; baseline -0.009 -14"><span class='ocrx_word' id='word_1_804' title='bbox 1731 5454 1861 5509; x_wconf 89' lang='lat' dir='ltr'><strong>anni</strong></span> <span class='ocrx_word' id='word_1_805' title='bbox 1881 5453 2080 5523; x_wconf 89' lang='lat' dir='ltr'><strong>quibus</strong></span> <span class='ocrx_word' id='word_1_806' title='bbox 2101 5450 2347 5522; x_wconf 88' lang='lat' dir='ltr'><strong>regnavit</strong></span> <span class='ocrx_word' id='word_1_807' title='bbox 2370 5449 2423 5503; x_wconf 91' lang='lat' dir='ltr'><strong>in</strong></span> <span class='ocrx_word' id='word_1_808' title='bbox 2446 5448 2599 5504; x_wconf 85' lang='lat' dir='ltr'><strong>italia</strong></span> <span class='ocrx_word' id='word_1_809' title='bbox 2623 5448 2692 5502; x_wconf 73' lang='lat'><strong>52</strong></span> <span class='ocrx_word' id='word_1_810' title='bbox 2719 5445 2870 5513; x_wconf 89' lang='lat' dir='ltr'><strong>anni,</strong></span> <span class='ocrx_word' id='word_1_811' title='bbox 2897 5461 2927 5500; x_wconf 90' lang='lat' dir='ltr'><strong>a</strong></span> <span class='ocrx_word' id='word_1_812' title='bbox 2959 5444 3157 5499; x_wconf 85' lang='lat' dir='ltr'><strong>ﬁnibus</strong></span> <span class='ocrx_word' id='word_1_813' title='bbox 3179 5441 3323 5496; x_wconf 85' lang='lat' dir='ltr'><strong>Pan-</strong></span> 
     </span>
    </p>
   </div>
   <div class='ocr_carea' id='block_1_112' title="bbox 1733 5532 3321 5617">
    <p class='ocr_par' dir='ltr' id='par_1_112' title="bbox 1733 5532 3321 5617">
     <span class='ocr_line' id='line_1_112' title="bbox 1733 5532 3321 5617; baseline -0.009 -15"><span class='ocrx_word' id='word_1_814' title='bbox 1733 5547 1912 5601; x_wconf 75' lang='lat' dir='ltr'><strong>nonim</strong></span> <span class='ocrx_word' id='word_1_815' title='bbox 1952 5561 2129 5617; x_wconf 88' lang='lat' dir='ltr'><strong>usque</strong></span> <span class='ocrx_word' id='word_1_816' title='bbox 2165 5544 2233 5599; x_wconf 90' lang='lat' dir='ltr'><strong>ad</strong></span> <span class='ocrx_word' id='word_1_817' title='bbox 2261 5542 2547 5598; x_wconf 84' lang='lat' dir='ltr'><strong>Rodanum</strong></span> <span class='ocrx_word' id='word_1_818' title='bbox 2569 5538 2880 5608; x_wconf 50' lang='lat' dir='ltr'><strong>ﬂuvium,‘a</strong></span> <span class='ocrx_word' id='word_1_819' title='bbox 2908 5536 3155 5609; x_wconf 72' lang='lat' dir='ltr'><strong>Tyrreno</strong></span> <span class='ocrx_word' id='word_1_820' title='bbox 3181 5532 3321 5588; x_wconf 86' lang='lat' dir='ltr'><strong>mari</strong></span> 
     </span>
    </p>
   </div>
   <div class='ocr_carea' id='block_1_113' title="bbox 1349 5638 2023 5696">
    <p class='ocr_par' dir='ltr' id='par_1_113' title="bbox 1349 5638 2023 5696">
     <span class='ocr_line' id='line_1_113' title="bbox 1349 5638 2023 5696; baseline -0.001 -4"><span class='ocrx_word' id='word_1_821' title='bbox 1349 5638 1584 5694; x_wconf 69' lang='lat' dir='ltr'><strong>VARl/E</strong></span> <span class='ocrx_word' id='word_1_822' title='bbox 1625 5638 2023 5696; x_wconf 78' lang='lat' dir='ltr'><strong>LECTIONES.</strong></span> 
     </span>
    </p>
   </div>
   <div class='ocr_carea' id='block_1_114' title="bbox 144 5713 3321 5803">
    <p class='ocr_par' dir='ltr' id='par_1_114' title="bbox 144 5713 3321 5803">
     <span class='ocr_line' id='line_1_114' title="bbox 144 5713 3321 5803; baseline -0.006 -18"><span class='ocrx_word' id='word_1_823' title='bbox 144 5721 199 5755; x_wconf 84' lang='grc'><strong>¹⁷³</strong></span> <span class='ocrx_word' id='word_1_824' title='bbox 225 5725 320 5803; x_wconf 76' lang='lat' dir='ltr'><strong>Uir</strong></span> <span class='ocrx_word' id='word_1_825' title='bbox 342 5731 584 5803; x_wconf 63' lang='lat' dir='ltr'><strong>quadam</strong></span> <span class='ocrx_word' id='word_1_826' title='bbox 617 5733 848 5789; x_wconf 82' lang='lat' dir='ltr'><strong>discerni</strong></span> <span class='ocrx_word' id='word_1_827' title='bbox 882 5740 1160 5795; x_wconf 79' lang='lat' dir='ltr'><strong>neaneunt.</strong></span> <span class='ocrx_word' id='word_1_828' title='bbox 1240 5730 1307 5764; x_wconf 69' lang='grc'><strong>’⁷³</strong></span> <span class='ocrx_word' id='word_1_829' title='bbox 1333 5739 1387 5786; x_wconf 89' lang='lat' dir='ltr'><strong>et</strong></span> <span class='ocrx_word' id='word_1_830' title='bbox 1414 5761 1482 5769; x_wconf 91' lang='lat'><strong>—</strong></span> <span class='ocrx_word' id='word_1_831' title='bbox 1510 5731 1629 5786; x_wconf 81' lang='grc'><strong>115.</strong></span> <span class='ocrx_word' id='word_1_832' title='bbox 1657 5732 1710 5785; x_wconf 84' lang='lat' dir='ltr'><strong>in</strong></span> <span class='ocrx_word' id='word_1_833' title='bbox 1737 5746 1903 5799; x_wconf 81' lang='lat' dir='ltr'><strong>marg.</strong></span> <span class='ocrx_word' id='word_1_834' title='bbox 1984 5729 2049 5760; x_wconf 82' lang='grc'>¹⁷³</span> <span class='ocrx_word' id='word_1_835' title='bbox 2089 5724 2687 5797; x_wconf 76' lang='lat' dir='ltr'><strong>Tcmpore—Ysiclnus</strong></span> <span class='ocrx_word' id='word_1_836' title='bbox 2715 5723 2769 5776; x_wconf 82' lang='lat' dir='ltr'><strong>in</strong></span> <span class='ocrx_word' id='word_1_837' title='bbox 2798 5735 2966 5791; x_wconf 85' lang='lat' dir='ltr'><strong>marg.</strong></span> <span class='ocrx_word' id='word_1_838' title='bbox 3048 5717 3114 5749; x_wconf 62' lang='lat'><strong>&quot;6</strong></span> <span class='ocrx_word' id='word_1_839' title='bbox 3156 5713 3321 5769; x_wconf 81' lang='lat' dir='ltr'><strong>Tem-</strong></span> 
     </span>
    </p>
   </div>
   <div class='ocr_carea' id='block_1_115' title="bbox 94 5800 732 5875">
    <p class='ocr_par' dir='ltr' id='par_1_115' title="bbox 94 5800 732 5875">
     <span class='ocr_line' id='line_1_115' title="bbox 94 5800 732 5875; baseline 0.008 -22"><span class='ocrx_word' id='word_1_840' title='bbox 94 5800 453 5858; x_wconf 68' lang='lat' dir='ltr'><strong>PCI‘9—-ﬂoruit</strong></span> <span class='ocrx_word' id='word_1_841' title='bbox 491 5804 540 5857; x_wconf 82' lang='lat' dir='ltr'><strong>in</strong></span> <span class='ocrx_word' id='word_1_842' title='bbox 566 5821 732 5875; x_wconf 86' lang='lat' dir='ltr'><strong>marg.</strong></span> 
     </span>
    </p>
   </div>
  </div>
