3932 6298
625 369 698 427 95

1620 358 1921 417 HUGONIS
1956 358 2250 416 ABBATIS
2288 356 2851 416 FLAVINIACENSIS
3771 375 3818 430 ω

621 498 799 557 usque
838 481 907 538 ad
944 480 1108 551 Alpes
1145 478 1418 534 Penninas
1457 484 1511 530 et
1560 474 1789 530 Yseram
1847 474 2090 530 ﬂuvium.
2134 475 2203 530 id
2231 476 2279 531 Α
2302 474 2524 527 emensis
2553 472 2870 543 temporibus
2894 474 2943 529 ei
2971 474 3505 548 prwsideo,'tempore
3540 497 3643 539 meo
3678 488 3817 544 niteris

622 593 769 635 anno
798 574 950 649 regni
978 574 1065 630 sui
1090 573 1369 631 basilicam
1398 567 1573 624 sancti
1611 566 1813 622 Juliani
1861 566 2094 622 Brivatze
2119 583 2208 622 co-

621 668 826 724 lumnis
855 665 1100 721 miriﬁcis
1128 669 1380 718 ornatam
1401 658 1688 714 exstruxit.
1728 655 1988 713 Civitates
2013 674 2208 714 omnes

619 774 761 830 quas
785 757 1007 828 regebat
1029 754 1167 809 miro
1186 766 1349 822 Opere
1373 759 1684 806 restaurare
1704 758 1760 805 et
1780 750 1994 804 munire
2016 751 2207 806 soller-

618 852 831 908 tissime
861 849 1010 905 fecit.
1050 845 1320 902 Palatium
1343 843 1844 914 splendidissimum
1874 842 2056 914 Papiae
2084 859 2209 914 quae

620 944 872 1000 Ticinum
897 938 1335 1012 cognominatur,
1362 936 1634 992 Ravennae
1651 951 1869 1006 quoque
1894 943 1950 991 et
1980 935 2208 992 Veronae

619 1038 890 1093 fabricam
914 1032 1101 1104 jussit.
1143 1030 1317 1102 Cujus
1344 1030 1511 1085 ﬁliam
1544 1027 1930 1101 Sigismundus
1950 1028 2205 1099 Burgun-

615 1130 837 1184 dionum
868 1141 962 1179 rex
1000 1124 1192 1180 habuit
1214 1138 1465 1178 uxorem.
1514 1120 1644 1177 Post
1673 1121 1739 1153 ¹⁷⁷
1763 1135 1926 1191 quem
1968 1119 2208 1188 suscepit

613 1234 841 1291 regnum
879 1216 1231 1272 Athalaricus
1256 1216 1403 1271 lilius
1428 1214 1553 1270 ﬁliae
1572 1213 1692 1284 ejus
1719 1213 1843 1268 etei
1867 1211 2200 1266 Thcolatus.

613 1308 821 1382 |Jonn.]
843 1308 966 1376 Quo
993 1309 1226 1378 deiecto,
1247 1304 1453 1379 Vitich
1480 1322 1572 1361 rex
1595 1313 1833 1370 creatur,
1854 1313 1909 1359 ct
1940 1303 2031 1358 hic
2055 1318 2084 1357 a
2109 1302 2205 1358 Ju-

610 1402 853 1459 stiniano
898 1417 995 1472 per
1035 1400 1337 1456 Belsarium
1370 1399 1548 1455 victus
1591 1396 1934 1468 opprimitur,
1972 1404 2028 1451 ct
2066 1394 2207 1450 Con-

611 1493 1051 1563 stantinopulum
1075 1492 1272 1548 ductus
1292 1490 1556 1561 patricius
1576 1498 1811 1544 creatur.
1855 1488 1947 1544 Sic
1974 1503 2203 1558 regnum

612 1585 943 1640 Gotthorum
991 1591 1115 1654 post
1170 1598 1222 1637 a.
1273 1581 1415 1637 2300
1462 1580 1835 1637 Romanorum
1891 1579 2060 1635 cessit
2101 1578 2203 1633 im-

612 1690 909 1821 pexziator
930 1766 999 1799 ¹⁴¹⁸
1024 1765 1314 1837 episcopus
1345 1763 1574 1819 Silverio
1595 1778 1749 1834 papae
1773 1762 1989 1833 (Mansr,
2010 1778 2089 1827 1x,
2116 1760 2197 1832 7):

2306 565 2569 620 inuadere.
2618 564 2771 620 Habe
2810 582 2932 637 ergo
2973 583 3091 621 cum
3120 568 3202 622 liis
3228 570 3317 639 qui
3353 579 3517 626 tecum
3537 585 3674 630 erunt
3694 578 3817 647 pla;

2304 657 2699 727 dampnationis
2728 659 3063 727 sententiam,
3092 660 3457 733 sublatumque
3492 665 3584 719 tibi
3611 684 3763 724 nomen
3782 683 3817 726 et

2304 765 2493 804 munus
2517 751 2799 805 ministerii
2842 753 3189 808 sacerdotalis
3221 772 3459 825 agnosce,
3498 756 3706 829 Spiritus
3728 782 3819 819 sca-

2304 843 2378 894 cti
2391 841 2601 911 judicio
2629 851 2683 897 et
2714 843 3003 915 apostolica
3023 846 3381 902 anathematis
3402 854 3698 909 auctoritate
3712 856 3820 911 dan.

2303 943 2517 1004 pnatus.
2555 933 2648 990 Sic
2682 937 2822 991 enim
2860 937 3004 992 decet
3044 938 3203 1008 ﬁdem
3230 949 3531 996 sanctorum
3563 942 3755 1001 Patrum
3780 951 3819 1002 is

2302 1026 2524 1081 ecclesia
2561 1044 2768 1083 seruare
2808 1029 3091 1097 catholica,
3133 1038 3192 1084 ut
3230 1033 3369 1103 quod
3408 1034 3588 1089 habuit
3629 1039 3819 1107 amittat,

2302 1119 2395 1189 qui
2434 1119 2653 1174 iamroba
2689 1121 2984 1176 temeritate
3023 1122 3163 1193 quod
3206 1139 3309 1178 non
3347 1128 3544 1198 accepit
3586 1145 3821 1201 assumpse-

2304 1211 2396 1264 rit.

2379 1302 2473 1373 (ll.
2505 1303 2684 1376 Μίδα.)
2714 1305 3057 1363 Justinianus
3085 1306 3120 1361 5
3149 1307 3359 1378 imperii
3396 1324 3540 1365 anno
3572 1312 3822 1384 promulga—

2304 1395 2401 1461 vit,
2430 1412 2499 1451 ne
2525 1396 2824 1452 militarent
2864 1397 2970 1452 nisi
3004 1400 3258 1455 catholici
3289 1401 3415 1466 soli,
3455 1401 3590 1457 dans
3625 1403 3819 1459 heretiris

2303 1486 2553 1542 inducias
2573 1486 2680 1541 nisi
2703 1502 2823 1543 sese
2851 1488 3146 1544 movissent
3167 1490 3235 1545 ad
3260 1491 3678 1547 conversionem.
3710 1490 3823 1549 Hunc

2304 1580 2436 1634 adiit
2470 1578 2733 1651 Agapitus
2773 1596 2910 1651 papa
2940 1596 3041 1651 pro
3068 1583 3398 1653 quibusdam
3447 1594 3734 1656 rogaturus,
3756 1588 3821 1642 sed

2304 1671 2545 1727 sentiens
2570 1686 2696 1726 eum
2725 1670 3067 1728 Euthicctam
3097 1672 3326 1742 factum,
3366 1692 3493 1731 cum
3529 1692 3643 1732 eum
3674 1694 3821 1748 argue-

2303 1772 2406 1828 ret,
2436 1762 2599 1817 etille
2617 1779 2810 1834 graves
2828 1764 2878 1819 ei
2903 1764 3081 1821 minas
3116 1765 3429 1833 intentat-et,
3459 1768 3537 1822 ait
3563 1784 3688 1838 papa
3711 1787 3722 1822 :
3743 1768 3822 1839 Ego

607 1857 650 1913 Α
679 1857 1016 1930 quibusdam,
1046 1855 1211 1911 Pater
1231 1856 1594 1922 dilectissime,
1612 1854 1911 1908 audivimus
1928 1870 2061 1907 rosa
2082 1852 2200 1907 sede
2233 1849 2274 1903 Β
2300 1857 2370 1910 ad
2397 1854 2764 1910 Iustinianum
2803 1856 3323 1912 Christianissimum
3352 1861 3526 1915 venire
3567 1860 3821 1925 desiderari,

606 1952 783 2005 sancti
828 1950 980 2006 Petri
1031 1950 1227 2020 injuste
1278 1948 1491 2019 pulsum
1533 1956 1584 2001 et
1625 1947 1789 2002 exilio
1831 1946 2197 2017 dampnatum.

609 2044 763 2110 Quod
790 2044 948 2097 nimis
975 2059 1130 2113 grave
1165 2042 1409 2112 (arentes,
1446 2041 1690 2093 misimus
1715 2038 1860 2093 nobis
1879 2040 2091 2111 argenti
2128 2038 2169 2093 li
2190 2067 2202 2078 -

607 2138 730 2191 bras
777 2135 847 2190 '50
898 2134 967 2189 ad
1017 2142 1245 2188 vestram
1306 2142 1698 2201 uestrorumque
1742 2132 2196 2185 sustentationem.

609 2224 872 2280 Silverius
916 2238 1056 2294 papa
1106 2221 1352 2277 Amatori
1395 2221 1698 2291 epiScopo:
1737 2218 1933 2275 Omnia
1976 2221 2200 2291 patritia

606 2316 737 2370 mihi
764 2315 958 2385 infesta
990 2323 1127 2382 erat,
1170 2314 1311 2386 quod
1359 2329 1463 2367 non
1514 2311 1857 2367 restituebam
1899 2311 2201 2367 Antemium

604 2408 810 2462 dudum
830 2406 1197 2478 patriarclmm
1217 2404 1887 2476 Constantinopolitanum,
1900 2420 2053 2476 quem
2065 2403 2201 2476 Aga-

604 2500 750 2570 pitus
775 2497 1124 2569 praedecessor
1146 2514 1292 2552 mens
1319 2499 1522 2552 meritis
1551 2498 1661 2551 suis
1696 2496 1931 2551 donavit.
1976 2495 2199 2568 Urgente

602 2594 767 2648 etiam
778 2592 1022 2663 jussione
1048 2593 1288 2667 exierunt
1312 2591 1441 2661 falsi
1462 2598 1636 2656 testes,
1671 2589 1899 2643 dicentes
1921 2589 2197 2644 adversum

602 2700 687 2738 me
708 2684 936 2738 crimina
963 2698 1186 2755 quorum
1210 2697 1478 2753 nunquam
1500 2681 1764 2751 particeps
1790 2679 1890 2750 fui.
1931 2678 2036 2734 Sed
2067 2679 2196 2733 dum

601 2777 758 2832 multi
791 2777 848 2831 in
866 2775 967 2831 illa
997 2777 1336 2830 accusatione
1369 2774 1727 2845 persisterent,
1753 2773 1930 2827 timuit
1956 2771 2197 2827 Wilisia—

602 2872 717 2925 rius
750 2870 1002 2941 patritius
1033 2878 1229 2936 noster,
1255 2877 1305 2922 et
1328 2867 1601 2921 mandavit
1637 2882 1719 2919 me
1740 2866 1809 2919 ad
1834 2882 1888 2919 se
1911 2865 2083 2919 venire
2106 2881 2199 2935 pa-

602 2963 750 3031 ciﬁca
782 2978 876 3031 pro
909 2960 1227 3032 quibusdam
1268 2959 1641 3017 ecclesiasticis
1673 2960 2110 3030 dispositionibus
2139 2960 2197 3013 in

601 3052 872 3125 palacium
908 3053 1186 3123 principis,
1226 3060 1275 3107 et
1311 3052 1380 3105 ad
1421 3053 1652 3122 primum
1699 3060 1748 3105 et
1795 3052 2079 3107 secundum
2113 3068 2198 3109 ve-

603 3147 713 3201 lum
750 3146 967 3200 retinuit
1009 3161 1214 3199 omnem
1245 3144 1443 3198 clerum
1489 3151 1538 3197 et
1573 3142 1825 3213 populum
1854 3144 1944 3215 qui
1994 3159 2195 3197 mecum

602 3237 859 3302 ueniebat,
889 3245 940 3291 et
970 3235 1177 3290 nullum
1199 3235 1439 3307 permisit
1472 3235 1696 3289 introire
1720 3236 1827 3290 nisi
1850 3252 1931 3290 me
1952 3235 2122 3290 solum
2142 3248 2191 3291 et

615 3330 865 3401 Vigilium
897 3337 1155 3383 nostrum.
1198 3327 1281 3383 Me
1314 3344 1432 3382 vero
1458 3328 1508 3382 vi
1543 3335 1799 3382 retentum
1824 3337 1875 3383 et
1902 3339 2023 3383 ante
2051 3345 2185 3400 pra:-

602 3423 803 3477 dictam
824 3422 1106 3493 patriciam
1132 3419 1415 3474 deductum
1438 3419 1689 3473 miserunt
1710 3421 1969 3491 quomodo
1993 3431 2195 3475 susten-

604 3524 688 3568 tor
731 3514 788 3567 in
829 3512 1070 3581 exilium,
1108 3529 1243 3583 pane
1278 3511 1639 3566 tribulationis
1663 3521 1712 3566 et
1738 3529 1877 3583 aqua
1909 3514 2188 3583 angustiae.

603 3603 833 3662 Comites
872 3615 1145 3675 propterea
1178 3604 1311 3658 duos
1354 3604 1536 3659 dimisi
1585 3621 1677 3658 nec
1715 3605 1927 3659 dimitto
1969 3606 2191 3674 ofﬁcium

604 3713 795 3763 meum,
838 3697 928 3751 sed
972 3715 1092 3751 cum
1127 3698 1383 3768 episcopis
1426 3712 1553 3769 quos
1579 3714 1894 3769 congregare
1914 3699 2082 3768 potui,
2106 3714 2191 3752 eos

601 3792 691 3861 qui
719 3789 853 3843 talia
875 3806 998 3861 erga
1030 3805 1111 3844 nte
1139 3798 1352 3861 egerunt
1374 3789 1843 3856 anathematizavi,
1866 3798 1917 3844 et
1940 3806 2044 3843 una
2073 3806 2191 3843 cum

601 3883 713 3936 illis
736 3882 1150 3953 apostolicarnm
1174 3881 1418 3952 synodali
1440 3883 1757 3936 auctoritate
1777 3882 1963 3948 statui,
1986 3881 2193 3937 nullum

600 3991 855 4046 umquam
883 3974 1272 4045 decipiendum,
1296 3976 1433 4028 sicut
1460 3975 1703 4045 deceptus
1734 3990 1873 4041 sum,
1914 3983 1965 4028 et
2001 3975 2049 4028 si
2086 3974 2192 4028 ali-

599 4068 718 4137 quis
740 4063 984 4139 deinceps
1018 4065 1191 4121 ullum
1220 4068 1580 4138 episcoporum
1624 4067 1703 4121 ita
1742 4066 2021 4137 deciperet,
2061 4083 2193 4121 ana-

602 4161 1009 4216 themaranatha
1040 4161 1188 4231 ﬁeret
1226 4161 1285 4215 in
1328 4169 1603 4232 conspectu
1646 4159 1746 4215 Dei
1790 4168 1840 4215 et
1889 4169 2194 4214 sanctorum

598 4253 930 4325 angelorum.
979 4252 1247 4309 Silverius
1273 4251 1509 4325 Vigilio:
1542 4251 1682 4319 Quia
1725 4260 1910 4307 contra
1936 4251 2068 4322 jura
2104 4270 2196 4307 ca.

596 4347 789 4400 nonica
821 4343 1138 4416 temporibus
1169 4343 1448 4414 Bonefacii
1483 4358 1636 4415 papa:
1674 4344 1790 4414 ipso
1829 4344 2031 4398 vivente
2068 4359 2191 4397 suc-

594 4455 770 4492 cessor
804 4437 917 4507 ejus
940 4437 1210 4508 designari
1246 4437 1547 4503 conabaris,
1592 4436 1696 4489 nisi
1738 4435 1834 4489 tibi
1876 4434 2193 4505 amplissimi

593 4537 809 4582 senatus
832 4528 1091 4582 obviasset
1122 4528 1362 4597 justitia,
1407 4537 1531 4581 tunc
1569 4526 1901 4597 providentia
1932 4526 2191 4597 pastorali

597 4629 691 4673 tua
733 4618 1023 4672 debuerant
1057 4619 1358 4672 execranda
1383 4619 1503 4688 jam
1542 4619 1680 4671 vicia
1718 4617 2045 4672 detruncari.
2086 4615 2189 4672 Sed

593 4708 721 4762 dum
745 4723 966 4778 parvum
1003 4692 1197 4762 vulnus
1218 4708 1275 4761 in
1316 4718 1365 4763 te
1399 4707 1686 4779 neglectum
1728 4716 1826 4775 est,
1874 4709 2190 4764 insanabilis

596 4800 831 4854 adcrevit
852 4801 1173 4871 apostamia,
1197 4817 1313 4872 qua:
1338 4801 1444 4854 nisi
1475 4800 1616 4871 ferro
1662 4800 1826 4855 altius
1858 4801 2185 4869 abscidatur,

597 4890 951 4961 fomentorum
996 4908 1099 4947 non
1140 4894 1335 4963 poterit
1361 4892 1556 4946 sentire
1598 4892 1935 4947 medicinam.
1986 4892 2189 4964 Quippe

528 4990 533 5051 ξ
598 4983 906 5053 nequissimi
931 4985 1150 5053 spiritus
1177 4984 1409 5040 audacia
1435 4983 1737 5038 ambitionis
1766 4985 2047 5055 frenesiam
2072 5002 2192 5039 con-

597 5074 798 5143 cipiens
821 5075 877 5128 in
898 5074 1048 5129 illius
1075 5075 1356 5147 apostolici
1384 5075 1573 5131 medici
1612 5077 1700 5130 cui
1734 5078 1942 5131 animas
1983 5076 2187 5148 ligandi

596 5165 932 5238 salvendique
952 5177 1181 5237 potestas
1205 5185 1446 5223 concessa
1467 5179 1542 5223 est
1568 5169 1767 5223 versari
1792 5169 2184 5235 contumeliam,

599 5274 889 5331 novumque
916 5258 1086 5314 scelus
1115 5262 1310 5314 erroris
1336 5261 1517 5316 niteris
1549 5277 1732 5315 rursus
1753 5260 2019 5328 inducere,
2055 5271 2102 5315 et
2131 5264 2189 5315 in

598 5365 797 5403 morem
832 5348 1078 5422 Symonis
1109 5351 1261 5422 cujus
1306 5361 1354 5407 te
1401 5352 1723 5423 discipulum
1758 5353 2012 5421 ostendis,
2058 5358 2188 5408 data

596 5441 819 5512 pecunia
841 5457 1019 5515 meque
1039 5443 1267 5515 repulso,
1288 5445 1378 5515 qui
1409 5445 1613 5516 favente
1635 5443 1861 5499 Domino
1887 5444 2055 5499 tribus
2069 5446 2187 5516 jam

1897 5609 2133 5669 VARUE
2166 5611 2567 5672 LECTIONES.

1659 5745 1725 5821 ξῖλ
1764 5742 2047 5821 Sequentia
2078 5747 2257 5803 omnia
2274 5765 2438 5819 usque
2469 5749 2538 5804 ad
2570 5751 2724 5819 ﬁnem
2760 5749 2991 5821 catalogi
3028 5751 3336 5820 pontiﬁcum
3364 5740 3773 5817 Lugdunensium
3792 5736 3832 5786 in

674 5743 739 5815 ir"
781 5740 914 5798 Post
932 5775 1003 5783 —-
1022 5743 1254 5815 imperio
1285 5744 1341 5798 in
1377 5761 1547 5815 marg.

602 5812 732 5884 folio
759 5823 958 5869 assuto.
1039 5812 1117 5846 ’⁷³⁷
1145 5814 1276 5871 fulc.
1304 5812 1554 5872 deletum.
1636 5816 1701 5848 ‘”
1729 5833 1824 5872 vox
1844 5812 2045 5871 deleta.

2300 1949 2391 2004 sed
2414 1948 2802 2003 Diocletianum
2820 1950 3011 2005 inveni.
3049 1949 3122 2004 At
3146 1950 3237 2005 ille
3261 1952 3452 2007 videns
3480 1953 3596 2023 ejus
3621 1961 3824 2007 consm-

2302 2044 2429 2097 tiam
2458 2043 2839 2098 inconcussam
2867 2052 2922 2100 et
2951 2042 3307 2109 inadulatam,
3347 2043 3417 2099 ad
3467 2044 3755 2101 catholicam
3777 2043 3823 2098 ﬂ-

2300 2135 2423 2189 dcm
2461 2149 2585 2190 cum
2625 2135 2812 2194 multis
2852 2150 3134 2207 regressus
3177 2145 3280 2191 est.
3319 2135 3637 2191 Anthimum
3660 2151 3824 2206 quoque

2300 2225 2462 2296 regiae
2506 2225 2661 2281 urbis
2706 2226 3024 2297 episcopum
3061 2224 3300 2296 praefatae
3341 2226 3599 2283 hereseos
3630 2225 3823 2282 defenso-

2299 2332 2413 2370 rem
2437 2317 2652 2387 publice
2672 2315 3057 2372 communione
3079 2318 3333 2387 privavit,
3353 2326 3409 2372 et
3434 2335 3546 2373 non
3568 2320 3721 2374 multo
3737 2328 3825 2388 post

2298 2407 2352 2461 in
2378 2408 2567 2463 eadem
2591 2409 2725 2463 urbe
2743 2407 3035 2464 defunctus
3054 2416 3168 2476 est;
3195 2409 3283 2465 cui
3306 2412 3573 2467 successit
3594 2412 3817 2466 Silverius.

2298 2497 2595 2555 Belisarius
2615 2507 2741 2570 post
2776 2501 2878 2556 hec
2905 2498 3286 2572 Carthaginem
3313 2501 3479 2572 cepit,
3528 2518 3644 2558 cum
3677 2503 3822 2557 95m-

2300 2605 2401 2646 nos
2424 2590 2675 2646 Wandali
2709 2606 2833 2646 eam
2865 2591 3190 2658 tenuissent,
3220 2601 3276 2647 et
3302 2607 3471 2649 omne
3493 2593 3821 2649 Wandalorum

2298 2700 2527 2755 regnum
2571 2692 2627 2738 et
2653 2685 2879 2755 stirpem
2910 2683 3124 2740 delevit.
3166 2683 3348 2756 (Gesta
3375 2696 3528 2755 pont.
3562 2686 3721 2749 Rom.)
3756 2683 3825 2739 Sil-

2295 2777 2480 2831 verius
2510 2777 2693 2847 itaque
2713 2792 2840 2832 cum
2869 2785 3156 2848 rogaretur
3183 2786 3243 2832 ut
3271 2777 3598 2833 Anthimum
3625 2778 3824 2832 restitue-

2296 2875 2406 2934 ret,
2451 2869 2646 2924 noluit.
2685 2866 2769 2924 Ob
2806 2868 2912 2925 hoc
2942 2883 2976 2924 a
3034 2867 3298 2924 Belisario
3346 2870 3570 2925 nolente
3592 2861 3824 2940 captus-ex

2295 2970 2566 3030 praecepto
2598 2959 2897 3016 Theodorus
2924 2967 3174 3032 augustae
3200 2960 3257 3014 in
3308 2958 3506 3016 Pontia
3546 2961 3705 3017 insula
3723 2975 3824 3015 exu-

2296 3050 2419 3107 lans
2452 3052 2607 3108 obiit.

2367 3143 2597 3200 Nomina
2646 3143 2969 3215 pontiﬁcum
3022 3141 3477 3215 Lugdunensium
3535 3143 3603 3199 ab
3646 3142 3823 3198 inicio:

2221 3208 2262 3265 ϐ
2292 3235 2560 3292 Photinus
2582 3208 2808 3308 martyr.
2849 3208 3135 3307 Ilyreneus
3150 3244 3377 3307 martyr.
3410 3234 3719 3291 Zacharias.
3751 3231 3826 3287 lle.

2293 3328 2420 3383 lius.
2466 3327 2781 3383 Faustinus.
2822 3326 3019 3383 Verus.
3065 3325 3263 3383 Julius.
3304 3326 3618 3385 Tolomcus.
3653 3325 3824 3381 Vocins.

2293 3419 2581 3475 Maximus.
2612 3417 2947 3475 Tretradius.
2974 3417 3338 3487 Verissimus;
3365 3419 3459 3475 hic
3482 3418 3709 3475 interfuit
3729 3416 3825 3471 Sar-

2291 3511 2500 3567 diccnsi
2529 3511 2740 3582 synodo
2773 3511 2827 3566 4.
2867 3509 3103 3566 Sanctus
3116 3509 3326 3567 Justus.
3371 3509 3608 3567 Sanctus
3628 3509 3826 3580 Alpinus.

2292 3602 2579 3657 Martinus.
2634 3599 2868 3658 Sanctus
2916 3602 3244 3658 Antiochus.
3303 3601 3574 3673 Elpidius.
3627 3600 3826 3657 Senator.

2295 3693 2529 3749 Sanctus
2548 3693 2870 3750 Eucherius.
2896 3693 3168 3751 Salonius.
3196 3695 3432 3752 Sanctus
3451 3695 3703 3751 Veranus.
3722 3691 3828 3747 San-
3890 3750 3891 3765 χ

2292 3794 2414 3841 ctus
2437 3785 2689 3843 Paciens.
2743 3786 2980 3843 Sanctus
3011 3786 3332 3859 Lupicinus,
3363 3797 3610 3861 tempore
3636 3784 3826 3843 Wanda-

2289 3878 2411 3933 lica‘,
2446 3878 2906 3949 persequutionis.
2958 3879 3247 3936 Rustitius.
3300 3880 3629 3951 Stephanus.
3674 3877 3827 3933 Vivet»

2291 3970 2419 4026 tius.
2451 3968 2689 4025 Sanctus
2709 3969 2917 4041 Lupus,
2944 3979 3194 4042 tempore
3220 3970 3560 4044 Sigismundi
3595 3982 3649 4027 et
3671 3968 3827 4025 Clodoc

2291 4062 2397 4117 vei.
2436 4061 2765 4135 Lyconcins.
2806 4061 3040 4119 Sanctus
3067 4062 3360 4131 Sacerdos,
3390 4073 3639 4135 tempore
3655 4059 3827 4117 Childc-
3888 4050 3889 4057 “

2291 4153 2450 4209 berti.
2492 4152 2728 4212 Sanctus
2752 4152 3019 4223 Nicetius,
3064 4164 3312 4227 tempore
3357 4155 3683 4212 Childeberti
3714 4153 3827 4223 ejus-

2290 4245 2436 4300 dem.
2480 4243 2715 4303 Sanctus
2747 4246 3013 4314 Priscus;
3059 4248 3153 4303 hic
3189 4257 3384 4304 auctor
3416 4248 3734 4321 synodorum
3762 4241 3829 4303 9|.

2290 4338 2362 4392 22
2386 4348 2440 4394 et
2482 4339 2552 4393 24
2592 4340 2790 4395 extitit.
2833 4338 3071 4397 Sanctus
3111 4339 3395 4410 Etherius;
3440 4341 3573 4398 huic
3610 4335 3831 4396 scribebat
3886 4380 3887 4391 χ

2292 4431 2484 4487 beatus
2502 4447 2642 4502 papa
2667 4432 2984 4506 Gregorius.
3027 4433 3394 4491 Secundinus.
3432 4435 3670 4508 Arigius.
3697 4429 3831 4485 Tetri-

2293 4538 2412 4579 cus.
2452 4522 2808 4581 Gandericus.
2866 4524 3162 4582 Viventius.
3210 4525 3448 4583 Sanctus
3490 4521 3832 4583 Aonemundus

2291 4616 2500 4672 martir.
2544 4616 2780 4673 Sanctus
2823 4616 3111 4674 Genesius.
3159 4618 3394 4676 Sanctus
3451 4619 3829 4675 Lamdebcﬂns:
3884 4622 3885 4635 ‘

2289 4707 2454 4779 hujus
2476 4716 2718 4780 tempore
2740 4709 2876 4764 obiit
2896 4719 3123 4767 sanctus
3143 4709 3395 4767 Bonitius
3419 4719 3477 4768 et
3503 4707 3736 4784 Lugduni
3769 4710 3833 4759 est

2288 4802 2554 4871 sepultus,
2592 4801 2687 4872 qui
2726 4800 3006 4872 Clippiaco
3056 4802 3113 4857 in
3161 4803 3364 4873 palatio
3410 4804 3583 4874 regali
3627 4808 3830 4858 sanctum

2286 4890 2617 4946 Ansbertum
2658 4891 3119 4964 Rotomagensem
3168 4896 3517 4950 consecravit
3558 4890 3828 4948 antistitem.

2252 5054 2259 5059 γ
2291 4981 2529 5039 Sanctus
2575 4983 2847 5041 Gudinus.
2894 4984 3220 5042 Fulcoaldus
3250 4987 3338 5041 ‘7’.
3378 4985 3482 5042 Hic
3512 4995 3599 5042 est
3631 4978 3833 5038 Fulcoal-

2284 5074 2390 5130 dus
2412 5075 2724 5147 episcOpus,
2748 5077 2842 5148 qui
2858 5092 3058 5148 corpus
3079 5080 3254 5135 sancti
3275 5078 3453 5135 Boniti
3482 5080 3551 5112 “°
3571 5078 3833 5132 Arverne!!-

2287 5167 2442 5228 sibus
2483 5169 2735 5225 reddidit.
2778 5170 3164 5227 Madalbertus.
3225 5171 3365 5227 Ado.
3415 5171 3707 5243 Eldoynus.
3743 5160 3834 5217 ιιθία

2283 5256 2491 5321 llradus
2503 5272 2748 5335 tempore
2770 5264 2955 5320 Karoli
2976 5265 3177 5337 Magni;
3202 5266 3293 5321 hic
3303 5265 3633 5322 restauravit
3652 5256 3832 5329 Lugdu-

2287 5372 2513 5413 nensem
2541 5359 2840 5414 mcclesiam
2861 5367 2985 5430 post
3004 5359 3429 5415 destructionem
3459 5355 3831 5413 Wandalorum-

2288 5454 2614 5524 Agobardus
2650 5454 2899 5510 doctrina
2950 5454 3136 5510 clarus
3177 5463 3421 5525 tempore
3467 5446 3722 5508 Ludovici
3753 5439 3830 5495 Ρὶίο
3878 5440 3879 5519 γ

2224 4568 2267 4623 D
