3932 6298
74 336 127 396 97
1259 320 1674 383 cnnomcou.
1698 321 1920 379 -ιω,
1966 323 2001 379 ι.
3218 332 3288 393 93

74 452 241 521 Amolo,
260 463 403 520 cujus
425 454 683 517 tempore,
711 450 772 500 ut
792 443 934 499 idem
956 443 1073 514 ipse
1093 450 1346 508 testatur,
1372 451 1426 498 et
1447 438 1594 513 Egil—
1626 440 1671 501 Α
1703 454 1873 494 mare.
1911 437 2068 506 Quod
2106 454 2336 497 cernens
2364 438 2639 510 Tiberius,
2663 443 2992 513 expoliatam
3017 460 3136 502 eam
3167 448 3289 505 the-

72 560 219 603 mare;
250 539 572 605 Viennensis,
596 536 974 593 Bartolomeus
1006 552 1226 608 quoque
1264 534 1591 591 Narbonen—

73 637 146 704 sis,
173 634 449 705 Stephanus
477 629 829 702 Belgicensis,
871 627 1061 706 Alteus
1106 628 1395 694 Eduensis,
1425 625 1594 682 Odoi-

73 742 259 785 mannus
282 722 657 790 Mattiscensis,
684 721 740 776 in
768 721 998 792 epistola
1028 720 1197 776 missa
1227 717 1463 776 Rodullo
1485 718 1592 791 By-

71 832 215 875 turum
237 816 628 886 archiepiscopo
676 822 731 870 et
771 813 1028 870 omnibus
1060 812 1332 884 episcopis
1366 811 1597 884 Aquita-

72 914 151 968 niae
170 906 629 980 Novempopulanae
656 915 711 962 et
734 904 1107 961 Narbonensis
1127 904 1337 976 primas,
1365 919 1461 975 per
1490 902 1596 959 500

73 1003 156 1058 fere
175 1017 323 1057 annos
347 999 721 1072 Lugdunensis
747 998 975 1055 ecclesia
998 998 1294 1069 primatum
1320 997 1595 1053 aacclesia-

72 1109 164 1148 rum
186 1094 232 1146 in
251 1090 410 1147 Gallia
438 1091 507 1145 ab
525 1089 662 1161 ipsis
683 1090 1020 1160 temporibus
1047 1090 1424 1160 apostolorum
1454 1089 1597 1159 opti-

72 1202 175 1241 nens
194 1184 268 1252 ¹⁸¹,
288 1184 425 1238 vices
448 1181 821 1238 Romanorum
847 1183 1163 1253 pontiﬁcum
1188 1198 1289 1254 pro
1317 1198 1431 1238 sua:
1468 1198 1595 1237 san-

71 1274 231 1329 ctitatis
266 1273 446 1328 merito
491 1273 744 1344 Optinuit.
801 1271 1084 1345 Remigius
1127 1282 1372 1345 tempore
1411 1272 1594 1328 Karoli

70 1366 201 1421 Calvi.
235 1363 450 1421 Sanctus
485 1364 814 1421 Aurelianus
852 1365 1063 1438 legatus
1108 1365 1370 1421 Romana
1410 1365 1592 1436 sedis;

72 1464 162 1524 post
195 1471 357 1526 quem,
394 1453 496 1511 fuit
517 1455 778 1528 Agrinius
804 1455 1207 1530 Linguonensis
1235 1457 1329 1530 qui
1356 1473 1467 1512 non
1496 1458 1597 1512 ha-

71 1546 190 1599 betur
222 1545 270 1599 in
306 1560 549 1600 numero.
606 1543 854 1602 Aluvala.
896 1544 1227 1603 Bernardus.
1284 1547 1592 1603 Austerius.

73 1636 309 1710 Remigius.
337 1639 725 1695 Anscbericus.
754 1638 933 1696 Wido.
954 1640 1305 1698 Amblardus.
1334 1639 1598 1697 Borchar-

71 1730 146 1785 dus
168 1746 327 1785 senex.
362 1729 713 1789 Borchardus
734 1732 972 1803 juvenis.
1017 1733 1255 1790 Sanctus
1287 1730 1591 1790 Odelricus.

72 1820 352 1879 llalinardus.
393 1822 635 1881 Sanctus
659 1816 958 1882 Gebuinus.
1000 1825 1160 1900 Hugo
1185 1827 1273 1882 ⁸⁸⁸.

121 1911 360 1988 [Faenza]
397 1913 887 1989 Langobardorum
915 1919 1082 1993 igitur
1108 1935 1241 1992 gens
1274 1920 1595 1992 priusquam

71 2006 146 2060 hoc
171 2008 359 2062 nomine
385 2016 677 2064 vocaretur
721 2025 944 2082 egressa
990 2011 1059 2068 de
1106 2010 1431 2068 Scatanavia
1474 2029 1599 2084 qua:

68 2108 131 2153 est
159 2099 275 2155 ultra
295 2099 600 2157 Danubium
638 2111 696 2159 et
743 2120 896 2161 mare
946 2120 1235 2174 oceanum,
1287 2106 1597 2164 Danubium

72 2194 373 2248 transmeavit.
410 2191 553 2250 Cum
590 2212 623 2251 a
648 2194 826 2253 Hunis
847 2197 1169 2273 interrogati
1195 2200 1449 2270 fuissent,
1476 2219 1599 2274 qua:

72 2297 167 2350 gens
192 2285 426 2342 terminos
454 2302 652 2343 eorum
681 2303 818 2346 ausa
858 2287 1056 2347 fuisset
1084 2292 1279 2348 vitiare
1301 2301 1356 2349 et
1374 2294 1455 2350 eis
1492 2294 1601 2349 bel-

72 2372 153 2429 lum
192 2386 495 2433 conarentur
545 2378 769 2448 intrare,
811 2379 890 2435 illi
922 2381 1182 2438 mulieres
1226 2393 1599 2456 praeceperunt

74 2483 234 2523 comam
268 2471 450 2541 capitis
493 2470 567 2527 ad
596 2472 849 2530 maxillas
873 2481 928 2529 et
955 2483 1201 2531 mentum
1234 2477 1463 2549 religare
1482 2519 1497 2543 ,
1540 2486 1601 2532 ut

75 2559 261 2617 habitum
277 2563 518 2619 virorum
540 2564 865 2634 similarent,
896 2574 958 2620 ut
976 2566 1095 2637 ipsa
1120 2584 1221 2623 sua
1254 2568 1600 2626 multitudine

77 2650 213 2707 hostes
247 2664 595 2723 terrerentur,
624 2671 692 2713 eo
718 2658 867 2728 quod
897 2658 1192 2715 mulierum
1223 2676 1396 2717 coma:
1420 2662 1488 2718 ad
1516 2662 1600 2718 in—

76 2752 157 2797 εμπ
182 2745 339 2802 δείδω
371 2748 533 2803 valde
570 2749 747 2821 longa:
787 2765 911 2807 esse
937 2751 1290 2821 viderentur;
1327 2763 1383 2809 et
1419 2756 1601 2811 excla-

73 2848 295 2893 maverunt
317 2854 550 2896 omnes:
581 2839 713 2897 Haec
747 2851 825 2897 est
856 2860 979 2914 gens
1014 2842 1506 2915 Langobardorum.
1534 2847 1603 2904 Et

75 2927 128 2982 ita
142 2930 307 2987 bellum
327 2933 542 3000 ineunt,
580 2932 772 2991 Hunos
808 2945 1090 3008 superant,
1128 2945 1341 3009 partem
1378 2938 1600 2996 Panno-

74 3020 148 3076 nia
176 3021 405 3083 invadunt
462 3024 665 3084 Narsis
693 3043 824 3100 ergo
850 3029 1118 3100 patricius
1155 3046 1281 3087 cum
1320 3040 1468 3089 esset
1498 3049 1600 3089 eu-

74 3112 254 3182 nucbus,
278 3126 327 3172 et
348 3117 554 3190 Sophia
580 3134 723 3175 uxor
753 3119 957 3177 Iustini
988 3122 1332 3193 imperatoris
1365 3141 1600 3197 appara-
1628 3154 1668 3212 ο

78 3212 160 3260 tum
182 3209 474 3267 muliebrem
496 3228 570 3267 ex
598 3228 737 3268 auro
771 3211 978 3270 factum
1005 3214 1056 3269 ei
1084 3215 1347 3285 misisset,
1380 3226 1439 3273 ut
1474 3218 1597 3274 ﬁla-

75 3308 196 3354 ret‘et
219 3318 370 3372 pensa
391 3305 733 3362 lanariorum
754 3317 809 3363 et
832 3323 943 3364 non
963 3309 1227 3381 pepulum
1252 3320 1483 3382 regeret,
1509 3312 1600 3368 ille

75 3389 204 3449 iratus
233 3399 536 3468 respondit:
569 3398 762 3455 Filabo
809 3400 963 3472 filum
1010 3402 1075 3457 de
1107 3419 1211 3475 quo
1256 3402 1509 3460 Justinus
1547 3414 1600 3460 et

73 3498 173 3537 uxor
188 3486 282 3556 ejus
302 3490 367 3544 ad
388 3502 547 3562 caput
574 3493 746 3547 venire
766 3509 869 3548 non
889 3502 1158 3564 poterunt.
1200 3494 1390 3569 [Ρλυι.
1417 3495 1599 3570 Dum]

75 3571 145 3630 llic
166 3577 219 3609 ¹⁸³
239 3578 456 3637 Totilam
497 3583 805 3641 Gothorum
838 3602 1024 3658 regem
1048 3587 1268 3656 occidit,
1311 3590 1408 3645 sed
1433 3605 1599 3646 accu-

73 3678 186 3724 satus
214 3688 299 3743 per
337 3676 603 3732 invidiam
643 3694 677 3733 a
724 3677 989 3736 Romanis
1037 3683 1266 3739 recessit
1319 3681 1600 3755 Neapolim

75 3755 343 3832 Campaniae.
382 3766 680 3843 [Faenza]
706 3768 775 3825 Et
813 3769 1204 3843 Langobardos
1240 3791 1272 3830 a
1300 3774 1601 3835 Pannoniis

73 3847 254 3942 inritans
275 3858 325 3913 in
349 3858 561 3917 Italiam
592 3877 718 3918 cum
740 3878 869 3936 rege
893 3864 1127 3921 Alboino
1156 3866 1478 3937 introduxit,
1504 3870 1602 3942 qui

75 3939 392 4036 ﬁlodesindam
433 3954 607 4010 ﬁliam
652 3953 918 4013 Clotharii
945 3958 1090 4030 regis
1122 3958 1375 4018 Glodovei
1416 3939 1603 4036 magni

74 4034 186 4092 duxit
218 4058 449 4102 uxorem.
506 4046 632 4117 Qua
673 4047 742 4080 ⁸⁸³
773 4047 1032 4107 defuncta
1066 4051 1231 4108 aliam
1269 4054 1428 4111 duxit
1463 4034 1603 4113 uio-

76 4143 157 4184 rcm
176 4138 312 4205 cujus
343 4149 577 4197 matrem
612 4142 910 4210 occiderat,
954 4159 988 4199 a
1025 4160 1135 4216 qua
1174 4154 1229 4201 et
1254 4147 1371 4217 ipse
1392 4164 1605 4206 veneno

74 4222 204 4307 periit.
223 4224 309 4283 llic
336 4229 556 4296 invasit,
574 4240 636 4286 ut
668 4231 876 4288 dictum
905 4242 1012 4302 est,
1043 4232 1342 4305 ltaliam,et
1367 4238 1600 4307 obsedit,

75 4306 251 4370 Romam
269 4321 608 4377 vastavit.....
637 4321 977 4395 Langobardi
1006 4340 1139 4396 ergo
1163 4328 1374 4385 elevato
1392 4330 1457 4363 ¹⁸⁵
1477 4347 1604 4404 rege

74 4414 196 4494 super
216 4423 268 4463 se
294 4409 426 4483 ειη)
444 4413 675 4469 nomine
696 4414 970 4471 irruentes
990 4414 1204 4486 Galliis,
1230 4419 1488 4478 Amatum
1512 4439 1604 4494 pa-

1701 531 1884 587 sauris
1911 539 1964 586 et
1988 534 2286 605 segregatis
2321 533 2389 588 ab
2415 550 2479 588 ca
2509 535 2716 606 pueris,
2757 536 2809 592 in
2848 539 3095 593 custodia
3126 539 3295 611 jussit

1700 624 1927 680 retrudi.
1967 622 2338 683 Iustinianum
2361 626 2709 699 objurgatum
2737 630 2909 685 multo
2939 632 3290 702 postmodum

1696 731 1884 771 amore
1923 717 2130 772 dilexit.

1769 810 1952 884 (Gesta
1974 828 2026 883 p.
2058 811 2149 884 R.)
2176 810 2310 868 Post
2335 811 2640 869 Iohannem
2671 830 2870 887 papam
2904 832 3068 887 quem
3091 815 3297 874 Teode—

1695 904 1847 961 ricus
1894 921 1991 960 rex
2046 904 2285 960 carceris
2328 904 2618 961 alllictione
2662 906 2912 977 peremit,
2970 906 3149 977 Felix,
3194 926 3295 964 na-

1698 994 1847 1050 tione
1871 994 2319 1066 Samnius,!patre
2340 993 2612 1063 Castorio,
2629 997 2769 1051 sedit
2786 1013 2836 1051 a.
2855 998 2909 1064 4,
2926 1014 3000 1052 m.
3026 998 3083 1067 2,
3114 1000 3169 1055 d.
3201 1000 3289 1055 15.

1696 1085 1830 1141 Post
1867 1102 1994 1142 eum
2033 1085 2349 1142 Bonifacius
2393 1085 2694 1154 Romanus,
2729 1098 2883 1158 patre
2923 1088 3186 1160 Praajecto
3225 1092 3294 1148 de

1695 1176 1847 1233 Gelio
1876 1186 2084 1244 monte,
2118 1193 2169 1232 a.
2201 1176 2258 1244 2,
2285 1192 2360 1231 m.
2388 1177 2444 1244 4,
2475 1177 2530 1232 d.
2557 1176 2609 1231 6.
2649 1176 2926 1234 Iohannes
2975 1178 3062 1248 ⁸⁸⁸,
3101 1182 3197 1252 qui
3239 1195 3294 1239 ct

1696 1269 1982 1337 Martinus,
2024 1280 2148 1341 post
2187 1267 2529 1325 Bonifacium
2566 1269 2707 1324 sedit
2751 1270 2911 1326 annis
2943 1270 2998 1338 2,
3031 1288 3105 1327 m.
3140 1274 3192 1329 4.
3234 1273 3288 1328 d.

1696 1362 1752 1435 6,
1782 1365 1917 1420 obiit
1944 1364 1977 1419 6
2004 1364 2123 1419 Kal.
2148 1362 2275 1419 Iun.
2307 1372 2362 1420 et
2389 1364 2625 1420 cessavit
2653 1363 3003 1435 episcopatus
3024 1365 3217 1422 diebus
3236 1366 3290 1431 5,

1695 1466 1751 1513 et
1790 1456 2059 1512 successit
2098 1456 2149 1511 ei
2193 1455 2458 1527 Agapitus
2488 1454 2792 1523 Romanus,
2824 1463 2980 1527 patre
3018 1454 3294 1511 Gordiano

1696 1548 2032 1620 presbytero,
2062 1564 2138 1602 m.
2183 1547 2270 1615 11,
2304 1548 2359 1603 (1.
2404 1547 2487 1603 19.
2524 1545 2671 1602 Inter
2696 1547 2990 1619 Agapitum
3024 1556 3078 1602 et
3117 1545 3293 1602 Silve-

1696 1641 1843 1697 rium
1875 1641 1932 1696 d.
1967 1640 2056 1696 29.
2099 1638 2365 1695 Silverius
2410 1637 2725 1710 Campanus
2750 1680 2766 1708 ,
2808 1647 2964 1710 patre
3014 1635 3291 1704 Ormisda,

1696 1732 1989 1804 episcopus
2015 1730 2203 1787 Romae
2235 1747 2287 1787 a.
2333 1732 2386 1801 1,
2429 1747 2504 1787 m.
2540 1731 2594 1799 5,
2636 1732 2692 1787 d.
2736 1732 2823 1787 ll.
2863 1731 3023 1787 Anno
3070 1730 3141 1786 ab
3183 1731 3292 1786 inc.

1626 1805 1668 1864 Β
1698 1823 1856 1880 Dom.
1895 1824 2021 1893 5'58,
2070 1824 2366 1881 indictione
2418 1824 2470 1880 1.
2523 1822 2754 1896 Vigilius
2792 1822 3097 1891 Romanus,
3144 1830 3298 1894 patxe

1696 1914 1945 1972 Iohanne
1971 1916 2219 1984 consule,
2245 1931 2298 1971 a.
2328 1915 2417 1983 18,
2449 1931 2524 1971 m.
2554 1914 2610 1983 6,
2648 1915 2703 1970 d.
2739 1915 2829 1970 26.
2870 1916 3031 1971 Anno
3060 1915 3127 1946 ¹⁸⁷
3157 1930 3300 1986 pra:-

1698 2008 1911 2064 sulatus
1938 2024 2092 2079 papae
2120 2006 2306 2080 Vigilii
2329 2008 2418 2075 l4,
2444 2007 2744 2063 indictione
2780 2007 2867 2075 l4,
2908 2023 3055 2063 anno
3088 2007 3157 2063 ab
3183 2006 3294 2063 inc.

1699 2100 1856 2157 Dom.
1896 2100 2080 2173 (Gesta
2104 2118 2157 2173 p.
2195 2099 2287 2171 R.)
2318 2100 2445 2169 552,
2477 2099 2668 2172 quinta
2703 2099 2947 2172 synodus
2981 2098 3300 2155 Constanti—

1700 2191 2033 2263 nopolitana.
2072 2190 2234 2247 Anno
2261 2190 2559 2248 Iustiniani
2592 2189 2793 2247 Iustini
2825 2190 3052 2262 majoris
3081 2190 3300 2260 nepotis

1699 2284 1792 2351 27,
1831 2283 2064 2355 Vigilius
2099 2301 2131 2340 a
2157 2281 2466 2340 Iustiniano
2500 2283 2556 2338 in
2585 2283 2810 2339 exilium
2837 2282 3104 2351 truditur;
3138 2298 3299 2337 revo-

1700 2383 1857 2432 catus
1879 2392 2006 2432 cum
2039 2376 2272 2432 Romam
2318 2385 2703 2444 reverteretur,
2752 2376 2808 2431 in
2856 2374 3043 2431 Sicilia
3083 2375 3302 2431 civitate

1703 2464 2047 2539 Syracusana
2073 2467 2268 2524 calculi
2295 2467 2482 2523 dolore
2519 2467 2771 2523 moritur.
2811 2465 3066 2539 Pelagius
3099 2465 3303 2521 Roma-

1700 2574 1826 2626 nus,
1852 2568 2006 2630 patre
2030 2558 2284 2615 Iohanne
2309 2548 2611 2627 vicariano,
2635 2576 2687 2615 a.
2717 2560 2805 2627 11,
2848 2576 2924 2615 m.
2974 2559 3060 2627 10,
3106 2559 3161 2615 (1.
3209 2558 3297 2614 18.

1701 2646 1800 2703 llic
1833 2648 2120 2705 ordinatus
2150 2664 2181 2704 a
2206 2649 2422 2706 duobus
2450 2650 2722 2721 episcopis
2752 2658 2808 2706 et
2837 2666 2950 2706 uno
2970 2650 3296 2721 presbitero.

1700 2737 1843 2794 Inter
1863 2737 2142 2811 Pelagium
2170 2748 2223 2793 et
2247 2737 2557 2794 Iohannem
2579 2740 2633 2795 d.
2658 2740 2747 2793 26.
2790 2738 3070 2795 Iohannes
3096 2737 3303 2793 Roma-

1701 2848 1826 2898 nus,
1859 2840 2013 2902 patre
2044 2831 2355 2900 Anastasio,
2385 2847 2437 2885 a.
2473 2831 2561 2900 l2,
2596 2847 2671 2888 m.
2712 2831 2798 2900 10,
2829 2833 2884 2888 (1.
2913 2832 3004 2888 26.
3063 2830 3164 2888 Hic
3208 2848 3300 2888 re-

1701 2924 1968 2979 stauravit
1992 2923 2258 2979 cimiteria
2280 2934 2583 2996 martyrum
2614 2935 2667 2980 et
2689 2926 2974 2985 constituit
2994 2939 3090 2994 per
3111 2924 3301 2980 Domi-

1703 3015 1856 3071 nicas
1879 3016 2184 3072 oblationes
2210 3024 2265 3073 et
2284 3017 2600 3073 luminaria.
2642 3016 2968 3074 Benedictus
2994 3017 3302 3086 Romanus,

1702 3116 1856 3198 patre
1885 3106 2193 3178 Bonifacio,
2225 3125 2276 3165 a.
2313 3109 2367 3177 4,
2397 3125 2470 3165 m.
2515 3110 2564 3177 l,
2591 3110 2646 3165 d.
2672 3109 2762 3167 28.
2801 3109 2947 3166 Inter
2970 3125 3097 3167 eum
3119 3118 3173 3167 et
3199 3109 3304 3168 Pe-

1701 3199 1905 3272 lagium
1933 3200 1987 3255 d.
2013 3200 2067 3255 5.

1770 3307 1954 3381 (Gesta
1992 3326 2047 3381 ρ.
2084 3309 2177 3381 R.)
2215 3309 2374 3366 Anno
2395 3310 2465 3366 ab
2495 3310 2604 3366 inc.
2634 3309 2788 3366 Dom.
2834 3310 2959 3367 582.
3001 3311 3293 3369 Mauritius

1701 3396 1997 3470 imperator
2018 3400 2283 3457 successit
2304 3399 2557 3472 Tyberio,
2582 3402 2830 3473 regnavit
2848 3418 2901 3458 a.
2928 3402 3016 3458 16.
3042 3402 3174 3459 Post
3188 3404 3292 3460 Be—

1702 3491 1978 3548 nedictum
2034 3491 2176 3548 sedit
2232 3491 2421 3547 Roma:
2469 3491 2726 3564 Pelagius
2771 3492 3088 3562 Romanus,
3149 3504 3308 3567 patre

1704 3580 1978 3654 Unigildo,
2002 3598 2054 3637 a.
2082 3581 2170 3650 10,
2194 3598 2270 3638 m.
2303 3582 2358 3651 2,
2384 3583 2439 3637 d.
2465 3583 2553 3638 10.
2594 3583 2676 3639 Eo
2703 3585 3052 3656 imperitante
3079 3584 3308 3644 luerunt

1703 3674 1922 3747 pluviae,
1950 3681 2013 3729 ut
2044 3674 2321 3730 videretur
2346 3674 2614 3730 diluvium
2643 3657 2872 3733 redisse.
2915 3676 3089 3733 Tanta
3123 3678 3307 3735 clades

1704 3777 1966 3838 quantam
1996 3766 2180 3823 nullus
2202 3766 2453 3822 meminit
2478 3783 2511 3823 a
2546 3767 2734 3823 seculo
2764 3767 2956 3836 fuisse,
2993 3785 3103 3840 qua
3132 3770 3302 3826 etiam

1702 3859 1955 3932 Pelagius
1979 3875 2115 3931 papa
2147 3859 2382 3915 moritur
2415 3868 2469 3915 et
2496 3859 2796 3931 Gregorius
2829 3860 3021 3917 doctor
3044 3862 3309 3918 electione

1704 3951 1837 4008 cieri
1872 3960 1927 4006 et
1961 3951 2145 4024 pepuli
2166 3950 2545 4022 pontiﬁcatum
2575 3950 2841 4008 Romanae
2863 3954 3104 4023 suscepit
3131 3954 3309 4010 eccle-

1704 4043 1820 4110 sias,
1846 4058 1994 4099 anno
2028 4043 2245 4115 imperii
2276 4042 2527 4098 Mauricii
2562 4041 2651 4110 10,
2682 4044 2752 4100 ab
2781 4044 3159 4100 incarnatione
3197 4044 3307 4101 Do—

1705 4137 1840 4192 mini
1878 4152 2025 4192 anno
2057 4137 2185 4204 592,
2225 4137 2527 4193 indictione
2577 4137 2664 4204 10,
2714 4150 2906 4208 epacta
2946 4137 3035 4205 2i,
3074 4154 3309 4195 concur-

1704 4236 1860 4285 rente
1894 4227 1947 4295 7,
1990 4237 2154 4284 natus
2188 4228 2489 4295 Romanus,
2530 4238 2685 4299 patre
2719 4230 3017 4299 Gordiano,
3071 4232 3211 4287 sedit
3250 4247 3306 4287 a.

1706 4320 1796 4387 15,
1829 4335 1905 4374 m.
1934 4318 1988 4387 6,
2017 4320 2072 4375 d.
2102 4320 2189 4375 10.
2231 4318 2331 4374 Hic
2352 4318 2482 4375 fecit
2508 4328 2567 4374 ut
2601 4320 2772 4377 missa
2811 4330 3101 4378 caneretur
3139 4338 3308 4392 supra

1704 4427 1908 4483 corpus
1956 4413 2100 4468 beati
2142 4411 2291 4469 Petri
2345 4412 2595 4483 apostoli.
2655 4414 2818 4470 Anno
2853 4413 3204 4485 pontiﬁcatus
3246 4415 3304 4479 4,

75 4489 239 4587 tricium
264 4502 533 4568 perimunt,
559 4511 617 4558 ει
642 4504 850 4560 multas
878 4514 1089 4578 strages
1109 4506 1339 4580 factum,
1368 4528 1468 4583 pro
1489 4489 1601 4587 duo
1632 4499 1678 4559 l)
1703 4504 2002 4562 indictione
2039 4506 2127 4573 15,
2169 4513 2497 4577 congregata
2540 4507 2753 4578 synodo
2794 4506 2869 4562 24
2911 4506 3299 4577 episcoporum

74 4577 339 4648 Mummolus
360 4594 713 4663 patriciatum
738 4577 1057 4667 assumpsit.

123 4673 279 4746 [Ρωι.
312 4682 488 4760 Dum]
525 4685 625 4744 His
657 4704 790 4761 ergo
821 4689 1017 4747 diebus
1045 4693 1190 4763 apud
1210 4693 1608 4757 Constantino-

74 4764 198 4830 polim
227 4787 339 4830 cum
364 4779 607 4834 amentia
625 4796 793 4850 quam
816 4780 1123 4851 incurrerat
1148 4795 1369 4844 mortuo
1387 4787 1606 4848 Iustino

76 4856 123 4961 17
142 4877 262 4961 anno
286 4873 433 4943 regni
463 4874 574 4942 sui,
602 4873 879 4945 Tiberius,
901 4880 999 4950 qui
1032 4896 1158 4961 cum
1189 4881 1394 4953 Sophia
1434 4900 1605 4941 uxore

249 4973 469 5031 regnum
497 4966 739 5036 regebat,
772 4942 977 5028 iuvas-it
1011 4942 1303 5042 imperium
1337 4983 1392 5031 et
1431 4977 1607 5034 tenuit

75 5040 258 5140 316,131.
288 5050 372 5119 10,
400 5053 455 5108 (1.
493 5054 551 5109 8.
591 5055 697 5123 Qui
734 5066 789 5114 et
826 5040 1171 5132 largissimus
1205 5064 1262 5119 in
1291 5066 1606 5126 elemosinis

74 5126 165 5231 fuit:
194 5137 380 5211 Sophia
403 5146 671 5206 adversus
701 5126 980 5209 Tiberium
1001 5154 1231 5213 insidias
1261 5174 1487 5229 parans,
1504 5160 1606 5216 Iu-

74 5225 314 5288 su“ianum
350 5233 558 5292 Iustini
582 5249 833 5311 nepotem
877 5242 935 5298 in
974 5260 1204 5317 regnum
1232 5225 1404 5306 voluit
1431 5225 1608 5308 subli-

1705 4598 1853 4654 beati
1872 4595 2019 4653 Petri
2042 4597 2276 4668 apostoli
2298 4597 2366 4654 de
2399 4599 2730 4656 necessariis
2760 4599 3005 4656 ecclesiae
3026 4598 3308 4654 tractavit.

1708 4688 1808 4746 Hic
1829 4688 2016 4745 missis
2045 4689 2409 4745 Brittanniam
2437 4689 2768 4764 Augustino,
2803 4690 3027 4757 Mellito,
3060 4690 3313 4746 Iohanne

1707 4790 1764 4837 et
1795 4782 1918 4838 aliis
1951 4782 2200 4852 pluribus
2225 4783 2513 4839 monachis
2541 4784 2611 4839 ad
2634 4781 2917 4840 Christum
2945 4783 3151 4855 Anglos
3175 4798 3315 4838 con.

1707 4872 1888 4930 vertit.

1781 4984 1970 5059 [Ano.]
2009 4985 2277 5058 Tempore
2297 4987 2366 5022 ⁸⁸⁸
2387 4986 2685 5059 Leovigildi
2709 4986 2954 5044 Renatus
2983 4986 3316 5045 Viennensis

1711 5077 2003 5149 episcopus
2051 5078 2266 5145 ﬂoruit,
2316 5080 2410 5150 qui
2464 5080 2657 5135 eodem
2705 5094 2851 5135 anno
2896 5095 3008 5150 quo
3057 5080 3318 5138 Iustinus

1714 5186 1906 5226 amens
1944 5169 2123 5227 factus
2153 5180 2258 5239 est,
2299 5172 2456 5227 obiit.

1786 5262 2008 5337 [ΒευΑ.]
2043 5263 2483 5336 Hermenigildus
2524 5262 2789 5337 Levigildi
2826 5264 3132 5323 Gothorum
3163 5269 3319 5342 regis

1328 5404 1561 5464 VARle
1600 5409 2008 5473 LECTlONES.

152 5480 872 5580 "nglljneLAlgigignatur;
915 5565 928 5577 .
976 5495 1461 5580 ‘f’_aliisnmanibu_s
1522 5513 1881 5580 atramentove
1914 5510 2313 5580 subjiciuntur:
2341 5510 2553 5572 Parvus
2602 5512 2987 5571 Iosorrandus.
3046 5514 3315 5573 Humbal-

75 5544 567 5624 (ius,_YizZ>liacensis'
601 5544 1151 5624 abbasiRainaldus'.

76 5611 787 5702 μηδεημέέάίιῖςῑιρξῑᾶῑτ
801 5611 1173 5694 mani“;

77 5699 1192 5848 =“nif‘emj‘ftircf1...]..o-ltfiitsiacnt:tlrgmqwrsc'i
1232 5744 1239 5747 ‘

1190 5569 1372 5661 Falco.
1411 5569 2123 5661 Petrus.“Ar_nedeusnobiit
2163 5582 2220 5661 in_
2259 5569 2453 5661 itinere
2497 5569 2784 5661 [iteraml
2808 5569 3311 5661 Iberosolimitan—o.

1174 5658 1365 5748 P’“.l’;
1414 5644 1541 5748 3??-
1959 5651 2282 5748 ρτξιηραηίτε.
2308 5644 2565 5748 inmeia-
2646 5644 3044 5748 “Quarta

1407 5714 1531 5771 Ioh.
1573 5748 1643 5757 —
1685 5719 1930 5791 quinque
1982 5723 2036 5774 in
2084 5714 2282 5797 marg.‘
2334 5728 2399 5760 ⁸⁸⁷
2447 5714 2709 5785 Αιῖηυ-
2740 5714 2976 5786 ὧοιηίιω·
3026 5730 3081 5783 in
3133 5745 3309 5801 marg.

2801 5668 2959 5712 ua—
2978 5658 3213 5713 vastavit
3254 5660 3314 5714 in
