3932 6298
620 298 691 356 99

623 478 811 535 infulis
846 495 880 533 a
906 485 1058 549 patre
1085 474 1321 530 Arriano
1356 479 1410 526 et
1439 466 1644 525 carceri
1688 464 1947 536 injectus,
1968 463 2087 535 ipsa
2116 460 2217 515 Do-

624 570 840 626 minica:
868 565 1282 625 resurrectionis
1315 570 1471 617 nocte
1496 558 1671 615 securi
1702 558 1759 612 in
1782 556 1961 627 capite
1989 570 2214 626 percus-

625 676 742 728 sus,
783 675 1013 731 regnum
1050 658 1263 714 caeleste
1298 669 1395 709 rex
1427 660 1483 707 et
1517 658 1727 723 martyr
1767 648 2007 705 intravit.
2044 646 2215 718 Cujus

628 752 800 808 frater
826 750 1176 807 Recharcdus
1201 761 1294 800 rex
1319 743 1626 799 Gothorum
1655 739 1809 812 prius
1832 740 2094 797 secretius
2116 740 2216 795 ba-

626 845 865 915 ptizatus
886 851 989 909 est,
1013 849 1067 894 et
1089 847 1213 909 post
1240 852 1432 892 omnes
1455 833 1686 890 Gotthos
1707 833 1803 904 qui
1835 840 1963 888 tunc
1997 831 2216 887 Arriani

627 945 785 991 erant
812 933 1054 989 Toletum
1083 929 1311 985 adunari
1340 927 1507 998 jussit
1531 926 1725 997 quinto
1761 940 1906 981 anno
1927 924 2217 996 pontifica-

630 1036 720 1082 tus
741 1023 1001 1095 Gregorii,
1023 1031 1076 1076 et
1100 1019 1421 1092 prmsentari
1445 1018 1549 1074 sibi
1572 1032 1763 1073 omnes
1794 1024 1954 1072 sectae
1973 1014 2220 1069 Arriana:

627 1116 792 1171 libros
812 1129 950 1183 quos
975 1121 1029 1168 et
1055 1111 1288 1169 cremari
1316 1109 1464 1178 fecit,
1495 1118 1550 1165 et
1571 1123 1764 1165 omnes
1798 1106 2007 1164 Gothos
2037 1105 2217 1177 bapti-

626 1204 737 1258 zari
767 1202 1066 1259 mandavit.

694 1293 885 1367 [Ano.]
938 1293 1225 1365 Philippus
1285 1308 1505 1363 quoque
1561 1288 1887 1347 Viennensis
1930 1288 2220 1360 episcopus

624 1383 795 1456 viguit
826 1384 950 1457 (fol.
987 1382 1101 1452 '50),
1136 1380 1226 1437 cui
1255 1379 1523 1437 successit
1567 1377 1831 1433 Evantius
1861 1376 1946 1433 vir
1973 1385 2219 1443 sanctus,

624 1476 723 1545 qui
768 1491 895 1531 cum
943 1482 1134 1530 sancto
1171 1470 1362 1528 Prisco
1402 1469 1754 1543 Lugdunensi
1797 1477 1851 1525 et
1883 1468 2129 1524 Artemio
2169 1476 2224 1523 et

630 1566 905 1621 Senonico
941 1573 994 1620 ct
1016 1563 1262 1635 Remigio
1283 1561 1613 1617 Bituricensi
1640 1571 1695 1617 et
1726 1561 1849 1617 aliis
1875 1560 2080 1617 sanctis
2102 1560 2220 1630 cpi-

631 1657 834 1726 sc0pis,
863 1655 1076 1727 Siagrio
1115 1670 1336 1726 quoque
1372 1651 1634 1720 Eduensi,
1679 1650 1751 1706 20
1787 1650 2023 1721 capitula
2060 1650 2223 1705 robo-

1622 280 1925 341 llUGONlS
1943 275 2267 351 ‘ABBATIS.
2295 271 2877 347 νωνωεεκδιε

620 326 875 457 ῗὶῖἒιιεωι)
899 387 1023 445 fidei
1057 384 1340 444 catholicae
1360 379 1762 477 confessionem
1784 375 1939 448 regni
1967 374 2216 477 priva-tus
2473 367 2623 423 ἴδω
2645 376 2739 426 εει
2756 365 3271 477 mxumi",
3305 365 3675 477 θίηξίξδῧῗαιξδ
3690 374 3807 432 ab
3871 326 3873 477 l

3737 279 3803 337 100

2312 459 2731 527 muscae,
2764 459 3011 513 amab
3038 458 3155 513 inc.
3183 456 3339 513 Dom.
3365 459 3487 527 80f,
3516 460 3804 521 indictione:
3872 456 3873 539 ἦ

2314 546 2431 618 (fol.
2467 549 2582 620 57.)
2619 550 2779 602 Anno
2803 548 2982 618 primo
3016 547 3336 604 Theoderici
3357 549 3514 619 regis,
3545 550 3628 621 qui
3659 557 3809 610 eratab
3872 548 3873 615 ξ

2314 639 2421 694 inc.
2446 637 2602 693 Dom.
2633 637 2756 704 606,
2783 636 2939 693 Focze
2969 653 3097 693 vero
3129 638 3470 709 imperatoris
3489 641 3539 704 5,
3569 640 3685 695 idem
3705 644 3807 696 dom-
3872 628 3873 679 Ῡ

2314 743 2421 784 nus
2467 725 2839 782 Theodericus
2897 731 3282 782 testamentum
3318 728 3498 783 domni
3543 728 3741 785 Widradi
3768 735 3809 787 de

2314 829 2497 877 castro
2528 836 2625 876 seu
2651 819 2904 876 cumohio
2939 818 3337 875 Flaviniacensi
3377 819 3546 890 sigillo
3569 836 3654 875 suo
3674 826 3809 876 confu-

2316 917 2484 972 mavit
2528 914 2754 981 factum,
2815 923 2871 970 et
2925 913 3303 971 corroboravit
3342 914 3481 984 apud
3525 912 3811 981 Sinemurum,

2315 1006 2559 1063 secundo
2593 1013 2717 1077 post
2741 1005 3034 1061 transitum
3059 1004 3236 1060 sancti
3259 1002 3503 1075 Gregorii
3531 1018 3674 1068 anno,
3691 1004 3812 1073 primo

2317 1100 2524 1156 scilicet
2564 1107 2795 1169 papatus
2840 1097 3144 1165 Saviniani,
3187 1096 3506 1167 pnesidente
3549 1095 3813 1168 Lugdunensi
3874 1072 3875 1137 ἦ

2317 1192 2576 1248 accelesite
2615 1189 2927 1246 Secundino
2967 1189 3397 1260 archiepiscopo.

2387 1281 2547 1336 Anno
2568 1281 2637 1335 ab
2663 1281 2771 1336 inc.
2800 1279 2959 1336 Dom.
2984 1279 3090 1335 602
3117 1280 3209 1347 ¹⁹⁰,
3236 1278 3411 1336 Focas
3432 1278 3535 1334 dux
3557 1287 3606 1335 et
3627 1281 3815 1351 patricius

2320 1374 2397 1430 rei
2431 1374 2663 1445 publica:
2695 1371 2868 1429 victor
2897 1389 2927 1428 a
2960 1372 3144 1428 Persis
3172 1372 3414 1440 rediens,
3449 1371 3813 1429 Mauricinmim-

2318 1476 2624 1540 peratorem
2651 1465 2943 1533 interfecit,
2967 1474 3022 1520 et
3042 1465 3334 1536 imperium
3353 1464 3662 1536 assumpsit;
3683 1480 3815 1536 regna-

2319 1562 2399 1616 vit
2427 1576 2603 1617 annos
2625 1560 2658 1615 8
2690 1560 2779 1615 ¹⁹¹.
2813 1558 2892 1615 Eo
2922 1575 3068 1614 anno
3113 1557 3369 1615 Etherius
3398 1557 3735 1629 Lugdunensis
3758 1575 3815 1613 :u-
3876 1572 3877 1619 ἡ

2322 1653 2704 1726 chiepiscopus
2730 1652 2887 1718 obiit,
2922 1652 2979 1707 in
3020 1651 3141 1724 ejus
3189 1653 3372 1707 locum
3416 1651 3725 1708 substituitur
3876 1654 3877 1665 ‘

633 1745 801 1811 ravit;
841 1743 930 1800 cui
962 1742 1229 1798 successit
1252 1739 1449 1807 Verus,
1481 1739 1639 1810 cujus
1659 1738 1925 1794 diaconus
1953 1735 2057 1792 fuit
2086 1751 2216 1792 san-
2251 1732 2294 1792 Β
2324 1745 2617 1803 cundinus.
2660 1743 2821 1800 Anno
2854 1742 3015 1800 Focaa
3053 1746 3118 1813 2,
3154 1743 3452 1799 indictione
3492 1743 3550 1810 8,
3582 1754 3735 1814 epacta
3754 1743 3817 1805 26.

630 1846 755 1892 ctus
784 1834 1094 1891 Desiderius
1128 1831 1419 1901 Eduensis,
1449 1840 1505 1888 et
1528 1831 1579 1887 ei
1606 1829 1873 1887 successit
1915 1828 2219 1886 Domnulus

630 1928 688 1983 in
711 1925 1037 1983 redimendis
1057 1925 1284 1996 captivis
1302 1931 1581 1990 strenuus,
1598 1923 1758 1994 eique
1779 1919 2221 1978 succcssitEtbe-

631 2020 749 2076 rius
769 2029 1010 2089 tempore
1038 2017 1237 2074 Eraclii
1260 2015 1626 2088 imperatoris.

702 2108 990 2183 [Faenza]
1028 2108 1106 2165 Eo
1135 2125 1281 2165 anno
1309 2123 1447 2164 uxor
1474 2107 1687 2162 Arnulfi
1716 2106 2063 2179 imperatoris
2089 2106 2221 2163 Per-

630 2220 817 2260 sarum
852 2202 1032 2259 virum
1059 2219 1218 2258 suum
1246 2202 1562 2274 relinquens
1589 2216 1716 2257 cum
1747 2209 2009 2272 quattuor
2035 2200 2222 2272 pueris

630 2304 687 2351 et
711 2297 933 2350 totidem
956 2294 1170 2366 puellis,
1198 2293 1266 2349 ad
1289 2300 1541 2351 sanctum
1570 2290 1880 2348 Iohannem
1909 2291 2223 2348 Constanti-

632 2387 874 2455 nopolim
904 2386 1223 2456 episcopum
1249 2384 1499 2452 veniens,
1524 2383 1665 2439 dixit
1698 2398 1757 2440 se
1786 2400 1952 2440 unam
1996 2400 2119 2442 esse
2156 2385 2224 2441 de

632 2477 855 2549 populo,
886 2485 942 2533 et
970 2477 1242 2549 baptizata
1272 2484 1376 2544 est,
1423 2492 1590 2548 quam
1621 2476 1864 2547 suscepit
1904 2477 1973 2533 de
2007 2477 2224 2533 lavacro

634 2578 826 2627 sancto
860 2583 999 2624 uxor
1022 2567 1267 2625 Mauricii
1299 2568 1665 2638 imperatoris.
1707 2565 1839 2635 Qua:
1872 2582 1999 2624 cum
2043 2568 2224 2640 sepius

630 2676 731 2732 per
754 2661 959 2733 legatos
983 2669 1320 2733 repeteretur
1340 2667 1395 2715 et
1424 2675 1563 2716 uxor
1588 2659 1709 2731 ejus
1737 2674 1860 2716 esse
1896 2661 2221 2729 nesciretur,

631 2761 866 2825 augusta
902 2753 1092 2808 videns
1130 2768 1252 2809 eam
1302 2752 1725 2823 pulcherrimam
1776 2753 2129 2824 etsuspicata
2157 2767 2226 2809 ne

634 2844 753 2915 ipsa
796 2853 941 2901 esset
994 2860 1117 2915 quae
1160 2844 1511 2915 querebatur,
1558 2843 1798 2900 ostendit
1838 2860 1961 2900 eam
2008 2846 2220 2917 legatis.

633 2933 810 3000 Quam
855 2934 934 2988 illi
975 2935 1246 3001 viderunt,
1294 2943 1349 2989 et
1397 2942 1757 3005 agnoscentes
1793 2935 2003 2989 nullum
2045 2937 2114 2991 ab
2161 2951 2225 2991 ea

634 3040 960 3096 responsum
995 3026 1185 3081 audire
1212 3033 1510 3098 potuerunt
1548 3026 1656 3081 nisi
1686 3025 1841 3096 prius
1882 3027 2225 3098 baptizarcn-

635 3126 746 3173 tur.
787 3116 866 3171 llli
892 3117 1076 3173 animo
1104 3117 1307 3173 volenti
1330 3117 1559 3188 gratiam
1588 3118 1847 3189 baptismi
1874 3127 2220 3189 acceperunt.

635 3208 848 3277 Quibus
886 3210 976 3265 illa
1016 3210 1070 3265 id
1108 3210 1257 3265 dedit
1305 3225 1650 3280 responsum,
1693 3225 1804 3265 non
1848 3225 1906 3267 se
1939 3212 2008 3267 ad
2036 3211 2225 3267 ‘virum

634 3301 957 3368 redituram,
999 3300 1108 3357 nisi
1139 3300 1229 3356 ille
1257 3300 1436 3371 primo
1475 3300 1732 3371 baptismi
1763 3301 2067 3373 perciperet
2102 3318 2227 3373 gra-

636 3392 790 3447 tiam.
837 3391 995 3459 Quod
1029 3407 1158 3448 cum
1203 3392 1522 3462 imperatori
1567 3391 1857 3449 Persarum
1900 3393 2225 3450 nunciatum

635 3484 851 3553 fuisset,
874 3485 1200 3558 legationem
1222 3484 1371 3541 misit
1391 3484 1458 3539 ad
1474 3483 1795 3540 Mauricium
1819 3485 2223 3557 imperatorem,

637 3581 700 3629 ut
729 3583 953 3631 sanctus
983 3573 1263 3630 Johannes
1290 3575 1503 3630 veniret
1531 3574 1899 3643 Antiochiam,
1928 3591 1961 3631 a
1984 3592 2095 3648 quo
2126 3577 2227 3632 ba-

636 3665 902 3738 ptismum
933 3667 1127 3724 salutis
1160 3669 1448 3738 acciperet.
1490 3668 1650 3736 Quod
1687 3678 1741 3725 et
1778 3669 2076 3727 Mauricius
2110 3673 2239 3728 fieri

632 3759 803 3831 jussit
831 3775 958 3816 cum
993 3759 1207 3815 infinito
1243 3768 1529 3831 apparatu.
1571 3759 1649 3816 lbi
1673 3761 1981 3833 baptizatus
2010 3771 2095 3818 est
2119 3763 2223 3818 im-

635 3860 861 3919 perator
900 3851 1192 3908 Persarum
1232 3867 1357 3907 cum
1384 3852 1665 3924 sexaginta
1710 3853 1933 3909 milibus
1959 3853 2225 3921 virorum,

638 3951 695 3998 et
722 3958 754 3997 a
789 3951 978 3998 sancto
1006 3942 1268 4016 Gregorio
1288 3941 1631 3998 Antiocheno
1654 3943 1721 3998 de
1743 3942 1891 3999 fonte
1918 3952 2224 4014 susceptus.

637 4033 803 4090 Petiit
827 4043 1007 4089 autem
1040 4034 1109 4088 ab
1143 4034 1471 4105 imperatore
1500 4032 1764 4090 Mauricio
1784 4034 2068 4106 episcopos
2100 4051 2227 4091 cum

639 4128 787 4184 clero
811 4125 1116 4193 sufficienti,
1144 4125 1288 4196 quod
1317 4134 1373 4180 et
1394 4126 1481 4181 ille
1502 4127 1795 4194 concessit,
1824 4134 1878 4181 et
1906 4127 1986 4183 sic
2013 4143 2229 4184 summa

640 4219 917 4276 celeritate
955 4217 1136 4273 omnis
1187 4215 1412 4273 Persida
1464 4217 1687 4274 Christo
1723 4217 1947 4273 domino
1975 4218 2224 4274 credidit.

639 4313 848 4370 Eodem
881 4320 1127 4382 tempore
1154 4327 1299 4366 anno
1329 4311 1400 4367 ab
1425 4311 1532 4367 inc.
1564 4310 1721 4368 Dom.
1750 4311 1874 4379 598,
1901 4311 2119 4367 inventa
2144 4321 2229 4368 est

2321 1846 2681 1893 concurrente
2703 1837 2758 1904 4,
2792 1835 2861 1890 ab
2895 1835 3004 1891 inc.
3039 1834 3199 1889 Dom.
3233 1834 3339 1890 605
3371 1834 3439 1866 ‘"
3473 1834 3651 1890 beatus
3678 1834 3820 1905 Grego-

2321 1928 2438 1985 rius
2465 1929 2720 2002 migravit
2750 1928 2818 1983 ad
2854 1926 3168 1995 Dominum,
3212 1927 3563 2001 regnantibus
3584 1928 3633 1983 in
3657 1926 3821 1982 Francia

2322 2020 2658 2078 Theoderico
2686 2029 2743 2075 et
2769 2019 3147 2076 Theodcberto
3169 2018 3455 2076 fratribus.
3483 2018 3720 2075 Successit
3736 2019 3771 2073 ei
3787 2019 3819 2072 in
3878 2018 3879 2079 \

2322 2113 2636 2184 episcopatu
2665 2111 2927 2168 Romana:
2960 2113 3202 2169 ecclesia:
3231 2119 3356 2183 post
3385 2112 3441 2168 d.
3474 2112 3542 2166 22
3577 2110 3823 2167 Savinianus
3878 2100 3879 2157 ἒ

2324 2202 2560 2271 Tuscus,
2595 2214 2749 2274 patre
2774 2202 2927 2259 Bono
2960 2204 3026 2260 de
3055 2204 3275 2260 civitate
3297 2202 3477 2272 Blera,
3509 2204 3635 2260 sedit
3654 2220 3695 2258 a.
3718 2203 3754 2269 l,
3774 2219 3821 2257 ω.

2324 2297 2378 2363 5,
2405 2296 2459 2351 d.
2491 2295 2525 2350 8
2552 2293 2736 2366 (Gesta
2771 2313 2823 2367 p.
2848 2296 2961 2367 R.).
2987 2294 3085 2352 Hic
3106 2297 3313 2352 addidit
3338 2295 3621 2351 luminaria
3644 2295 3688 2349 in
3706 2294 3824 2349 eccle-

2325 2387 2405 2443 sia
2441 2386 2588 2442 beati
2627 2386 2796 2443 Petri.
2831 2387 2965 2443 Post
3014 2403 3141 2443 eum
3172 2388 3315 2443 sedit
3343 2386 3658 2443 Bonefacius
3681 2383 3732 2438 lll
3752 2383 3823 2439 lio-

2324 2493 2543 2545 manus,
2579 2487 2735 2549 patre
2767 2476 3020 2533 Johannc
3053 2478 3140 2545 ¹⁹³,
3166 2493 3242 2533 m.
3268 2478 3322 2545 8,
3354 2478 3412 2534 d.
3453 2477 3541 2533 22.
3571 2475 3657 2532 Hic
3681 2474 3826 2545 rogavit

2325 2567 2709 2638 imperatorem
2731 2575 2792 2622 ut
2813 2575 3078 2623 statueret
3098 2566 3405 2623 Romanam
3436 2566 3697 2623 ecclesiam
3717 2572 3827 2632 caput
3880 2620 3881 2639 ἦ

2324 2672 2447 2713 esse
2469 2658 2714 2713 omnium
2741 2658 3120 2725 ecclesiarum,
3146 2658 3276 2729 quia
3296 2656 3777 2727 Constantipolitana
3791 2670 3827 2707 se

2324 2751 2561 2822 primam
2595 2750 2888 2807 scribebat.
2913 2749 3245 2806 Bonefacius
3273 2748 3392 2818 llll,
3421 2750 3488 2806 de
3507 2749 3701 2805 civitate
3722 2745 3827 2799 Vale-

2327 2844 2407 2899 ria
2432 2843 2653 2898 natione
2678 2840 3008 2909 Marsorum,
3041 2851 3195 2913 patre
3229 2840 3482 2897 Iohanne
3517 2841 3721 2905 medico,
3738 2837 3830 2893 sed!

2327 2952 2379 2991 a.
2411 2935 2478 3003 6,
2511 2950 2585 2990 m.
2624 2935 2686 3002 8,
2717 2935 2772 2991 d.
2816 2936 2902 2991 l5.
2944 2934 3022 2990 De
3064 2936 3169 2992 hoc
3211 2935 3415 3007 legitur
3460 2934 3515 2989 in
3541 2929 3827 2989 ecclesiastica

2327 3026 2593 3099 hysteria,
2626 3026 2775 3098 quod
2826 3025 3132 3096 impetrarit
3179 3042 3211 3081 a
3259 3025 3410 3082 Foca
3451 3024 3632 3081 donari
3653 3019 3831 3079 ecclesia

2327 3116 2533 3173 Christi
2552 3117 2817 3188 templum
2838 3115 3027 3172 Romae
3044 3117 3191 3188 quod
3206 3115 3490 3173 Pantheon
3510 3108 3829 3171 vocabatur“.

2323 3210 2482 3281 cujus
2529 3218 2764 3281 papatus
2797 3209 2865 3241 m
3009 3225 3155 3265 anno
3204 3208 3383 3267 Focas
3432 3209 3582 3266 obiit.
3614 3198 3831 3281 [Faenza]
3882 3204 3883 3211 ‘

2323 3300 2462 3356 Cum
2508 3301 2654 3357 enim
2701 3299 2987 3357 Heraclius
3026 3301 3293 3372 patricius
3332 3310 3484 3358 esset
3527 3301 3830 3356 universarum

2324 3391 2538 3449 Afl‘ricze
2558 3393 2987 3464 provinciarum,
3003 3403 3057 3450 et
3072 3392 3245 3450 Focas
3262 3395 3555 3465 imperium
3575 3387 3832 3463 nequissime

2325 3494 2557 3558 regeret,
2592 3494 2649 3541 et
2684 3487 2849 3542 modo
2884 3486 3135 3542 amentiae
3155 3486 3451 3543 thesauros
3474 3486 3528 3541 in
3559 3499 3692 3540 mare
3711 3480 3833 3553 proji.

2326 3586 2493 3646 ceret,
2540 3578 2731 3636 dicens
2780 3593 2840 3636 se
2880 3577 3132 3649 Neptuno
3162 3593 3393 3634 munera
3442 3579 3587 3645 dare,
3622 3584 3834 3633 senatores

2325 3678 2613 3726 cernentes
2642 3654 2790 3742 quod
2833 3670 2992 3726 vellet
3023 3668 3314 3741 imperium
3367 3686 3468 3742 per
3506 3668 3750 3726 stultitiam
3770 3662 3834 3716 dc-

2327 3771 2556 3829 struere,
2579 3761 2818 3819 factione
2838 3760 3074 3817 Heraclii
3095 3761 3351 3818 Focatem
3373 3762 3741 3834 apprehensum
3758 3770 3836 3809 nu-

2327 3853 2491 3909 nibus
2515 3861 2572 3908 et
2603 3846 2833 3923 pedibus
2855 3853 3148 3919 truncatis,
3183 3852 3363 3924 lapide
3393 3854 3463 3909 ad
3496 3852 3679 3908 collum
3701 3848 3834 3918 ligat".

2327 3944 2384 3999 in
2413 3960 2565 3999 mare
2591 3944 2958 4015 projecerunt,
2982 3953 3038 4000 et
3079 3943 3366 4001 Heraclius
3390 3959 3653 4002 consensu
3673 3946 3837 3996 senatus

2328 4036 2654 4091 sublimatur
2682 4035 2738 4091 in
2763 4050 2990 4108 regnum
3020 4052 3166 4092 anno
3189 4035 3293 4091 607
3323 4036 3412 4093 "‘.
3439 4033 3765 4110 [Bsns.]Cunt
3784 4029 3839 4081 in—

2328 4126 2616 4183 festatione
2635 4126 2925 4183 Persarum
2944 4128 3129 4183 multa:
3150 4127 3362 4198 imperii
3383 4127 3840 4198 provincimvastatzc

2330 4216 2564 4273 fuissent
2608 4217 2947 4287 temporibus
2978 4215 3226 4273 Mauricii
3268 4225 3323 4273 et
3354 4217 3574 4273 Focatis
3613 4217 3841 4284 imperato-

2330 4322 2486 4374 rum,
2518 4298 2860 4376 teniporibus
2899 4306 3022 4377 ejus
3065 4306 3247 4362 Persa:
3294 4306 3636 4362 Calchedona
3680 4301 3841 4358 civitate

638 4404 827 4461 tunica
856 4401 1073 4458 Domini
1114 4402 1464 4458 inconsutilis
1509 4403 1565 4457 in
1608 4402 1825 4458 civitate
1856 4402 2069 4470 Zafath,
2108 4412 2162 4458 et
2195 4419 2226 4459 a
2255 4431 2305 4489 υ
2330 4407 2542 4453 vastata
2588 4397 3122 4469 Constantinopolim
3172 4414 3395 4470 quoque
3459 4400 3634 4455 sedem
3684 4388 3842 4463 imperii

638 4495 904 4567 Gregorio
935 4492 1276 4549 Antiocheno
1312 4503 1367 4549 et
1409 4493 1619 4550 Thoma
1663 4494 2138 4551 lberosolimitano
2171 4505 2225 4552 et

636 4587 890 4644 Johanne
924 4584 1531 4657 Constantinopolitano
1560 4602 1684 4643 cum
1721 4587 1843 4643 aliis
1886 4587 2074 4643 multis
2106 4588 2223 4659 epi-

639 4681 822 4753 sc0pis
854 4677 999 4735 facto
1032 4677 1298 4733 triduario
1319 4678 1531 4749 jejunio
1559 4679 1733 4735 levata
1764 4695 1887 4737 cum
1919 4695 2045 4736 arca
2072 4696 2223 4736 mar-

640 4789 845 4841 morea,
879 4772 952 4827 ita
975 4771 1079 4827 levi
1110 4769 1253 4825 facta
1294 4786 1360 4825 ac
1401 4770 1449 4825 si
1489 4771 1555 4826 de
1588 4771 1736 4843 ligno
1779 4770 1990 4839 fuisset,
2035 4773 2225 4828 ordine

640 4864 876 4937 pedestri
904 4861 1321 4919 “ierosolimam
1372 4877 1498 4916 cum
1543 4861 1830 4917 devotione
1878 4862 2221 4919 sanctissima

640 4957 921 5028 perducta,
957 4964 1013 5011 et
1040 4955 1092 5010 in
1120 4955 1241 5011 loco
1271 4954 1365 5010 ubi
1399 4969 1535 5009 crux
1564 4951 1777 5010 Domini
1816 4953 2076 5029 adoratur
2099 4969 2224 5010 cum

641 5048 922 5118 triumpho
949 5047 1144 5117 posita.

714 5137 983 5209 Tempore
1030 5137 1095 5169 ⁸⁸³
1140 5136 1385 5192 Mauricii
1430 5136 1797 5208 imperatoris,
1846 5136 2222 5207 pontificatum

640 5229 903 5285 Romana:
931 5226 1175 5283 ecclesia:
1208 5236 1399 5297 agente
1436 5243 1576 5298 papa
1614 5226 1877 5298 Gregorio
1916 5242 1967 5280 a.
2006 5227 2039 5281 9
2085 5241 2221 5281 con-

640 5322 870 5379 structio
907 5319 1121 5377 ccnobii
1158 5318 1580 5375 Flaviniacensis
1614 5319 1669 5373 in
1710 5327 1891 5375 castro
1929 5320 2219 5389 praenomi-

2329 4490 2610 4545 destruere
2644 4489 3034 4555 moliebantur,
3078 4491 3390 4561 multasque
3419 4491 3489 4524 ³⁸⁷
3539 4489 3841 4543 Romanorum

2330 4583 2632 4654 provintias
2666 4592 2718 4638 et
2764 4583 2938 4653 ipsam
2978 4582 3360 4638 Jerosolimam
3403 4583 3677 4647 invadunt,
3714 4585 3758 4632 et
3780 4574 3835 4628 de

2330 4684 2606 4768 strupntes
2627 4677 2890 4732 ecclesias
2916 4685 3175 4733 etsancta
3205 4675 3581 4748 profanantes,
3616 4674 3740 4728 inter
3755 4664 3844 4721 reli-

2330 4759 2789 4840 qua'ornamenta
2820 4770 2985 4825 etiam
3013 4770 3271 4825 vexillum
3301 4779 3508 4826 sancta:
3534 4766 3699 4825 crucis
3721 4759 3845 4817 abdu-

2330 4872 2482 4919 cunt.
2515 4862 2801 4936 [Faenza]
2836 4862 3040 4919 Contra
3065 4878 3207 4934 quos
3252 4861 3536 4919 Heraclius
3565 4860 3719 4916 aciem
3745 4848 3845 4907 diri-

2327 4954 2426 5024 git,
2456 4962 2513 5010 et
2544 4954 2647 5026 ipsi
2677 4955 2788 5009 duo
2827 4954 3100 5010 exercitus
3122 4953 3396 5024 principes
3430 4948 3681 5023 singulari
3713 4950 3848 4999 certa-

2326 5047 2474 5102 mine
2509 5047 2767 5103 omnihus
2803 5061 2873 5102 ex
2906 5055 3135 5117 utraque
3171 5055 3325 5116 parte
3352 5053 3606 5101 eventum
3635 5039 3705 5095 rei
3728 5046 3847 5101 om“

2299 5140 2604 5202 _ctantibus
2659 5139 3107 5210 congrediuntur.
3168 5136 3456 5193 Heraclius
3511 5136 3678 5190 victor
3727 5132 3849 5195 03W

2321 5231 2504 5287 Persa:
2543 5231 2806 5302 praecidit,
2843 5238 2899 5285 et
2938 5222 3116 5286 totum
3162 5229 3458 5286 Persarum
3502 5225 3771 5283 exercitum
3800 5212 3846 5267 ad

2328 5321 2482 5377 sedes
2523 5320 2773 5391 proprias
2821 5321 3034 5393 regredi
3081 5321 3362 5392 compulit.
3403 5318 3538 5375 Post
3580 5317 3675 5372 hec
3702 5315 3847 5367 evcclll

1931 5432 2166 5489 VARUE
2208 5430 2612 5489 LECTlO-NES.

711 5527 779 5606 ’δέ
817 5524 1084 5606 Tempore
1104 5554 1177 5606 -—_
1185 5522 1605 5606 archiepiscopo
1638 5524 1695 5578 in
1733 5540 1903 5606 marg.
1987 5524 2053 5555 ¹⁹⁰
2084 5522 2222 5605 Sice
2254 5540 2393 5606 corr.
2426 5524 2623 5579 litteris
2663 5527 2981 5606 quibusdem
3015 5528 3207 5606 erasis.

3314 5526 3379 5559 ⁸⁸⁸
3413 5538 3671 5596 superscr.
3690 5525 3847 5596 atra}-

636 5602 799 5671 pauto
834 5582 1084 5671 περι-ἴυγξ.
1164 5596 1231 5627 ⁸³⁸
1447 5582 1634 5647 ultimo
1656 5582 2037 5671 verhqjtram.
2074 5595 2242 5671 magis
2272 5582 2715 5671 nigrosuprqsc}.
2796 5598 2868 5671 Ψ
2891 5597 3150 5671 Qywdant
3175 5598 3259 5651 hic
3296 5613 3450 5652 erasa
3476 5582 3618 5671 sunt.
3680 5589 3747 5671 3“

639 5660 777 5726 'cuua
811 5660 1005 5739 sepia»:
1034 5667 1140 5738 fere
1176 5665 1357 5720 vocab.
1383 5665 1437 5719 in
1471 5681 1681 5720 rasura.
1761 5666 1828 5699 "5
1854 5665 2026 5722 Unum
2050 5660 2222 5721 ιόεᾰϋ.

2323 5660 2468 5720 risum
2498 5660 2723 5724 uidetur.
2764 5730 2767 5735 λ
2804 5668 2872 5702 ¹⁹⁶
2898 5660 3126 5725 Numeri
3150 5684 3415 5739 suprascr.
3497 5667 3562 5699 ¹⁹¹
3592 5660 3847 5723 malum!“

638 5752 709 5781 ’—
746 5739 1022 5797 abducunt
1050 5739 1104 5792 in
1144 5753 1313 5809 marg.
