3932 6298
144 331 221 388 101
1328 314 1676 375 CllRONlCO

1784 351 1844 359 —-
1869 317 1996 374 LlB.
2049 318 2088 375 l.

3266 319 3362 377 102

139 441 295 498 navale
314 434 576 494 Pcrsidam
601 433 924 506 ingreditur,
949 432 1239 503 tribusque
1269 432 1487 488 circiter
1510 431 1672 487 annis
1702 437 1745 493 Α
1772 433 1979 488 habens
2007 447 2232 487 uxorem
2261 431 2424 487 ﬁliam
2446 432 2654 489 sororis
2678 447 2810 500 sum,
2833 440 2959 504 post
2978 446 3180 488 annum
3205 448 3359 505 regni
3427 479 3431 484 .

135 532 323 590 Persida
358 537 582 595 vastata,
615 543 729 582 suae
757 542 878 582 eam
911 525 1108 581 ditioni
1146 524 1399 595 subjecit,
1434 524 1672 595 lignum-

134 642 222 697 quc
253 620 586 677 Dominicum
616 618 932 689 reportavit.
978 617 1340 672 Postmodum
1363 616 1560 672 Persas
1584 631 1673 670 re-

134 716 360 771 bellantes
390 713 579 768 iterato
616 718 842 781 superat
874 718 931 764 et
970 709 1076 764 sibi
1126 709 1365 780 subjicit.
1396 707 1503 776 Qui
1545 723 1671 764 cum

133 816 254 863 esset
289 804 676 876 pulcherrimus
715 810 938 873 aspectu
963 844 978 868 ,
1031 801 1370 857 fortissimus
1432 800 1670 866 viribus,

132 908 365 970 pugnator
391 895 660 967 egregius,
693 895 892 950 litteris
919 894 1086 949 etiam
1131 893 1376 965 apprime
1402 892 1671 959 eruditus,

131 1007 326 1047 cernens
357 990 411 1044 in
451 989 707 1059 syderum
754 988 928 1059 signis
956 1003 987 1042 a
1034 986 1378 1043 circumcisis
1421 986 1674 1061 gentibus

132 1083 385 1155 imperium
414 1080 839 1148 devastandum,
886 1080 1088 1135 direxit
1128 1080 1365 1135 nuncios
1395 1080 1465 1134 ad
1498 1078 1676 1151 Dago-

130 1176 310 1230 bertam
330 1188 505 1244 regem
545 1171 907 1240 Francorum,
939 1181 1131 1243 petens
1155 1181 1217 1227 ut
1250 1188 1444 1228 omnes
1474 1170 1675 1228 Judeos

131 1266 256 1338 regni
279 1264 358 1320 sui
379 1263 643 1334 baptizari
687 1264 1023 1334 praeciperet,
1053 1263 1202 1334 quod
1225 1271 1282 1318 et
1309 1263 1425 1334 ipse
1457 1263 1676 1319 decreto

130 1358 224 1412 ﬁeri
248 1356 424 1412 statuit
451 1370 550 1426 per
576 1370 768 1409 omnes
789 1354 1102 1425 provincias
1123 1354 1359 1425 imperii.

184 1449 321 1503 Anno
345 1448 410 1481 ¹⁹⁸
443 1445 681 1503 Heraclii
716 1447 930 1518 imperii
963 1448 1017 1515 5,
1064 1456 1226 1503 natus
1260 1460 1338 1503 est
1381 1445 1672 1514 Mahamet,

129 1542 335 1611 quicum
370 1547 518 1594 esset
544 1537 872 1602 infantulus,
903 1538 1175 1595 defunctis
1201 1548 1356 1610 patre
1387 1548 1442 1595 et
1479 1549 1673 1606 matre,

127 1632 305 1688 adhesit
321 1630 492 1686 vidua:
517 1631 1011 1702 quaeetnutriebat.
1035 1630 1288 1703 Cumque
1308 1632 1667 1699 adolevisset,

127 1726 242 1797 cepit
263 1741 351 1796 per
378 1724 561 1780 scolas
600 1723 1047 1780 Christianorum
1072 1725 1154 1781 ire
1186 1734 1241 1781 et
1280 1726 1568 1781 auditoriis
1597 1725 1677 1780 in-

1772 525 1857 579 sui
1895 524 1965 577 27
2008 523 2303 578 crudeliter
2335 523 2504 578 vitam
2538 524 2733 579 ﬁnivit.
2762 522 3099 580 Heraclonus
3130 524 3198 557 “’
3234 540 3358 579 cum
3408 520 3411 523 ’

1771 622 1946 670 matre
1989 631 2089 670 sua
2119 614 2364 687 Martyna
2393 616 2641 687 regnavit
2669 617 2830 673 annis
2873 617 2937 683 2,
2968 616 3058 671 cui
3094 616 3362 671 successit

1770 705 2167 761 Constantinus
2198 708 2342 763 ﬁlius
2364 706 2599 763 Heraclii
2621 708 2905 764 mensibus
2933 707 2987 775 6,
3002 723 3147 763 anno
3173 707 3359 762 Domi-

1772 799 1908 855 nicie
1928 799 2323 855 incarnationis
2344 799 2472 867 654,
2499 800 2755 871 pontiﬁce
2775 800 3038 868 llonorio,
3063 798 3359 856 indictione

1775 894 1825 948 7.
1862 892 1995 965 (1b.)
2024 892 2091 947 Et
2120 893 2388 949 successit
2418 894 2474 947 in
2496 909 2726 965 regnum
2773 894 2877 949 sub
2908 901 3091 948 tenera
3122 900 3279 947 aetate
3306 900 3361 945 ct

1772 987 2004 1043 consilio
2044 984 2438 1040 Constantinus
2468 984 2612 1041 tilius
2659 985 2797 1056 ejus,
2846 984 2939 1055 qui
2984 992 3035 1039 et
3062 982 3357 1047 Constans,

1773 1077 1932 1147 cujus
1960 1086 2204 1147 tempore
2229 1091 2317 1130 res
2351 1076 2570 1146 publica
2596 1091 2626 1129 a
2653 1074 2974 1131 Sarraeenis
2999 1074 3230 1128 nimium
3262 1089 3360 1127 va-

1777 1178 1974 1225 statur.
2018 1169 2246 1224 Duravit
2278 1168 2377 1224 hec
2401 1168 2629 1224 vastitas
2654 1185 2750 1239 per
2778 1183 2953 1224 annos
2988 1166 3058 1222 47
3089 1181 3264 1236 usque
3291 1166 3360 1221 ad

1771 1275 2019 1337 tempora
2053 1264 2401 1320 Constantini
2446 1265 2700 1335 superius
2746 1265 3033 1320 nominati.
3078 1260 3233 1317 Tunc
3276 1273 3362 1317 est

1773 1357 2139 1419 Hierosolima
2169 1366 2326 1429 capta
2350 1366 2404 1413 et
2428 1365 2625 1413 cetera:
2657 1371 2859 1412 eversae
2898 1358 3166 1427 civitates;
3201 1360 3360 1432 Egi-

1774 1461 1903 1524 ptus
1953 1452 2203 1524 superior
2253 1460 2312 1506 et
2357 1449 2588 1505 inferior
2637 1448 2985 1519 pervaditur,
3033 1451 3360 1509 Alexandria

1776 1546 1990 1617 capitur
2035 1554 2090 1601 et
2117 1545 2374 1615 predatur
2394 1585 2409 1611 ,
2438 1543 2635 1597 Al‘friea
2686 1550 2797 1597 tota
2840 1550 3089 1597 vastatur
3110 1584 3125 1610 ,
3154 1544 3280 1599 Asia
3308 1554 3364 1600 et

1775 1637 1994 1709 Europa
2027 1638 2373 1709 quatiuntur,
2404 1644 2458 1691 et
2499 1634 2684 1690 omnia
2718 1649 2887 1705 regna
2935 1633 3075 1688 mari
3110 1636 3363 1706 contigua

1774 1738 2160 1802 pervagantur.
2186 1725 2688 1797 Constantinopolis
2710 1734 2921 1780 tantum
2947 1741 3071 1781 cum
3096 1724 3363 1781 Traciana

128 1826 314 1883 teresse,
338 1824 390 1871 et
413 1830 541 1886 quae
570 1815 645 1870 ibi
672 1816 949 1883 audiebat,
977 1817 1126 1872 domi
1158 1817 1475 1874 hominibus
1498 1818 1673 1891 gentis
1706 1816 1749 1872 Β
1775 1822 2057 1894 provincia
2090 1829 2166 1888 et,
2190 1821 2379 1892 paucis
2403 1819 2599 1875 insulis
2623 1826 2677 1874 et
2710 1817 2957 1873 Romana
2984 1819 3266 1889 provincia
3288 1819 3366 1874 di-

128 1925 219 1964 sua:
252 1907 530 1964 referebat.
576 1908 648 1964 At
691 1908 766 1962 illi
814 1909 1161 1965 mirabantur
1200 1910 1315 1981 jam
1346 1917 1463 1964 tum
1509 1910 1566 1964 in
1610 1924 1677 1965 eo

127 2002 425 2071 sapientiam,
448 2016 580 2056 cum
616 2001 870 2057 audirent
895 2002 965 2057 ab
998 2018 1064 2058 eo
1093 2017 1216 2073 qute
1238 2003 1546 2058 audierant.
1581 2001 1678 2058 Die

127 2094 259 2165 igitur
274 2095 503 2166 quadam
527 2111 652 2150 eum
671 2105 1035 2151 reverteretur
1053 2097 1123 2151 ab
1143 2097 1434 2165 auditorio,
1458 2097 1673 2153 obviam

128 2185 286 2241 habuit
307 2187 585 2242 diabolum
618 2187 911 2243 habentem
947 2204 1012 2245 os
1039 2204 1298 2257 aureum,
1324 2200 1378 2245 et
1405 2191 1675 2246 dicentem

127 2292 173 2332 te
195 2293 300 2333 esse
336 2277 646 2333 Cabrielem
678 2279 1074 2352 archangelum
1126 2281 1357 2336 missum
1393 2298 1425 2336 a
1462 2280 1574 2337 Deo
1608 2282 1677 2338 ad

129 2369 292 2439 ipsum,
312 2380 369 2425 ut
395 2370 724 2441 praedicaret
749 2372 895 2443 genti
917 2389 1032 2427 sua:
1057 2389 1179 2444 quae
1202 2373 1450 2429 audierat
1465 2383 1519 2429 et
1540 2374 1678 2431 scie-

129 2460 215 2517 bat.
236 2461 375 2519 Tunc
386 2463 535 2535 cepit
554 2463 849 2533 praedicare
866 2464 1142 2522 Mabainet
1163 2474 1221 2520 ut
1240 2468 1679 2538 derelinquerent

130 2554 243 2609 idola
282 2571 441 2611 manu
478 2555 632 2613 facta
677 2560 733 2612 et
769 2557 1062 2614 adorarent
1104 2569 1406 2615 creatorem
1432 2562 1526 2630 qui
1551 2559 1679 2616 fecit

129 2661 225 2715 quae
249 2658 383 2704 sunt.
412 2649 669 2721 Cumque
699 2650 885 2721 plures
923 2651 1250 2707 adhererent
1276 2653 1351 2706 illi
1380 2662 1434 2708 et
1463 2661 1523 2706 ut
1552 2668 1679 2722 pro-

128 2740 307 2807 phetam
332 2757 454 2795 eum
481 2742 782 2810 haberent,
812 2744 1159 2815 congregatis
1185 2744 1277 2814 qui
1302 2760 1489 2799 secum
1521 2753 1680 2799 erant

127 2845 249 2887 arma
270 2834 496 2905 sumpsit
524 2875 539 2900 ,
568 2842 623 2889 et
666 2842 726 2889 ut
765 2850 862 2890 rex
902 2845 957 2890 et
989 2836 1253 2906 propheta
1282 2851 1423 2906 quos
1465 2844 1681 2907 poterat

128 2923 210 2978 sibi
242 2926 591 2997 subjiciebat,
627 2936 683 2982 et
726 2928 978 2999 regnavit
1016 2928 1073 2982 in
1108 2927 1407 2997 Damasco,
1434 2938 1488 2984 et
1517 2938 1681 2999 caput

128 3017 248 3087 regni
269 3016 380 3088 ejus
402 3017 708 3091 Babylonia
737 3018 933 3074 civitas
969 3017 1093 3074 fuit.

186 3107 448 3183 [Faenza]
477 3109 866 3182 Agarenorum
918 3110 1084 3182 igitur
1129 3126 1263 3183 gens
1310 3110 1636 3167 circumcisa
1660 3153 1676 3178 ,

135 3200 280 3270 quiet
307 3201 597 3258 Sarraceni
638 3201 874 3271 dicitur,
924 3219 1145 3273 egressa
1190 3219 1221 3258 a
1265 3204 1431 3259 latere
1474 3204 1681 3259 montis

129 3289 321 3349 Caucasi
343 3311 507 3366 super
537 3312 694 3351 mare
719 3295 1002 3367 Caspium,
1037 3312 1165 3351 cum
1195 3296 1252 3350 in
1276 3297 1503 3352 nimiam
1535 3297 1681 3351 mul-

131 3384 372 3442 titudinem
403 3388 761 3455 coaluissent,
785 3389 1006 3444 tandem
1037 3404 1192 3444 arma
1214 3397 1515 3456 sumentes,
1548 3405 1678 3459 pro-

130 3477 288 3535 vinciis
300 3479 530 3537 Heraclii
553 3481 902 3553 imperatoris
923 3481 1205 3536 vastandis
1225 3481 1461 3548 irruunt,
1486 3488 1679 3536 contra

131 3584 242 3640 quos
280 3571 558 3629 Heraclius
612 3574 811 3629 direxit
854 3574 1175 3630 exercitum.
1235 3571 1341 3630 Sed
1391 3572 1680 3629 Sarraceni

131 3663 294 3721 milites
319 3674 603 3737 superant,
639 3682 845 3738 eosque
889 3668 1068 3739 gladio
1114 3666 1351 3738 graviter
1379 3666 1679 3733 trucidant,

131 3755 257 3813 itaut
287 3760 381 3816 l50
407 3762 563 3817 milia
594 3762 830 3817 militum
851 3762 1239 3817 interﬁcerent.
1274 3760 1459 3833 Spolia
1487 3776 1680 3818 eorum

132 3847 340 3909 Heraclio
365 3855 626 3923 oﬁ‘erunt,
666 3871 790 3927 qua:
835 3855 927 3910 ille
959 3854 1201 3925 recipere
1231 3855 1429 3923 noluit,
1454 3854 1682 3925 cupiens

132 3957 266 4013 super
288 3945 622 4003 Sarracenos
654 3946 953 4014 vindicare,
995 3953 1050 4002 et
1072 3946 1297 4002 mittens
1325 3948 1679 4019 legationem,

129 4044 283 4102 portas
308 4053 441 4107 quas
468 4038 782 4093 Alexander
800 4036 1028 4103 Macedo
1053 4052 1218 4108 super
1246 4053 1398 4093 mare
1421 4036 1681 4108 Caspium

131 4139 269 4182 :ereas
305 4128 416 4183 ﬁeri
442 4137 501 4184 et
540 4143 760 4183 serrare
797 4136 1150 4198 praeceperat,
1194 4136 1418 4198 prepter
1449 4127 1685 4183 inunda-

131 4216 298 4275 tionem
341 4222 589 4292 gentium
624 4220 1055 4276 saevissimarum
1075 4261 1090 4287 ,
1124 4234 1246 4289 qua;
1276 4219 1419 4274 ultra
1451 4217 1682 4275 Caucasi

131 4311 301 4367 montis
320 4314 560 4368 culmina
605 4312 949 4380 habitabant,
978 4312 1198 4367 easdem
1241 4322 1429 4382 portas
1474 4312 1685 4384 aperire

129 4405 365 4474 praecepit,
406 4405 649 4475 indeque
683 4412 908 4459 centum
946 4403 1098 4458 milia
1141 4412 1506 4475 pugnatorum
1548 4419 1684 4459 auro

131 4491 302 4551 locatos
332 4508 523 4553 contra
547 4496 885 4553 Sarracenos
912 4496 1081 4552 mittit
1115 4496 1181 4552 ad
1213 4495 1482 4567 praelium.
1515 4495 1684 4552 Cum-

130 4600 214 4653 que
253 4604 354 4645 non
401 4590 598 4661 procul
634 4606 668 4645 a
716 4605 777 4646 se
823 4589 1056 4645 invicem
1096 4598 1275 4645 castra
1324 4598 1679 4658 metarentur,

131 4677 313 4749 utrique
335 4683 612 4738 exercitus
648 4690 709 4737 ut
735 4697 895 4738 mane
921 4681 1068 4737 facto
1092 4681 1466 4755 conﬂigerent,
1492 4682 1681 4737 eadem

130 4779 260 4826 nocte
278 4772 370 4829 Dei
396 4775 604 4830 virtute
639 4775 915 4831 exercitus
942 4773 1141 4831 Eraclii
1162 4762 1488 4846 percutitur:
1514 4773 1680 4845 quin-

129 4861 353 4931 quaginta
384 4865 536 4919 enim
580 4879 773 4920 eorum
814 4864 967 4919 milia
997 4864 1055 4919 in
1098 4863 1288 4922 stratis
1330 4865 1446 4921 suis
1475 4864 1680 4920 mortui

124 4960 248 5006 sunt.
288 4954 409 5021 Quo
457 4954 609 5011 facto
635 4956 813 5012 territi
851 4956 1055 5013 milites
1083 4957 1152 5013 ad
1186 4957 1409 5029 propria
1440 4965 1570 5012 sunt
1592 4972 1681 5012 re-

127 5043 261 5097 versi.
293 5044 604 5115 Sarraceni,
636 5056 696 5104 ut
721 5057 1002 5119 ceperunt,
1033 5049 1347 5120 provincias
1374 5049 1677 5105 devastant.

124 5130 238 5190 Cum
265 5137 373 5208 jam
424 5138 808 5197 Hierosolimis
860 5142 1348 5213 propinquassent,
1399 5140 1683 5199 Heraclius

124 5225 282 5287 Videtis
309 5234 455 5303 quod
511 5251 621 5291 non
666 5244 854 5307 posset
879 5228 978 5291 4‘eis
1014 5235 1292 5303 resistere,
1331 5235 1503 5290 nimio
1526 5250 1681 5290 ama-

125 5319 346 5382 ritudinis
385 5343 606 5384 merore
646 5329 925 5400 adreptus,
950 5326 1020 5384 ad
1041 5329 1295 5387 ultimum
1328 5329 1519 5385 infelix
1567 5328 1681 5383 Eu-

123 5409 305 5474 thicetis
321 5419 561 5477 heresim
583 5431 803 5479 sectans
822 5431 878 5479 et
888 5420 1096 5479 Christi
1111 5423 1321 5479 cultum
1343 5424 1680 5495 relinquens,

1781 1915 1916 1971 tioni
1952 1914 2169 1985 imperii
2196 1920 2599 1969 remanserunt.

1850 2048 1863 2063 .
1909 2048 1923 2062 .
1964 2007 2082 2062 rius
2118 2022 2257 2077 papa
2279 2004 2659 2076 Apellinarista
2701 2045 2715 2059 .
2758 2046 2771 2059 .
2816 2019 2882 2060 us
2906 2011 2988 2059 est
3014 2001 3104 2057 ”°.

1849 2100 2007 2154 Anno
2033 2100 2101 2131 ²⁰¹
2132 2099 2239 2153 ine.
2281 2097 2440 2152 Dom.
2470 2097 2610 2164 651,
2654 2095 2715 2151 11
2765 2084 2884 2150 Kal.
2934 2095 3060 2150 Mai.
3091 2093 3365 2149 ordinatio

1775 2191 1961 2247 domui
1998 2190 2243 2246 Widradi
2267 2190 2500 2257 abbatis,
2533 2206 2657 2245 cum
2690 2189 2869 2244 locum
2893 2186 3365 2242 Flaviniacensem

1775 2284 1845 2340 48
1872 2285 2031 2341 annis
2059 2283 2375 2356 Magoaldus
2407 2283 2577 2338 abbas
2598 2283 2831 2338 rexisset
2922 2276 2951 2305 ⁸

1847 2376 2006 2431 Anno
2036 2376 2106 2432 ab
2131 2376 2239 2432 inc.
2270 2375 2426 2429 Dom.
2462 2375 2587 2441 665,
2614 2390 2750 2446 papa
2781 2373 3069 2440 Vitaliano,
3100 2371 3365 2428 adventus

1777 2468 2053 2524 Benedicti
2105 2469 2161 2523 in
2217 2467 2451 2534 Gallias,
2506 2475 2561 2521 et
2605 2465 2906 2537 Tequemio
2963 2464 3097 2520 obiit
3144 2473 3366 2519 sanctus

1776 2560 2058 2617 Amandus
2095 2560 2440 2632 Tungrorum
2469 2560 2779 2629 episcopus,
2810 2559 2901 2613 cui
2937 2556 3203 2614 successit
3235 2572 3367 2610 san-

1778 2661 1902 2709 ctus
1930 2652 2241 2708 Remaclius
2275 2668 2421 2707 anno
2460 2651 2676 2720 imperii
2724 2647 3069 2705 Constantini
3104 2648 3197 2713 22,
3234 2655 3289 2703 et
3315 2646 3366 2700 ei

1776 2743 2156 2811 Theodardus,
2184 2753 2238 2799 et
2270 2742 2593 2799 Theodardo
2628 2749 2850 2797 sanctus
2879 2740 3222 2795 Lambcrtus.

1853 2835 2035 2908 (Gesta
2070 2853 2123 2907 ρ.
2174 2835 2266 2906 R.)
2319 2834 2612 2889 Bonefacio
2652 2832 2819 2905 igitur
2863 2848 3017 2903 papa:
3069 2839 3195 2902 post
3246 2829 3367 2885 dies

1778 2929 1849 2984 25
1885 2928 2151 2983 successit
2188 2926 2484 2982 Deusdedit
2526 2924 2843 2992 Romanus,
2891 2932 3044 2995 patre
3087 2921 3367 2992 Stephano

1780 3020 2148 3085 subdiacono,
2180 3019 2322 3074 sedit
2360 3034 2411 3074 a.
2442 3018 2496 3085 5,
2532 3017 2587 3072 d.
2622 3017 2715 3072 25.
2748 3016 2883 3072 Post
2915 3032 3077 3086 quem
3111 3031 3185 3069 m.
3218 3014 3279 3079 5,
3310 3014 3366 3069 d.

1781 3110 1853 3166 26
1897 3111 2104 3167 exactis
2153 3110 2294 3166 sedit
2337 3108 2654 3166 Bonifacius
2705 3107 2773 3178 ν,
2817 3107 3162 3178 Campanus,
3215 3099 3369 3177 patre

1708 3181 1749 3239 Ο
1780 3202 2064 3270 Johanne,
2113 3218 2164 3257 a.
2208 3203 2261 3258 5.
2305 3201 2406 3259 Hic
2438 3201 2723 3258 constituit
2764 3210 2824 3256 ut
2856 3202 3000 3256 ullus
3034 3201 3099 3255 de
3137 3198 3368 3255 ecclesia

1780 3298 2110 3353 traheretur.
2142 3296 2421 3353 Successit
2448 3305 2572 3366 post
2596 3296 2714 3351 dies
2747 3296 2814 3349 13
2843 3292 3119 3350 Honorius
3143 3294 3371 3363 Campa-

1781 3408 1906 3457 nus,
1934 3398 2086 3460 patre
2122 3388 2379 3445 Petronio
2404 3388 2662 3454 consule,
2688 3387 2825 3443 sedit
2857 3403 2909 3440 a.
2946 3387 3041 3454 l2,
3071 3402 3145 3439 m.
3185 3385 3276 3452 ll,
3310 3383 3365 3439 d.

1782 3483 1869 3539 18.
1900 3481 2000 3538 llic
2033 3490 2285 3538 exortum
2319 3482 2462 3552 apud
2486 3481 2701 3537 Scottos
2735 3496 2979 3536 errorem
3008 3479 3075 3535 de
3111 3478 3371 3534 observa-

1781 3576 1930 3632 tione
1959 3577 2179 3646 paschae
2206 3573 2271 3628 14
2299 3571 2429 3629 Jun.
2462 3589 2565 3644 per
2585 3572 2875 3643 epistolam
2903 3570 3197 3645 redarguit.
3233 3566 3370 3625 Suc-

1770 3669 1948 3725 cessit
1978 3665 2261 3723 Iohannes
2303 3666 2526 3721 natione
2568 3663 2849 3731 Dalmata,
2894 3671 3047 3734 patre
3078 3660 3366 3727 Venantio,

1782 3760 1922 3817 sedit
1950 3774 2001 3814 a.
2038 3759 2089 3823 1,
2130 3775 2205 3813 m.
2243 3756 2297 3824 8,
2333 3758 2389 3813 d.
2428 3756 2515 3811 18.
2552 3754 2650 3810 ilic
2676 3771 2770 3826 per
2805 3753 3024 3810 Istriam
3058 3760 3113 3807 et
3152 3750 3371 3805 Dalma-

1781 3855 1913 3909 tiam
1950 3852 2151 3907 multas
2180 3850 2441 3922 pecunias
2462 3849 2614 3905 misit
2639 3848 2707 3903 ad
2737 3847 3169 3917 redemptionem
3194 3844 3370 3913 capti-
3454 3888 3462 3895 .

1780 3962 1997 4003 verum.
2046 3941 2264 4017 [Deum]
2306 3940 2405 3996 llic
2448 3956 2575 3996 cum
2623 3939 2803 3995 adhuc
2847 3939 3054 3993 electus
3097 3944 3242 3991 esset
3271 3950 3370 4007 pro

1782 4037 1988 4109 pascha
2028 4043 2083 4091 et
2112 4048 2212 4105 pro
2255 4031 2437 4088 heresi
2469 4031 2763 4102 Pelagiana
2814 4030 3032 4085 Scottos
3070 4026 3367 4098 redarguit.

1784 4127 2107 4183 Theodorus
2137 4125 2364 4192 Grecus,
2391 4133 2544 4194 patre
2585 4122 2875 4178 Theodoro
2903 4122 3161 4193 episc0po
3189 4120 3256 4175 de
3287 4119 3369 4174 ci-

1782 4215 1952 4270 vitate
1984 4211 2323 4267 Hierusalem
2346 4218 2469 4280 post
2507 4225 2582 4262 m.
2609 4209 2643 4263 5
2680 4217 2735 4263 et
2764 4208 2818 4263 d.
2856 4209 2924 4262 15
2950 4207 3085 4262 sedit
3120 4223 3169 4260 a.
3205 4206 3260 4274 6,
3292 4222 3368 4262 ω.

1785 4306 1839 4374 5,
1884 4305 1938 4360 d.
1982 4304 2069 4358 18.
2119 4301 2300 4374 (Gesta
2328 4318 2381 4371 p.
2414 4300 2504 4370 R.)
2536 4298 2636 4353 llic
2677 4297 3096 4380 condempnavit
3138 4295 3370 4370 Pyrrum

1786 4398 1947 4470 regia:
1975 4395 2212 4453 civitatis
2238 4394 2576 4465 episc0pum,
2598 4391 2692 4462 qui
2716 4406 2841 4446 cum
2867 4389 3010 4461 Cyro
3030 4387 3372 4443 Alexandria:

1785 4500 1840 4549 et
1867 4489 2062 4561 Sergio
2090 4487 2489 4559 prmdecessore
2529 4499 2630 4539 suo
2661 4481 3087 4553 acbephalorum
3133 4479 3369 4534 heresim

1787 4585 2208 4639 instauraverat.
2246 4576 2464 4652 [82%.]
2509 4575 2670 4631 Venit
2701 4574 2847 4631 enim
2878 4574 3003 4628 ﬁcta
3031 4580 3090 4627 ut
3118 4580 3242 4643 post
3276 4588 3372 4642 ap-

1784 4675 1969 4749 paruit
2013 4669 2334 4744 pmnitentia
2376 4676 2431 4723 et
2477 4666 2674 4722 obtulit
2715 4664 2889 4720 eidem
2939 4678 3078 4734 papa
3126 4661 3368 4715 libellam

1782 4767 2124 4842 penitentite;
2154 4764 2247 4821 sed
2269 4764 2493 4819 domum
2524 4774 2778 4816 reversus
2803 4759 2871 4813 ad
2901 4757 3165 4811 vomitum
3187 4753 3368 4820 rediit,

1782 4877 1949 4933 quam
1979 4860 2051 4914 ob
2073 4872 2188 4913 rem
2215 4862 2482 4927 praesente
2498 4853 2653 4939 {clero
2674 4859 2728 4905 et
2750 4849 2951 4920 populo
2976 4846 3226 4902 Romano
3250 4846 3372 4900 vin-

1783 4955 1908 5011 culo
1948 4950 2347 5015 anathematis,
2396 4956 2455 5002 ut
2497 4943 2880 5016 pratdiximus,
2929 4940 3222 4997 inuodatus
3261 4945 3367 4993 est.

1789 5043 1971 5121 (Gesta
1986 5063 2038 5116 ρ.
2056 5043 2145 5115 R.)
2181 5042 2309 5098 Post
2331 5040 2676 5095 Theodorum
2700 5034 2966 5090 Martinus
2987 5034 3053 5089 de
3073 5031 3369 5087 Tudertina

1789 5140 2002 5196 Tusciae
2023 5137 2163 5193 sedit
2187 5152 2237 5191 a.
2267 5134 2321 5202 6,
2353 5150 2427 5189 m.
2455 5133 2508 5198 5,
2541 5131 2594 5188 d.
2619 5130 2709 5185 26.
2736 5126 2952 5203 [BEDA.]
2975 5126 3370 5183 Constantinus

1788 5235 1954 5307 igitur
1978 5232 2237 5301 deceptus
2259 5244 2290 5283 a
2311 5226 2480 5281 Paulo
2503 5224 2667 5297 regiae
2686 5222 2921 5279 civitatis
2942 5221 3198 5291 episcopo
3229 5218 3372 5273 sicut

1786 5338 1842 5384 et
1876 5325 2125 5381 Eraelius
2150 5335 2386 5393 proavus
2423 5318 2543 5389 ejus
2588 5333 2617 5371 a
2659 5315 2869 5387 Sergio,
2907 5314 3106 5368 librum
3143 5327 3369 5381 compo-

1788 5422 1900 5478 suit
1946 5419 2211 5474 adversus
2273 5413 2435 5469 ﬁdem
2490 5410 2836 5467 catholicam.
2895 5405 3051 5463 Unde
3102 5403 3371 5460 Martinus

1377 5599 1613 5657 VARIE
1654 5597 2062 5657 LECTIONES.

187 5760 242 5795 ’⁷⁸
265 5769 690 5846 ᾼηῃο-τςξνίῐειε
724 5774 828 5831 fuit
855 5776 911 5829 in
937 5792 1106 5846 marg.

1211 5776 1278 5809 ¹”
1300 5773 1619 5833 Ben—ind.
1650 5775 1700 5830 7.
1726 5792 1781 5830 m
1811 5792 1980 5846 marg.
2013 5773 2223 5846 duabus
2248 5771 2447 5828 codicis
2500 5778 2744 5826 exarata.

2857 5767 2928 5800 ’θ’
2954 5783 3022 5821 an
3048 5781 3066 5820 :
3096 5764 3372 5827 Honorius

125 5843 238 5905 P1P?
263 5839 316 5895 S.
346 5841 675 5925 Apollinaris
700 5846 984 5912 basilicam
1003 5839 1162 5904 orsus
1183 5846 1301 5904 est?
1375 5849 1441 5880 ²⁰¹
1457 5846 1602 5916 ,Παῖς
1624 5849 1678 5902 in
1707 5839 1950 5918 margine
1964 5842 2228 5919 leguntur.
