3932 6298
132 371 212 426 105

1301 361 1715 418 CilRONlCON.
1742 394 1810 403 -
1840 363 1968 418 LIB.
1995 365 2032 420 Ι.

3242 388 3343 443 106

130 487 190 540 uo
218 479 330 552 ligni
351 475 616 542 salutaris,
643 491 764 546 qua:
784 474 1005 546 textunc
1030 476 1117 531 die
1163 477 1514 532 exaltationis
1538 477 1658 547 ejus
1688 485 1734 540 Α
1759 492 1818 532 se
1844 478 2030 534 venire
2063 481 2384 550 praecipiens
2406 484 2707 542 honorifice
2736 493 2997 562 suscepit,
3046 495 3120 550 ita
3160 508 3219 552 ut
3257 500 3343 555 die

129 578 173 630 in
200 571 390 629 basilica
416 567 706 622 Salvatoris
726 566 795 622 ab
815 567 964 622 omni
990 576 1278 622 veneratur
1302 577 1356 622 et
1375 569 1654 623 osculatur

102 647 309 736 populo.
335 659 515 734 [BEDA,
550 657 743 714 Chron.
794 657 852 712 S.
914 658 1186 730 Bcnigni.]
1241 657 1340 714 Hic
1385 660 1656 715 ordinavit

128 767 337 816 sanctum
367 753 761 809 Willibrordum
784 765 1147 824 cognomento
1169 751 1499 808 Clementem
1525 753 1654 808 Frc-

128 856 304 910 sionum
333 849 468 922 genti
497 848 832 918 episcOpum,
887 862 1033 901 anno
1083 847 1371 902 dominica:
1404 847 1654 902 incarna—

127 947 258 1002 tionis
287 943 402 1008 696,
448 958 606 1013 quem
642 942 793 996 misit
843 942 972 996 illuc
1018 957 1144 997 cum
1174 941 1340 997 sociis
1387 941 1652 1013 Pippinus

125 1039 267 1108 major
295 1036 497 1101 domus,
527 1042 818 1105 postquam
851 1033 1089 1091 Frisiam
1130 1033 1329 1092 devicit
1368 1042 1424 1091 et
1455 1036 1652 1094 ducem

124 1132 384 1188 Ratbodum
409 1129 628 1201 fugavit.

177 1223 333 1278 Tertio
359 1221 645 1276 Iustiniani
681 1236 828 1276 anno
852 1219 994 1291 cepit
1019 1235 1250 1292 regnare
1282 1219 1566 1291 Pippinus,
1596 1231 1652 1277 et

123 1317 306 1372 retinuit
325 1316 644 1385 majoratum
674 1316 872 1372 domus
895 1315 1058 1371 annis
1092 1316 1162 1370 20
1188 1318 1292 1372 sub
1314 1317 1647 1386 Justiniano,

125 1409 266 1464 Leone
300 1400 348 1462 et
393 1407 643 1479 Tyberio,
700 1407 830 1463 item
870 1407 1202 1475 Justiniano,
1252 1409 1560 1466 Theodosio
1596 1419 1651 1466 et

124 1501 281 1564 Leone,
302 1500 450 1569 cujus
480 1499 633 1570 regni
664 1515 812 1554 anno
841 1500 893 1554 6.
925 1500 1100 1567 obiit;
1127 1500 1394 1556 successit
1417 1499 1648 1557 Karolus

123 1591 350 1645 hlartellus
371 1597 421 1644 et
445 1589 579 1644 obiit
609 1590 659 1642 7.
681 1589 1025 1644 Constantini
1048 1605 1214 1666 anno.

173 1680 360 1754 [Brom]
417 1680 577 1736 Anno
620 1681 690 1736 ab
727 1681 837 1736 inc.
881 1679 1039 1736 Dom.
1090 1680 1214 1747 678,
1269 1680 1565 1736 indictione
1588 1680 1643 1748 2,

121 1781 268 1840 epacta
288 1773 440 1837 nulla,
477 1781 841 1828 concurrente
875 1772 928 1838 5,
960 1770 1313 1828 Justinianus
1371 1773 1552 1826 minor
1577 1772 1644 1827 li-

121 1863 201 1918 lius
222 1861 538 1918 Constantini
592 1878 818 1935 regnare
863 1877 1026 1919 orsus
1079 1863 1327 1934 regnavit
1350 1863 1513 1919 annis
1552 1862 1638 1919 10.
1675 1850 1718 1908 Β

120 1953 194 2009 Hic
216 1971 384 2024 papam
441 1953 694 2026 Sergium
721 1953 840 2024 rapi
860 1955 1025 2024 jussit
1048 1954 1115 2008 de
1141 1953 1371 2009 ecclesia
1419 1963 1474 2009 et
1496 1953 1642 2009 Con-

119 2045 466 2116 stantinopolim
490 2046 789 2116 deportari,
813 2045 942 2116 quia
963 2045 1209 2100 erratica:
1265 2060 1378 2100 sua:
1432 2046 1641 2116 synodo

117 2153 244 2205 quam
283 2136 471 2192 fecerat
504 2138 561 2192 in
598 2137 733 2192 urbe
777 2137 926 2206 regia
962 2134 1147 2192 favere
1203 2144 1257 2191 et
1297 2137 1640 2193 subscribere

118 2228 265 2283 noluit.
296 2227 391 2284 Sed
424 2229 687 2299 praevenit
711 2228 906 2282 militia
952 2225 1281 2282 Ravennate
1308 2228 1461 2284 urbis
1505 2229 1641 2284 vici-

118 2335 363 2390 narumque
381 2321 619 2390 partium
643 2320 798 2390 iussa
821 2318 986 2388 regis,
1015 2326 1069 2373 et
1088 2318 1288 2374 missos
1325 2319 1444 2389 ejus
1469 2334 1640 2390 expu-

117 2409 163 2463 lit
182 2411 238 2465 ab
271 2412 390 2465 urbe
447 2411 644 2466 Roma.
690 2409 1021 2464 Justitianus
1045 2409 1115 2464 ob
1140 2409 1357 2478 culpam
1401 2409 1641 2479 perfidia;

119 2515 246 2569 regno
265 2500 513 2570 privatus,
540 2501 670 2555 exul
692 2501 746 2554 in
769 2499 1006 2554 Pontum
1054 2500 1284 2566 secedit;
1328 2509 1450 2569 post
1477 2516 1637 2570 quem

117 2589 345 2658 imperavit
369 2591 474 2646 Leo
508 2593 674 2648 annis
698 2592 751 2658 5,
780 2600 968 2646 contra
992 2607 1152 2661 quem
1183 2591 1444 2663 pugnavit
1466 2589 1640 2663 Tybe-

115 2677 202 2732 rius
224 2689 268 2734 et
285 2681 345 2735 de
368 2695 534 2752 regno
567 2681 803 2750 ejectum
837 2689 1083 2753 tempore
1111 2696 1222 2751 quo
1253 2682 1366 2750 ipse
1394 2683 1640 2752 regnavit

117 2769 157 2820 in
179 2771 392 2827 custodia
440 2771 622 2826 tenuit
645 2771 700 2825 in
733 2771 922 2826 eadem
951 2771 1190 2826 civitate.
1235 2769 1369 2826 Post
1390 2769 1638 2842 Sergium

113 2856 299 2918 Joannes
338 2860 423 2930 Vl,
465 2863 693 2918 natione
739 2863 968 2930 Grecus,
1015 2862 1351 2932 interpositis
1384 2879 1458 2918 m.
1499 2864 1551 2928 1,
1581 2863 1634 2918 d.

117 2949 179 3015 15,
206 2951 475 3008 Romanam
539 2954 687 3009 rexit
732 2954 1022 3009 ecclesiam
1054 2970 1105 3008 a.
1133 2955 1188 3022 5,
1222 2969 1297 3009 m.
1345 2955 1401 3020 2,
1444 2955 1638 3010 diebus

114 3039 254 3108 (Gesta
294 3045 468 3115 p.R.).
507 3085 520 3101 .
560 3088 576 3113 ,
609 3045 766 3115 cujus
815 3054 1061 3116 tempore
1099 3061 1227 3101 cum
1261 3045 1504 3100 Gisulfus
1527 3046 1638 3104 dux

116 3131 533 3205 Langobardorum
587 3136 948 3208 Campaniam
1006 3138 1150 3209 igne,
1175 3138 1353 3208 gladio
1387 3147 1440 3194 et
1466 3137 1638 3206 capti-

114 3225 236 3281 vitate
256 3238 493 3297 vastaret,
527 3239 587 3284 et
614 3244 724 3284 non
771 3238 918 3285 esset
939 3229 1033 3298 qui
1087 3230 1137 3283 ei
1182 3230 1479 3295 resisteret,
1524 3230 1640 3299 ipse

113 3330 217 3386 papa
246 3320 410 3376 missis
463 3321 532 3376 ad
585 3337 713 3376 eum
751 3321 1128 3376 sacerdotibus
1155 3329 1210 3376 et
1243 3321 1459 3376 clericis
1515 3335 1640 3374 cum

113 3408 303 3466 donariis
333 3412 584 3482 plurimis
640 3413 937 3467 universos
987 3413 1234 3482 captivos
1288 3412 1538 3477 redemit,
1589 3420 1643 3466 et

113 3497 256 3555 hostes
299 3503 510 3559 domum
569 3505 748 3560 redire
798 3503 944 3559 fecit.
1002 3501 1221 3576 [Βεω.]
1271 3501 1546 3558 Successit
1588 3502 1640 3557 ei

110 3586 300 3648 Joannes
323 3593 428 3661 Vll,
456 3596 680 3651 natione
700 3595 930 3661 Grecus,
953 3603 1106 3664 patre
1125 3593 1397 3660 Platonio,
1423 3594 1564 3649 sedit
1585 3610 1636 3648 a.

111 3680 226 3744 ἳνω.
249 3684 292 3750 7,
323 3686 373 3740 d.
403 3687 491 3741 27.
519 3687 676 3742 Sedit
714 3686 1112 3742 Constantinus
1133 3684 1308 3757 Syrus
1337 3693 1489 3755 patre
1547 3685 1640 3739 Jo-

112 3768 263 3840 hanne,
286 3791 330 3830 a.
363 3777 410 3844 7,
440 3778 494 3832 d.
527 3778 601 3833 15
626 3778 806 3849 (Gesta
835 3795 887 3848 p.
917 3777 1033 3848 B.).

165 3861 319 3932 [ΡΑυι.
347 3867 491 3926 Duc.
520 3885 603 3935 vr,
634 3868 751 3941 46.]
784 3869 863 3922 Eo
890 3870 959 3902 ’⁸⁵
993 3876 1236 3939 tempore
1277 3882 1408 3938 gens
1445 3867 1640 3923 Sarra-

111 3966 314 4010 cenorum
337 3959 530 4028 in_loco
555 3946 650 4030 qui
677 3959 891 4030 Septem
915 3961 1114 4018 dicitur
1139 3977 1202 4015 ex
1225 3959 1426 4016 Aﬂ'rica
1456 3969 1638 4016 trans-

111 4041 344 4104 fretrautes
393 4050 716 4121 Hispaniam
740 4053 1076 4118 invaserunt,
1121 4060 1176 4106 et
1196 4061 1323 4121 post
1359 4053 1426 4106 10
1458 4067 1636 4108 annos

112 4146 203 4188 cum
223 4140 462 4197 uxoribus
483 4151 539 4197 et
583 4141 709 4196 filiis
734 4141 1088 4212 Aquitaniam
1155 4142 1412 4212 ingressi,
1436 4141 1636 4196 Carolo

112 4238 204 4279 cum
224 4227 425 4288 Eudone
447 4232 761 4303 Aquitania:
784 4233 1032 4303 principe
1058 4247 1222 4302 super
1248 4247 1345 4287 eos
1367 4233 1632 4299 irruente,

110 4312 187 4368 570
202 4321 326 4375 milia
353 4339 380 4377 a
404 4324 633 4380 Francis
661 4332 939 4394 perempta
983 4331 1133 4390 sunt,
1162 4340 1229 4379 ex
1253 4323 1480 4380 Francis
1501 4337 1633 4378 vero

110 4406 219 4464 nlille
236 4414 498 4485 quingenti
531 4424 742 4471 tantum
779 4415 1112 4471 ceciderunt.
1135 4415 1291 4471 Eudo
1310 4431 1531 4486 quoque
1555 4415 1633 4470 ir-

110 4511 235 4554 ruens
259 4519 407 4573 super
427 4522 522 4562 eos
547 4506 666 4576 pari
717 4507 880 4561 modo
915 4507 1119 4562 multos
1144 4507 1437 4572 interemit,
1469 4515 1524 4562 et
1544 4506 1629 4563 fn-
1663 4527 1707 4580 ι)

108 4587 267 4653 Sientes
288 4596 567 4653 Sarraceni
608 4615 734 4654 cum
776 4597 946 4652 nimio
967 4598 1208 4652 exercitu
1236 4596 1628 4654 Constantino-

109 4679 234 4742 polim
249 4686 466 4743 triennio
489 4689 845 4743 obsederunt.

156 4768 702 4847 [Benmﬂustinianus
751 4779 918 4849 igitur
959 4793 1123 4848 quem
1165 4779 1419 4848 superius
1460 4795 1630 4850 regno

107 4859 325 4923 privatum
349 4869 608 4933 diximus,
632 4871 837 4924 auxilio
861 4870 1092 4924 Tcrbelli
1136 4869 1497 4940 Vulgarorum
1539 4885 1627 4925 re-

108 4948 168 5014 gis
186 4969 383 5024 regnum
419 4961 688 5030 recipiens
731 4960 764 5014 6
789 4962 947 5015 annis
1003 4961 1197 5027 tenuit,
1223 4969 1280 5014 et
1307 4960 1508 5016 occidit
1531 4976 1628 5015 eos

109 5043 312 5102 Patricios
347 5051 438 5119 qui
475 5065 536 5105 se
574 5051 916 5119 expulerant,
940 5060 995 5106 et
1044 5050 1279 5107 Leonem
1319 5052 1412 5120 qui
1448 5053 1628 5106 locum

109 5128 196 5194 eius
215 5149 572 5208 usurpaverat,
604 5149 659 5195 et
686 5156 1062 5196 successorem
1115 5141 1313 5196 Leonis
1340 5141 1629 5212 Tyberium

109 5221 177 5284 illi
198 5238 252 5278 eo
270 5227 330 5282 de
353 5245 521 5301 regno
549 5231 780 5300 ejectum
807 5232 859 5285 in
884 5232 1134 5286 custodia
1162 5239 1428 5287 tenuerat.
1469 5231 1606 5286 Galli

110 5323 202 5367 cum
219 5331 330 5373 vero
350 5323 714 5390 patriarcbam
741 5323 911 5378 erutis
931 5323 1106 5378 oculis
1130 5323 1279 5378 misit
1301 5322 1554 5388 Romam,
1578 5333 1631 5378 et

109 5400 220 5458 dedit
257 5410 616 5482 episcopatum
647 5413 790 5484 Cyro
808 5414 901 5483 qui
923 5422 1041 5468 erat
1069 5414 1238 5468 abbas
1265 5414 1320 5468 in
1355 5414 1531 5469 Ponto
1580 5427 1634 5470 et

107 5504 200 5549 eum
227 5500 422 5557 exulem
461 5503 687 5560 aluerat.
724 5503 821 5559 Hic
865 5504 1284 5560 Constantinum
1321 5520 1515 5576 papam
1563 5508 1632 5562 ad

1666 3181 1710 3241 C

1757 569 2032 624 dominica
2054 572 2253 628 missas
2286 588 2412 629 eum
2467 575 2571 630 sibi
2599 577 2798 647 jubens
2847 580 3048 652 facere,
3101 603 3345 648 commu-

1757 658 1978 714 nionem
2024 662 2090 716 de
2135 679 2302 719 manu
2337 665 2457 735 ejus
2485 668 2808 739 susciperet,
2845 673 2972 730 etin
3024 685 3171 733 terra
3213 696 3342 750 pro-

1756 759 1962 806 stratus
2007 768 2106 822 pro
2133 755 2248 809 suis
2303 758 2540 825 peccatis
2571 775 2695 814 eum
2743 761 3076 822 intercedere
3119 785 3339 842 rogans,

1754 850 1949 896 cuncta
1979 845 2221 900 ecclesiae
2260 848 2540 914 privilegia
2565 863 2870 908 renovaret.
2906 856 3010 922 Qui
3036 875 3160 917 cum
3183 877 3341 916 exer-

1754 930 1924 986 citum
1955 933 2011 988 in
2069 932 2305 994 Pontum
2365 939 2605 996 mitteret
2657 945 2724 998 ad
2767 949 3338 1015 comprehendendum

1751 1023 2114 1097 Philippicum
2137 1045 2298 1100 quem
2325 1029 2400 1086 ibi
2423 1033 2744 1104 religaverat
2795 1039 3118 1107 prohibente
3174 1061 3336 1115 papa,

1750 1132 2050 1175 conversus
2085 1121 2360 1177 exercitus
2384 1122 2749 1194 Philippicum
2783 1127 3332 1203 fecitimperatorem,

1751 1223 2115 1279 reversusque
2164 1228 2289 1267 cum
2333 1228 2399 1268 eo
2441 1214 3006 1288 Constantinopolim,
3078 1228 3340 1295 pugnavit

1750 1308 1942 1354 contra
1969 1299 2360 1370 Justinianum,
2385 1312 2440 1358 et
2466 1305 2612 1361 victo
2630 1323 2696 1362 eo
2722 1315 2885 1379 atque
2899 1312 3083 1368 occiso
3109 1331 3337 1386 regnum

1751 1391 2010 1460 suscepit,
2049 1393 2196 1462 quod
2221 1395 2400 1449 tenuit
2424 1411 2476 1451 a.
2513 1396 2538 1450 1
2564 1405 2618 1452 et
2651 1415 2725 1453 m.
2753 1398 2806 1453 6.

1819 1486 2009 1560 [Ano.]
2042 1489 2186 1557 _Quo
2231 1493 2302 1524 ²⁰⁶
2325 1493 2380 1548 in
2419 1503 2663 1565 tempore
2696 1497 2970 1555 Deodatus
3011 1501 3336 1563 Viennensis

1748 1579 2039 1650 episcopus
2070 1582 2297 1639 ﬂorebat
2320 1585 2405 1640 vir
2435 1603 2645 1658 magna:
2680 1590 3052 1659 parsimoniae,
3091 1595 3180 1648 cui
3217 1613 3337 1651 suc-

1747 1672 1915 1725 cessit
1941 1671 2290 1742 Blidrannus,
2335 1685 2389 1731 et
2417 1678 2468 1732 ei
2517 1680 2781 1735 successit
2812 1680 3015 1738 Coldus
3043 1683 3333 1755 cpiscopus

1748 1762 1842 1831 qui
1863 1771 1917 1816 et
1948 1762 2310 1821 Viennensem
2333 1769 2620 1824 ecclesiam
2641 1772 2806 1827 rebus
2828 1773 3012 1838 auxit;
3057 1773 3160 1831 fuit
3188 1777 3336 1830 enim

1747 1852 1922 1908 afﬁnis
1949 1855 2168 1925 regibus
2218 1856 2576 1914 Francorum.
2630 1860 2905 1918 Successit
2933 1864 2980 1916 ei
3012 1863 3331 1934 Bobolinus,

1742 1950 1797 1997 et
1825 1944 1956 1999 huic
1975 1944 2373 2004 Austrobertus
2399 1950 2485 2003 vir
2504 1958 2762 2008 strenuus
2788 1961 2843 2007 et
2873 1954 3090 2009 nobilis.

1813 2032 1996 2105 (Gesta
2019 2052 2072 2103 p.
2099 2036 2190 2106 R.)
2214 2037 2313 2093 Hic
2336 2039 2700 2096 Constantino
2745 2059 2899 2114 papa:
2946 2045 3156 2102 litteras
3181 2049 3333 2116 pravi

1739 2124 2012 2196 dogmatis
2042 2129 2212 2196 misit,
2274 2147 2412 2199 quas
2450 2132 2536 2186 ille
2584 2132 2793 2201 judicio
2828 2137 3143 2204 apostolicae
3187 2138 3333 2194 sedis

1740 2217 1969 2285 respuit,
1999 2220 2297 2291 statuitque
2318 2223 2550 2292 populus
2570 2223 2870 2291 Romanus,
2894 2242 2963 2280 ne
2985 2227 3206 2282 heretici
3228 2227 3333 2282 im-

1741 2309 2011 2376 peratoris
2036 2325 2235 2366 nomen
2270 2320 2364 2367 aut
2385 2321 2568 2369 cartas
2590 2323 2685 2369 aut
2707 2315 2936 2386 figuram
2968 2318 3127 2372 solidi
3157 2319 3334 2374 susci-

1741 2407 1910 2467 peret.
1943 2397 2096 2455 Unde
2120 2418 2218 2456 nec
2239 2403 2359 2472 ejus
2380 2404 2584 2475 effigies
2607 2406 2662 2460 in
2710 2407 2997 2464 ecclesiam
3026 2408 3332 2464 introducta

1739 2498 1842 2555 est,
1875 2506 1976 2544 nec
2000 2507 2199 2546 nomen
2223 2494 2289 2548 ad
2335 2496 2631 2551 missarum
2669 2498 2970 2568 solempnia
3018 2499 3328 2554 recitatum.

1739 2578 1799 2633 In
1825 2589 2068 2650 tempore
2090 2584 2209 2652 ejus
2239 2583 2566 2642 Anastasius
2587 2588 2835 2658 regnavit
2855 2589 3014 2645 annis
3038 2590 3092 2656 '5,
3125 2599 3179 2645 et
3203 2590 3333 2644 Phi-

1740 2669 1969 2740 lippium
1993 2683 2213 2742 captum
2262 2677 2440 2731 oculis
2471 2677 2704 2745 privavit
2734 2693 2836 2733 nec
2865 2679 3086 2735 occidit.
3112 2678 3330 2752 [8mm]

1741 2757 1842 2814 Hic
1868 2759 2232 2816 Constantino
2258 2778 2410 2832 papa:
2431 2765 2643 2819 litteras
2677 2765 2846 2831 misit,
2875 2766 3075 2838 quibus
3121 2782 3180 2822 se
3203 2765 3330 2821 faus-

1740 2856 1915 2904 torem
1940 2851 2223 2906 catholicae
2253 2854 2398 2920 fidei,
2425 2863 2481 2909 et
2503 2864 2706 2910 sanctae
2733 2855 2786 2910 6.
2821 2857 3012 2927 synodi
3062 2859 3330 2927 praedura--

1737 2947 1914 2993 torem
1940 2955 2063 2996 esse
2083 2942 2289 2997 docuit.
2317 2943 2450 2998 Post
2473 2943 2901 3002 Constantinum
2943 2947 3238 3020 Gregorius
3262 2949 3326 3008 ll.

1741 3027 2024 3086 Romanus
2049 3048 2079 3086 a
2110 3033 2274 3088 Petro
2302 3035 2391 3100 92,
2421 3044 2573 3104 patre
2626 3035 2882 3092 Marcello
2931 3039 3092 3106 sedit,
3129 3055 3182 3098 a.
3238 3042 3330 3108 16,

1739 3137 1816 3176 ιη.
1849 3122 1902 3188 9,
1927 3123 1981 3178 d.
2020 3124 2106 3179 l2.
2142 3125 2323 3194 (Gesta
2350 3143 2403 3196 ρ.
2435 3126 2526 3195 R.)
2579 3127 2876 3184 Constituit
2922 3138 2981 3184 ut
3012 3130 3069 3184 in
3094 3132 3333 3200 quadra-

1741 3211 1948 3280 gesima
1970 3212 2023 3267 5.
2058 3211 2190 3269 feria
2210 3214 2480 3284 jejunium
2506 3215 2686 3286 fleret,
2735 3219 2882 3287 quod
2929 3229 3090 3276 antea
3115 3237 3226 3280 non
3245 3223 3336 3278 fie-

1739 3301 1853 3368 bat,
1875 3311 1929 3357 et
1957 3304 2254 3360 missarum
2281 3307 2645 3362 celebritates.
2676 3307 2896 3382 [Βεω.]
2921 3309 3055 3380 Ejus
3089 3312 3336 3367 admoni-

1741 3393 1888 3448 tione
1910 3393 2283 3452 Liutbrandus
2317 3413 2412 3452 rex
2439 3397 2924 3468 Langobardorum
2975 3402 3324 3460 donationem

1738 3484 2053 3553 patrimonii
2079 3486 2296 3557 Alpium
2321 3504 2488 3559 quam
2529 3488 2962 3553 Hereberechtus
2984 3509 3080 3549 rex
3125 3493 3332 3554 fecerat

1739 3583 1794 3630 et
1818 3576 1909 3630 ille
1937 3579 2250 3646 repetierat,
2289 3581 2533 3635 secundo
2575 3581 2938 3642 confirmavit.
2976 3583 3132 3641 Tunc
3159 3586 3334 3656 pluri-

1738 3681 1857 3721 mas
1884 3665 2136 3723 Scotticaa
2171 3670 2350 3740 gentis
2384 3671 2694 3739 provincias
2724 3672 3028 3729 Ecltbertus
3068 3677 3153 3731 vir
3201 3693 3333 3736 sanu-

1738 3764 1859 3812 ctus
1874 3757 1940 3812 de
1956 3766 2116 3828 gente
2143 3758 2445 3830 Anglorum
2475 3761 2543 3816 ad
2597 3763 2920 3822 canonicam
2963 3767 3181 3836 paschae
3230 3767 3330 3829 ob.-

1738 3848 2067 3907 servantiam
2098 3849 2186 3920 pia
2220 3849 2607 3922 praedicatione
2634 3856 2902 3912 convertit
2945 3873 3090 3912 armo
3114 3859 3183 3916 ab
3214 3859 3324 3918 inc,

1737 3935 1894 3992 Dom.
1922 3937 2044 3994 717.

1807 4046 2151 4105 Theodosius
2175 4051 2341 4122 igitur
2361 4054 2566 4110 electus
2602 4055 2658 4108 in
2693 4055 3080 4126 imperatorem
3104 4073 3158 4120 ο.
3191 4058 3312 4113 708.

1735 4141 2085 4197 Anastasium
2119 4145 2261 4213 apud
2298 4143 2519 4199 Niceam
2551 4146 2702 4216 gravi
2720 4148 2908 4217 praelio
2929 4149 3079 4212 vicit,
3119 4158 3173 4204 ct
3198 4150 3328 4203 dato

1735 4227 1838 4280 sibi
1869 4236 2214 4282 sacramento
2250 4229 2509 4286 clericum
2538 4232 2659 4286 fieri
2710 4242 2765 4287 et
2786 4236 3166 4306 presbyterum
3193 4236 3326 4292 fecit

1734 4317 1998 4372 ordinari.
2025 4317 2290 4387 Regnavit
2320 4335 2371 4373 a.
2405 4322 2455 4385 1,
2478 4329 2674 4376 etcum
2714 4332 2860 4378 esset
2911 4327 3237 4394 catholicus,
3271 4328 3329 4383 in

1731 4407 1880 4477 regia
1911 4408 2049 4461 urbe
2080 4407 2371 4479 imaginem
2411 4411 2559 4465 illam
2588 4411 2642 4466 in
2674 4427 2782 4482 qua
2824 4424 3025 4470 sancta:
3059 4417 3092 4470 6
3133 4419 3328 4490 synodi

1731 4505 1888 4550 erant
1914 4496 2139 4566 depicta:
2161 4505 2217 4552 et
2251 4514 2281 4553 a
2310 4498 2614 4570 Philippica
2648 4500 2867 4558 fuerant
2894 4505 3116 4576 dejectae
3146 4507 3327 4578 pristi-

1732 4602 1805 4640 no
1837 4586 1890 4640 in
1926 4587 2046 4642 loco
2090 4589 2280 4643 erexit.
2337 4589 2474 4646 Post
2506 4607 2633 4647 eum
2681 4593 2970 4664 imperavit
3019 4596 3130 4653 Leo
3181 4615 3326 4656 anno

1734 4675 1856 4742 709,
1891 4679 2052 4733 annis
2075 4679 2162 4733 26.

1799 4787 1993 4861 [Pium
2031 4789 2204 4862 Duc.]
2253 4790 2353 4846 Hic
2395 4794 2463 4844 ’97
2509 4803 2823 4848 sanctorum
2855 4795 3119 4866 imagines
3150 4813 3320 4867 nepo-

1731 4879 1842 4932 suit
1865 4887 1920 4933 et
1950 4879 2206 4946 incendit,
2240 4891 2295 4937 et
2324 4883 2571 4940 Romano
2598 4885 2838 4955 pontifici
2887 4887 2934 4941 si
2975 4903 3130 4942 suam
3161 4891 3323 4946 vellet

1734 4970 1934 5026 habere
1960 4972 2189 5041 gratiam
2207 4975 2501 5030 mandavit.
2529 4976 2686 5042 Quod
2709 4976 2951 5047 pontifex
2970 4984 3316 5052 contempsit.

1733 5057 2045 5132 Omnesque
2085 5065 2284 5120 talibus
2323 5065 2495 5135 jussis
2528 5083 2638 5122 uno
2665 5069 2849 5122 animo
2874 5071 3212 5138 restiterunt,
3267 5083 3324 5128 et

1733 5151 1841 5206 nisi
1887 5167 1983 5208 eos
2033 5155 2276 5224 pontifex
2312 5157 2447 5226 ipse,
2472 5157 2723 5213 videlicet
2745 5159 3040 5230 Gregorius
3064 5161 3151 5228 IV,
3190 5179 3321 5233 pro-

1734 5241 2045 5310 hibuisset,
2102 5246 2487 5314 imperatorem
2548 5263 2712 5317 super
2775 5266 2833 5303 se
2882 5253 3317 5310 constituissent.

1713 5331 1908 5399 .Quem
1939 5343 2122 5389 tamen
2146 5346 2334 5405 postea
2369 5353 2508 5406 papa
2542 5338 2811 5408 deposuit.
2841 5341 3147 5399 Germanus
3168 5343 3318 5400 Con-

1736 5426 2256 5495 stantinopolitanus
2285 5429 2597 5497 patriarcha
2626 5434 2801 5487 errori
2829 5433 3178 5504 imperatoris
3207 5453 3320 5494 non

1732 5515 2100 5581 consentiens,
2139 5531 2171 5570 a
2215 5518 2342 5574 sede
2365 5521 2558 5590 pulsus
2579 5529 2680 5578 est.
2726 5521 3012 5582 Sarraceni
3043 5543 3171 5584 cum
3202 5545 3323 5584 ma-

1349 5639 1580 5695 VABle
1621 5643 2020 5704 LECTIONES.

161 5743 217 5773 ’“
243 5745 313 5799 Eo
334 5751 744 5806 —obsedernnt
777 5753 829 5804 in
860 5769 1026 5822 marg.
1104 5755 1172 5785 ¹⁰⁶
1197 5753 1316 5820 Quo
1345 5787 1406 5794 —
1440 5756 1637 5814 nobilis
1679 5757 1734 5812 in
1767 5775 1936 5830 marg.
2017 5760 2086 5794 ²⁰⁷
2131 5759 2231 5817 Hic
2252 5791 2323 5803 -—
2344 5763 2536 5835 pulsus
2567 5767 2725 5821 estin
2759 5782 2928 5836 matg.

372 5841 647 5902 Parnon.
697 5845 902 5910 CLIV.

2961 5857 2998 5920 τι
