3932 6298
607 319 709 374 itif

1598 313 1898 370 IIUGONIS
1933 309 2226 366 ABBATIS
2259 310 2822 368 FLAVINIACENSIS

3752 319 3834 374 108

609 451 718 504 gno
767 431 1008 488 exercitu
1043 426 1569 499 Constantinopolim
1616 427 1916 492 venientes,
1954 425 2190 482 triennio
2217 429 2263 485 Α
2289 427 2486 483 deunte
2505 437 2682 484 cetera
2715 429 2867 500 regni
2923 428 3144 499 negocia
3198 427 3375 500 major
3393 429 3587 488 domus
3621 431 3831 490 admini-

609 527 886 581 civitatem
919 523 1192 589 obsident,
1239 522 1332 576 sed
1363 520 1570 575 civibus
1600 519 1770 574 multa
1826 520 2084 575 instantia
2119 519 2187 574 ad

606 619 776 674 Deum
789 616 1181 672 revertentibus
1195 612 1407 684 plurimi
1419 626 1607 665 eorum
1620 610 1783 677 fame,
1797 611 2016 682 frigore,
2031 611 2190 680 pesti-

606 710 770 780 gentia
792 708 1091 779 perierunt,
1119 705 1263 760 etsic
1277 702 1472 773 pertesi
1489 703 1832 758 obsidionem
1851 703 2184 772 relinquunt.

2291 519 2515 574 strabat.
2543 513 2680 573 Orat
2708 534 2837 589 ergo
2861 519 3077 574 decerni
3096 519 3222 588 sibi,
3248 521 3372 591 quis
3387 536 3574 577 eorum
3599 539 3690 578 rex
3704 523 3832 594 juste

2287 608 2549 663 debeatur
2577 609 2684 664 dici
2718 618 2772 664 et
2797 626 2939 676 esse,
2965 610 3013 666 is
3041 611 3136 682 qui
3177 611 3322 666 domi
3349 629 3574 669 securus
3615 616 3828 681 sedebat,

2287 715 2356 754 an
2379 700 2465 755 ille
2500 700 2594 770 qui
2625 717 2812 755 curam
2843 702 2994 773 regni
3019 711 3074 758 et
3101 717 3293 759 omnes
3318 704 3594 760 molestias
3623 707 3829 762 sustine-

604 798 734 857 Iude
762 799 1122 871 Vulgarorum
1159 804 1371 868 gentem
1421 795 1724 865 pecierunt,
1759 811 1789 850 a
1818 796 2016 866 quibus
2059 795 2187 850 victi
2285 791 2397 846 bat.
2427 791 2719 848 Zacharias
2739 808 2804 847 ex
2827 795 3150 850 auctoritate
3179 796 3476 865 apostolica
3499 798 3715 852 mandat
3743 815 3824 868 po-

605 908 772 952 naves
801 906 928 948 suas
954 889 1302 958 repeticrunt.
1360 884 1466 941 Sed
1509 902 1634 941 cum
1661 887 1770 941 alta
1808 896 2069 956 peterent,
2097 888 2184 942 in-
2229 931 2232 934 .

603 987 1169 1052 gruentettempestate
1225 977 1498 1032 submersi
1547 986 1692 1032 sunt.
1735 977 1886 1033 Intus
1919 979 1989 1010 ²⁰⁸
2034 977 2182 1032 Con-

603 1070 1006 1139 stantinopolim
1055 1085 1183 1123 vero
1228 1076 1470 1122 trecenta
1515 1068 1666 1122 milia
1697 1070 1980 1123 hominum
2012 1069 2180 1138 pesti-

600 1163 760 1216 lentia
793 1159 1089 1228 perierunt.
1122 1158 1496 1214 Liutbrandus
1516 1159 1756 1213 audiens
1809 1160 1954 1228 quod
1985 1158 2182 1214 Sarra~

596 1251 715 1304 ceni
737 1250 855 1303 loca
917 1250 1006 1304 illa
1045 1249 1312 1315 fedarent,
1357 1249 1448 1303 ubi
1505 1264 1630 1303 ossa
1675 1250 1848 1304 sancti
1890 1249 2180 1320 Augustini

596 1341 724 1394 olim
755 1351 976 1410 propter
1002 1340 1263 1394 barbaros
1294 1340 1557 1394 translata
1583 1348 1636 1393 et
1649 1340 1942 1395 honoriﬁce
1964 1341 2181 1402 condita

595 1429 836 1499 fuerant,
875 1431 1046 1497 misit,
1097 1439 1150 1486 et
1174 1431 1300 1485 dato
1363 1445 1561 1500 magno
1604 1431 1795 1500 pretio,
1834 1431 2083 1487 Ticinum
2114 1449 2177 1490 ea

595 1537 721 1575 cum
748 1523 953 1576 honore
1001 1522 1184 1576 debito
1233 1522 1524 1576 transtulit.
1557 1521 1851 1594 Gregorius
1885 1523 1950 1576 III
1984 1523 2175 1596 Syrus,

596 1622 749 1681 patre
777 1612 1006 1679 Joanne,
1031 1613 1167 1668 sedit
1201 1629 1253 1667 a.
1294 1614 1380 1679 10,
1412 1630 1485 1667 m.
1512 1613 1566 1680 8,
1592 1614 1646 1668 d.
1673 1615 1763 1670 25.
1794 1614 1975 1686 (Gesta
2002 1635 2055 1687 p.
2083 1617 2172 1688 Β.)

596 1705 695 1760 I-Iic
717 1702 786 1737 ¹⁰⁹
809 1707 1045 1760 removit
1068 1705 1298 1761 Romam
1329 1716 1382 1760 et
1404 1706 1610 1760 Italiam
1640 1705 1903 1775 etIomnia
1954 1716 2064 1762 tam
2092 1709 2169 1762 rei

2284 884 2413 955 pulo
2435 883 2791 950 Francorum,
2834 893 2896 940 ut
2927 885 3208 956 Pippinus,
3254 887 3348 956 qui
3403 896 3667 957 potestate
3701 892 3822 960 regia

2285 977 2555 1043 utebatur,
2602 976 2838 1031 nominis
2893 993 3110 1047 quoque
3158 979 3417 1048 dignitate
3441 978 3722 1035 frueretur.
3761 980 3822 1034 Ita

2282 1064 2585 1121 Hildericus
2613 1066 2840 1121 ultimus
2861 1082 2955 1121 rex
2983 1068 3049 1122 de
3092 1068 3261 1138 stirpe
3311 1067 3726 1138 Mervingiorum
3747 1071 3822 1124 de-

2280 1158 2494 1228 positus
2515 1165 2571 1212 et
2593 1157 2650 1212 in
2685 1144 3079 1214 monasterium
3111 1167 3298 1216 trusus
3325 1168 3427 1214 est.
3461 1158 3717 1228 Pippinus
3746 1176 3823 1214 ve-

2278 1261 2342 1302 ro
2365 1248 2419 1302 in
2444 1247 2660 1302 civitate
2701 1247 3039 1304 Suessanum
3062 1265 3093 1304 a
3118 1259 3308 1305 sancto
3337 1248 3629 1304 Bonefacio
3671 1250 3821 1304 archi-

2276 1340 2532 1410 episcopo
2567 1340 2621 1394 in
2645 1353 2826 1411 regem
2853 1354 3052 1396 unctus
3074 1341 3224 1412 regni
3246 1349 3330 1396 est
3352 1341 3564 1396 honore
3589 1340 3817 1395 sublima-

2275 1435 2384 1482 tus.

2345 1517 2492 1573 Obiit
2525 1518 2595 1551 ἰδ
2622 1517 2916 1578 Zacharias
2968 1529 3106 1593 papa
3148 1519 3275 1578 Idus
3317 1518 3519 1588 Martii,
3553 1520 3818 1576 indictione

2273 1611 2464 1681 quinta
2489 1611 2670 1683 (Gesta
2694 1630 2747 1683 p.
2786 1613 2876 1685 R).

2346 1700 2610 1758 Defuncto
2630 1704 2699 1735 ἰδ
2744 1712 2926 1760 autem
2972 1705 3028 1760 in
3084 1703 3307 1760 Christo
3348 1703 3666 1760 beatissimo
3702 1717 3812 1774 papa

594 1797 823 1872 publica:
855 1813 1018 1866 quam
1042 1798 1424 1852 ecclesiastica:
1451 1797 1574 1867 jura
1604 1797 1658 1850 in
1688 1768 1961 1866 Hesperiis
1997 1799 2168 1868 parti-
2201 1768 2244 1829 Β
2273 1791 2536 1848 Zacharia
2574 1794 2812 1850 Romani
2860 1796 3138 1866 elegerunt
3181 1796 3519 1866 Stephanum
3578 1768 3811 1865 quendam

593 1888 694 1941 bus
724 1888 792 1940 ab
819 1887 1125 1942 obedientia
1148 1886 1346 1942 Leonis
1368 1895 1420 1942 et
1448 1887 1660 1957 imperii
1689 1888 1793 1944 sub
1817 1903 1883 1942 eo
1909 1890 2173 1944 constitu-

591 1979 652 2039 ti.
686 1971 855 2045 (Hist.
896 1977 1075 2049 Μίδα.)
1103 1977 1209 2034 Sed
1233 1988 1286 2034 et
1317 1978 1577 2046 Joannes,
1628 1994 1738 2035 non
1781 1995 1916 2050 papa
1945 1989 2040 2035 aut
2060 1982 2172 2051 epi-

591 2084 810 2138 scopus,
843 2069 938 2124 sed
967 2070 1273 2124 monachus
1307 2079 1363 2124 et
1385 2071 1668 2141 presbyter
1713 2071 2083 2127 Damascenus
2119 2082 2172 2127 et

589 2161 781 2215 doctor
808 2161 1070 2230 optimus,
1091 2161 1344 2216 eumdem
1372 2159 1609 2215 Leonem
1637 2178 1762 2216 cum
1791 2160 2027 2218 Orientis
2052 2163 2168 2233 epi-

591 2249 769 2318 scopis
795 2249 1232 2316 anatbemizavit,
1262 2250 1525 2320 scriptum
1559 2251 1614 2304 in
1646 2250 1892 2306 Romana
1942 2253 2169 2308 historia

589 2336 729 2392 libro
753 2335 940 2392 XXIII.
969 2336 1114 2394 Obiit
1129 2338 1238 2394 Leo
1263 2355 1407 2396 anno
1449 2341 1520 2398 ab
1550 2342 1926 2399 incarnatione
1952 2343 2168 2399 Domini

594 2426 720 2483 755.

657 2563 789 2621 Post
816 2565 887 2597 ἰθ
912 2565 1151 2622 Leonem
1180 2569 1419 2638 suscepit
1461 2567 1747 2639 imperium
1775 2567 2166 2626 Constantinus

585 2656 788 2726 impius
816 2672 961 2712 anno
986 2658 1055 2712 ab
1078 2657 1184 2714 inc.
1213 2659 1368 2714 Dom.
1400 2660 1522 2727 756,
1549 2661 1706 2731 cujus
1741 2661 1893 2732 regni
1916 2676 2081 2718 anno.
2104 2703 2118 2718 .
2147 2703 2160 2718 .

583 2749 651 2780 ¹¹¹
689 2747 998 2818 Stephanus
1023 2765 1162 2820 papa
1189 2750 1477 2807 Frauciam
1504 2753 1686 2819 venit;
1715 2754 1961 2825 regnavit
1981 2763 2163 2810 autem

583 2855 633 2893 a.
667 2840 764 2906 43;
793 2849 848 2894 et
876 2842 1141 2896 successit
1169 2841 1278 2896 Leo
1304 2843 1448 2897 ﬁlius
1471 2843 1590 2913 ejus
1611 2858 1754 2898 anno
1779 2845 1847 2898 ab
1869 2845 1976 2900 inc.
2002 2845 2158 2901 Dom.

584 2930 716 2995 770;
750 2932 995 3000 regnavit
1028 2948 1078 2986 a.
1105 2933 1158 2999 5,
1186 2933 1239 2986 d.
1274 2932 1306 2986 6
1342 2935 1545 3000 minus,
1577 2941 1632 2988 et
1657 2936 1925 2990 successit
1950 2934 2162 3007 llyrene

584 3036 710 3075 cum
756 3020 869 3076 filio
935 3020 1302 3078 Constantino
1343 3024 1529 3078 decem
1575 3040 1845 3079 annorum
1899 3028 1968 3058 ἰ’
2009 3042 2162 3081 .uxor

581 3109 929 3166 Constantini
954 3113 1274 3183 superioris,
1301 3129 1352 3168 a.
1384 3114 1506 3169 775.
1559 3115 1746 3170 indict.
1776 3117 1861 3170 15.
1902 3117 1972 3149 ²¹³
1997 3117 2157 3174 Anno
2187 3117 2231 3180 C

583 3201 706 3269 787,
746 3203 986 3274 synodus
1016 3203 1158 3259 facta
1180 3212 1264 3260 est
1287 3205 1431 3275 apud
1466 3203 1688 3261 Niceam
1719 3207 2015 3262 indictione
2046 3209 2160 3277 pri-

580 3309 692 3359 ma,
722 3295 824 3349 sub
849 3294 1092 3350 Adriano
1139 3311 1299 3366 papa.
1337 3294 1734 3352 Constantinus
1781 3296 2020 3352 factione
2041 3315 2159 3352 ma-

580 3385 681 3440 tris
715 3401 828 3440 sua:
851 3394 1167 3455 peremptus
1199 3394 1304 3453 est,
1358 3388 1596 3457 suscepit
1643 3388 1931 3457 imperium
1955 3389 2070 3458 ipsa
2106 3405 2158 3445 a.

583 3475 707 3539 792,
735 3484 789 3530 et
816 3477 1081 3532 successit
1117 3477 1167 3531 ei
1188 3475 1527 3548 Nicephorus
1553 3493 1606 3534 a.
1635 3477 1758 3546 795,
1785 3486 1841 3534 et
1862 3480 1911 3533 ei
1942 3495 2161 3535 succes-

580 3567 653 3620 sit
683 3565 982 3623 Michaela.
1024 3567 1158 3636 804,
1184 3576 1238 3622 et
1257 3569 1306 3623 ei
1333 3569 1599 3624 successit
1619 3569 1732 3625 Leo
1772 3569 1941 3630 (Hist.
1977 3569 2158 3629 Μίδα.)

647 3698 794 3755 Obiit
821 3701 1117 3773 Gregorius
1140 3717 1276 3772 papa
1305 3703 1357 3757 4.
1390 3701 1661 3757 Kalendas
1682 3702 1990 3770 Decembr.,
2019 3703 2159 3758 indi-

584 3792 768 3846 ctione
791 3793 843 3859 3,
870 3793 957 3847 die
992 3793 1076 3859 lO,
1102 3794 1336 3848 cessavit
1355 3794 1701 3864 episcopatus
1723 3795 1776 3849 d.
1803 3795 1855 3848 8.
1890 3794 2072 3865 (Gesta
2101 3812 2154 3864 p.

579 3882 671 3952 R.)
710 3883 775 3936 Et
805 3893 928 3952 post
951 3900 1074 3938 eum
1097 3883 1391 3939 Zacharias
1430 3884 1634 3940 Grecus
1659 3899 1803 3939 anno
1831 3885 2160 3940 incarnatio-

581 3975 666 4029 nis
687 3973 900 4028 Domini
927 3975 1050 4040 742,
1079 3984 1232 4044 patre
1283 3975 1652 4040 Policbronio,
1694 3991 1746 4030 a.
1781 3975 1867 4041 10,
1913 3991 1987 4030 m.
2013 3976 2068 4042 5,
2097 3977 2150 4030 d.

583 4065 666 4120 14.
715 4065 874 4134 (Ann.
924 4063 1114 4136 Fuld.)
1171 4061 1324 4122 llnnc
1382 4067 1550 4121 missa
1595 4066 1863 4136 legatione
1894 4066 2155 4136 Pippinus

579 4153 754 4222 major
786 4155 980 4210 domus
1016 4155 1071 4209 in
1087 4171 1258 4228 regno
1283 4153 1622 4210 Francorum
1648 4157 1946 4226 interrogat
1967 4157 2035 4210 de
2067 4173 2153 4211 re-

577 4245 734 4315 gibus
756 4243 1088 4301 Francorum
1138 4263 1204 4301 ex
1238 4246 1459 4317 antiqua
1518 4246 1935 4318 Mervingiorum
1985 4249 2152 4317 stirpe

573 4337 1036 4405 descendentium,
1083 4339 1177 4408 qui
1223 4355 1379 4410 reges
1408 4339 1627 4408 quidem
1670 4339 2012 4405 dicebantur,
2056 4340 2150 4394 sed

2271 1885 2672 1956 presbyterum,
2700 1895 2755 1941 et
2775 1895 3128 1943 consecratus
3172 1897 3256 1942 est
3281 1902 3439 1966 papa.
3472 1885 3578 1953 Qui
3611 1901 3723 1942 cum
3743 1886 3812 1940 die

2269 1977 2430 2030 tertio
2456 1993 2487 2030 a
2513 1979 2728 2032 somnio
2757 1994 2986 2049 surgens
3007 1993 3206 2034 causas
3255 1977 3559 2034 familiares
3593 1977 3812 2047 dispone-

2270 2079 2370 2134 ret,
2420 2069 2600 2122 subita
2651 2070 2954 2139 egritudine
2991 2085 3287 2140 percussus
3332 2069 3626 2135 obmutuit,
3673 2079 3720 2123 et
3741 2068 3810 2122 die

2269 2157 2517 2226 sequenti
2540 2166 2790 2214 mortuus
2817 2167 2921 2213 est.

2338 2246 2498 2300 Anno
2521 2247 2589 2300 ab
2617 2247 2724 2302 inc.
2754 2247 2911 2303 Dom.
2945 2247 3070 2313 7.52,
3095 2246 3392 2304 indictione
3415 2249 3469 2313 5,
3490 2253 3810 2302 concurrente

2269 2335 2320 2403 1,
2348 2346 2536 2406 epacta
2561 2337 2613 2404 6,
2646 2336 2958 2408 Stephanus
2997 2339 3299 2406 Romanus,
3352 2350 3508 2408 patre
3532 2337 3808 2394 Constanti-

2267 2438 2359 2492 no,
2391 2427 2531 2481 sedit
2557 2426 2744 2482 Romae
2775 2444 2826 2482 a.
2856 2429 2909 2494 5,
2934 2428 2988 2482 d.
3013 2428 3084 2482 29
3122 2427 3291 2501 (Hist.
3337 2428 3543 2500 Nisa).
3596 2428 3687 2484 Hic
3715 2441 3808 2498 pro-

2265 2525 2385 2585 pter
2412 2515 2815 2572 infestationem
2844 2517 3060 2574 Aistulti
3094 2520 3238 2590 regis
3260 2519 3728 2592 Langobardorum
3753 2517 3804 2570 ad

2264 2605 2552 2675 Pippinum
2587 2608 2736 2664 venit
2797 2611 2853 2664 in
2891 2608 3140 2678 Francia,
3171 2618 3225 2664 et
3252 2613 3539 2665 constituit
3566 2625 3681 2664 eum
3721 2607 3804 2660 Ro-

2265 2710 2441 2753 manae
2463 2699 2706 2755 ecclesia:
2728 2700 3072 2755 defensorem
3103 2709 3158 2755 et
3177 2701 3508 2770 principem,
3555 2711 3606 2755 et
3654 2713 3804 2754 conse-

2264 2790 2436 2847 cravit
2468 2805 2592 2845 eum
2618 2807 2820 2862 regem.
2848 2791 2988 2862 (Fol.
3016 2791 3130 2860 59.)
3149 2789 3227 2844 Ex
3257 2801 3387 2846 tunc
3418 2792 3597 2846 ablata
3626 2799 3698 2845 est
3715 2788 3800 2841 Ro-

2264 2894 2351 2934 ma
2375 2897 2407 2936 a
2433 2882 2770 2952 subjectione
2793 2881 3006 2952 imperii
3032 2883 3352 2937 Grecorum.
3409 2883 3550 2950 Quia
3585 2899 3698 2953 ergo
3712 2881 3799 2950 jam

2262 2971 2374 3026 Deo
2403 2973 2638 3029 donante
2661 2973 2727 3028 ad
2763 2974 2816 3027 id
2853 2974 3098 3028 locorum
3119 2973 3462 3041 devenimus,
3487 2985 3547 3029 ut
3573 2975 3636 3028 de
3661 2973 3799 3026 Frano

2261 3079 2451 3119 corum
2479 3065 2696 3136 regibus
2721 3064 3161 3135 prosequendum
3208 3065 3481 3132 videatur,
3535 3073 3799 3134 repetamus

2262 3155 2544 3224 paululum
2581 3155 2865 3225 superiora
2891 3165 2946 3210 et
2967 3155 3168 3225 quibus
3189 3157 3532 3225 temporibus
3572 3157 3622 3210 in
3661 3153 3797 3208 Frano

2261 3261 2450 3300 eorum
2480 3254 2623 3300 terra
2656 3261 2810 3316 reges
2836 3260 3066 3318 regnare
3117 3247 3379 3315 ceperint,
3421 3247 3580 3317 quive
3613 3244 3793 3308 fuerint,

2260 3337 2341 3390 vel
2370 3337 2512 3390 unde
2532 3337 2917 3406 processerint,
2941 3345 3158 3407 patrum
3183 3337 3327 3392 dicta
3383 3346 3664 3407 sequentes
3700 3337 3795 3390 bre-

2260 3428 2397 3482 viter
2416 3428 2796 3484 dilucidemus.

2326 3519 2578 3574 Priamus
2609 3521 2678 3552 ¹¹⁶
2727 3521 2938 3590 primtts
2980 3537 3075 3576 rex
3138 3520 3504 3578 Francorum.
3543 3522 3716 3593 Frigus
3740 3519 3792 3550 "‘

2257 3607 2488 3662 Francio
2514 3611 2601 3663 “6.
2629 3609 2871 3664 Turchot
2901 3611 2989 3663 ²¹⁶.
3038 3609 3237 3666 Deinde
3268 3612 3337 3642 ²¹⁶
3368 3611 3522 3667 fuere
3542 3611 3637 3667 sub
3669 3609 3788 3664 duci-

2257 3700 2360 3754 bus
2387 3715 2560 3770 usque
2583 3701 2654 3732 ⁹⁸⁶
2683 3702 2750 3755 ad
2801 3700 3178 3756 Marcomirem
3220 3703 3419 3758 ducem
3466 3705 3535 3736 ²¹⁶
3591 3711 3788 3770 tempore

2257 3788 2567 3844 Theodosii.
2633 3789 2995 3846 Marcomirus
3057 3792 3127 3824 “°
3171 3794 3357 3864 genuit
3407 3793 3783 3849 Faramundum.

2255 3880 2448 3936 Clodio
2480 3881 2549 3912 "5
2572 3881 2718 3936 filius
2742 3883 2881 3952 ejus.
2916 3881 3283 3954 Merovingius
3313 3885 3384 3916 ²¹⁶
3418 3886 3580 3941 filius.
3609 3883 3784 3938 Childe-
3869 3915 3871 3921 ι

2255 3972 2404 4027 ricus
2425 3972 2494 4003 ²¹⁸
2523 3979 2766 4041 tempore
2791 3972 3058 4029 Mauricii.
3099 3975 3408 4033 Clodoveus
3462 3979 3532 4010 ³⁸⁸
3565 3992 3649 4031 rex
3667 3985 3775 4029 octa-
3865 4043 3867 4046 ι

2254 4079 2355 4118 vus
2381 4079 2412 4117 a
2435 4065 2613 4133 primo
2643 4063 2810 4134 (Hist.
2839 4063 3039 4119 Franc.
3069 4069 3219 4135 epit.,
3245 4083 3294 4122 c.
3321 4069 3405 4139 2.)

2324 4155 2482 4209 Anno
2506 4155 2575 4210 ab
2610 4155 2718 4209 inc.
2749 4155 2904 4210 Dom.
2938 4156 3064 4224 446,
3107 4158 3406 4214 indictione
3441 4161 3527 4226 14,
3564 4166 3724 4229 epacta
3742 4155 3779 4216 9,
3861 4187 3863 4229 π

2253 4255 2608 4300 concurrente
2635 4246 2685 4312 1,
2709 4247 3056 4316 pontificatus
3081 4248 3267 4304 domni
3301 4249 3504 4307 Leonis
3528 4250 3686 4320 Magni
3712 4263 3781 4316 pa-

2251 4348 2332 4404 pa:
2360 4351 2503 4390 anno
2527 4336 2581 4402 2,
2619 4336 2672 4390 in
2716 4335 3053 4393 Francorum
3087 4349 3230 4395 terra
3261 4357 3420 4413 reges
3466 4355 3676 4412 regnate
3715 4351 3781 4410 cc-

571 4437 684 4482 tota
722 4429 871 4498 regni
907 4437 1149 4497 potestas
1193 4429 1337 4497 apud
1389 4429 1651 4498 majorem
1677 4431 1875 4484 domus
1911 4429 2148 4482 habeba-
2183 4443 2224 4498 υ
2252 4435 2468 4493 perunt,
2499 4433 2552 4480 et
2578 4427 2789 4496 primus
2819 4443 3010 4482 eorum
3041 4432 3260 4486 nomine
3315 4432 3507 4488 Clodio
3535 4429 3779 4504 regnavit:

571 4527 683 4581 tur,
726 4527 953 4586 excepto
994 4519 1141 4586 quod
1165 4526 1330 4572 cartaa
1354 4527 1407 4572 et
1436 4519 1717 4588 privilegia
1757 4519 1902 4587 regis
1928 4519 2148 4574 nomine

573 4606 971 4671 scribebantur,
992 4613 1045 4659 et
1075 4605 1169 4674 qui
1211 4623 1302 4660 rex
1361 4607 1643 4660 dicebatur
1678 4608 1732 4660 in
1763 4606 1952 4663 Martis
1989 4623 2154 4662 cam-.

573 4713 702 4767 pum
745 4697 989 4765 plaustro
1032 4705 1217 4752 vectus
1267 4697 1606 4752 trahentibus
1657 4699 1834 4754 bobus
1895 4709 2056 4769 atque
2091 4702 2144 4754 in

573 4787 833 4841 eminenti
862 4787 1074 4855 sedens,
1105 4787 1273 4843 semel
1310 4789 1364 4842 in
1392 4804 1535 4846 anno
1567 4805 1596 4843 a
1619 4790 1819 4859 populo
1841 4792 2013 4854 visus,
2045 4808 2144 4861 pu-

574 4877 714 4930 blica
749 4877 889 4930 dona
912 4877 1260 4948 solempniter
1281 4879 1383 4934 sibi
1410 4879 1609 4947 oblata,
1643 4890 1819 4936 stante
1856 4891 1981 4936 ante
2017 4898 2143 4936 eum

575 4967 782 5034 majore
803 4967 1016 5035 domus,
1048 4977 1102 5023 et
1146 4985 1269 5039 qua:
1311 4969 1566 5039 deinceps
1609 4985 1684 5046 eo
1730 4986 1874 5025 anno
1936 4973 2144 5041 agenda

573 5067 730 5111 erant
750 5057 964 5129 populis
1003 5061 1384 5129 annunciante,
1417 5060 1467 5114 ei
1514 5060 1594 5115 sic
1623 5077 1753 5131 rege
1799 5062 2023 5118 domum
2056 5076 2143 5116 re-

2238 4514 2340 4568 .20.
2371 4515 2384 4587 [
2398 4513 2659 4588 Famam]
2699 4515 2903 4574 Deinde
2923 4516 3262 4577 Childericus
3285 4522 3431 4579 filius
3454 4522 3685 4586 Mernvei,
3705 4535 3775 4574 cx-

2252 4609 2411 4676 pulso
2441 4605 2631 4678 Egidio
2651 4608 2788 4663 duce
2809 4607 3180 4665 Romanorum
3201 4613 3268 4667 de
3288 4631 3455 4684 regno
3477 4624 3628 4684 atque
3650 4615 3777 4666 inter-

2251 4698 2414 4764 fecto,
2445 4714 2670 4768 regnum
2693 4699 2898 4754 invadit
2927 4716 3072 4754 anno
3099 4703 3168 4756 ab
3204 4703 3311 4758 inc.
3342 4704 3496 4759 Dom.
3521 4705 3635 4768 466,
3654 4711 3698 4756 et
3719 4715 3774 4752 rev

2252 4789 2504 4856 gnavita.
2533 4789 2624 4854 24,
2649 4789 2743 4858 qui
2786 4791 2972 4859 genuit
3016 4792 3188 4846 tilium
3223 4809 3289 4847 ex
3337 4793 3532 4850 Basina
3560 4794 3772 4860 Toringo-

2251 4892 2374 4930 rum
2411 4878 2596 4948 regina
2636 4879 2856 4934 nomine
2877 4879 3424 4960 Clodoveum,virum
3484 4880 3773 4940 bellicosissi-

2251 4983 2399 5022 mum
2428 4978 2482 5024 et
2501 4970 2960 5039 potentissimum,
2996 4973 3050 5026 in
3092 4973 3282 5042 primis
3339 4977 3584 5047 gentilem
3629 4981 3770 5044 postea

2249 5061 2630 5116 christianum.
2680 5061 2990 5118 Childerico
3032 5080 3164 5137 ergo
3205 5067 3463 5124 defuncto
3517 5067 3769 5123 Clodoveus

1854 5233 2088 5289 VARle
2131 5234 2529 5293 LECTIONES.

639 5410 710 5442 που
755 5409 906 5466 [mus
939 5437 1009 5448 --
1042 5409 1321 5483 perierunt
1370 5414 1426 5465 in
1477 5429 1647 5483 marg.

571 5482 636 5512 ²⁸¹
669 5496 878 5551 rasura,
909 5497 962 5532 ιη
997 5481 1149 5551 cujus
1180 5482 1333 5533 initio
1361 5481 1711 5551 distinguitur
1725 5491 1792 5551 ρ.

570 5551 638 5581 ἰδ
674 5548 818 5604 Obiit
845 5580 914 5591 —
943 5549 1050 5604 ind.
1082 5551 1132 5602 :‘i.
1162 5552 1216 5602 in
1243 5568 1407 5620 marg.

1767 5413 1837 5443 ¹⁰⁹
1863 5409 2082 5484 'Hici—
2110 5412 2214 5466 755
2245 5415 2300 5466 in
2333 5430 2502 5484 marg.

1870 5484 1938 5513 ²¹²
1963 5483 2018 5538 d.
2042 5497 2092 5536 a.
2132 5483 2510 5559 superscripta.
2591 5484 2661 5516 ¹¹³
2694 5489 2945 5559 post/tax
2976 5491 3204 5559 quinque
3234 5493 3341 5559 fere
3364 5489 3754 5559 vocabulaerastt.

1483 5554 1551 5583 "'
1605 5552 1868 5607 Defuncto
1894 5561 2238 5606 ——-mortnus
2293 5552 2467 5606 estin
2511 5571 2678 5620 marg.

2631 5415 2700 5449 “°
2733 5415 2866 5473 Post
2909 5446 2974 5457 —
3023 5422 3319 5476 suceesssit
3363 5418 3475 5476 Leo
3531 5421 3582 5474 in
3627 5430 3756 5482 marg.

2759 5557 2830 5630 Ψ
2871 5555 3397 5630 Ριτὶξὶῐιιυέήοοίειξνιιε
3441 5577 3483 5630 ει⁸
3522 5559 3677 5630 prim?
3712 5555 3753 5630 if

569 5636 736 5697 marg.
763 5628 1055 5673 atramento
1092 5621 1269 5673 eodem
1295 5613 1397 5690 qu'o
1433 5631 1624 5675 textus.
1655 5621 1823 5676 Initia
1857 5621 2117 5676 linearum
2139 5620 2229 5686 Pr,
2257 5622 2367 5688 Fri,
2401 5623 2490 5688 Fr,
2515 5613 2652 5690 Tur:
2676 5623 2830 5695 Dein,
2857 5644 2942 5692 us,
2967 5629 3091 5694 duc,
3123 5613 3230 5694 Ma,
3250 5613 3253 5614 ν
3273 5613 3391 5694 Clo,
3437 5613 3540 5697 Me:
3579 5626 3682 5690 Chi,
3707 5620 3749 5673 Cl

569 5689 794 5743 abscisa.

3821 5739 3827 5778 1

3841 5030 3843 5115 1

3821 5803 3825 5967 1

3865 4043 3867 4091 1

3861 4121 3865 4192 1

3861 4193 3863 4263 1

3859 4289 3861 4347 1

3857 4363 3859 4433 1

3855 4447 3857 4519 1

3853 4543 3855 4603 1

3849 4615 3853 4689 1

3849 4701 3851 4749 1
