3932 6298
153 350 231 403 ως]
1329 340 1663 398 CHRONICC

1775 373 1832 381 —-
1867 342 1992 397 LIB.
2031 343 2067 397 1.

3267 367 3367 422 lit)

149 458 368 518 successi;
404 458 528 531 (te).
555 459 713 511 Anno
749 459 782 513 5
832 458 982 530 regni
1020 457 1138 528 ejus
1177 457 1459 529 Syagrius,
1519 457 1671 527 ,Ἐδί-
1703 470 1746 526 Α
1777 456 2009 510 cadaver
2031 457 2285 513 exanime
2306 459 2416 515 ruit
2443 460 2579 518 flens
2603 464 2971 536 amarissime,
2997 481 3054 525 et
3085 475 3138 528 in
3162 493 3364 534 mona-

144 555 202 610 dii
232 551 573 607 Romanorum
614 550 772 605 ducis
816 549 980 615 ﬁlius,
1021 551 1164 619 apud
1199 550 1474 606 civitatem
1502 549 1669 604 Sues-

143 645 364 706 sionicam
393 643 567 697 sedem
597 641 851 707 habebat,
883 657 1049 712 super
1077 658 1242 712 quem
1267 641 1577 697 Clodoveus
1606 641 1672 694 ir-

140 744 241 797 ruit.
282 740 344 794 At
385 735 471 792 ille
515 735 710 788 elisum
763 750 993 789 cernens
1041 735 1341 790 exercitum
1388 750 1570 799 suum,
1603 733 1671 788 ad

138 834 367 888 Alaricum
402 827 698 886 Gothorum
749 842 930 897 regem
980 843 1145 882 cursu
1180 827 1354 882 veloci
1413 827 1669 882 Tolosam

138 926 407 996 perlabitur.
441 924 626 996 [Gaza
655 924 784 978 Tur.
808 935 868 990 U,
890 919 1008 991 27.]
1034 918 1140 974 Sed
1164 919 1414 974 Alaricus
1434 921 1673 989 acceptis

138 1018 253 1086 regis
271 1017 466 1071 nunciis
489 1032 611 1071 cum
643 1016 1001 1072 intentatione
1048 1012 1346 1080 minarum,
1375 1021 1435 1066 ut
1459 1012 1669 1067 Gotho-

136 1125 233 1163 rum
260 1123 367 1162 mos
388 1117 469 1163 est
487 1107 1010 1180 pavere,.Syagrium
1026 1111 1269 1166 vinctum
1290 1106 1480 1182 legatis
1501 1105 1670 1166 tradi-

134 1200 212 1254 dit.
236 1199 388 1266 Quem
398 1200 697 1256 Clodoveus
719 1203 983 1257 custodiae
1004 1204 1251 1259 mandari
1265 1205 1540 1274 praecepit,
1581 1220 1669 1259 re-

134 1306 311 1362 gnoque
352 1293 466 1362 ejus
494 1301 716 1362 accepto
751 1309 878 1348 eum
906 1295 1049 1349 clam
1079 1295 1258 1366 gladio
1283 1295 1433 1350 feriri
1477 1297 1662 1366 jussit.

134 1382 375 1453 [Emonam
430 1383 531 1437 Vit.
572 1384 804 1457 Remig.]
855 1384 1156 1441 Remorum
1208 1396 1336 1443 tunc
1379 1389 1665 1444 ecclesiam

133 1473 288 1530 beatus
309 1475 516 1545 regebat
568 1475 871 1548 Remigius,
904 1479 1000 1548 qui
1053 1478 1233 1535 factus
1268 1489 1352 1535 est
1375 1496 1407 1534 a
1433 1480 1666 1535 Domino

133 1565 294 1634 populo
311 1565 414 1634 jam
444 1566 557 1622 fere
582 1568 870 1637 desperato
894 1569 950 1624 in
979 1578 1224 1641 tempore
1249 1572 1549 1628 iracundiae
1576 1588 1664 1627 re-

133 1655 390 1710 couciliato.
439 1656 572 1712 Post
605 1660 905 1715 vindictam
930 1662 1080 1716 enim
1118 1664 1410 1731 scelerum,
1439 1679 1560 1734 qua:
1584 1663 1665 1718 fa-

132 1756 198 1802 ma
225 1757 298 1803 est
318 1764 346 1802 a
371 1747 600 1804 Domino
625 1752 771 1807 caade
793 1751 1112 1820 Galliarum,
1142 1753 1536 1810 Wandalorum
1558 1756 1666 1826 pri-

1779 550 1947 602 sterio
1996 559 2313 606 sanctorum
2363 553 2794 626 Agaunensium,
2850 564 2997 631 quod
3055 567 3170 637 ipse
3224 572 3366 626 miro

1774 655 1936 710 opere
1962 657 1993 694 a
2019 640 2388 701 fundamentis
2411 656 2814 719 construxerat,
2847 669 2945 722 per
2989 657 3108 714 dies
3159 660 3363 719 multos

1773 733 1988 787 veniam
2019 743 2231 804 petens,
2255 747 2310 792 et
2345 740 2694 808 psallentium
2755 746 2987 804 chorum
3043 753 3360 826 instituens,

1773 824 2098 896 Lugdunum
2136 829 2318 895 rediit,
2379 833 2586 888 ultione
2611 835 2796 891 divina
2825 855 2856 893 e
2890 845 3118 915 vestigio
3166 824 3363 906 subses-

1769 927 1990 984 quente.
2014 918 2188 990 Hujus
2209 922 2378 977 ﬁliam
2401 922 2770 984 Theodericus
2791 929 3047 991 Clodovei
3074 939 3219 996 ﬁlius
3234 957 3364 998 uxo-

1777 1023 1895 1062 rem
1922 1010 2150 1080 accepit.

1801 1123 1803 1125 ι
1842 1098 2034 1177 [ρης.
2105 1101 2234 1158 Tur.
2295 1120 2355 1172 ιι,
2412 1105 2502 1172 30,
2537 1107 2655 1181 3L]
2698 1110 2958 1170 Crotildis
2991 1132 3121 1188 ergo
3151 1125 3360 1194 regina,

1768 1209 1894 1248 cum
1953 1197 2103 1251 esset
2145 1192 2633 1269 cliristiauissima,
2670 1209 2724 1252 et
2753 1200 3060 1260 Clodoveus
3099 1192 3355 1268 fanaticis

1769 1294 2011 1340 uteretur
2031 1289 2262 1360 legibus,
2289 1303 2713 1364 monereturque
2738 1295 3078 1368 frequentius
3099 1301 3168 1354 ab
3189 1317 3272 1367 ea,
3303 1313 3362 1356 ut

1769 1377 1910 1433 idola
1944 1395 2080 1435 vana
2117 1383 2431 1453 negligeret,
2453 1394 2506 1440 et
2568 1386 2740 1441 Deum
2771 1406 2959 1446 verum
3006 1407 3350 1466 agnosceret,

1769 1470 1824 1524 in
1860 1472 2018 1540 cujus
2043 1488 2211 1527 manu
2233 1484 2318 1530 est
2338 1491 2434 1530 cor
2470 1493 2660 1548 regum
2692 1490 2745 1535 et
2772 1483 3020 1538 omnium
3062 1488 3352 1558 dispositio

1767 1570 2121 1630 potestatum,
2153 1567 2501 1636 acquiescere
2534 1571 2731 1638 noluit,
2777 1573 2953 1629 donec
2995 1576 3136 1631 bello
3167 1591 3357 1638 contra

1765 1651 2101 1707 Alamannos
2123 1665 2398 1725 suscepto,
2413 1659 2730 1728 compulsus
2742 1661 2989 1717 conﬁteri
3013 1667 3359 1737 necessitate,

1767 1743 1913 1810 quod
1944 1744 2097 1812 prius
2125 1757 2416 1816 negaverat
2445 1751 2744 1806 voluntate.
2779 1752 2918 1807 Cum
2959 1756 3106 1810 enim
3150 1761 3360 1816 excrci—

131 1854 218 1906 mo,
252 1840 426 1896 deinde
466 1840 754 1898 Hunorum
790 1855 1153 1915 persequente
1184 1848 1524 1915 crudelitate,
1563 1850 1663 1902 mi-

1769 1840 1859 1887 tus
1881 1834 2000 1903 ejus
2024 1837 2091 1889 ad
2115 1836 2544 1895 internecionem
2577 1859 2753 1913 usque
2785 1847 3105 1916 caederetur,
3136 1851 3360 1909 invoca-

132 1932 431 1987 sericordiam
453 1934 568 1988 cadi
591 1935 948 2004 distillarunt,
970 1938 1101 1991 dum
1120 1937 1188 1993 ad
1209 1937 1568 2009 mitigandum
1590 1921 1670 1995 fu:-

132 2034 271 2074 rorem
290 2021 540 2078 Altissimi
564 2023 877 2098 Remigium
911 2029 1117 2084 mundo
1142 2030 1454 2100 pontiﬁcem
1474 2040 1667 2101 protu-

131 2110 290 2166 lerunt.

183 2267 435 2344 [Faunum]
456 2269 869 2333 Gundebaudus
892 2285 1023 2333 tunc
1043 2277 1308 2351 regnabat
1330 2281 1384 2335 in
1414 2278 1666 2354 Burgun-

130 2359 198 2415 dia
215 2361 491 2419 Gundiochi
532 2369 681 2437 regis
707 2369 872 2435 filius,
905 2370 1000 2440 qui
1036 2368 1142 2425 fuit
1160 2373 1226 2427 de
1263 2389 1460 2444 genere
1503 2374 1667 2428 Atha-

132 2453 702 2525 naricipersequutoris.
743 2458 942 2514 Habuit
977 2461 1332 2518 Gundiochus
1365 2474 1417 2519 et
1440 2466 1577 2521 alios
1602 2467 1664 2520 ﬁ-

131 2542 225 2606 lios,
272 2544 651 2617 Godegisilum,
705 2551 1071 2621 Chilpericum
1147 2562 1200 2608 et
1272 2555 1657 2611 Godemarum.

130 2632 477 2695 Gundebaudus
510 2640 884 2711 Chilpericum
909 2643 1132 2699 fratrem
1180 2661 1342 2701 suum
1392 2648 1663 2704 interfecit

129 2724 286 2791 gladio,
313 2744 526 2784 uxorem
567 2732 876 2802 ejusligato
939 2734 1007 2788 ad
1049 2737 1250 2790 collum
1290 2738 1467 2807 lapide
1502 2740 1661 2810 aquis

132 2815 366 2886 immersit,
389 2821 526 2877 duos
557 2839 756 2878 eorum
779 2825 921 2879 ﬁlios
951 2827 1129 2897 gladio
1160 2829 1475 2896 trucidavit,
1525 2832 1662 2887 duas

130 2905 235 2962 ﬁlias
253 2912 400 2966 exilio
430 2916 836 2970 condemnavit.
866 2916 1073 2972 Harum
1135 2921 1318 2975 senior
1361 2922 1660 2978 Sedeleuba

131 3014 173 3053 se
199 3000 398 3060 Domino
418 3016 630 3062 mutata
687 3017 838 3064 veste
861 3011 1098 3087 dicavit,
1133 3013 1314 3067 minor
1361 3014 1660 3072 Grothildis

131 3093 476 3152 nominabatur.
531 3099 664 3155 Hrec
714 3103 944 3171 qutesita
999 3111 1084 3159 est
1127 3119 1159 3159 a
1212 3105 1488 3162 Glodoveo
1534 3124 1660 3179 rege

129 3179 430 3256 Francorum,
460 3199 520 3245 ut
552 3193 660 3245 sibi
682 3208 804 3248 eam
831 3196 1068 3251 traderet
1108 3197 1516 3256 Gundebaudus
1560 3216 1659 3270 pa-

129 3280 251 3329 truus
269 3279 394 3346 ejus.
425 3280 587 3347 Quod
628 3299 755 3338 cum
787 3286 876 3340 ille
898 3303 1096 3357 negare
1125 3305 1234 3343 non
1278 3292 1523 3358 auderet,
1568 3308 1661 3347 ve-

132 3365 298 3424 nientes
331 3372 518 3429 Franci
573 3388 902 3447 acceperunt
957 3395 1076 3435 eam
1101 3397 1130 3436 a
1193 3383 1568 3440 Gundebaudo
1608 3393 1663 3440 et

135 3470 230 3511 cum
250 3464 417 3520 multis
457 3467 736 3522 thesauris
763 3469 831 3524 ad
864 3469 1196 3527 Clodoveum
1223 3473 1484 3545 dirigunt.
1519 3474 1656 3546 (Fol.

139 3547 225 3619 60.)
251 3553 473 3611 Consilio
491 3568 682 3614 autem
712 3561 895 3616 Aredii
919 3562 1004 3617 sui
1051 3565 1409 3622 reminiscens
1444 3567 1662 3623 Gunde-

130 3639 298 3700 baudus
337 3650 462 3703 mali
493 3652 647 3722 quod
687 3653 909 3721 fecerat,
959 3655 1088 3725 quia
1132 3657 1382 3714 videlicet
1426 3670 1658 3731 patrem,

130 3742 312 3791 matrem
338 3748 388 3793 et
417 3739 928 3800 fratresChrotildae
953 3745 1336 3817 interfecisset,
1363 3760 1417 3805 et
1440 3752 1657 3819 timens,

128 3835 180 3876 ne
205 3826 241 3879 si
267 3825 508 3888 Crotildis
531 3835 874 3903 praevaleret,
908 3847 1142 3895 mortem
1197 3851 1484 3911 parentum
1539 3844 1661 3898 viu—

129 3913 308 3985 dicaret,
331 3933 449 3990 post
480 3940 607 3980 eam
640 3926 792 3981 misit
811 3929 1109 3984 exercitum
1138 3931 1233 4000 qui
1268 3932 1584 3989 basternam
1607 3943 1663 3989 et

128 4005 366 4067 thesauros
398 4024 704 4084 retentant;
728 4019 905 4086 puella
927 4021 1104 4076 levata
1133 4021 1188 4075 in
1203 4037 1406 4092 equum
1427 4039 1458 4077 a
1484 4023 1658 4078 Fran-

128 4100 187 4162 eis
205 4104 260 4158 ad
280 4105 606 4165 Clodoveum
636 4111 908 4182 dirigitur,
959 4130 1124 4184 quam
1173 4116 1338 4185 regali
1373 4132 1662 4172 assumens

128 4191 289 4253 honore
302 4201 350 4254 in
363 4203 778 4258 matrimonium
790 4205 1034 4274 perfecto
1055 4207 1242 4261 dilexit
1255 4224 1462 4262 amore.
1484 4209 1658 4278 (Hist.

129 4283 284 4345 Franc.
306 4297 450 4367 epit.)
476 4296 726 4353 Habebat
771 4299 885 4368 jam
909 4307 1037 4355 tunc
1059 4300 1365 4356 Clodoveus
1397 4301 1566 4356 ﬁlium
1596 4302 1662 4356 de

124 4385 397 4455 concubina,
433 4389 661 4444 nomine
699 4388 1116 4457 Theodericum,
1145 4393 1238 4461 qui
1273 4394 1521 4462 regnavit
1541 4402 1664 4462 post

1769 1930 1826 1978 to
1841 1925 2062 1981 nomine
2089 1926 2219 1982 Jesu
2244 1929 2368 1984 Filii
2394 1931 2510 1999 Dei,
2531 1950 2694 2003 quem
2722 1937 3054 2005 praedicabat
3075 1941 3357 2012 Crotildis,

1768 2016 2055 2072 victoriam
2085 2019 2339 2075 obtinuit.
2373 2022 2533 2089 Quod
2584 2041 2710 2080 cum
2746 2028 2894 2082 domi
2923 2033 3148 2089 veniens
3201 2040 3358 2092 uxori

1768 2119 2070 2176 narrasset,
2104 2111 2192 2164 illa
2219 2113 2360 2167 clam
2396 2117 2668 2172 accersito
2691 2119 2851 2174 beato
2882 2120 3133 2194 Remigio
3159 2125 3361 2183 Remo—

1765 2214 1891 2253 rum
1923 2201 2337 2272 archiepiscopo
2371 2206 2581 2272 suadet,
2632 2217 2691 2262 ut
2731 2212 2845 2282 regi
2896 2215 3128 2270 verbum
3164 2220 3362 2274 salutis

1767 2287 2027 2344 insinuet.
2067 2290 2224 2356 Quod
2273 2309 2401 2348 cum
2453 2293 2898 2357 faceret—erat
2937 2307 3085 2360 enim
3129 2312 3362 2382 egregia:

1767 2377 2032 2446 scientiae,
2055 2389 2110 2434 et
2158 2382 2448 2441 rhetoricis
2489 2387 2736 2456 adprime
2780 2391 3024 2452 imbutus
3068 2377 3358 2457 studiis—-

1764 2470 1948 2525 divina
1972 2474 2224 2542 praeduce
2250 2476 2424 2545 gratia
2451 2493 2546 2532 rex
2585 2481 2836 2548 credidit,
2877 2494 2930 2539 et
2968 2503 3095 2543 cum
3114 2493 3357 2548 exercitu

1764 2561 2073 2631 baptizatus
2103 2573 2187 2619 est
2235 2567 2301 2620 15
2328 2582 2474 2623 anno
2498 2571 2653 2641 regni
2675 2572 2782 2638 sui,
2805 2572 3003 2632 Albino
3033 2578 3088 2634 V.
3121 2580 3184 2636 C.
3219 2599 3360 2639 cou-

1764 2652 1900 2718 sule,
1921 2653 2131 2708 incarn.
2162 2653 2319 2710 Dom.
2357 2673 2408 2710 a.
2433 2658 2558 2712 502.

1839 2742 2030 2814 [Gneo
2065 2743 2196 2799 Tur.
2227 2762 2265 2814 ι,
2297 2747 2412 2819 52.[
2440 2747 3000 2820 Burgundionestuuc
3017 2758 3348 2820 Arianorum

1759 2843 1964 2890 sectam
2017 2845 2262 2893 tenentes
2312 2839 2633 2897 habitabant
2679 2843 2826 2900 circa
2856 2847 3077 2904 Ararim
3113 2861 3166 2907 et
3201 2855 3358 2912 circa

1764 2924 2111 2994 Rhodanum,
2125 2929 2219 2998 qui
2232 2928 2406 2986 fluunt
2412 2932 2570 3001 juxta
2581 2935 2772 2990 urbem
2787 2935 3308 3017 Lugdunensem,qu
3320 2949 3361 3002 i-

1765 3016 1868 3072 bus
1883 3028 2150 3086 praeerant
2174 3019 2580 3080 Gundebaudus
2595 3035 2648 3081 et
2671 3026 3015 3101 Godegisilus
3027 3016 3290 3110 fratres.7(
3296 3057 3357 3108 ιι,

1766 3109 1882 3180 54.)
1900 3108 2270 3181 Godegisilum
2294 3113 2700 3174 Gundebaudus
2723 3121 3012 3191 interfecit,
3032 3135 3086 3181 et
3096 3128 3211 3198 ipse
3231 3108 3358 3186 cum

1765 3212 2082 3257 moneretur
2105 3219 2135 3257 a
2165 3215 2358 3261 sancto
2392 3207 2554 3264 Avito
2592 3209 2890 3270 Viennensi
2919 3218 3355 3294 archiepiscopo,

1763 3303 1824 3348 ut
1846 3295 2200 3352 confiteretur
2222 3297 2504 3356 Christum
2521 3303 2718 3360 Filium
2737 3306 2833 3363 Dei
2854 3319 2909 3365 et
2933 3312 3201 3382 Spiritum
3216 3334 3352 3374 san-

1763 3395 1910 3440 etum
1934 3389 2200 3458 aequalem
2235 3389 2383 3446 Patri
2410 3423 2480 3432 ——
2503 3407 2620 3451 erat
2649 3398 2795 3454 enim
2833 3401 3074 3461 Arianus
3108 3437 3181 3448 -—
3213 3411 3354 3466 clam

1763 3485 1824 3532 ut
1847 3478 2240 3535 chrismaretur
2260 3484 2499 3553 expetiit.
2528 3484 2633 3542 Sed
2657 3487 2750 3544 illo
2773 3491 3116 3565 adhortante,
3140 3515 3210 3556 ne
3233 3499 3355 3556 for-

1763 3569 1993 3624 midaret
2015 3587 2110 3625 rex
2133 3573 2455 3630 seditionem
2486 3579 2693 3648 populi,
2729 3597 2907 3653 neque
2929 3587 3272 3648 erubesceret
3301 3594 3357 3649 in

1763 3663 1960 3717 saecula
1987 3674 2306 3734 regnantem
2349 3668 2405 3724 in
2446 3672 2647 3727 SIBCUIO
2677 3674 2944 3744 conﬁteri,
2977 3679 3094 3750 ipse
3119 3683 3223 3739 hac
3267 3702 3360 3741 ra-

1762 3753 1910 3809 tione
1936 3756 2201 3813 confusus
2229 3775 2404 3830 usque
2431 3762 2501 3817 ad
2522 3763 2646 3820 vitae
2686 3767 2893 3823 exitum
2921 3770 2979 3824 in
3011 3787 3110 3828 sua
3141 3775 3357 3834 insania

1763 3847 2113 3916 perduravit;
2162 3850 2251 3904 cui
2311 3852 2698 3924 Sigismundus
2753 3863 3038 3918 successit.
3079 3865 3196 3937 (fol.
3244 3871 3355 3939 ω’)

1763 3934 2072 3995 Clodoveus
2118 3941 2304 4012 itaque
2352 3959 2480 4000 cum
2529 3960 2674 4004 esset
2715 3951 2886 4007 armis
2929 3934 3186 4014 strenuus
3211 3972 3265 4016 et
3302 3963 3354 4016 in

1763 4027 1869 4083 fide
1891 4040 2080 4086 sancta
2105 4034 2597 4107 nominatissimus,
2639 4048 2694 4095 et
2721 4042 2928 4100 videret
2961 4046 3190 4117 Gothos,
3223 4068 3360 4122 quo-

1763 4135 1887 4173 rum
1931 4132 2049 4176 erat
2100 4125 2356 4196 princeps
2395 4138 2449 4183 et
2484 4146 2580 4185 rex
2625 4132 2897 4203 Alaricus,
2947 4149 3001 4193 et
3054 4141 3358 4200 dominatio

1763 4224 1956 4265 eorum
1993 4214 2136 4268 ultra
2178 4215 2436 4286 Ligerim,
2479 4220 2711 4278 Arriana
2743 4235 2895 4294 peste
2915 4239 2970 4285 et
3003 4235 3358 4300 perversitate

1765 4312 2071 4372 corruptos,
2119 4306 2384 4377 velletque
2422 4319 2502 4377 ut,
2554 4317 2825 4382 superatis
2875 4320 2954 4374 eis
3004 4338 3131 4378 cum
3172 4327 3362 4384 divino

1765 4393 1991 4468 auxilio,
2024 4404 2166 4451 terra
2218 4399 2556 4470 redigeretur
2599 4404 2789 4461 ditioni
2839 4425 2971 4478 sum,
3022 4427 3357 4475 commotum

125 4479 219 4522 eum
238 4477 380 4531 annis
409 4479 603 4548 viginti
646 4479 842 4535 tribus.
893 4479 1184 4552 [Faenza]
1209 4481 1409 4536 Habuit
1428 4491 1482 4536 et
1528 4483 1666 4540 alios
1700 4501 1744 4554 ι)
1769 4485 2066 4540 exercitum
2100 4487 2356 4558 Pictavis,
2386 4493 2479 4547 ubi
2517 4511 2613 4552 rex
2638 4497 2889 4558 Alaricus
2920 4507 3237 4565 morabatur
3271 4512 3357 4567 di-

125 4566 207 4612 tres
222 4564 345 4622 ﬁlios
375 4585 439 4624 ex
471 4570 715 4626 Crotilde
736 4570 1134 4639 Clodomerem,
1168 4573 1573 4628 Ghildebertum
1611 4583 1666 4629 et

123 4652 394 4728 Clotarium,
429 4665 524 4733 qui
550 4673 676 4734 post
707 4680 832 4719 eum
867 4674 1250 4736 regnaverunt.
1283 4666 1476 4738 [Gaza
1505 4666 1662 4739 Tur.]

122 4743 343 4808 Defuncto
374 4765 563 4811 autem
611 4755 1006 4823 Gundebaudo,
1055 4774 1285 4828 regnum
1334 4757 1664 4830 Burgundize

123 4833 457 4906 Sigismundus
492 4846 642 4902 ﬁlius
665 4848 785 4917 ejus
816 4848 1072 4912 obtinuit,
1097 4849 1395 4918 habuitque
1431 4865 1659 4905 uxorem

120 4924 251 4985 ﬁliam
285 4933 598 4992 Theoderici
630 4939 773 5009 regis
824 4937 1008 4993 Italiae.
1049 4938 1337 5011 [Faunae]
1366 4938 1485 5005 Qua
1510 4956 1662 4995 mor—

120 5025 208 5084 tua,
242 5025 391 5082 aliam
433 5030 612 5095 duxit,
649 5038 704 5085 et
733 5031 934 5100 prioris
969 5031 1222 5102 conjugis
1266 5031 1440 5085 ﬁlium
1471 5047 1668 5086 nover-

119 5113 383 5174 creinsidiis
406 5119 575 5188 jussit
612 5121 864 5176 interﬁci.
892 5121 1029 5176 Nam
1066 5123 1302 5192 sopitum
1341 5122 1468 5177 vino
1494 5122 1664 5176 filium

119 5199 318 5262 dormire
349 5221 474 5280 post
503 5213 789 5268 meridiem
830 5214 1027 5284 jussit;
1059 5215 1148 5269 cui
1195 5213 1489 5270 dormienti
1547 5229 1668 5268 ora-

119 5293 230 5351 rium
253 5303 348 5358 sub
372 5306 514 5359 collo
535 5307 774 5374 positum
796 5315 902 5366 est.
932 5316 986 5363 et
1009 5308 1113 5362 sub
1134 5315 1321 5362 mento
1336 5307 1586 5378 ligatum.
1612 5315 1667 5361 et

120 5387 179 5440 sic
198 5394 523 5452 trahentibus
545 5399 609 5452 ad
639 5414 699 5453 se
736 5399 969 5455 invicem
1006 5400 1192 5470 pueris
1221 5399 1437 5454 duobus
1484 5399 1657 5468 sugil—

118 5486 231 5542 latus
246 5491 339 5538 est.
369 5484 562 5556 [Gneo
604 5487 887 5559 Tur.]Sed
904 5490 1013 5558 jam
1045 5504 1170 5545 sero
1191 5491 1464 5560 paenitens
1495 5506 1663 5560 super

1771 4577 1929 4631 rexit.
1966 4577 2049 4646 (ιι,
2074 4579 2188 4649 57.)
2217 4579 2258 4632 Ε
2284 4587 2560 4642 contrario
2585 4588 2834 4648 Alaricus
2857 4609 2981 4650 cum
3006 4599 3123 4654 suis
3145 4600 3359 4658 decimo

1772 4668 1840 4722 ab
1866 4669 1999 4723 urbe
2027 4672 2284 4728 milliario
2318 4676 2535 4732 obviam
2583 4682 2732 4737 venit
2772 4686 3120 4755 adversariis,
3150 4702 3204 4746 et
3234 4709 3359 4749 con-

1769 4757 2081 4830 uigentibus
2123 4765 2204 4818 eis
2252 4765 2306 4819 in
2356 4766 2657 4840 Campania
2689 4773 3029 4846 Voglanense
3071 4783 3354 4842 victoriam

1774 4847 2082 4907 Clodoveus
2108 4853 2176 4908 de
2206 4854 2456 4914 Arrianis
2485 4861 2737 4918 obtinuit.
2769 4864 3055 4942 [Faunum]
3081 4872 3355 4932 Alaricum

1770 4956 1894 4994 cum
1918 4942 2152 5010 plurima
2176 4944 2480 5004 Gothorum
2512 4968 2678 5007 manu
2704 4954 2994 5026 interfecit,
3019 4978 3358 5037 regnumque

1767 5030 1888 5100 ejus
1922 5048 1953 5086 a
1987 5035 2126 5089 mari
2165 5035 2449 5108 Tyrrheno
2503 5052 2555 5097 et
2613 5043 2802 5115 Ligere
2844 5049 3011 5107 ﬂuvio
3063 5030 3240 5127 usque
3269 5030 3357 5116 Iad

1770 5133 1985 5180 montes
2009 5125 2300 5197 Pyrenaros
2323 5139 2376 5185 et
2405 5148 2557 5189 mare
2587 5133 2864 5202 Oceanum
2899 5125 3206 5217 occupavit,
3235 5152 3356 5206 the-

1769 5229 2074 5286 saurosque
2115 5219 2236 5287 ejus
2272 5236 2302 5274 a
2339 5221 2538 5280 Tolosa
2580 5228 2862 5299 auferens,
2892 5251 3078 5293 secum
3115 5240 3358 5300 Parisius

1768 5307 2001 5362 advexit.
2039 5309 2129 5379 (ιι,
2175 5311 2290 5381 '58.)
2331 5313 2436 5371 Per
2476 5318 2617 5374 idem
2675 5331 2890 5395 tempus
2943 5331 3014 5384 ab
3065 5333 3357 5389 Anastasio

1769 5397 2096 5468 imperatore
2127 5404 2406 5461 codicillos
2441 5425 2542 5478 pro
2581 5418 2868 5471 consulatu
2908 5425 3135 5491 accepit,
3173 5435 3227 5480 et.
3257 5443 3354 5481 co--

1771 5505 1962 5547 ronam
1991 5509 2215 5550 auream
2235 5505 2290 5551 et
2313 5500 2554 5556 tunicam
2580 5504 2856 5576 blatteam,
2882 5527 2948 5565 ex
2964 5529 3072 5582 qua
3103 5518 3191 5572 die
3217 5534 3356 5574 con-~

1577 5600 1812 5657 ΝΟΤᾸΕ.

171 5675 264 5747 (42)
300 5681 530 5740 Textum
559 5687 815 5745 foliorum
845 5692 907 5745 51
938 5721 1009 5732 -—-
1031 5690 1100 5746 40
1127 5693 1387 5747 debemus
1444 5692 1563 5745 viro
1586 5692 1656 5747 cl.

117 5741 383 5809 D-Ur'lirlis
409 5741 710 5826 profesvs‘ori
730 5741 907 5834 “regio—
927 5741 1426 5833 Gryphiensirq‘ui
1457 5741 1556 5816 tea.

1770 5693 1980 5772 Thema
2006 5693 2270 5772 Phillipps
2291 5693 2414 5772 Rar.
2436 5697 2825 5772 benignissime
2848 5705 3063 5764 favente
3084 5711 3190 5767 hoc
3211 5729 3359 5770 anno

1771 5764 1826 5818 in
1853 5763 2180 5820 bibliotheca
2209 5763 2650 5828 Mediomontavna
2677 5779 2982 5848 exscripsit.
