3932 6298
545 372 641 427 HI

549 491 638 549 su-l
675 497 728 544 et
771 478 1137 555 augustus'est
1155 469 1423 544 appellatu

549 582 690 638 Cum
710 591 839 648 ergo
861 578 1168 628 moraretur
1185 560 1445 623 Parisius,

1533 341 1835 402 IIUGO‘NIS
1870 332 2163 393 ABBA'I‘IS
2200 324 2767 386 FLAVINLACENSIS

1429 482 1473 520 ς..
1507 462 1697 535 [Gem
1724 456 1881 521 Tur.,
1909 468 1970 517 ιι,
2002 446 2121 519 40.]
2153 450 2195 507 Α
2224 443 2596 514 apostolorum
2621 436 2902 509 principis,
2930 434 3023 491 ubi
3052 432 3358 506 permulta
3379 426 3621 504 tempora
3645 423 3777 491 ‘deli-

1464 525 1525 609 et
1543 551 1801 622 cogitaret
1830 544 2123 613 adjungere
2224 536 2329 599 tuit
2368 535 2662 588 thesaurus
2695 529 2785 584 hic
2838 526 3194 591 delectabilis,
3238 541 3271 580 a
3316 534 3556 595 tempore
3584 525 3781 582 scilicet

3693 310 3780 367 ΗΞ

552 614 1443 734 Sigeberti'
1487 614 1780 715 propinqui
1816 635 1923 734 sui,
1966 629 2124 734 cujus
2224 624 2481 734 Clodovei
2521 635 2696 734 lisque
2733 618 2800 673 ad
2845 627 3062 688 tempus
3106 614 3338 671 Othonis
3373 614 3572 687 Magni.
3604 614 3778 673 verum

554 764 706 836 regni
727 761 884 818 sedes
908 720 1130 810 Colonia
1156 744 1346 800 civitas
1370 746 1507 803 erat,
1534 748 1703 836 quem
1722 724 1965 836 etiamin
1986 720 2126 836 bello

764 813 1042 906 hlaricum
1079 838 1382 908 adjutorem
1408 827 1643 899 'Jidelem
1688 813 2126 913 habueram-do-

554 949 673 1003 lose
694 945 803 1015 egit
832 936 1011 995 missis
1032 927 1249 986 nunciis
1264 924 1330 979 ad
1346 916 1743 976 Theodericum
1769 909 1939 981 ipsius
1958 906 2130 961 tilium

559 1005 809 1109 Sigihevrti
840 1030 921 1099 (ιι,
952 1023 1062 1093 '57),
1104 1019 1198 1090 qui
1237 1029 1337 1086 pro
1373 1021 1548 1109 patre,
1583 1006 1712 1109 quia
1747 1009 1906 1109 pater:
1940 1005 2132 1109 cojntm

558 1088 885 1181 Alamannos
906 1088 1155 1186 pugnans
1185 1118 1481 1179 percussus
1506 1100 1561 1155 in
1586 1094 1836 1170 geniculo
1861 1088 2133 1186 claudica-

715 1212 853 1268 bello
892 1179 1118 1279 prail'ato
1164 1198 1503 1259 interfuerat,
1540 1199 1599 1246 ut
1648 1188 1793 1243 ﬁlius
1833 1179 2134 1283 patremin

557 1271 787 1362 tenlorio
809 1297 1035 1354 meridie
1069 1290 1450 1351 dormientem,
1486 1280 1644 1353 quasi
1690 1291 1916 1348 regnum
1963 1271 2137 1342 ipsius

557 1404 933 1465 possessurus,
981 1379 1242 1439 immissis
1282 1362 2129 1465 persequutoribus-interﬁceret.

559 1457 643 1554 ξιι,
667 1481 780 1552 40.)
803 1479 943 1534 Cum
961 1488 1089 1547 ergo
1110 1470 1268 1544 quasi
1292 1461 1723 1543 gratulabundus
1747 1457 1827 1554 de-
1844 1463 2018 1554 morte
2037 1468 2135 1524 pa-

560 1549 660 1632 tris
687 1549 919 1629 nuncios
942 1567 1216 1623 Clodoveo
1240 1562 1495 1624 mitteret,
1524 1566 1584 1612 ut
1614 1554 1681 1609 ad
1713 1568 1773 1608 se
1799 1549 1983 1605 ﬁdeles
2008 1562 2138 1603 suos

561 1667 837 1737 dirigeret,
859 1661 954 1731 qui
973 1660 1040 1715 de
1060 1655 1332 1713 thesauris
1360 1650 1551 1722 patris,
1583 1645 1730 1718 quod
1752 1644 2139 1737 placeret‘ocu-

560 1760 629 1814 Iis
651 1732 772 1827 ejus
803 1753 1076 1818 elferrent,
1126 1747 1433 1804 Clodoveus
1466 1743 1663 1797 iterum
1716 1737 1904 1793 dolose
1920 1732 2051 1804 egit,
2078 1739 2140 1786 ut

561 1852 692 1906 dum
718 1848 807 1903 ille
829 1843 1172 1901 venientibus
1203 1837 1420 1894 nunciis
1452 1832 1624 1904 patris
1648 1831 1935 1886 thesauros
1956 1832 2142 1879 osten-

560 1943 661 2008 dit,
687 1940 817 1996 dum
845 1935 1062 1993 inclinis
1083 1931 1352 1989 arcellulae
1380 1940 1623 1990 manum,
1660 1931 1721 1978 ut
1773 1925 1965 1975 cuncta
1995 1912 2147 1972 seru-

560 2007 727 2100 tetur,
751 2028 1014 2095 immittit,
1045 2040 1190 2080 unus
1219 2023 1507 2093 bipennem
1547 2014 1773 2071 cerebro
1810 2011 1931 2080 ejus
1961 2007 2141 2100 illidet-

563 2132 666 2181 ret.
696 2097 764 2179 Et
784 2122 864 2178 sic
896 2134 1019 2191 qua:
1046 2118 1100 2172 in
1143 2123 1352 2186 patrem
1396 2117 1600 2180 egerat,
1635 2105 1685 2161 is
1725 2101 1947 2172 recepit.
1985 2097 2140 2166 Quod

561 2215 791 2273 audiens
812 2212 1118 2268 Clodoveus
1144 2207 1209 2261 ad
1237 2202 1470 2259 eundem
1500 2200 1681 2254 locum
1713 2195 1881 2259 venit,
1906 2200 1961 2247 et
1980 2190 2142 2261 quasi

561 2306 659 2376 qui
695 2313 839 2362 esset
876 2299 1137 2356 innoxius
1164 2312 1197 2351 a
1243 2292 1510 2364 sanguine
1558 2295 1841 2358 parentum
1894 2296 2139 2347 suorum,

563 2370 765 2467 populo
792 2389 1076 2456 satisfecit,
1103 2394 1159 2443 et
1189 2386 1245 2439 in
1269 2396 1454 2454 regem
1479 2377 1808 2435 constitutus
1852 2381 1955 2428 est.
1986 2370 2143 2438 Quod

562 2463 906 2557 quarundam
954 2480 1232 2536 civitatum
1277 2472 1613 2528 habitatores
1644 2466 1862 2535 indigne
1886 2463 2140 2528 ferentes,

563 2554 754 2633 contra
789 2588 915 2629 eum
951 2570 998 2626 si
1039 2568 1231 2624 fuisset
1254 2561 1511 2635 possibile
1555 2557 1662 2613 nisi
1707 2564 1834 2611 sunt
1860 2554 2141 2609 rebellare.

563 2666 719 2737 (Vita
746 2663 997 2728 Maxim.,
1023 2676 1077 2730 p.
1105 2657 1251 2727 582).
1281 2654 1426 2708 Inter
1444 2665 1584 2722 quos
1618 2649 1765 2704 cives
1788 2643 2145 2700 Virdunensis

562 2755 744 2828 oppidi
799 2752 1155 2810 defectionem
1202 2758 1367 2817 atque
1412 2741 1738 2799 duellionem
1782 2746 1972 2792 contra
2015 2749 2142 2790 eum

563 2827 820 2905 dicuntur
849 2842 1113 2900 meditati.
1151 2839 1344 2912 [GREG.
1394 2834 1549 2900 Tur.,
1582 2848 1642 2898 ιι,
1687 2827 1805 2900 ιιι]
1842 2827 2147 2883 Clodoveus

563 2956 689 3018 post
715 2948 835 3001 hac
859 2940 1220 2997 Cbararicum
1244 2948 1429 3006 regem
1467 2939 1523 2985 et
1551 2928 1723 3018 ﬁlium
1750 2924 1890 2994 ejus,
1918 2920 2143 3018 propin-

565 3010 706 3108 quos
727 3048 858 3090 suos
878 3031 1017 3087 dolis
1037 3029 1436 3084 circumventos
1462 3019 1621 3091 cepit,
1650 3016 1865 3071 vinctos
1890 3010 2142 3078 totondit,

2228 717 2296 772 ad
2323 730 2438 770 rem
2464 713 2775 769 redeamus.

2300 856 2434 929 (1b.)
2465 853 2690 910 Obsessi
2718 866 2870 922 ergo,
2898 863 3045 915 cum,
3081 856 3142 903 ut
3170 846 3429 912 diximus,
3461 847 3629 905 clausi
3653 854 3782 905 tene-

2230 958 2422 1005 rentur
2464 946 2785 1014 viribusque
2828 940 3148 1007 dilliderent,
3192 947 3246 994 et
3298 948 3513 994 mortuo
3557 939 3785 1011 episcopo

2232 1039 2416 1095 nullus
2449 1045 2735 1109 putaretur
2772 1041 2931 1102 aptus
2980 1030 3230 1101 reperiri,
3261 1029 3357 1100 qui
3395 1044 3586 1101 preces
3626 1031 3783 1100 populi

2229 1129 2619 1185 convenienter
2649 1126 2907 1197 allegaret
2939 1137 3122 1177 coram
3148 1121 3393 1191 principe
3436 1120 3518 1175 ira
3552 1119 3784 1187 fervente,

2236 1236 2429 1277 omnes
2452 1220 2509 1275 in
2531 1233 2700 1274 unam
2742 1216 2926 1272 coiere
2970 1212 3319 1279 sententiam,
3351 1221 3411 1267 ut
3457 1220 3699 1267 sanctum
3716 1212 3786 1265 vi-

2236 1326 2360 1366 rum
2382 1309 2723 1380 Euspicium,
2754 1306 2848 1377 qui
2881 1305 2986 1362 sub
3012 1305 3172 1359 titulo
3188 1303 3597 1375 presbyteratus
3619 1302 3672 1357 in
3708 1317 3786 1358 es-

2238 1401 2362 1456 dem
2393 1413 2529 1453 uroe
2557 1397 2808 1469 degebat,
2832 1395 2899 1450 ad
2936 1394 3237 1465 principem
3279 1393 3559 1448 mitterent
3588 1392 3788 1447 misero-

2234 1500 2363 1547 rum
2400 1490 2603 1546 civium
2643 1503 2835 1559 preces
2880 1487 3226 1557 allegantem,
3255 1491 3308 1540 et
3341 1484 3462 1554 ejus
3508 1484 3790 1540 misericor-

2239 1587 2384 1641 diam
2416 1582 2821 1655 deprecantem.
2856 1576 2907 1632 Is
2948 1584 3130 1631 autem
3160 1574 3393 1630 Domino
3425 1574 3793 1631 misericordis-

2239 1692 2346 1747 que
2367 1676 2562 1746 plenus
2592 1685 2822 1731 suorum
2849 1668 3048 1725 civium
3072 1666 3347 1737 postulata
3371 1679 3485 1721 non
3506 1665 3697 1731 renuit,
3717 1664 3792 1719 sed

2172 1784 2216 1838 Β
2242 1769 2296 1823 in
2318 1783 2384 1823 eo
2413 1767 2713 1834 conlidens,
2740 1767 2835 1836 qui
2875 1758 3014 1820 dixit
3041 1757 3326 1829 discipulis
3355 1757 3473 1812 suis
3504 1774 3517 1811 :
3550 1755 3676 1812 Cum
3709 1765 3795 1811 ste-

2243 1859 2416 1914 teritis
2439 1866 2561 1912 ante
2583 1874 2724 1929 reges
2757 1865 2806 1911 et
2828 1855 3101 1926 praesides,
3141 1847 3307 1907 nolite
3336 1848 3572 1918 cogitare
3598 1845 3795 1917 qualiter

2243 1959 2337 2005 aut
2369 1951 2496 2022 quid
2534 1949 2860 2021 loquamini;
2883 1948 3099 2001 dabitur
3130 1946 3272 2000 enim
3311 1945 3454 1999 vobis
3483 1938 3538 1998 in
3570 1936 3665 1997 illa
3688 1937 3795 1996 hom

2241 2043 2367 2112 quid
2395 2042 2718 2113 loquamini;
2734 2040 2816 2095 'ad
2838 2037 3163 2109 principem,
3201 2045 3263 2092 ut
3283 2037 3592 2106 petebatur,
3619 2036 3691 2090 ire
3710 2035 3795 2089 dis-

2241 2133 2449 2203 posuit.
2475 2132 2724 2202 Cumque
2751 2146 2809 2186 se
2837 2129 3120 2185 humiliter
3144 2143 3332 2183 coram
3361 2143 3489 2198 rege
3522 2136 3672 2181 terra:
3689 2141 3794 2196 pro-

2242 2225 2546 2291 stravisset,
2571 2223 2640 2278 ab
2664 2238 2732 2278 eo
2763 2228 3074 2277 reverenter
3115 2234 3360 2290 surgere,
3390 2227 3444 2273 et
3475 2232 3693 2273 causam
3715 2215 3793 2270 ad.

2241 2328 2437 2374 ventus
2464 2318 2551 2373 sui
2581 2317 2762 2372 dicere
2799 2324 2883 2371 est
2932 2315 3146 2385 jussus.
3195 2312 3334 2368 Tum
3375 2312 3467 2366 ille
3511 2311 3580 2367 ad
3608 2327 3723 2367 eum
3758 2310 3795 2365 is
3898 2378 3899 2385 γ

2242 2407 2416 2464 fertur
2441 2408 2622 2464 verbis
2669 2422 2805 2463 usus
2837 2425 2850 2460 :
2881 2404 3248 2472 Nobilissime,
3279 2405 3477 2473 inquit,
3509 2403 3727 2457 omnium
3756 2410 3795 2454 et

2240 2494 2481 2564 piissime
2510 2507 2709 2563 regum,
2740 2507 2868 2561 pene
2894 2491 3134 2544 universo
3159 2488 3470 2560 pervulgata
3510 2496 3601 2541 tua
3625 2485 3795 2539 bonitas

2242 2592 2294 2638 et
2324 2582 2538 2650 swculo,
2562 2598 2655 2652 per
2685 2598 2843 2653 quam
2893 2581 3179 2634 bonitatem
3224 2589 3369 2632 tuam
3415 2588 3466 2633 te
3511 2578 3727 2642 obsecro,
3751 2584 3795 2627 ut

2247 2676 2511 2745 patienter
2542 2689 2622 2727 me
2646 2673 2837 2725 audias
2889 2687 3124 2726 meorum
3152 2671 3345 2724 civium
3373 2685 3554 2739 preces
3597 2666 3798 2737 allegan-

2245 2773 2349 2820 tem
2394 2773 2443 2819 et
2498 2773 2645 2817 tuam
2695 2762 3116 2817 misericordiam
3169 2762 3559 2831 deprecantem.
3604 2757 3798 2813 Emmit

2244 2856 2456 2927 quidem
2484 2857 2626 2909 inter
2662 2871 2756 2909 nos
2802 2853 3135 2925 quorundam
3174 2852 3491 2922 improbitas
3541 2851 3798 2914 hominum,

2245 2962 2360 3016 qua
2406 2954 2456 3000 et
2505 2944 2792 3000 multorum
2826 2943 3115 2998 maculavit
3146 2943 3473 3012 imperitiam
3502 2951 3553 2997 et
3584 2941 3799 3011 juvenem

2245 3036 2463 3091 sustulit
2486 3036 2706 3091 stultam
2736 3036 3074 3106 proterviam.
3103 3033 3173 3088 Et
3204 3034 3416 3105 quidem
3442 3041 3541 3087 tua
3574 3031 3711 3103 digni
3728 3046 3800 3084 su-

565 3104 622 3185 έι
644 3135 856 3200 patrem
876 3122 1098 3195 quidem
1133 3118 1531 3190 Ρτθεδῖιθηιῐην
1581 3110 1928 3200 θιίυωγνθῗῗ
1951 3104 2140 3159 diam"
2167 3120 2213 3185 C
2242 3143 2358 3182 mus
2388 3104 2863 3194 animadversione,
2892 3143 2984 3180 nec
3008 3104 3289 3196 diﬁitemur
3313 3140 3332 3178 :
3359 3124 3453 3179 sed
3477 3124 3682 3179 obsecro
3698 3135 3800 3192 pro-

567 3197 695 3275 nem
721 3214 966 3274 ordinari
1003 3212 1151 3269 fecit.
1207 3208 1314 3265 Sed
1351 3205 1593 3263 sentiens
1634 3199 1781 3273 quod
1830 3197 1933 3254 sibi
1973 3210 2144 3251 caesa-

567 3313 707 3369 riem
765 3310 837 3366 ad
898 3304 1254 3364 crescendum
1297 3299 1597 3355 niterentur
1634 3294 1837 3358 laxare,
1887 3297 2149 3356 utrosque

561 3405 730 3478 jussit
748 3402 924 3473 capite
942 3398 1124 3471 plecti,
1157 3404 1494 3466 regnumque
1532 3402 1722 3443 eorum
1770 3396 1897 3439 cum
1923 3379 2150 3437 thesauv

568 3495 647 3551 ris
666 3502 722 3549 et
739 3490 957 3563 populis
981 3485 1294 3557 adquisivit.
1929 3496 1963 3563 7-

640 3562 797 3657 (vna
831 3582 1080 3646 Moerim,
1104 3594 1158 3648 p.
1187 3575 1336 3646 582.)
1376 3570 1577 3627 Audita
1622 3575 1806 3623 autem
1849 3562 2150 3657 defectione

568 3656 1020 3738 Virdunensium,
1042 3680 1096 3726 et
1133 3678 1289 3723 ratus
1326 3681 1434 3720 non
1490 3676 1613 3718 esse
1640 3656 2148 3730 procrastinandum

570 3773 628 3827 in
650 3770 875 3833 talibus,
905 3765 1115 3823 viribus
1143 3760 1522 3827 undecumque
1550 3752 1776 3819 coactis,
1811 3765 1936 3806 cum
1971 3748 2149 3804 valida

571 3877 740 3918 manu
772 3855 996 3914 militari
1023 3854 1093 3910 ad
1121 3851 1351 3907 eandem
1373 3847 1565 3903 urbem
1589 3844 1756 3910 venit,
1780 3840 1995 3912 injurias
2022 3855 2148 3911 gra-

572 3953 647 4011 tia
675 3948 1020 4007 ulciscendae.
1045 3944 1218 4015 Cujus
1245 3955 1435 3997 muros
1472 3951 1673 3995 corona
1702 3933 1936 3988 militum
1963 3931 2151 3986 obam-

570 4043 671 4110 bit,
707 4054 931 4112 aggeres
982 4036 1166 4103 struit,
1212 4046 1408 4103 aspera
1454 4027 1786 4097 complanat,
1828 4034 1883 4079 et
1923 4038 2152 4093 quaeque

574 4133 697 4189 urbi
715 4130 991 4202 capienda:
1011 4125 1297 4183 commoda
1323 4118 1742 4190 ordinat,portis
1763 4115 2037 4171 custodias
2057 4114 2152 4169 ad-

573 4232 776 4291 movet,
799 4230 853 4278 et
873 4236 940 4275 ne
966 4220 1091 4290 quis
1126 4225 1238 4273 tute
1258 4223 1436 4280 exeat,
1464 4226 1661 4283 magno
1687 4208 2041 4277 studiosoque
2060 4221 2153 4262 co-

574 4311 1081 4384 namineprohibet.
1108 4308 1246 4381 (Fol.
1273 4306 1388 4377 41.)
1403 4303 1525 4373 Quo
1544 4304 1597 4360 in
1607 4311 1852 4372 tempore
1877 4297 2153 4354 Firminus

571 4406 860 4476 episcopus
914 4401 1158 4472 ejusdem
1209 4397 1465 4461 civitatis,
1511 4395 1665 4449 mirae
1696 4390 2002 4448 sanctitatis
2045 4389 2149 4458 vir,

2248 3228 2366 3290 pter
2409 3218 2717 3286 Dominum,
2761 3219 2978 3272 interim
3005 3216 3391 3272 subtrahantur
3429 3215 3603 3286 culpis
3653 3213 3801 3269 debita

2247 3310 2530 3381 supplicia,
2552 3318 2602 3364 et
2623 3309 2927 3381 porrigatur
2955 3308 3235 3363 immeritis
3271 3308 3575 3362 clementia.
3601 3304 3703 3361 Nec
3723 3304 3802 3358 ab-

2249 3401 2480 3455 horreret
2506 3418 2540 3454 a
2574 3401 2797 3455 victoria
2844 3408 2936 3453 tua
2987 3407 3169 3453 nostra
3212 3399 3512 3469 persuasio,
3548 3399 3668 3470 quia
3705 3411 3800 3450 cum

2249 3492 2415 3546 victor
2439 3491 2512 3544 sis
2539 3490 2831 3558 hominum,
2854 3490 3117 3561 passionis
3137 3504 3341 3559 quoque
3382 3489 3619 3560 propria:
3644 3486 3798 3556 fortior

2249 3585 2353 3640 eris
2375 3583 2746 3654 triumphator,
2776 3585 2823 3637 si
2852 3582 3104 3637 malueris
3122 3583 3395 3654 patientia-
3421 3585 3562 3638 vires
3580 3595 3800 3642 exercere.

2248 3692 2410 3747 quam
2448 3676 2702 3745 sanguine
2732 3675 2927 3728 civium
2949 3682 3108 3744 .tuum
3135 3673 3333 3744 [sedare
3368 3673 3704 3743 triumphum.
3727 3669 3803 3724 His

2249 3782 2345 3822 rex
2376 3766 2600 3832 auditis,
2645 3774 2701 3821 et
2736 3766 2793 3820 vi
2840 3765 3111 3821 dictorum
3166 3765 3547 3836 gravitateque
3577 3764 3672 3819 viri
3702 3777 3802 3833 pere

2250 3866 2455 3928 specta,
2478 3858 2645 3927 coepit
2668 3857 2823 3928 vigor
2857 3856 3025 3911 animi
3049 3857 3169 3926 ejus
3204 3856 3561 3912 mansueﬁeri
3586 3865 3638 3911 et
3676 3869 3805 3909 ama-

2249 3948 2432 4004 ritudo
2466 3947 2607 4003 fellis
2635 3947 2932 4013 dulcorari,
2972 3946 3065 4002 Dei
3116 3947 3306 4017 utique
3340 3955 3481 4001 nutu
3534 3947 3588 4002 id
3622 3952 3801 4017 agente,

2253 4038 2412 4108 cujus
2440 4038 2743 4093 fortitudini
2780 4038 3040 4093 immania
3064 4039 3280 4105 cedunt,
3309 4046 3363 4093 et
3386 4038 3530 4093 dura
3559 4037 3802 4093 fatiscunt.

2254 4128 2392 4200 (Fol.
2424 4129 2555 4200 Μ’).
2589 4127 2834 4199 Denique
2863 4115 3044 4183 tactus
3071 4128 3257 4183 divino
3294 4137 3431 4183 nutu
3466 4144 3563 4185 rex
3594 4128 3719 4183 adeo
3738 4133 3805 4180 est

2251 4220 2495 4285 allectus,
2527 4227 2587 4274 ut
2608 4219 2855 4289 petitioni
2884 4233 3175 4273 assensum
3213 4218 3501 4288 praeberet,
3532 4228 3587 4275 et
3624 4217 3803 4273 veniam

2251 4312 2461 4367 civibus
2481 4311 2732 4381 quamvis
2756 4310 2985 4382 ingratis
3009 4310 3293 4376 tribueret,
3322 4320 3385 4365 ut
3415 4311 3727 4381 impleretur
3752 4306 3805 4360 de

2251 4418 2317 4457 eo
2350 4402 2480 4456 illud
2527 4400 2801 4472 Sapientis
2832 4419 2846 4455 :
2896 4400 3052 4454 Hanc
3097 4417 3320 4472 quoque,
3351 4402 3555 4472 inquit,
3590 4400 3690 4456 vidi
3729 4395 3804 4451 sub

572 4496 717 4551 diem
737 4493 935 4551 clausit
965 4491 1235 4546 ultimum.
1270 4486 1372 4541 Hic
1406 4484 1647 4539 Tullensi
1673 4481 1946 4537 territorio
1975 4488 2149 4548 ortus,
2183 4491 2229 4550 ι)
2254 4492 2362 4547 sole
2391 4493 2728 4562 sapientiam,
2754 4499 2805 4545 ει
2833 4492 3049 4561 probam-
3081 4492 3372 4552 ,ηαπὺηαηι
3390 4508 3408 4544 ε
3431 4491 3632 4547 CM,“
3650 4503 3802 4561 μηδ’

552 4593 629 4640 ‘et
654 4584 862 4641 civitati
888 4579 1317 4634 Virdunensium
1343 4585 1466 4646 post
1496 4584 1749 4630 sanctum
1771 4571 2147 4627 Possessorem

574 4686 763 4748 pastor
791 4673 1145 4738 constitutus,
1181 4677 1397 4740 quantae
1429 4665 1734 4722 sanctitatis
1771 4664 1953 4730 fuerit,
1984 4679 2149 4734 quam

480 4830 483 4831 ν
576 4768 839 4825 sollicitas
873 4762 1132 4820 excubias
1167 4774 1331 4831 super
1355 4772 1571 4829 gregem
1592 4757 1695 4812 sibi
1725 4756 1989 4812 creditum
2019 4770 2151 4811 cura

574 4857 823 4929 pervigili
866 4852 1188 4919 exercuerit,
1225 4865 1390 4923 quam
1424 4849 1546 4920 pius
1586 4849 1642 4902 in
1687 4848 1964 4915 subditos,
1985 4864 2149 4918 quam

577 4946 838 5003 terribilis
875 4960 1003 5016 erga
1043 4942 1304 5014 reprobos
1336 4938 1519 5006 fuerit,
1564 4947 1834 4993 testantur
1872 4939 2155 5005 miracula,

576 5055 701 5110 qua:
728 5039 796 5094 ad
821 5036 1130 5107 sepulcrum
1152 5034 1272 5105 ejus
1300 5045 1673 5101 saepenumero
1698 5029 1917 5084 ﬁebant.
1948 5028 2160 5110 Inveni-

577 5108 671 5186 tur
695 5129 860 5184 etiam
894 5127 1156 5197 scriptum
1179 5126 1233 5179 in
1257 5123 1446 5196 gestis,
1468 5121 1613 5192 quod
1631 5121 1751 5191 ejus
1782 5108 2046 5176 instinctu.
2068 5135 2161 5189 po-

576 5222 741 5292 pulus
785 5216 1146 5274 Virdunensis
1188 5213 1492 5270 desciverit.
1551 5210 1697 5267 Obiit
1742 5220 1923 5266 autem
1970 5227 2158 5267 mense

576 5311 918 5379 Decembrio,
964 5309 1053 5364 die
1104 5307 1361 5387 secundo,
1411 5322 1555 5361 anno
1590 5314 1857 5376 quantum
1904 5305 2156 5375 colligere

576 5415 876 5472 possumus
916 5397 987 5451 ab
1021 5397 1130 5452 inc.
1168 5393 1325 5450 Dom.
1357 5394 1482 5462 504,
1513 5397 1815 5466 imperante
1862 5394 2156 5449 Anastasio

577 5506 722 5546 anno
745 5491 831 5556 Μ,
856 5488 1016 5544 tertio
1036 5486 1409 5542 conversionis
1427 5486 1681 5544 Clodovei
1705 5503 1869 5554 anno,
1890 5486 2064 5541 Atbeo
2084 5486 2148 5540 V.

577 5581 638 5636 C.
672 5579 916 5647 consule,
952 5578 1328 5648 pontiﬁcatum
1361 5577 1547 5633 Romae
1589 5587 1777 5649 agente
1821 5578 1980 5633 beato
2013 5593 2151 5648 papa

580 5671 941 5747 Symmacho;
971 5679 1023 5725 et
1046 5671 1222 5725 soluta
1248 5670 1532 5725 obsidione
1554 5669 1825 5739 sepultum
1846 5679 1929 5725 est
1951 5684 2150 5739 corpus

575 5779 696 5836 ejus
720 5761 1150 5827 sacratissimum
1179 5763 1249 5819 ad
1282 5761 1560 5818 dexteram
1595 5762 1783 5818 altaris
1816 5762 1960 5819 beati
2000 5761 2149 5818 Petri

2251 4592 2300 4637 et
2326 4586 2482 4654 pauci
2504 4586 2561 4637 in
2587 4601 2649 4637 ea
2671 4585 2803 4648 viri;
2837 4584 2973 4638 venit
3008 4593 3192 4637 contra
3220 4600 3339 4638 eam
3379 4600 3473 4639 rea:
3518 4599 3743 4655 magnus,
3766 4587 3804 4633 et

2253 4673 2468 4728 vallavit
2495 4691 2633 4742 eam,
2665 4675 3004 4745 extraxitque
3044 4675 3364 4729 munitiones
3402 4692 3499 4745 per
3544 4690 3737 4746 gyrum,
3765 4679 3804 4724 et

2250 4766 2480 4835 perfecta
2506 4774 2582 4819 est
2624 4765 2848 4820 obsidio.
2883 4763 3233 4836 Iuventusqu
3252 4775 3327 4819 est
3362 4768 3419 4820 in
3446 4782 3512 4821 ea
3544 4767 3624 4821 vir
3640 4776 3807 4835 pauper

2249 4866 2299 4909 et
2341 4857 2571 4925 sapiens,
2606 4865 2655 4910 et
2703 4856 2949 4910 liberavit
2988 4856 3168 4910 urbem
3215 4858 3481 4927 sapientia
3525 4874 3641 4911 sua.
3667 4855 3807 4926 Igitur

2248 4946 2367 5001 viro
2388 4945 2483 5001 Dei
2505 4947 2794 5003 ordinante
2819 4956 2874 5002 et
2894 4962 3121 5002 manum
3152 4948 3297 5019 regis
3318 4956 3558 5015 tenente,
3582 4942 3807 5017 repagula

2249 5043 2531 5103 portarum
2565 5036 2749 5090 reduci
2784 5036 2900 5091 visa
2957 5044 3084 5090 sunt
3118 5044 3172 5091 et
3201 5044 3372 5105 portae
3408 5036 3625 5106 aperiri.
3650 5033 3743 5089 Sed
3763 5040 3808 5086 et

2249 5126 2428 5180 clerus
2452 5126 2746 5196 procedere
2773 5135 2859 5183 est
2878 5126 3182 5193 ordinatus,
3215 5141 3554 5197 regemcum
3586 5124 3807 5181 laudibus

2249 5223 2307 5271 et
2346 5216 2458 5271 Deo
2501 5217 2683 5289 dignis
2726 5218 3018 5274 cantilenis
3058 5226 3432 5287 suscepturus,
3476 5234 3576 5288 per
3605 5231 3730 5287 quas
3765 5220 3808 5265 et

2251 5305 2484 5363 Domino
2507 5324 2620 5363 suae
2645 5308 2985 5364 Iiberationis
3008 5308 3228 5363 olferret
3250 5309 3573 5378 tripudium,
3597 5322 3659 5363 ac
3678 5304 3806 5376 priu-

2254 5397 2362 5468 cipi
2388 5398 2694 5455 sedulitatis
2722 5414 2838 5455 suae
2865 5400 3120 5455 devotum
3134 5408 3469 5455 monstraret
3487 5397 3804 5467 obsequium.

2256 5488 2369 5555 Rex
2399 5491 2584 5561 itaque
2632 5499 2923 5561 postquam
2948 5490 3030 5545 ira
3073 5489 3390 5561 refrigerata
3429 5505 3531 5559 per
3554 5486 3806 5551 _famulum

2250 5582 2370 5651 ejus
2407 5598 2466 5637 se
2510 5582 2681 5638 sensit
2724 5581 2953 5636 immani
2997 5590 3242 5651 ereptum
3274 5581 3513 5651 piaculo,
3560 5577 3806 5653 gratiasin

2251 5674 2477 5730 ecclesia
2510 5672 2621 5728 Deo
2647 5672 2900 5739 reddidit,
2922 5684 2977 5728 et
2998 5673 3209 5728 civibus
3231 5673 3521 5744 principali
3552 5670 3805 5740 indulgen-

2251 5766 2325 5822 tia
2358 5766 2504 5835 data,
2537 5766 2605 5821 ad
2634 5765 2875 5822 curanda
2915 5764 3073 5839 juxta
3102 5777 3314 5828 morem
3351 5764 3532 5837 epulis
3566 5760 3807 5834 regalibus
