3932 6298
185 386 273 446 ιιι

1361 395 1778 456 CHRONICON.
1815 432 1882 443 -
1912 403 2039 460 LIB.
2078 405 2118 460 Ι.

3293 427 3408 484 ιιι

181 514 375 570 corpora
421 513 534 554 sese
567 499 850 602 convertit,
881 502 1082 607 quibus
1122 504 1288 607 biduo
1310 508 1633 607 indulgens,
1658 520 1712 569 et
1739 518 1783 579 Α
1812 514 2061 575 Justinus
2108 518 2383 578 Anastasii
2432 539 2719 583 successor
2754 527 3056 599 imperabat
3095 533 3151 589 in
3193 552 3252 592 re
3293 552 3396 607 pu-

178 598 442 645 rccreatum
483 591 777 646 exercitum
809 601 933 662 post
966 594 1206 651 laborem
1237 599 1446 667 videns,
1484 603 1553 657 ad
1603 604 1709 660 alia

178 680 305 750 paria
324 680 527 750 negotia
546 683 784 737 curanda
807 683 1015 740 ducere
1027 686 1243 755 volens,
1260 690 1438 746 virum
1460 691 1553 747 Dei
1585 710 1712 749 san-

176 780 299 826 etum
334 769 641 842 Euspicium
687 775 804 829 suis
843 776 1156 846 aspectibus
1185 784 1502 849 praesentari
1523 784 1708 854 jussit,

174 869 293 916 etut
322 860 457 928 urbi,
494 862 650 932 cujus
691 866 992 923 subventor
1034 870 1308 937 extiterat,
1344 890 1619 946 quamque
1641 879 1710 933 ab

172 950 452 1007 imminente
492 955 734 1024 periculo
791 959 1095 1028 eripuerat,
1138 965 1397 1032 pastorali
1444 968 1711 1024 sollicitu-

172 1041 263 1095 dini
294 1053 535 1112 praeesset
575 1047 857 1104 admonuit
908 1060 961 1106 et
996 1052 1340 1110 admonendo
1392 1059 1601 1127 petivit.
1640 1062 1710 1118 At

172 1131 239 1185 vir
258 1130 342 1186 Dei
372 1149 476 1189 non
526 1136 815 1194 immemor
865 1142 1174 1211 verborum,
1222 1146 1420 1215 quibus
1467 1151 1666 1207 dicitur
1690 1170 1710 1206 ι

170 1219 350 1285 Quanto
394 1241 608 1296 magnus
662 1246 738 1296 es,
781 1231 1009 1287 humilia
1054 1243 1104 1289 te
1143 1237 1199 1290 in
1241 1240 1503 1308 omnibus,
1541 1250 1593 1296 et
1619 1261 1708 1299 co-

167 1328 260 1367 ram
302 1313 513 1370 Domino
563 1319 793 1376 inuenies
842 1326 1109 1394 gratiam,
1151 1329 1397 1386 oblatum
1437 1333 1705 1393 honorem

166 1403 232 1457 vel
250 1406 417 1474 potius
445 1423 584 1466 onus
609 1414 900 1471 sacerdotii
927 1417 1203 1476 humiliter
1222 1425 1511 1486 recusavit.
1537 1426 1705 1485 immo

165 1495 387 1562 przescius
408 1498 685 1558 brevitatis
702 1503 827 1559 vita:
846 1521 977 1574 suae,
999 1523 1122 1578 qua:
1145 1513 1493 1581 postmodum
1513 1519 1703 1572 termi-

166 1586 310 1641 nanda
338 1599 466 1656 erat,
499 1601 560 1646 ut
609 1595 659 1649 ei
712 1597 850 1652 alter
900 1600 1235 1671 succederet,
1285 1604 1476 1662 cedere
1522 1607 1697 1665 libuit.

165 1672 290 1733 Tunc
312 1693 401 1734 rex
423 1693 645 1740 evocata
676 1687 929 1756 protinus
958 1691 1014 1745 in
1040 1707 1214 1748 unum
1243 1687 1481 1752 ﬁdelium
1512 1700 1699 1755 multi-

163 1767 333 1835 tudine,
362 1779 421 1826 ut
466 1773 535 1829 de
582 1779 966 1837 constituendo
1019 1792 1238 1853 pastore
1285 1790 1606 1845 sententiam
1642 1793 1698 1847 in

161 1861 359 1953 medium
392 1865 702 1933 proferrent
750 1875 1024 1945 praecepit.
1073 1874 1308 1933 Noverat
1354 1881 1498 1936 enim
1550 1886 1698 1953 quod

156 1948 281 2016 juxta
299 1953 563 2012 decretum
594 1958 794 2018 Leonis
825 1963 1004 2036 Magni
1034 1982 1188 2038 papa:
1210 1970 1361 2025 nulla
1386 1973 1525 2027 ratio
1551 1948 1691 2031 sine-

159 2039 247 2119 bat,
276 2053 328 2099 ut
348 2044 482 2101 inter
509 2050 799 2122 episcopos
826 2055 1175 2128 haberentur,
1211 2061 1303 2130 qui
1338 2079 1439 2119 nec
1471 2080 1502 2119 a
1530 2067 1694 2121 cleri-

158 2130 221 2186 cis
237 2146 400 2191 essent
423 2140 605 2208 electi,
636 2159 737 2200 nec
760 2161 792 2199 a
820 2147 1070 2216 plebibus
1091 2152 1333 2221 expetiti,
1366 2170 1466 2212 nec
1490 2172 1521 2211 a
1544 2173 1694 2213 com-

156 2225 532 2291 provincialibus
565 2234 839 2306 episcopis
888 2254 1013 2294 eum
1044 2245 1447 2314 metrOpolitani
1484 2248 1694 2317 judicio

155 2320 430 2407 consecrati.
453 2321 695 2380 Noverat
721 2327 885 2383 etiam
911 2332 1194 2400 quoniam,
1224 2334 1351 2390 licet
1377 2340 1692 2407 praesideret

155 2406 343 2463 seculari
362 2410 646 2482 dignitate,
673 2431 858 2471 rerum
903 2427 1083 2475 tamen
1118 2406 1443 2493 praesulibus
1475 2428 1689 2487 divina-

155 2511 268 2564 rum,
292 2510 346 2555 ut
371 2504 559 2558 scribit
585 2506 777 2563 beatus
806 2507 1057 2566 Gelasius
1079 2527 1237 2583 papa,
1269 2515 1497 2574 devotus
1527 2520 1690 2577 debe-

155 2598 219 2644 ret
244 2593 363 2649 colla
391 2596 712 2654 submittere
733 2609 897 2672 atque
922 2604 992 2658 ab
1017 2606 1096 2660 eis
1123 2622 1320 2665 causas
1356 2626 1472 2667 sua:
1495 2615 1687 2672 salutis

149 2692 353 2750 expetere
372 2687 535 2759 inque
569 2691 958 2750 submittendis
991 2697 1284 2755 celestibus
1334 2706 1687 2764 sacramentis

150 2771 299 2844 eisque
327 2786 382 2832 ut
400 2783 661 2851 competit
693 2784 1048 2856 disponendis
1082 2789 1241 2845 subdi
1277 2807 1336 2847 se
1362 2794 1558 2851 debere
1588 2813 1684 2854 co-

149 2869 394 2931 gnoscebat
436 2874 722 2946 religionis
766 2879 956 2935 ordine
1012 2882 1186 2953 magis
1222 2898 1389 2953 quam
1428 2902 1681 2957 praeesse.

152 2958 333 3021 Volebat
361 2982 579 3041 quoque
615 2988 806 3042 parere
836 2975 1057 3035 decreto
1097 2980 1306 3050 praefati
1335 2982 1532 3042 Leonis
1572 2986 1686 3044 Ma-

1812 607 1974 664 blica.

1883 699 2099 793 (m,l.)
2131 701 2380 775 Regnum
2411 704 2578 775 igitur
2599 707 2855 770 Clodovei
2880 723 3116 785 quatuor
3148 717 3269 793 ejus
3297 717 3399 776 filii

1809 805 1964 861 aequa
1994 792 2136 848 inter
2178 810 2237 849 se
2269 797 2424 852 lance
2453 797 2704 855 dividunt
2766 802 3395 876 Theodericus,”Clodo—

1808 882 1996 948 meris,
2019 882 2399 943 Childebertus
2437 898 2491 943 et
2523 889 2855 951 Clotharius.
2888 894 3175 971 [Fanni-16.]
3225 898 3394 957 Sedes

1809 972 1963 1043 regni
1996 971 2318 1031 Theoderici
2346 977 2526 1035 Mettis
2552 982 2745 1038 civitas
2766 982 2887 1050 fuit,
2910 985 3260 1046 Clodomeris
3279 991 3393 1044 Au-

1807 1064 2050 1131 relianis,
2081 1065 2411 1123 Cbildeberti
2452 1069 2715 1140 Parisius,
2747 1074 3012 1132 Clotbarii
3052 1076 3387 1135 Suessionis.

1808 1152 2001 1227 [GREG.
2035 1155 2190 1224 Tur.,
2217 1174 2298 1224 ιιι,
2334 1158 2408 1231 η.
2440 1159 2684 1217 Habebat
2712 1164 2831 1233 jam,
2859 1175 2991 1222 tunc
3018 1166 3393 1226 Theodericus

1805 1245 2001 1314 filium,
2033 1244 2468 1305 Theodebertum
2505 1252 2745 1320 nomine,
2774 1256 3072 1326 elegantem
3100 1266 3156 1313 et
3174 1260 3387 1323 utilem,

1805 1345 1860 1393 et
1905 1338 2094 1406 tiliam,
2142 1356 2309 1410 quam
2360 1342 2570 1412 accepit
2622 1360 2847 1401 uxorem
2893 1348 3237 1406 Amalaricus
3293 1366 3388 1406 rex

1804 1427 2081 1500 Hispaniae
2130 1431 2334 1489 Alarici
2391 1433 2557 1502 filius,
2604 1435 2702 1505 qui
2749 1438 2894 1507 apud
2939 1436 3300 1496 Barcinonam
3353 1456 3389 1495 a

1803 1520 2031 1579 Francis
2057 1523 2274 1580 occisus
2294 1533 2396 1581 est.
2431 1524 2723 1599 [Faenza]
2744 1526 2888 1583 Inter
2914 1528 3308 1586 Theodericum
3332 1540 3389 1586 et

1802 1611 2209 1669 Childebertum
2254 1616 2532 1673 contentio
2576 1633 2774 1688 magna
2823 1634 3039 1690 semper
3091 1618 3214 1687 fuit,
3263 1635 3388 1690 qua:

1800 1703 2004 1759 multas
2034 1704 2196 1760 urbes
2219 1705 2428 1762 afﬂixit.
2451 1706 2644 1779 [Galam
2664 1706 2821 1777 Tur.,
2845 1724 2929 1776 ιιι,
2956 1706 3068 1781 15].
3091 1707 3218 1763 Fuit
3240 1723 3386 1764 enun

1806 1792 2175 1851 Theodericus
2192 1796 2510 1868 ingeniosus
2531 1806 2586 1854 et
2605 1799 2855 1866 callidus,
2884 1799 3233 1869 postmodum
3253 1814 3394 1854 vero

1734 1884 1771 1910 ⁵⁵
1800 1900 1927 1940 cum
1955 1884 2125 1941 fratre
2148 1884 2328 1942 foedus
2355 1887 2499 1956 iniit,
2526 1896 2580 1943 et
2612 1888 2741 1943 dato
2776 1896 3142 1957 sacramento,
3174 1895 3236 1944 ut
3259 1889 3386 1945 nul-

1798 1978 1889 2032 lus
1910 1987 2101 2033 contra
2125 1980 2295 2034 alium
2330 1988 2662 2048 moveretur,
2696 1981 2916 2038 obsides
2939 1982 3010 2037 ad
3033 1981 3268 2038 invicem
3290 1997 3397 2037 ac-

1796 2078 2077 2140 Ceperunt.
2112 2070 2218 2127 Sed
2273 2081 2395 2128 orto
2447 2073 2649 2127 iterum
2705 2072 2848 2128 inter
2893 2088 3049 2145 reges
3099 2072 3390 2140 seandalo,

1795 2161 2015 2218 obsides
2054 2163 2168 2218 dati
2221 2162 2320 2217 ﬁlii
2371 2172 2688 2218 senatorum
2739 2164 2962 2220 servitio
2992 2165 3212 2236 publico
3251 2174 3381 2219 sunt

1793 2253 2012 2309 addicti.
2038 2252 2175 2310 Nam
2219 2255 2552 2325 quicumque
2597 2270 2691 2311 eos
2734 2256 3122 2312 custodiendos
3155 2270 3385 2325 accepe-

1792 2353 1941 2412 runt,
1971 2360 2161 2402 servos
2183 2346 2288 2401 sibi
2314 2346 2580 2402 fecerunt.
2626 2345 2781 2419 (Vita
2806 2346 3067 2419 Carileﬁ).
3109 2345 3376 2417 Tempore

1790 2434 2055 2492 Clotharii
2092 2442 2150 2492 et
2187 2436 2519 2493 Childeberti
2564 2445 2790 2493 sanctus
2827 2438 3020 2494 Avitus
3064 2446 3120 2495 et
3150 2445 3388 2493 sanctus-

1789 2525 2466 2598 CarilepbusabArvernis
2484 2528 2551 2585 de
2562 2530 2899 2587 monasterio
2912 2528 3125 2586 Menate
3143 2530 3381 2601 egressi,

1788 2617 2112 2677 Miciacense
2157 2621 2488 2688 coenobium,
2552 2622 2701 2691 quod
2744 2629 2968 2679 sanctus
3020 2620 3378 2687 Maximinus,

1788 2710 1956 2767 frater
1985 2713 2163 2768 sancti
2207 2711 2411 2779 Vitoni,
2446 2712 2788 2781 fundaverat,
2839 2713 3203 2784 expetierunt,
3232 2721 3287 2768 et
3318 2713 3371 2768 ei

1788 2817 1850 2859 se
1881 2803 2257 2859 subdiderunt.

1858 2892 2146 2967 [Faenum]
2187 2893 2445 2951 Crotildis
2479 2910 2610 2950 vero
2634 2895 2822 2967 regina
2854 2903 2981 2966 post
3003 2903 3233 2951 mortem
3263 2895 3369 2949 viri

1787 2985 1873 3040 sui
1893 2986 2148 3041 monebat
2171 2986 2339 3054 filios,
2361 2996 2594 3042 mortem
2628 2986 2800 3057 patris
2831 2995 2887 3043 et
2930 2986 3126 3042 matris
3155 2994 3212 3040 et
3250 2984 3365 3040 fra-

150 3051 236 3154 gui,
264 3053 313 3109 in
344 3072 446 3127 quo
471 3060 552 3115 ait
588 3063 834 3119 scribens
867 3064 1093 3124 Rustico
1126 3068 1469 3129 Narbonensi
1501 3078 1683 3131 archi-
1785 3082 1931 3127 trum
1962 3073 2170 3129 ulcisci.
2200 3051 2375 3140 Quam
2403 3075 2475 3129 ob
2499 3051 2724 3130 causam
2769 3074 2846 3128 illi
2883 3072 3226 3145 Burgundias
3268 3088 3367 3143 ap-

149 3148 359 3245 episcopo
381 3148 771 3245 inter-cetera:
810 3155 944 3211 Cum
965 3159 1029 3212 de
1050 3162 1246 3215 summi
1263 3164 1552 3220 sacerdotis
1577 3167 1681 3222 ele-
1708 3184 1752 3245 (ς
1785 3173 1993 3234 petunt,
2027 3163 2436 3236 Sigismundum
2484 3166 2842 3223 Gundebaudi
2877 3167 3050 3222 filium
3087 3176 3141 3222 et
3187 3167 3368 3225 Gade-

148 3242 282 3331 ctione
318 3242 652 3331 tractabitur,
703 3244 797 3299 ille
841 3248 1081 3303 omnibus
1130 3263 1488 3323 prwponatur,
1524 3274 1676 3328 quem
1722 3242 1749 3245 —
1783 3269 1988 3311 marem
2031 3257 2225 3326 proelio
2259 3258 2505 3313 vincunt.
2554 3258 2892 3315 Clodomeris
2928 3260 3367 3331 Sigismuudum,

148 3322 245 3415 clari
290 3328 542 3403 plebisque
596 3350 876 3392 consensus
930 3322 1254 3397 unanimiter
1311 3322 1674 3415 postulauerit.

150 3412 305 3472 Nullus
316 3431 493 3477 autem
526 3427 712 3481 invitis
733 3437 785 3482 et
822 3445 925 3483 non
953 3433 1245 3501 petentibus
1265 3412 1437 3506 detur,
1463 3456 1526 3494 ne
1549 3443 1678 3497 ciui-

148 3514 210 3561 tas
229 3512 501 3585 episcopum
530 3533 641 3571 non
667 3526 907 3588 optatum
944 3531 1037 3577 aut
1064 3533 1399 3598 contempnat
1430 3540 1523 3585 aut
1555 3532 1678 3588 ode—

146 3598 214 3690 rit,
231 3610 272 3654 et
285 3603 372 3671 ﬁat
399 3608 575 3661 minus
600 3607 845 3678 religiosa
867 3613 953 3666 cui
974 3628 1076 3668 non
1090 3614 1299 3671 licuerit
1315 3617 1502 3673 habere
1524 3636 1677 3690 quem

146 3688 289 3747 soluit.
321 3692 626 3752 Celestinus
655 3714 873 3771 quoque
912 3702 969 3756 in
1006 3704 1238 3763 decretis
1275 3707 1391 3764 suis
1429 3727 1444 3763 :
1478 3688 1675 3764 Nullus

145 3779 285 3839 inritis
308 3785 454 3841 detur
485 3790 796 3861 episcopus;
833 3794 983 3862 cleri,
1019 3796 1185 3865 plebis
1219 3807 1270 3853 et
1295 3799 1498 3855 ordinis
1535 3800 1677 3855 desi-

143 3872 305 3927 derium
324 3881 642 3949 requiratur.

196 3964 310 4033 (Fol.
334 3970 443 4042 l2.)
481 3971 793 4030 Clodovcus
821 3974 1005 4046 itaque
1036 3975 1438 4035 Ranacharium
1468 3996 1673 4052 regem,

142 4052 265 4121 cujus
290 4061 429 4129 regni
461 4063 623 4117 sedes
647 4072 766 4118 erat
800 4063 1132 4121 Cameracus
1154 4067 1365 4134 civitas,
1396 4080 1673 4139 parentem

142 4158 266 4200 suum
300 4149 418 4207 dolo
446 4168 621 4209 manu
648 4156 869 4225 propria
900 4156 1189 4224 interfecit,
1222 4167 1276 4213 et
1306 4157 1527 4214 fratrem
1556 4162 1674 4230 ejus

142 4232 442 4300 Racharium.
468 4244 941 4318 [Fnsn.}Dederat
969 4257 1152 4304 autem
1188 4250 1542 4307 traditoribus
1555 4252 1675 4323 ejus

141 4334 408 4387 ornamenta
426 4334 703 4404 quaedam,
727 4351 838 4391 non
858 4352 1046 4404 aurea,
1060 4339 1153 4394 sed
1169 4354 1310 4395 aerea
1324 4350 1379 4395 et
1389 4341 1669 4398 deaurata.

139 4409 290 4481 [Cum
324 4421 475 4494 Tur.,
511 4441 592 4493 ιι,
619 4426 734 4499 42].
764 4427 895 4484 Post
916 4436 1147 4484 mortem
1170 4445 1301 4486 vero
1335 4432 1543 4486 domim
1588 4434 1670 4489 sui

1779 3347 1908 3401 dum
1940 3348 2007 3402 ad
2045 3349 2443 3412 monasterium
2481 3358 2794 3404 sanctorum
2834 3350 3243 3421 Agaunensium
3277 3350 3362 3406 fu-

1777 3448 1927 3508 geret
1954 3448 2197 3509 captum,
2224 3456 2350 3495 cum
2376 3455 2546 3495 uxore
2568 3449 2623 3495 et
2645 3441 2831 3496 liberis
2863 3439 3149 3497 interfecit.
3182 3440 3363 3498 Godo—

1777 3530 1945 3584 maris
1977 3538 2127 3600 terga
2151 3538 2365 3586 vertens
2402 3531 2579 3598 latuit,
2609 3539 2664 3585 et
2703 3531 2994 3601 resumptis
3023 3532 3235 3587 viribus
3262 3547 3352 3587 re—

1776 3637 1940 3689 gnum
1966 3620 2289 3691 Burgundizc
2310 3623 2501 3677 tenuit.
2528 3621 2721 3677 Avitus
2747 3638 2876 3677 vero
2897 3622 3066 3679 abbas
3086 3629 3360 3678 monaste-

1778 3713 1843 3766 rii
1873 3713 2283 3769 Aurelianensis
2321 3712 2573 3783 praedixit
2617 3713 2949 3782 Clodomeri,
2992 3714 3140 3784 quod
3188 3712 3358 3785 Sigis«

1775 3805 1980 3860 mundo
2026 3803 2251 3872 fecerat,
2300 3804 2592 3860 identidem
2642 3806 2822 3875 ipsum
2866 3821 2988 3861 esse
3034 3821 3353 3877 passurum.

1774 3893 2021 3964 Cumque
2072 3893 2389 3951 Veseroutia
2447 3893 2643 3950 Franci
2699 3911 2823 3951 cum
2877 3894 3361 3966 Burgundionibus

1775 3983 1976 4038 bellum
2020 3984 2269 4051 inissent,
2321 3984 2659 4039 Clodomeris
2706 3984 2882 4056 capite
2929 3992 3216 4040 truncatus
3249 3992 3354 4048 est,

1774 4075 2030 4145 deceptus
2063 4076 2132 4130 ab
2175 4076 2393 4132 auxiliis
2424 4073 2747 4132 Theudorici
2779 4074 2923 4147 regis
2967 4074 3152 4142 Italiae,
3195 4073 3355 4144 cujus

1775 4166 1938 4219 tiliam
1973 4164 2356 4236 Sigismundus
2397 4181 2620 4222 uxorem
2662 4167 2892 4237 habuit:
2924 4182 3030 4237 qua
3062 4166 3226 4221 etiam
3260 4165 3356 4221 dc-

1776 4255 1980 4321 functa,
2004 4257 2187 4322 aliam,
2207 4265 2265 4309 ut
2287 4256 2727 4328 praetaxavimus,
2759 4256 2931 4310 duxit.
2965 4256 3158 4327 jGnec.
3192 4254 3350 4320 Tur.,

1777 4363 1858 4412 ιιι,
1892 4345 1997 4419 18].
2032 4345 2280 4417 Cumque
2330 4346 2587 4403 Crotildis
2636 4344 2779 4401 filios
2811 4346 3147 4401 Clodomeris
3189 4347 3353 4401 unico

1776 4437 1969 4492 affectu
1994 4436 2258 4508 diligeret,
2291 4436 2493 4492 invidia
2537 4436 2732 4492 ductus
2759 4434 3138 4491 Childebertus
3166 4433 3352 4488 Clota-

138 4517 475 4573 c“suostentes
511 4516 822 4586 proditores
860 4534 1077 4586 aurum,
1111 4521 1258 4590 quod
1289 4536 1319 4576 a
1353 4537 1479 4593 rege
1507 4538 1664 4580 acce-
1694 4525 1741 4582 ι)
1769 4528 1909 4583 rium
1925 4528 1990 4582 ad
2004 4543 2493 4598 necempuerorum
2507 4527 2765 4583 incitavit.
2783 4525 3354 4599 (Fol.4‘2.)[Fnsnec.}

135 4606 304 4667 Nam,
346 4618 454 4659 non
496 4620 712 4673 verum,
762 4608 855 4663 sed
886 4608 1272 4677 adulterinum,
1312 4620 1365 4667 et
1406 4627 1532 4667 cum
1565 4614 1670 4669 hoc

135 4684 223 4753 regi
247 4687 516 4761 dixissent,
566 4696 916 4766 respondisse
957 4696 1131 4753 fertur
1158 4714 1253 4754 rex
1285 4718 1297 4753 :
1346 4699 1535 4755 Merito
1566 4700 1673 4755 tale

134 4788 286 4831 aurum
305 4785 516 4854 accipit,
536 4787 628 4857 qui
652 4787 924 4842 dominum
945 4804 1100 4844 suum
1121 4791 1191 4844 ad
1211 4801 1427 4844 mortem
1453 4794 1671 4863 propria

133 4864 351 4928 voluntate
403 4877 665 4945 perducit.
729 4876 946 4935 Tertius
1008 4879 1176 4951 igitur
1226 4880 1392 4936 frater
1453 4897 1666 4951 eorum,

131 4959 420 5033 Propinquus
446 4976 501 5022 et
518 4969 638 5037 ipse
649 4968 926 5037 Clodovei,
943 4972 1086 5041 apud
1102 4970 1565 5044 Cynomannicam
1588 4976 1667 5030 ci-

131 5047 310 5108 vitatem
339 5055 499 5124 jussu
536 5061 710 5130 ipsius
750 5062 1070 5119 interfectus
1117 5072 1219 5120 est.
1259 5063 1470 5132 Quibus
1513 5081 1650 5121 mor-

128 5138 212 5229 tuis
233 5158 378 5203 omne
396 5152 834 5224 regnumjeorum
860 5163 916 5210 et
934 5155 1224 5212 thesauros
1252 5158 1479 5229 accepit,
1504 5159 1666 5214 inter-

130 5223 348 5320 lfctisque
372 5248 426 5295 et
452 5242 578 5299 aliis
606 5223 795 5300 multis
819 5246 1059 5316 regibus,
1095 5255 1151 5301 et
1178 5223 1445 5317 proximis
1466 5223 1664 5320 paren-

128 5317 240 5411 tibus
260 5329 384 5398 suis,
406 5347 550 5403 quos
578 5345 863 5406 suspectos
883 5337 1117 5393 habebat
1143 5346 1205 5393 ut
1232 5340 1283 5393 ei
1308 5317 1535 5411 regnum
1563 5356 1663 5395 au-

126 5407 306 5498 ferrent,
346 5436 573 5494 regnum
618 5442 779 5482 suum
826 5443 924 5498 per
965 5436 1109 5485 totas
1145 5428 1349 5485 Gallias
1375 5407 1658 5485 idilatavit.

125 5495 241 5558 Obiit
255 5511 388 5578 apud
404 5511 744 5585 Parisiorum
773 5495 965 5574 urbem
1006 5534 1152 5575 anno
1172 5519 1330 5575 Dom.
1379 5520 1488 5576 inc.
1530 5519 1655 5589 518,

270 5601 350 5654 δαί
370 5616 516 5659 anno
538 5606 625 5675 '50,
643 5609 820 5664 aetatis
846 5609 938 5677 45,
967 5610 1320 5680 sepultusque
1352 5618 1436 5665 est
1469 5610 1526 5664 in
1560 5610 1658 5665 ba-

126 5678 246 5772 tilica
282 5701 590 5752 sanctorum
638 5700 1012 5770 apostolorum
1030 5678 1652 5772 iquamiconstruxerat.

127 5767 407 5840 Prtsidebat
436 5795 567 5845 tunc
608 5767 867 5848 Romanae
896 5767 1138 5850 ecclesiae
1173 5791 1461 5851 Hormisda
1490 5812 1652 5869 papa,

1767 4618 2015 4690 Cumque
2034 4619 2278 4675 Parisius
2308 4619 2692 4674 convenissent
2724 4617 2885 4688 quasi
2922 4632 3125 4687 pueros
3162 4616 3218 4671 in
3260 4631 3350 4669 re-

1766 4725 1876 4782 gno
1908 4710 2079 4781 patris
2113 4710 2476 4777 sublimaturi,
2504 4708 2817 4765 Clotharius
2860 4708 3047 4763 dolose
3079 4706 3354 4775 susceptis

1766 4802 1847 4856 eis
1889 4817 1921 4856 a
1963 4810 2156 4869 matre,
2194 4801 2568 4858 Theodaldum
2609 4810 2663 4857 et
2712 4797 3076 4855 Guntharium
3125 4796 3345 4864 occidit,

1767 4893 1960 4949 tertius
1992 4891 2324 4952 Clodoaldus
2348 4895 2401 4949 in
2428 4894 2685 4950 clericum
2731 4891 2986 4948 tondetur
3026 4908 3040 4945 :
3077 4889 3148 4945 ad
3188 4889 3346 4960 cujus

1767 4984 2077 5053 sepulcrum
2117 4985 2345 5041 virtutes
2377 4987 2533 5040 fiunt.
2559 4984 2749 5058 [ρης.
2785 4981 2940 5048 Tur.,
2985 4998 3066 5050 ιιι,
3113 4980 3210 5049 l3;
3259 4996 3342 5045 ιιι,

1770 5074 1873 5142 16;
1904 5091 1985 5142 ιιι,
2026 5074 2141 5147 12.]
2173 5074 2541 5132 Theodericus
2568 5076 2634 5131 ad
2679 5074 3037 5145 direptionem
3059 5073 3343 5130 Arvernici

1766 5165 2022 5220 territorii
2056 5164 2341 5232 festinans,
2389 5163 2721 5237 Sigivaldum
2777 5181 2903 5221 eum
2948 5165 3099 5221 omni
3134 5164 3343 5221 familia

1764 5255 1875 5311 illic
1895 5256 2256 5329 commigrare
2276 5257 2551 5327 praecepit,
2571 5258 2666 5327 qui
2687 5258 2845 5328 plura
2871 5257 3015 5311 mala
3037 5256 3264 5328 peregit,
3287 5264 3341 5312 et

1764 5346 1879 5416 ipse
1905 5356 2091 5416 postea
2121 5349 2263 5403 male
2295 5348 2473 5419 periit.
2519 5347 2647 5404 Tale
2704 5358 2885 5405 autem
2933 5348 3206 5403 excidium
3253 5362 3341 5402 re—

1760 5438 1905 5505 gioni
1934 5438 2111 5493 eidem
2150 5455 2244 5493 rex
2274 5438 2532 5508 praefatus
2566 5441 2765 5508 intulit,
2792 5448 2853 5494 ut
2890 5449 3068 5510 neque
3111 5437 3340 5493 minori-

1760 5522 1865 5578 bus
1890 5532 2021 5578 natu
2052 5539 2231 5594 neque
2280 5525 2580 5595 majoribus
2620 5526 2916 5597 quidquam
2960 5523 3165 5596 proprii
3205 5523 3335 5579 reli-

1759 5620 1908 5667 ctum
1930 5612 2020 5679 sit,
2048 5624 2242 5681 praeter
2268 5622 2468 5669 terram
2491 5616 2683 5681 solam,
2705 5629 2872 5686 quam
2896 5614 3113 5669 barbari
3147 5628 3335 5669 secum

1758 5699 1899 5757 ferre
1931 5717 2039 5756 non
2068 5710 2337 5772 poterant.
2376 5704 2581 5761 Eduam
2609 5719 2829 5775 quoque
2861 5704 3099 5772 obsedit,
3125 5712 3179 5759 et
3216 5718 3334 5759 om-

1758 5792 1888 5849 nino
1912 5793 2251 5865 dcpraalatus
2270 5804 2374 5852 est.
