3932 6298
584 393 689 448 HS

1565 380 1867 443 HUGONIS
1904 385 2199 443 ABBATIS
2236 384 2812 445 FLAVINIACENSIS

3718 396 3791 453 “6

658 502 823 556 Beato
845 500 1012 572 igitur
1038 499 1236 554 \‘itono
1261 500 1314 553 in
1338 498 1533 569 gaudio
1557 497 1773 554 Domini
1794 508 2098 569 assumpto,
2121 507 2175 554 et
2201 513 2247 569 Α
2271 500 2420 555 tione
2445 498 2639 555 mortis
2662 499 2785 555 ﬁliae
2818 499 3027 556 sororis
3064 497 3339 569 Clodovel,
3380 516 3506 581 quae
3546 500 3702 561 fuerat
3723 523 3791 562 co-

590 610 695 664 pro
723 593 980 648 ﬁdelitate
1010 606 1304 662 paucorum
1334 599 1386 645 et
1407 591 1560 647 lucro
1583 606 1747 661 supra
1772 592 1942 648 multa
1973 601 2028 647 et
2048 607 2168 662 per-

590 694 755 755 petua
777 686 920 741 bona
958 683 1254 741 constituto
1282 682 1415 754 (i5),
1443 681 1794 739 Desideratus
1823 683 2087 738 successit
2112 682 2168 736 in

590 779 955 849 episcopalem
981 792 1167 832 curam
1190 775 1361 829 multa
1379 774 1658 847 vigilantia
1680 782 1948 846 egentem,
1966 773 2167 829 solliei-

584 871 838 926 tudinum
861 869 1152 940 angoribus
1171 866 1613 935 circumseptam.
1637 864 2006 921 Theodericus
2019 864 2164 919 enim

584 977 713 1017 cum
741 968 883 1020 esset
896 957 1187 1029 pertinacis
1211 966 1266 1012 et
1287 957 1418 1012 mali
1431 956 1601 1013 animi
1625 964 1680 1013 et
1700 972 1801 1027 pro
1820 955 2165 1011 dissensione

580 1046 734 1114 inter
780 1071 838 1111 se
884 1063 939 1109 et
977 1053 1207 1109 fratrem
1247 1068 1408 1110 suum
1432 1052 1655 1119 multas,
1697 1060 1760 1106 ut
1792 1051 2162 1121 praediximus,

581 1148 744 1201 nubes
769 1145 1068 1211 aﬁlixisset,
1087 1155 1144 1199 et
1164 1143 1359 1215 (Gneo.
1393 1142 1552 1210 Tur.,
1578 1160 1662 1210 ιιι,
1692 1142 1783 1211 54]
1813 1142 2163 1200 Desideratus

575 1237 691 1305 ipse
718 1243 846 1305 post
872 1237 1045 1291 multa
1068 1236 1174 1291 sibi
1204 1236 1353 1290 illata
1397 1235 1620 1302 damna,
1647 1235 1831 1301 exilia,
1862 1248 2158 1299 aerumnas,

572 1327 828 1396 injurias,
850 1327 966 1397 jam
990 1327 1059 1382 ad
1083 1326 1388 1382 libertatem
1411 1326 1643 1381 Domino
1661 1326 1887 1397 jubente
1908 1326 2157 1392 redisset,

571 1425 628 1471 et
659 1418 805 1488 apud
829 1417 1157 1485 Virdunum,
1207 1425 1268 1471 ut
1306 1417 1568 1485 diximus,
1595 1418 1942 1488 episcopatus
1962 1417 2158 1488 funge-

570 1516 727 1563 retur
767 1506 967 1575 ofﬁcio,
998 1505 1177 1562 fuerat
1219 1507 1366 1562 enim
1420 1508 1477 1563 in
1519 1509 1720 1564 satculo
1760 1508 2155 1576 nobilissimus,

574 1598 784 1653 habens
812 1613 1041 1673 uxorem
1061 1607 1116 1653 et
1138 1599 1566 1665 ﬁlium,nomine
1588 1598 1895 1673 Syagrium.
1921 1602 2155 1672 (111,55.)

576 1686 685 1743 Sed
719 1704 750 1744 a
775 1687 1059 1762 Syrivaldo
1088 1691 1324 1761 quodam
1374 1693 1518 1762 apud
1543 1691 1828 1763 praefatum
1860 1709 2043 1765 regem
2068 1694 2156 1749 in-

574 1786 820 1846 cusatus,
849 1796 959 1835 non
1011 1782 1185 1836 solum
1232 1782 1496 1852 spoliatus
1542 1784 1725 1850 rebus,
1759 1800 1951 1839 verum
1990 1784 2157 1841 etiam

2266 592 2452 660 pulata
2500 589 2727 660 praafato
2767 590 3104 647 Theoderico
3148 592 3203 648 in
3238 593 3641 650 matrimonium
3669 607 3715 651 et
3744 614 3793 653 eo

2265 680 2523 736 defuncto
2563 690 2756 736 contra
2808 681 3018 759 natales
3060 697 3192 738 suos
3228 698 3387 738 servo
3429 694 3677 754 nupserat
3703 687 3789 753 (fol.

2264 775 2378 845 45),
2401 784 2455 831 et
2480 776 2609 847 quia
2636 785 2810 830 mater
2831 776 3110 846 indignata
3144 784 3292 832 moto
3311 785 3502 832 contra
3532 793 3647 832 eam
3671 795 3793 836 exer~

2265 867 2377 921 citu
2404 880 2623 921 servum
2657 876 2981 937 peremerat,
3026 866 3303 938 ﬁliamque
3331 869 3401 923 ad
3435 869 3650 924 domum
3671 873 3794 927 redu-

2263 965 2435 1024 xerat,
2472 957 2561 1011 illa
2592 957 2730 1013 irata
2761 973 3034 1012 venenum
3072 959 3128 1012 in
3168 959 3355 1024 calice,
3390 973 3500 1028 quo
3529 966 3690 1013 mater
3708 974 3795 1016 erat

2263 1047 2754 1115 communicatura,
2798 1048 2983 1117 posuit
3009 1079 3083 1089 ——
3104 1058 3260 1104 erant
3294 1050 3438 1104 enim
3483 1049 3699 1109 Arriana
3725 1052 3794 1105 de-

2261 1140 2395 1195 tenti
2414 1140 2661 1210 perﬁdia,
2678 1154 2878 1209 —quo
2911 1140 3109 1195 hausto
3141 1157 3267 1196 mox
3296 1150 3469 1196 mater
3491 1151 3694 1197 mortua
3715 1154 3793 1209 est,

2218 1254 2221 1255 ν
2259 1224 2331 1288 et
2358 1233 2428 1288 ob
2476 1233 2583 1288 hoc
2634 1232 2899 1304 indignati
2949 1233 3088 1299 Itali,
3130 1250 3195 1289 ea
3242 1234 3472 1304 abjecta,
3518 1236 3792 1305 praedictum

2261 1323 2614 1380 Theodadum
2655 1339 2838 1395 regem
2881 1326 3302 1391 constituerunt,
3342 1343 3371 1381 a
3413 1342 3527 1397 quo
3576 1343 3796 1384 succensa

2258 1414 2607 1469 vehementer
2639 1415 2835 1470 balneo
2865 1414 3095 1482 inclusa,
3128 1414 3271 1470 inter
3304 1416 3454 1470 diros
3486 1432 3703 1486 vapores
3718 1433 3793 1488 pas

2257 1504 2500 1560 vimento
2522 1520 2805 1574 corruens,
2831 1515 3047 1561 mortua
3070 1515 3175 1566 est.
3202 1505 3306 1578 (ιιι,
3328 1508 3439 1577 52).
3471 1507 3794 1574 Quamobrem

2258 1607 2313 1659 et
2336 1598 2741 1654 Theodebertus
2767 1598 2977 1655 Italiam
3006 1599 3262 1672 pervasit,
3289 1600 3383 1654 sed
3412 1601 3544 1670 quia
3570 1601 3796 1665 exercitus

2258 1689 2378 1760 ejus
2405 1690 2633 1745 diversis
2664 1688 2905 1746 febribus
2943 1690 3262 1757 vexabatur,
3311 1691 3507 1746 ducem
3537 1707 3657 1747 cum
3678 1699 3798 1762 parte

2258 1783 2530 1838 exercitus
2551 1783 2624 1838 ibi
2649 1784 2877 1851 dimisit,
2904 1785 2999 1855 qui
3024 1800 3241 1840 omnem
3273 1784 3482 1839 Italiam
3504 1786 3690 1840 ditioni
3707 1786 3799 1855 ejus

574 1868 753 1925 fuerat
782 1871 1062 1941 suppliciis
1091 1872 1340 1941 affectus,
1384 1890 1509 1929 cum
1541 1883 1860 1931 tonsuratus
1893 1884 2081 1946 postea
2103 1885 2158 1931 et
2190 1900 2232 1953 Β
2260 1875 2501 1930 subdidit
2529 1884 2693 1945 atque
2721 1873 2987 1943 Siciliam,
3013 1884 3068 1930 et
3097 1876 3382 1931 thesauros
3415 1876 3801 1932 innumerabiles

574 1960 841 2016 electione
875 1963 1003 2017 cleri
1051 1971 1103 2018 et
1143 1965 1329 2034 populi
1354 1963 1686 2021 Virdunensi
1726 1964 1920 2022 fuisset
1959 1968 2154 2037 prela-

574 2058 666 2106 tus
699 2051 962 2119 ecclesiae,
1005 2052 1375 2111 Theodericus
1408 2064 1698 2126 perpetuas
1747 2059 1987 2114 retinens
2028 2074 2156 2131 erga

580 2158 707 2197 eum
740 2143 1075 2211 inimicitias,
1114 2146 1240 2216 quia
1288 2162 1398 2202 non
1440 2148 1774 2204 consentiret
1823 2150 2004 2219 pravis
2035 2150 2157 2221 ejus

574 2232 851 2302 operibus,
903 2235 1178 2290 civitatem
1238 2252 1365 2291 cum
1424 2237 1825 2294 habitatoribus
1871 2240 2159 2295 vehemen-

568 2329 655 2376 tur
693 2321 916 2379 attrivit.
964 2321 1288 2394 Super-venit
1337 2325 1559 2397 insuper
1598 2328 1782 2383 divino
1822 2328 2032 2398 judicio
2076 2327 2147 2383 fa-

569 2428 689 2469 mes
717 2414 893 2469 valida
913 2415 1151 2470 invalido
1205 2416 1440 2472 civitatis
1486 2418 1706 2488 populo,
1741 2434 1850 2488 qua
1895 2418 2157 2474 attenuati

570 2507 624 2560 in
673 2507 965 2563 afﬂictione
997 2508 1164 2563 nimia
1206 2519 1364 2564 erant
1404 2510 1591 2580 positi.
1625 2509 1757 2582 (Ιὸ.)
1797 2510 1862 2565 Et
1891 2526 2015 2566 eum
2043 2512 2158 2582 ipse

567 2600 637 2653 de
663 2599 829 2663 rebus
857 2600 974 2655 suis
1011 2615 1110 2669 per
1132 2600 1530 2657 Theodericum
1580 2603 1936 2658 remansisset
1976 2612 2158 2658 extra-

566 2704 729 2757 neus,
761 2705 863 2745 nec
915 2690 1141 2747 haberet
1189 2707 1256 2746 ex
1291 2693 1534 2763 proprio,
1570 2693 1802 2763 qualiter
1854 2693 2159 2763 indigentes

566 2798 624 2842 et
681 2787 976 2843 destitutos
1022 2788 1170 2843 cives
1215 2803 1348 2843 suos
1394 2788 1791 2854 consolaretur,
1841 2789 2060 2844 dolebat
2103 2799 2159 2844 et

567 2878 912 2934 tristabatur.
949 2878 1065 2948 (ιιι,
1105 2879 1198 2945 25,
1233 2879 1353 2947 εδ.)
1386 2878 1653 2934 Defuncto
1697 2888 1879 2934 autem
1911 2879 2155 2935 Theode-

566 2969 686 3022 rieo
738 2984 884 3022 anno
936 2968 1086 3039 regni
1131 2969 1217 3024 sui
1253 2968 1344 3034 25,
1396 2969 1466 3023 ab
1513 2969 1889 3025 incarnatione
1940 2967 2158 3025 Domini

569 3059 706 3124 541,
738 3075 864 3115 cum
908 3059 1315 3116 Theodebertus
1370 3059 1515 3114 ﬁlius
1565 3060 1686 3129 ejus
1739 3076 1967 3131 regnum
2031 3077 2147 3117 sus-

568 3150 822 3220 cepisset,
849 3159 903 3207 et
935 3159 1126 3207 contra
1160 3151 1494 3206 voluntatem
1529 3151 1860 3207 Clnldeberti
1885 3162 1938 3208 et
1971 3153 2157 3207 Clota-

2257 1965 2309 2019 ei
2335 1964 2551 2020 direxit.
2587 1964 2869 2036 (Faenza)
2918 1966 3113 2037 Magna
3157 1966 3303 2022 enim
3350 1966 3585 2022 felicitas
3614 1966 3798 2037 regisin

2258 2057 2346 2112 his
2367 2057 2623 2113 omnibus
2658 2056 2780 2121 fuit,
2810 2058 2939 2130 quia
2979 2058 3165 2113 timuit
3211 2058 3527 2125 Dominum,
3561 2067 3613 2113 et
3653 2072 3799 2112 sacer-

2257 2149 2413 2204 dotes
2457 2158 2511 2205 et
2538 2152 2539 2155 “
2562 2149 2823 2206 ecclesias
2858 2150 2979 2220 ejus
3027 2149 3405 2204 venerabatur.
3452 2148 3644 2219 (Gneo.
3675 2146 3801 2215 Tur.)

2258 2240 2454 2296 Audita
2490 2242 2656 2312 igitur
2675 2242 2937 2312 petitione
2959 2240 3319 2310 Virdunensis
3341 2241 3606 2311 episcopi,
3631 2255 3714 2294 rex
3733 2253 3805 2291 ano.

2259 2333 2398 2400 nuit,
2430 2342 2613 2390 motus
2649 2335 2716 2389 ad
2738 2333 3192 2399 misericordiam,
3211 2340 3265 2388 et
3285 2341 3490 2403 septem
3524 2333 3668 2386 milia
3699 2330 3803 2385 soll-

2258 2424 2453 2478 dorum
2483 2425 2532 2479 ei
2562 2425 2800 2491 tradens,
2835 2425 3202 2480 conditionem
3233 2424 3553 2494 adscripsit,
3583 2431 3640 2477 ut
3661 2437 3718 2476 eo
3739 2428 3802 2474 tev

2258 2529 2393 2569 nore
2433 2514 2729 2584 partiretur
2762 2514 3151 2586 indigentibus,
3179 2521 3451 2586 quatenus
3496 2512 3607 2567 hoc
3642 2510 3806 2565 auxilio

2258 2605 2402 2661 victo
2431 2603 2595 2659 famis
2633 2605 2899 2672 dominio,
2928 2620 3028 2660 sua
3051 2605 3155 2660 sibi
3184 2620 3309 2659 cum
3339 2604 3514 2676 gratia
3557 2604 3804 2660 redderen-

2230 2704 2231 2707 ‘
2258 2704 2348 2751 tur
2361 2713 2428 2752 ex
2452 2712 2701 2753 numero.
2737 2698 2842 2768 (ιιι,
2874 2697 2988 2768 54.)
3018 2697 3150 2763 Quae
3176 2696 3419 2767 pontifex
3453 2697 3718 2767 accipiens
3734 2711 3809 2766 per

2259 2788 2406 2842 cives
2427 2802 2560 2843 suos
2579 2787 2842 2858 erogavit,
2864 2787 3008 2842 unde
3034 2796 3087 2842 et
3114 2787 3480 2859 negotiatores
3512 2786 3642 2843 facti
3668 2801 3807 2855 usque

2258 2878 2419 2933 hodie
2446 2878 2580 2933 clari
2627 2878 2916 2934 habentur.
2961 2877 3210 2949 Cumque
3252 2879 3357 2934 hoc
3394 2864 3594 2934 solatio
3617 2879 3745 2934 docti
3766 2877 3810 2931 in

2258 2969 2453 3025 melius
2499 2969 2872 3039 experimento
2927 2969 3152 3039 periculi
3204 2969 3603 3025 mediocritatis
3629 2969 3810 3038 optima:

2260 3060 2485 3116 scientia
2514 3058 2893 3131 profecissent,
2917 3069 2971 3116 et
2998 3063 3189 3132 procul
3230 3061 3504 3131 respicere
3536 3059 3811 3131 proximum

2258 3150 2464 3205 bonum
2493 3165 2617 3207 esse
2649 3151 2986 3218 didicissent,
3016 3152 3303 3223 pecuniam
3335 3151 3594 3207 alacriter
3619 3149 3810 3205 recolle-

568 3241 639 3296 rii
670 3242 726 3296 in
750 3257 919 3312 regno
944 3257 977 3296 a
1004 3242 1120 3298 suis
1143 3242 1393 3296 leudibus
1413 3248 1558 3297 esset
1580 3241 1852 3298 stabilitus
1875 3250 2039 3313 atque
2065 3243 2156 3296 ﬁr—
2183 3236 2223 3292 C
2257 3250 2471 3313 gerunt,
2515 3251 2571 3299 et
2623 3242 2880 3313 episcopo
2926 3259 3137 3315 magna:
3164 3244 3350 3314 gratiae
3383 3243 3684 3297 mediatore
3722 3237 3814 3309 regi

568 3342 774 3400 matus,
802 3342 857 3389 et
877 3333 1227 3404 postmodum
1252 3348 1282 3387 a
1313 3331 1661 3388 Childeberto
1687 3334 1942 3388 maximis
1967 3348 2159 3388 mune—

568 3425 724 3479 ribus
754 3431 1094 3490 muneratus,
1120 3423 1176 3478 in
1201 3423 1373 3478 ﬁlium
1395 3432 1539 3480 esset
1560 3425 1870 3495 adoptatus,
1898 3441 2157 3496 magnum

571 3529 631 3568 se
660 3522 714 3569 et
758 3515 1092 3585 praecipuum
1133 3516 1189 3570 in
1229 3516 1379 3570 omni
1425 3516 1667 3572 bonitate
1715 3518 1971 3573 ostendit.
2028 3516 2158 3574 Erat

569 3605 716 3659 enim
744 3620 969 3676 regnum
998 3622 1124 3661 cum
1151 3606 1365 3676 justitia
1415 3623 1628 3679 regens,
1653 3609 1962 3664 sacerdotes
1995 3623 2158 3663 vene-

568 3711 723 3763 rans,
774 3696 1035 3752 ecclesias
1086 3713 1415 3766 munerans,
1469 3714 1736 3769 pauperes
1786 3701 2051 3767 relevans,
2104 3708 2159 3755 et

568 3785 742 3840 multa
779 3785 966 3841 multis
989 3784 1252 3842 beneﬁcia
1291 3787 1379 3856 pia
1422 3796 1477 3843 et
1508 3788 1829 3844 dulcissima
1878 3789 2157 3844 voluntate

570 3877 1016 3943 accommodans.
1046 3877 1247 3933 tributa
1288 3876 1476 3945 etiam,
1516 3893 1640 3950 quae
1687 3878 1756 3933 ab
1799 3879 2045 3935 ecclesiis
2102 3881 2156 3935 in

570 3971 822 4024 Arverno
850 3970 972 4025 sitis
994 3970 1131 4026 ﬁsco
1161 3970 1544 4037 reddebantur,
1579 3971 1874 4026 clementer
1911 3972 2153 4027 indulsit.

572 4063 680 4131 (ιιι,
716 4061 833 4132 26.)
860 4060 1104 4118 Habebat
1131 4077 1359 4118 uxorem
1393 4061 1726 4129 Deuteriam,
1759 4072 1813 4117 et
1845 4064 2010 4118 ﬁliam
2042 4064 2156 4133 jam

573 4154 849 4220 adultam;
878 4155 972 4210 sed
1015 4153 1269 4211 Deuteria
1310 4155 1529 4221 timens,
1554 4170 1623 4211 ne
1651 4170 1710 4211 se
1754 4155 1962 4223 relicta,
1990 4156 2156 4211 ﬁliam

573 4247 678 4303 sibi
706 4263 801 4303 rex
825 4248 882 4303 in
922 4248 1239 4320 conjugium
1286 4256 1611 4315 assumeret,
1662 4250 1717 4303 in
1755 4249 2012 4304 basterna
2035 4264 2157 4304 eam

570 4338 805 4410 positam
837 4340 1117 4400 indomitis
1146 4339 1323 4396 bobus
1344 4340 1654 4411 conjunctis
1680 4341 1824 4410 apud
1852 4339 2157 4397 Virdunum

570 4430 639 4485 de
673 4440 839 4503 ponte
861 4430 1241 4501 praecipitavit,
1264 4446 1386 4500 quae
1419 4431 1474 4484 in
1504 4431 1626 4499 ipso
1646 4431 1872 4486 ﬂumine
1906 4430 2159 4501 spiritum

2257 3347 2382 3385 cum
2413 3332 2609 3387 votivis
2632 3333 2931 3404 gratiarum
2960 3334 3249 3403 praeconiis
3276 3333 3614 3388 obtulerunt.
3645 3331 3746 3385 Rex
3769 3338 3815 3381 ut

2257 3424 2489 3480 advertit
2533 3425 2984 3493 sublevationem,
3037 3426 3171 3480 vidit
3221 3426 3359 3481 laetae
3391 3424 3697 3480 devotionis
3722 3437 3817 3476 ma-

2257 3515 2687 3587 gnanimitatem,
2717 3525 2773 3572 et
2799 3517 3057 3588 colligens
3085 3517 3292 3589 regium
3316 3524 3372 3572 et
3398 3517 3648 3587 pecunim
3666 3513 3816 3569 domi-

2256 3613 2477 3661 nantem
2527 3606 2772 3662 animum
2819 3606 3046 3662 indulsit
3086 3607 3188 3674 eis,
3226 3608 3294 3662 ad
3326 3616 3714 3677 praepotentem
3738 3620 3815 3659 eu-

2257 3696 2465 3751 mulum
2497 3696 2627 3753 boni
2656 3697 2918 3764 nominis,
2948 3706 3004 3753 et
3049 3699 3117 3753 ad
3146 3698 3470 3753 memoriam
3520 3696 3817 3752 laudabilem
3902 3696 3903 3764 ᾗ

2228 3796 2387 3845 ἰιιηο
2414 3789 2700 3860 przesentis
2726 3797 2781 3845 et
2806 3788 3003 3844 futura:
3017 3788 3408 3861 generationis.
3444 3788 3556 3858 (ιιι,
3574 3787 3686 3856 55.)
3710 3786 3819 3856 Sya-

2257 3880 2410 3952 grius
2438 3889 2642 3948 autem,
2669 3880 2969 3936 Desiderati
2996 3880 3238 3950 episc0pi
3267 3880 3433 3946 ﬁlius,
3466 3889 3601 3949 post
3620 3887 3819 3934 mortem

2258 3971 2580 4028 Theoderici
2610 3973 2968 4028 reminiscens
2990 3972 3317 4043 injuriarum
3337 3972 3537 4042 patris,
3564 3988 3700 4043 quas
3718 3983 3821 4040 pas-
3902 3971 3903 4011 3

2258 4078 2355 4119 sus
2388 4072 2472 4119 est
2501 4078 2532 4118 a
2570 4063 2907 4120 Tbmdorico
2948 4065 3242 4136 instigante
3278 4073 3332 4119 et
3368 4073 3669 4120 accusante
3696 4062 3823 4133 Syri-
3902 4082 3903 4133 ξ

2256 4155 2453 4222 waldo,
2472 4156 2702 4227 sumptis
2721 4156 3013 4212 comitibus
3037 4156 3183 4211 venit
3210 4156 3277 4211 ad
3290 4155 3475 4210 villam
3502 4151 3823 4227 proprietatis
3902 4140 3903 4165 ᾖ

2256 4248 2378 4318 ejus
2401 4250 2455 4303 in
2476 4248 2789 4304 Divionensi
2807 4248 3082 4304 territorio
3111 4249 3295 4314 sitam,
3311 4234 3474 4318 cujus
3499 4263 3701 4302 nomen
3722 4243 3823 4298 Flo—

2258 4339 2461 4406 riacus,
2485 4346 2541 4395 et
2579 4354 2739 4395 mane
2781 4338 2947 4406 facto,
2979 4355 3106 4395 cum
3134 4348 3280 4395 esset
3306 4339 3509 4395 nebula
3550 4328 3826 4397 condensa,

2259 4430 2484 4486 domum
2506 4430 2757 4502 ingressi,
2775 4446 2943 4486 unum
2962 4431 3262 4487 amicorum
3277 4431 3398 4501 ejus
3426 4429 3826 4489 interfecerunt.

570 4523 826 4578 reddidit.
851 4522 957 4590 (ιιι,
983 4522 1100 4591 54.)
1144 4521 1492 4578 Desideratus
1536 4521 1722 4590 itaque
1761 4521 2060 4576 bonitatem
2105 4531 2162 4578 et
2195 4587 2223 4593 _
2261 4528 2514 4590 putantes
2554 4521 2733 4591 ipsum
2760 4535 2883 4576 esse
2920 4519 3303 4593 Syriwaldum.
3336 4518 3443 4575 Sed
3468 4535 3605 4574 cum
3645 4530 3823 4588 cogno'

569 4612 917 4669 clementiam
949 4611 1307 4667 Theodeberti
1348 4611 1493 4683 regis
1525 4626 1653 4683 erga
1688 4626 1879 4667 omnes
1901 4627 2152 4679 cernens,
2189 4587 2235 4642 θ
2258 4613 2464 4668 vissent
2508 4612 2687 4682 ipsum
2730 4627 2841 4667 non
2877 4611 3068 4678 fuisse,
3109 4612 3304 4667 iterato
3350 4611 3585 4666 domum
3616 4611 3826 4666 circum—

571 4721 695 4760 cum
717 4705 831 4775 jam
855 4704 1090 4775 populus
1114 4703 1463 4769 dilaberetur,
1486 4710 1542 4759 et
1561 4703 1753 4758 civitas
1784 4703 1943 4774 quasi
1967 4703 2023 4758 in
2057 4720 2152 4759 so-

570 4796 858 4850 litudinem
884 4795 1251 4866 redigeretur,
1281 4795 1349 4850 ad
1387 4809 1569 4866 regem
1601 4809 1661 4850 se
1703 4795 1954 4861 contulit,
1982 4795 2153 4850 mise-

572 4888 710 4941 riam
737 4886 921 4957 populi
942 4886 1346 4957 lacrymabilem
1371 4885 1693 4956 deploravit,
1718 4887 1982 4963 petitione
2005 4886 2154 4941 beni-

572 4992 679 5047 gna
707 4976 951 5032 animum
978 4976 1185 5047 regium
1208 4974 1434 5043 inﬂexit,
1457 4984 1518 5031 ut
1535 4976 1602 5032 de
1620 4976 1893 5032 thesauris
1915 4976 2032 5032 suis
2052 4975 2157 5031 mi-

572 5082 766 5123 serans
795 5067 1092 5122 calamitati
1121 5067 1382 5133 obstaret,
1414 5066 1615 5123 famem
1660 5067 1956 5134 cohiberet,
1980 5082 2156 5137 popu-

570 5158 686 5212 lum
712 5167 1029 5229 pereuntem
1058 5158 1331 5226 retineret,
1354 5166 1408 5214 et
1428 5159 1772 5213 commodata
1797 5174 1894 5229 per
1921 5159 2154 5229 gratiam

571 5251 817 5320 periculo
839 5259 1093 5321 superato
1110 5265 1233 5305 cum
1258 5251 1431 5320 gratia
1452 5250 1547 5307 Dei
1569 5251 1963 5321 bominumque
1985 5249 2155 5305 susci-

572 5351 743 5413 peret.
781 5341 887 5414 (ιιι,
911 5340 1025 5411 5|.)
1058 5340 1353 5411 Acceperat
1391 5342 1537 5396 enim
1585 5357 1618 5396 a
1661 5340 1957 5395 Theodado
1988 5338 2157 5394 Italiae

573 5445 720 5502 rege,
750 5429 1073 5485 Theuderici
1112 5443 1449 5495 successore,
1477 5445 1602 5485 cum
1641 5438 1836 5500 patruo
1868 5442 1970 5483 suo
2002 5426 2155 5481 Chil-

573 5522 797 5578 deberto
818 5521 1211 5594 quinquaginta
1244 5536 1537 5576 aureorum
1570 5521 1720 5577 milia
1756 5534 1855 5590 pro
1876 5516 2157 5587 composi-

2257 4703 2470 4770 dantes,
2497 4702 2696 4758 eﬁ‘osso
2717 4703 2922 4773 pariete
2944 4701 3331 4758 interfecerunt
3354 4717 3504 4757 eum.
3538 4702 3733 4771 Actum
3758 4706 3827 4750 est

2230 4808 2235 4811 ν
2259 4792 2363 4847 hoc
2391 4800 2514 4862 post
2541 4800 2771 4847 mortem
2800 4791 3102 4847 Desiderati
3127 4790 3385 4861 episcopi.

2329 4879 2486 4952 (Vita
2507 4880 2765 4953 Agerici.)
2797 4880 2999 4936 Verum
3032 4889 3094 4936 ut
3119 4882 3188 4936 ad
3220 4880 3507 4951 superiora
3534 4881 3825 4936 redeamus.

2254 4979 2311 5027 et
2343 4972 2773 5028 misericordiam
2802 4972 2897 5028 Dei
2924 4974 3148 5029 uberem
3192 4987 3320 5044 erga
3360 4987 3522 5027 suam
3556 4971 3830 5040 imaginem

2255 5061 2512 5118 subtilius
2540 5062 2880 5133 indagemus,
2916 5062 3256 5134 providentia
3291 5061 3477 5117 divina
3516 5059 3832 5130 dispositum

2254 5155 2464 5210 habens
2496 5155 2564 5210 de
2600 5154 2751 5211 fonte
2786 5154 3177 5211 misericordiae
3220 5152 3481 5210 aacclesiaa
3510 5146 3833 5208 Virdunensi

2232 5258 2596 5314 succurrere,
2618 5256 2674 5304 et
2693 5247 3022 5318 supradictis
3045 5244 3544 5301 innumerabilibus
3570 5240 3833 5299 calamita-

2255 5344 2373 5391 tum
2415 5335 2735 5393 infortuniis
2785 5336 3112 5408 periclitanti
3162 5350 3387 5391 manum
3428 5333 3630 5388 auxilii
3661 5330 3837 5387 subro-

2258 5442 2408 5497 gare,
2438 5427 2527 5482 dic
2554 5437 2609 5482 et
2635 5436 2881 5499 tempore
2928 5442 3039 5499 quo
3064 5426 3253 5493 voluit,
3283 5426 3350 5481 de
3371 5423 3656 5480 altissimo
3682 5437 3744 5477 ac
3765 5434 3832 5473 se-

2258 5517 2550 5575 renissimo
2586 5517 2850 5577 bonitatis
2894 5534 3010 5576 sure
3058 5517 3311 5584 consilio,
3344 5518 3490 5573 hanc
3518 5515 3672 5570 viam
3702 5524 3837 5569 now

2096 5628 2328 5686 NOTAE.

650 5725 762 5794 (45)
798 5724 1024 5781 Brevem
1047 5723 1227 5784 Vitoni
1254 5723 1432 5779 Vitam
1462 5740 1526 5779 ex
1551 5716 1943 5794 antiquissimo
1970 5724 2157 5781 codice

655 5781 664 5795 I

577 5784 915 5869 Trajedensi
956 5796 1103 5854 dedit
1138 5794 1332 5852 Surius
1366 5794 1484 5851 Act.
1541 5791 1667 5864 $8.,
1693 5784 1754 5850 't.
1790 5784 1902 5862 Ἧι,
1926 5811 1983 5865 γρ.
2022 5794 2146 5851 820.

2240 5721 2521 5779 'Miracula
2549 5730 2772 5777 auctore
2804 5718 3039 5777 Rudolfo
3078 5720 3272 5776 abbate
3310 5717 3367 5774 S.
3401 5715 3599 5777 Vitoni
3642 5721 3838 5776 exstant

2260 5793 2517 5853 Mabillon
2538 5793 2657 5849 Act.
2688 5791 2788 5849 SS.
2817 5792 2951 5848 Smc.
2989 5789 3076 5857 Vl,
3100 5806 3153 5858 p.
3180 5789 3303 5846 565.
