3932 6298
175 393 271 452 ΞΠ

169 504 362 561 salutis
390 500 616 563 invenit,
646 506 707 551 ut
742 493 993 565 angelum
1015 494 1285 565 sanctum
1303 483 1538 537 mitteret
1565 480 1631 534 de

167 596 313 654 celso
348 594 606 649 caelorum
646 584 979 649 habitaculo,
1013 580 1108 651 qui
1155 574 1473 649 parentibus
1506 571 1746 626 futuram

165 705 233 743 ex
254 682 635 742 misericordia
661 679 825 736 unius
847 675 1000 747 pueri
1024 671 1361 727 nativitatem
1383 663 1745 726 denuntiaret,

167 778 463 834 terminum
486 788 597 845 quo
626 771 677 825 id
707 768 824 823 fieri
846 766 1068 821 deberet
1089 761 1373 825 indiceret,
1404 770 1603 811 nomen
1637 766 1748 822 quo

164 874 485 925 censeretur
506 843 754 936 (aptaret.
794 856 1064 911 Nimirum
1100 858 1323 924 propter
1358 846 1581 902 nimiam
1617 843 1750 898 dile-

163 959 428 1021 ctionem,
459 968 566 1027 qua
605 967 760 1007 suam
812 949 867 1002 in
896 946 1118 1002 homine
1147 941 1404 1013 diligebat
1432 936 1759 1009 imaginem,

161 1047 446 1106 condoluit
474 1026 693 1100 miseris
727 1038 1052 1095 mortalibus
1076 1048 1239 1106 grave
1277 1032 1469 1103 jugum
1505 1045 1537 1084 a
1569 1026 1750 1099 primo

159 1151 319 1219 patre
368 1138 735 1212 portantibus,
770 1142 825 1189 et
866 1129 1105 1203 generali
1160 1123 1536 1182 misericordia
1576 1135 1751 1191 pepu-

161 1216 276 1289 lum
302 1234 475 1297 hunc,
511 1245 675 1305 quem
700 1224 1008 1298 specialiter
1031 1227 1265 1293 peccata
1280 1216 1635 1280 obtriverant,
1664 1227 1751 1267 re-

159 1322 453 1381 stauravit.
484 1318 683 1390 Tetigit
712 1317 887 1388 prius,
918 1321 974 1369 et
1011 1308 1375 1373 conturbavit,
1421 1321 1485 1362 ac
1523 1312 1750 1375 paterno

159 1414 392 1469 verbere
438 1412 668 1466 livorem
702 1407 927 1471 inﬂixit,
960 1413 1148 1477 postea
1181 1399 1475 1471 respiciens
1517 1394 1750 1452 mirabili

158 1501 755 1572 remedio'percuravit.
792 1497 954 1553 Venit
991 1509 1122 1566 ergo
1154 1491 1370 1549 consilii
1399 1487 1568 1545 divini
1608 1488 1753 1559 lega-

140 1598 274 1659 ‘tus,
326 1593 556 1664 protulit
611 1589 922 1661 imperium,
979 1584 1344 1658 promulgavit
1387 1582 1654 1647 edictum,
1700 1587 1754 1634 et

157 1685 437 1759 prmelecti
467 1683 621 1755 pueri
648 1689 902 1752 parentes
934 1680 1220 1749 alloquens
1262 1672 1588 1730 miserandis
1614 1670 1751 1727 civi-

158 1777 269 1831 bus
317 1792 491 1837 cornu
538 1776 730 1833 salutis
771 1774 962 1828 erexit.
1013 1771 1144 1825 Post
1191 1768 1502 1832 triennium,
1553 1764 1753 1835 inquit,

158 1868 461 1936 estpactatio
486 1866 660 1921 dilata
681 1864 1011 1937 probabitur,
1034 1861 1180 1933 ﬁlius
1202 1862 1312 1931 ipse
1333 1858 1584 1929 Agericus
1607 1872 1757 1911 voca-

160 1959 327 2013 bitur.
365 1958 638 2013 Indicium
666 1965 745 2011 est
780 1956 1003 2027 potioris
1032 1971 1094 2007 ac
1118 1949 1578 2023 superexcellentis
1614 1948 1754 2019 apud

159 2049 337 2104 Deum
379 2049 646 2120 privilegii
692 2066 725 2101 a
767 2046 876 2100 Deo
924 2045 1141 2100 titulum
1173 2044 1403 2103 nominis
1433 2041 1648 2097 cuilibet
1677 2040 1753 2095 vel

157 2140 287 2213 poni
317 2139 397 2194 vel
422 2140 644 2193 mutari.
684 2136 939 2207 Magnum
973 2136 1139 2205 igitur
1165 2135 1382 2201 denum,
1412 2148 1605 2203 magna
1632 2146 1756 2203 gra-

159 2234 255 2288 tiw
283 2232 554 2303 dignatio,
584 2246 775 2305 magna
805 2229 1007 2305 ﬁducia
1046 2228 1445 2298 promissorum.
1494 2224 1618 2279 Non
1657 2240 1753 2295 po-

159 2334 261 2379 test
300 2324 604 2389 immutari,
645 2320 782 2393 quod
835 2321 898 2375 de
941 2320 1198 2374 tribunali
1224 2319 1377 2390 Regis
1416 2320 1613 2374 aeterni
1649 2336 1753 2373 ca:-

157 2418 279 2477 lesti
320 2417 499 2487 legato
540 2414 931 2485 euangelizante
961 2413 1215 2467 dictetur.
1252 2412 1528 2483 Ageri'eus,
1557 2413 1752 2485 inquit,

158 2508 458 2572 rowbitur.
490 2507 795 2561 Abusivum
835 2520 1057 2571 nomen,
1100 2518 1201 2559 nec
1234 2503 1628 2574 scripturarum
1653 2520 1753 2575 pa-

158 2601 304 2672 ginis
337 2601 577 2665 haereus,
616 2598 711 2654 sed
765 2605 972 2667 quanto
1025 2595 1265 2668 ignotius
1306 2596 1448 2665 apud
1482 2595 1753 2662 homines,

158 2700 316 2753 tanto
339 2691 563 2762 dignius
586 2689 901 2755 divinati,et
922 2696 1128 2758 quanto
1148 2687 1424 2757 acceptius
1450 2685 1582 2753 Deo,
1606 2695 1756 2741 tanto

158 2783 513 2839 commodius
538 2780 770 2839 homini.
800 2779 943 2836 Nulli
967 2780 1212 2851 profecto
1239 2788 1416 2849 potest
1439 2794 1561 2835 esse
1584 2778 1756 2834 ambi-

157 2891 353 2950 guum,
386 2874 539 2945 quod
585 2890 732 2929 nunc
761 2888 980 2944 quoque
1009 2873 1173 2928 oblita
1205 2871 1291 2926 sui
1325 2886 1436 2926 non
1464 2870 1536 2925 sit
1573 2870 1756 2941 lingua

157 2968 448 3034 caelorum,
494 2974 549 3021 et
577 2965 723 3036 quod
774 2966 1043 3036 scriptura
1079 2963 1310 3021 caelestis
1347 2963 1404 3018 in
1434 2972 1755 3037 perpetuum

159 3066 367 3124 teneat,
399 3058 551 3128 quod
588 3057 781 3113 caelum
821 3057 877 3117 in
910 3065 1054 3112 terra
1087 3055 1393 3127 descripsit.
1441 3054 1755 3127 Ergoterra

161 3165 271 3206 non
327 3149 607 3220 reprobet,
647 3148 795 3219 quod
831 3148 1022 3204 caelum
1064 3148 1278 3219 probat.
1312 3146 1566 3203 Nascitur
1595 3147 1758 3219 igitur
1785 3152 1825 3208 C.

160 3245 349 3309 infans
394 3255 525 3317 post
558 3245 886 3312 triennium;
934 3244 1096 3316 longa
1142 3253 1428 3314 parentum
1458 3243 1760 3314 expectatio

162 3339 473 3410 porrigitur
494 3338 551 3391 in
574 3336 847 3403 effectum,
873 3335 933 3390 ﬁt
959 3343 1145 3406 gratus
1172 3335 1229 3388 in
1255 3334 1484 3402 croceis,
1514 3333 1567 3388 in
1598 3348 1762 3390 cuna-

161 3429 307 3483 bulis
358 3427 561 3483 dulcis.
612 3425 1034 3496 Trausgreditur
1091 3424 1450 3484 ebdomadam
1517 3422 1760 3479 infantiae

163 3534 528 3575 succrescens
558 3517 624 3573 ad
655 3517 891 3577 ofﬁcium
920 3516 1146 3587 linguae;
1168 3515 1228 3572 fit
1244 3531 1379 3587 puer
1402 3516 1758 3584 incremento,

164 3627 299 3680 puer
320 3610 663 3675 innocentia,
696 3617 948 3663 naturam
973 3607 1227 3665 tenellam
1257 3605 1438 3662 indole
1466 3608 1758 3683 praelucida

163 3701 531 3772 peroruabat;
560 3700 786 3775 angelus
826 3698 1045 3770 quippe,
1075 3699 1320 3768 quieum
1344 3698 1756 3769 praenunciave~

164 3803 267 3860 rat,
320 3800 527 3863 praesto
579 3791 631 3844 ei
682 3790 753 3846 ad
803 3789 1106 3846 custodiam
1164 3804 1379 3860 semper
1414 3799 1551 3845 erat.
1590 3789 1758 3847 Datur

164 3885 433 3953 puerulus
460 3883 733 3939 vacatioui
780 3881 1080 3952 sapientiae,
1123 3880 1371 3953 jungitur
1399 3881 1758 3936 contubernio

164 3975 625 4040 scolasticorum,
682 3973 866 4028 haurit
918 3971 1097 4028 fontes
1154 3972 1389 4041 sophiae,
1438 3972 1757 4028 inundantia

164 4081 388 4137 semper
417 4066 588 4121 ubera
606 4065 771 4136 sugit,
798 4064 1100 4134 voluptates
1122 4063 1363 4119 internas
1385 4070 1439 4117 et
1462 4062 1758 4118 karismata

166 4159 401 4213 meliora
424 4156 648 4213 sedulus
672 4156 963 4212 emulatur.
993 4154 1195 4210 Doctor
1220 4154 1368 4209 enim
1390 4153 1640 4221 interior,
1663 4155 1758 4225 qui

162 4265 288 4304 eum
346 4248 642 4316 imbuerat,
672 4264 799 4303 cum
826 4248 1003 4304 aetatis
1054 4262 1314 4303 successu
1351 4245 1552 4301 indicia
1578 4246 1757 4304 virtu-

166 4349 279 4395 tum
332 4340 458 4410 ejus
511 4340 661 4395 clara
697 4339 1060 4406 monstrabat,
1095 4339 1191 4409 qui
1218 4345 1273 4394 et
1318 4338 1605 4409 praescitus
1633 4346 1761 4394 ante

165 4440 411 4498 uterum,
440 4430 813 4491 sanctificatus
840 4431 895 4484 in
918 4440 1092 4497 utero,
1111 4430 1528 4486 sanctimoniam
1556 4438 1610 4486 et
1636 4445 1757 4486 ma-

165 4497 549 4592 gnificentiam
580 4521 637 4574 in
662 4520 1091 4577 sanctificatione
1112 4519 1210 4575 Dei
1238 4520 1489 4591 augebat.
1522 4518 1759 4576 Amaha-
1790 4497 1834 4552 D

167 4621 255 4668 tur
296 4614 370 4668 ab
401 4613 683 4681 omnibus,
730 4612 963 4671 invidias
1011 4620 1066 4667 et
1113 4613 1480 4669 detractiones
1509 4614 1759 4672 omnium

161 4704 358 4773 gratiae
390 4703 732 4775 perrorantis
782 4703 1118 4761 sublimitate
1164 4703 1435 4761 vincebat.
1484 4703 1762 4762 Transivit

162 4794 218 4855 in
266 4796 468 4853 eadem
510 4795 647 4850 urbe
676 4793 1105 4853 Virdunensium
1147 4797 1435 4866 proficiens
1477 4797 1545 4852 ad
1583 4796 1760 4868 perfe-

162 4895 312 4938 ctam
330 4898 511 4954 usque
530 4884 993 4945 incrementorum
1023 4892 1264 4955 aetatem,
1290 4885 1545 4943 virtutem
1570 4887 1761 4943 virtuti

162 4973 459 5045 adjiciens,
489 4980 546 5029 et
571 4973 824 5046 stigmata
851 4974 1126 5045 passionis
1153 4973 1284 5031 Jesu
1316 4976 1374 5031 in
1398 4992 1627 5048 corpore
1656 4993 1758 5035 suo

162 5074 423 5141 portans,
451 5065 708 5120 currebat
745 5081 842 5135 per
887 5065 1032 5121 viam
1068 5066 1449 5125 mandatorum
1483 5067 1581 5126 Dei
1631 5085 1758 5125 cum

160 5154 369 5224 gaudio
392 5152 764 5209 inenarrabili.
782 5153 903 5209 Jam
925 5154 1071 5211 enim
1098 5156 1320 5230 triginta
1340 5173 1516 5217 annos
1531 5159 1757 5228 habens,

163 5242 219 5297 in
254 5243 383 5316 ipsa
410 5243 633 5299 civitate
672 5242 1002 5301 Virdunensi
1038 5247 1236 5304 ductus
1259 5257 1344 5306 est
1368 5249 1437 5305 ad
1466 5250 1755 5311 ecclesiam

163 5334 349 5393 sancti
372 5332 523 5390 Petri
541 5341 597 5390 et
611 5343 777 5390 tonso
799 5334 975 5406 capite
997 5334 1218 5395 Christo
1240 5338 1473 5406 dicatus,
1500 5338 1756 5397 florebat-

162 5440 273 5494 que
304 5425 368 5480 in
402 5424 559 5479 atriis
588 5425 787 5492 domus
811 5422 1027 5481 Domini
1068 5437 1127 5481 ut
1152 5427 1353 5497 palma,
1394 5437 1448 5484 et
1476 5438 1537 5485 ut
1562 5431 1759 5487 cedrus

163 5515 221 5571 in
245 5514 465 5573 Libano
480 5525 656 5573 totam
679 5517 906 5574 domum
925 5517 1087 5574 bonis
1109 5519 1368 5577 odoribus
1391 5523 1757 5594 respergebat.

162 5608 506 5668 Provexerat
544 5626 670 5668 eum
697 5626 916 5667 morum
937 5612 1279 5682 speciositas,
1308 5622 1362 5668 et
1401 5614 1456 5669 in
1478 5616 1649 5684 gradu
1678 5615 1757 5670 le-

166 5714 337 5769 vitico
362 5712 731 5769 tamulabatur
753 5714 1003 5776 antistiti,
1038 5730 1164 5769 cum
1205 5730 1332 5771 ecce
1367 5716 1547 5772 clerus
1571 5726 1624 5771 et
1660 5733 1759 5788 po-

163 5817 335 5882 pulus
368 5817 433 5872 ad
466 5816 733 5872 honorem
765 5817 1054 5881 sacerdotii
1099 5832 1422 5887 promovere
1444 5834 1568 5878 eum
1594 5837 1759 5892 expe-

1424 354 1843 434 cunorucon,
1868 386 1939 397 -
1960 353 2087 411 LIB.
2117 351 2160 413 ι,

1651 492 1742 532 ex-
1781 478 1826 535 Α
1852 478 2027 526 tentes
2071 467 2139 522 ad
2164 463 2391 521 eandem
2434 476 2559 516 eum
2610 457 2911 514 :ecclesiam
2964 444 3350 525 perduxerunt,
3375 460 3430 506 et

3352 309 3487 389 ιμ’

1848 575 1973 617 cum
1994 556 2197 630 gaudio
2230 550 2599 622 etprzeconiis
2628 547 2816 620 gratiae
2854 546 2991 600 inibi
3011 544 3257 599 ordinari
3287 539 3429 595 fece-

1848 654 1995 702 runt.
2036 643 2241 701 Omnes
2285 648 2467 696 autem
2501 637 2663 708 quasi
2690 652 2756 692 ex
2803 650 2916 691 uno
2951 648 3048 689 ore
3083 631 3377 688 cantabant
3410 643 3425 679 :

1850 737 2103 792 Exaltavi
2136 733 2360 788 electum
2384 730 2449 784 de
2463 729 2610 800 plebe
2636 743 2751 782 mea
2776 743 2793 780 :
2815 727 2929 780 oleo
2950 733 3133 780 sancto
3164 738 3281 776 meo
3297 721 3428 774 ututi

1849 846 1967 885 eum
1991 826 2165 900 (Paul.
2198 840 2461 890 Lxxxvm,
2484 823 2597 894 20),
2615 821 2744 893 quia
2769 835 2799 874 a
2819 818 3040 873 Christo
3061 814 3291 871 Domino
3311 820 3431 868 erat

1849 919 2074 985 electus,
2098 925 2158 972 ut
2172 917 2292 971 oleo
2307 913 2604 984 spiritualis
2619 912 2806 984 gratiae
2826 917 2970 965 esset
2981 907 3269 962 fovendus.
3286 902 3425 976 (Fol.

1850 1007 2221 1079 44.)Contigit
2240 1006 2446 1059 interea
2467 1002 2840 1057 Desideratum
2867 997 3089 1053 nomine
3105 995 3282 1051 ofﬁcio
3304 1009 3431 1049 cum

1850 1098 1961 1153 vita
1989 1096 2229 1166 defungi,
2253 1103 2309 1149 et
2349 1106 2720 1148 successorem
2757 1091 3013 1145 idoneum
3052 1086 3309 1142 cathedra
3339 1100 3431 1140 ec-

1851 1189 2031 1245 clesiae
2055 1188 2273 1243 viduata
2301 1184 2631 1254 requirebat.
2668 1181 2789 1236 Non
2818 1181 3047 1235 multum
3074 1178 3221 1248 quod
3245 1176 3433 1232 aderat

1852 1278 2121 1350 queritur,
2157 1292 2258 1332 nec
2279 1277 2373 1331 diu
2401 1272 2671 1330 sententia
2715 1271 2903 1326 melior
2930 1267 3248 1341 ignorantia:
3273 1273 3432 1321 nocte

1852 1370 2118 1426 differtur.
2148 1367 2351 1423 Omnes
2375 1368 2430 1421 in
2459 1380 2630 1420 unum
2657 1370 2876 1428 coeunt,
2900 1376 3090 1416 omnes
3112 1359 3207 1414 uni
3238 1358 3293 1411 in
3322 1356 3433 1410 ele—

1852 1463 2033 1518 ctione
2079 1460 2423 1526 incumbunt,
2473 1471 2665 1512 omnes
2698 1452 2940 1509 ordinari
2976 1452 3040 1505 ad
3084 1447 3432 1519 pontificatus

1854 1550 2056 1607 infulas
2104 1548 2393 1621 Agericum
2438 1547 2760 1617 deposcunt.
2794 1541 3047 1610 Temptat
3077 1554 3219 1593 unus
3262 1536 3430 1598 resis-

1855 1652 1967 1699 tere
2007 1641 2280 1713 plurimis,
2319 1640 2551 1694 multum
2607 1652 2666 1693 se
2712 1632 3026 1691 excusando
3072 1630 3301 1693 laborat,
3338 1629 3434 1681 sed

1855 1733 2151 1788 roborante
2198 1730 2309 1786 Deo
2337 1727 2621 1800 praevaluit
2657 1723 2936 1782 sententia
2967 1720 3099 1776 cieri
3134 1727 3190 1774 et
3224 1717 3429 1789 populi.

1788 1813 1828 1868 Β
1854 1820 1999 1877 Deus
2018 1821 2166 1877 enim
2189 1820 2256 1876 ad
2286 1818 2568 1874 munimen
2594 1815 2748 1870 urbis
2772 1812 3028 1869 invalida:
3044 1808 3431 1881 reparandum,

1854 1911 1924 1968 ad
1955 1926 2128 1968 cornu
2158 1909 2350 1965 salutis
2371 1916 2562 1964 contra
2584 1905 2847 1960 malitiam
2870 1900 3210 1973 erigendum,
3236 1913 3433 1968 coope-

1855 2004 2080 2059 rabatur
2102 2004 2159 2057 in
2186 2002 2406 2075 populo.
2440 1998 2639 2053 Tribus
2672 1996 2816 2051 enim
2847 2002 2974 2065 post
3000 2001 3287 2048 tonsuram
3311 2003 3435 2061 per-

1856 2096 1992 2150 actis
2049 2094 2241 2160 annis,
2288 2109 2320 2147 a
2363 2090 2519 2162 plebe
2572 2084 2998 2145 Virdunensium
3046 2082 3257 2151 rapitur
3290 2088 3346 2135 et
3379 2079 3436 2133 in

1853 2176 2084 2242 ecclesia
2106 2184 2332 2255 majoris
2347 2190 2557 2239 sancta:
2579 2179 2687 2234 Dei.
2705 2175 2984 2250 genitricis
3016 2172 3353 2247 perducitur,
3383 2179 3439 2227 et

1856 2279 1925 2333 ab
1944 2276 2216 2348 episcopis
2240 2277 2528 2346 episcopus
2556 2280 2930 2330 consecratur.
2965 2267 3217 2338 Suscepit
3243 2266 3311 2322 ad
3345 2280 3437 2321 ro-

1855 2369 2061 2441 geudas
2104 2382 2234 2423 oves
2264 2365 2480 2420 Domini
2517 2363 2847 2435 pastoralem
2872 2361 3103 2432 virgam,
3137 2365 3329 2414 etnon
3354 2364 3431 2426 ty-

1856 2474 2091 2514 rannum
2126 2473 2184 2513 se
2213 2456 2408 2511 ovibus
2446 2453 2711 2518 exhibuit,
2751 2451 2847 2508 sed
2879 2466 2948 2506 ex
2985 2447 3217 2504 veritate
3246 2454 3426 2516 pasto—

1856 2565 1991 2609 rem.
2015 2547 2136 2603 Non
2172 2546 2499 2618 patiebatur,
2535 2551 2597 2598 ut
2629 2551 2772 2598 terra
2802 2556 2903 2598 sua
2931 2548 3125 2596 contra
3153 2554 3212 2594 se
3233 2536 3440 2596 clama-

1857 2652 1959 2707 ret,
1989 2649 2192 2695 etcum
2227 2654 2292 2694 ea
2337 2637 2472 2693 sulci
2514 2636 2635 2706 ejus
2663 2633 2944 2700 deflerent,
2974 2631 3069 2688 sed
3094 2630 3321 2700 impiger
3349 2629 3429 2682 in.

1858 2731 2038 2786 stabat
2058 2730 2287 2785 cultura:
2311 2726 2429 2793 Dei,
2453 2734 2514 2780 ut
2538 2740 2704 2796 opere
2738 2723 3009 2789 redderet,
3044 2720 3191 2791 quod
3216 2718 3440 2775 nomine

1858 2820 2146 2874 fatebatur.
2174 2817 2418 2873 Habebat
2460 2815 2673 2871 ﬁdelem
2719 2822 2844 2869 ante
2873 2811 3065 2868 oculos
3112 2810 3437 2865 advocatum

1857 2910 2152 2966 Dominum
2171 2907 2357 2965 Jesum
2380 2905 2661 2962 Christum
2683 2903 3090 2976 justum,eique
3110 2917 3169 2957 se
3194 2915 3438 2970 suosque

1857 3000 2249 3071 supplicatione
2287 2998 2506 3057 assidua
2532 2996 2923 3053 committebat.
2946 2993 3274 3051 Holocausta
3309 3007 3431 3047 meo-

1858 3092 2063 3148 dullata
2084 3090 2343 3147 oti‘erebat
2370 3103 2471 3160 pro
2493 3089 2708 3155 ovibus,
2736 3104 2806 3142 ne
2833 3086 2974 3143 forte
3008 3086 3168 3144 labiis
3203 3085 3442 3140 honora-

1861 3193 1984 3239 rent
2005 3182 2198 3251 Deum,
2222 3183 2464 3238 etcorde
2480 3182 2642 3253 longe
2664 3182 2843 3252 posito
2868 3180 3118 3236 manibus
3142 3178 3440 3245 irritarent,

1860 3274 2131 3346 ﬁdemque
2160 3275 2332 3331 verbo
2372 3283 2532 3331 tenus
2581 3275 2898 3344 proﬁtentes
2930 3273 3235 3328 actionibus
3268 3271 3440 3326 abne-

1859 3375 2069 3439 garent.
2100 3365 2544 3437 Circumspectus
2590 3381 2806 3436 semper
2841 3366 3052 3419 leonem
3092 3364 3442 3419 insidiantem

1858 3460 2196 3516 orationibus
2215 3459 2494 3524 allidebat,
2525 3458 2776 3513 flammas
2803 3456 3221 3526 temptationum
3246 3456 3444 3510 elemm

1857 3552 1994 3607 sinis
2014 3551 2333 3617 redimebat,
2358 3551 2626 3606 virtutum
2650 3549 2946 3619 apothecas
2968 3547 3293 3602 humilitatis
3316 3561 3442 3601 arce

1856 3643 2126 3699 servabat.
2162 3641 2423 3698 Terrebat
2451 3643 2637 3697 hostes
2662 3638 3161 3711 praedicationibus,
3189 3638 3320 3693 vitia
3348 3653 3443 3693 oo-

1856 3734 1999 3790 culta
2026 3734 2337 3804 proferebat
2366 3735 2421 3789 in
2449 3734 2648 3800 lucem,
2680 3742 2736 3789 et
2782 3733 2884 3788 tela
2920 3731 3198 3788 mortifera
3236 3730 3444 3786 inimici

1856 3823 2121 3878 doctrinae
2163 3824 2400 3893 potentis
2428 3823 2684 3878 acumine
2714 3821 3097 3895 perfringebat,
3121 3834 3445 3894 semperque

1858 3929 1916 3969 se
1945 3914 2074 3984 ipso.
2091 3914 2368 3970 robustior
2397 3931 2492 3984 per
2511 3913 2699 3970 lesum
2730 3921 2786 3968 et
2807 3915 3157 3970 sacerdotem:
3179 3928 3442 3987 magnum

1860 4006 2102 4075 undique
2129 4006 2518 4076 triumphabat.
2546 4004 2817 4061 Nimirum
2840 4005 3047 4062 vitabat
3066 4016 3120 4063 et
3148 4009 3443 4078 perhorre-

1858 4094 1951 4149 bat
1979 4095 2322 4165 aliquatenus
2366 4096 2727 4165 committere,
2766 4096 2912 4152 unde
2943 4097 3263 4153 testimonio
3304 4113 3442 4154 conv-

1858 4183 2101 4238 scientiae
2122 4192 2414 4239 accusatus
2447 4184 2552 4240 sub
2575 4186 2771 4240 umbra
2803 4193 2858 4240 et
2891 4184 3037 4240 foliis
3058 4195 3342 4257 cogeretur
3361 4185 3442 4241 ef-

1858 4272 2071 4343 fugere.
2094 4271 2593 4343 Semper-pavidus,
2631 4291 2847 4345 semper
2871 4276 3141 4332 sollicitus
3170 4278 3303 4332 dum
3340 4294 3439 4335 cu-

1859 4379 1977 4419 ram
2034 4363 2273 4421 debitam
2329 4364 2598 4433 susceptis
2652 4366 2848 4421 ovibus
2888 4366 3254 4437 impendebat,
3296 4369 3441 4425 vieto

1860 4455 2107 4523 hoste,et
2130 4455 2268 4511 liber
2285 4455 2430 4511 vitiis
2453 4456 2676 4512 servitio
2691 4457 2920 4529 justitiaa
2942 4473 3002 4515 se
3027 4458 3274 4514 hilariter
3295 4474 3442 4515 man-

1858 4547 2091 4617 cipabat.
2129 4545 2480 4617 Loquebatur
2512 4548 2698 4618 sepius
2727 4557 2781 4604 et
2810 4549 3006 4606 litteris
3032 4558 3087 4606 et
3107 4550 3290 4606 verbis
3314 4564 3441 4605 cum

1852 4652 2108 4707 praecone
2136 4652 2239 4693 suo
2259 4638 2452 4707 angelo
2478 4645 2691 4705 sancto,
2721 4640 3064 4710 .consiiioque
3092 4639 3266 4710 ipsius
3292 4648 3444 4710 gesta

1858 4730 2105 4799 preeiosa
2145 4727 2380 4783 Domino
2428 4729 2603 4785 fidelis
2655 4730 2899 4785 athletha
2943 4730 3209 4797 mittebat,
3238 4730 3442 4787 talenta

1871 4818 1964 4873 .ihi
1999 4818 2123 4873 data
2168 4818 2368 4888 saepius
2392 4819 2737 4886 numerabat,
2764 4835 2830 4874 ne
2854 4818 2993 4874 forte
3019 4819 3143 4888 plus
3169 4818 3443 4889 accipiens

1864 4910 2051 4964 minus.
2074 4909 2129 4962 in
2173 4909 2325 4963 lucro
2370 4909 2618 4965 redderet
2657 4919 2711 4964 et
2750 4925 2877 4965 sero
2906 4912 3153 4980 penitens
3175 4911 3445 4969 obnoxius

1869 5001 2125 5066 tenebris,
2148 5016 2355 5071 pauper
2392 5008 2449 5055 et
2476 5002 2644 5057 nudis.
2666 5001 2896 5057 vinculis
2931 5003 3247 5057 traderetur.
3295 5001 3447 5059 Fecit

1865 5093 2039 5147 etiam
2062 5092 2219 5162 signa
2243 5108 2368 5162 quae
2399 5107 2525 5147 cum
2568 5090 2785 5160 possint
2815 5107 2941 5148 cum
2979 5093 3235 5163 reprobis.
3256 5091 3445 5148 haberi

1865 5181 2200 5248 communia,
2236 5181 2326 5236 ille
2364 5179 2718 5250 probabiliter
2763 5181 2996 5251 simplici
3042 5183 3223 5251 oculo,
3262 5181 3445 5241 lucido

1865 5289 2094 5344 corpore
2118 5272 2266 5340 fecit,
2289 5274 2475 5330 ovium
2508 5286 2735 5331 suarum
2760 5281 2814 5328 et
2842 5273 3008 5327 totius
3036 5274 3238 5329 mundi
3254 5289 3448 5331 neces-

1864 5366 2027 5423 sitate
2058 5363 2396 5435 compulsus.
2423 5361 2583 5421 Justo
2617 5364 2764 5420 enim
2789 5373 2843 5418 et
2870 5373 3060 5419 sancto
3103 5363 3217 5419 Deo
3242 5368 3445 5437 populo

1860 5457 2207 5527 exasperanti
2245 5456 2404 5521 irato,
2437 5455 2721 5512 elementis
2746 5471 2845 5526 pro
2874 5470 2940 5511 eo
2968 5465 3158 5510 contra
3188 5454 3443 5510 insensa-

1861 5558 1951 5605 tos
1983 5546 2353 5619 pugnantibus
2387 5557 2733 5603 recesserunt
2778 5548 2970 5611 nubes,
3008 5561 3101 5600 aer
3139 5545 3442 5613 incanduit,

1865 5647 2008 5693 terra
2033 5635 2268 5702 exaruit,
2296 5634 2445 5692 viror
2492 5636 2786 5693 herbarum
2816 5637 3100 5700 emarcuit,
3136 5649 3279 5706 aqua
3324 5634 3447 5689 fon-

1864 5729 1998 5783 tium
2024 5742 2189 5782 venas
2211 5727 2519 5797 dereliquit.
2538 5725 2677 5799 (Fel.
2697 5726 2825 5797 Μ’.)
2843 5726 3038 5797 Sicque
3056 5726 3441 5783 secedentihus

1865 5821 2147 5877 elementis
2195 5820 2435 5878 mundus
2502 5821 2779 5881 desolatus
2849 5819 3105 5892 elanguit.
3169 5817 3451 5879 Yitiositas
