3932 6298
546 276 659 363 ὶίθ

1534 309 1835 366 HUGONIS
1871 309 2165 367 ABBATIS
2200 306 2769 367 FLAVINIACENSIS

3680 314 3756 372 uo

555 419 705 474 enim
731 435 837 477 usu
880 421 1109 483 nutrita.
1135 423 1244 480 nisi
1287 423 1426 479 duro
1467 423 1744 480 molliatur
1780 425 2024 494 verbere,
2064 426 2132 480 ad
2159 429 2206 487 Α
2235 439 2457 496 operam
2486 425 2680 492 daret,
2712 424 3014 496 piissimam
3046 424 3431 496 benignitatem
3456 440 3613 495 quam
3638 442 3758 497 gere-

555 509 808 575 notitiam
847 512 935 567 sui
976 512 1157 569 redire
1191 514 1445 569 durescit.
1495 510 1649 569 Unde
1700 513 1904 571 factum
1927 524 2010 572 est
2046 524 2126 582 ut,

561 600 736 657 tribus
777 602 939 659 annis
967 604 1240 660 subtracta
1286 604 1661 661 benedictione
1688 606 2015 677 pluviarum,
2048 623 2132 664 ce-

559 690 674 746 lum
710 708 876 764 super
899 710 995 752 eos
1027 695 1405 751 extenderetur
1434 702 1494 748 ut
1522 694 1748 752 ferrum.
1788 696 2134 752 Pertulerunt

556 782 799 852 primum
822 800 1025 841 annum
1044 794 1411 856 expectantes,
1435 788 1736 843 secundum
1759 788 2131 858 desperantes,

559 873 618 928 in
640 876 802 931 tertio
833 876 1162 935 defecerunt.
1194 876 1443 948 Cumque
1476 879 1619 934 inter
1657 894 1716 935 se
1741 880 1952 934 nullum
1982 879 2134 934 inve-

557 965 770 1023 nissent
792 967 1099 1033 consilium,
1132 968 1369 1023 tamdem
1402 971 1849 1039 praevaricatores
1869 971 1937 1026 ad
1967 970 2132 1027 corda

557 1058 956 1125 quodammodo
977 1058 1144 1113 oblita
1167 1059 1477 1127 redeuntes,
1505 1068 1839 1116 concurrunt
1860 1061 1926 1116 ad
1955 1061 2134 1131 ponti-

557 1148 732 1212 ficem,
784 1156 1057 1217 pastorem
1108 1150 1427 1217 inclamant,
1478 1162 1541 1206 ut
1584 1152 1901 1223 pr0pitiaret
1961 1151 2132 1208 Deum

550 1236 789 1305 peccatis
834 1238 1058 1309 iratum,
1110 1252 1411 1298 removeret
1460 1244 1774 1312 vindictam,
1822 1244 2135 1314 impetraret

548 1327 788 1396 veniam,
840 1340 895 1386 et
949 1342 1263 1389 arescentes
1305 1343 1479 1390 terras
1512 1334 1722 1390 colonis
1773 1336 2134 1394 morientibus

547 1417 894 1477 reformaret.
940 1421 1117 1479 Flexit
1142 1434 1394 1482 sanctum
1430 1427 1697 1497 generalis
1725 1428 2045 1497 necessitas,
2080 1438 2134 1484 et

547 1522 843 1567 commune
872 1513 1173 1581 periculum
1199 1517 1474 1571 communi
1505 1517 1752 1573 oratione
1788 1517 1900 1572 tolli
1930 1534 2133 1573 consu-

548 1599 671 1654 luit.
696 1599 886 1672 ltaque
906 1605 1217 1661 triduanum
1246 1607 1514 1678 jejunium
1545 1609 1758 1677 indixit,
1780 1609 2009 1664 ietanias
2037 1626 2133 1680 per

548 1692 812 1749 ecclesias
835 1693 930 1749 Dei
960 1694 1101 1765 fieri,
1126 1713 1319 1754 cruces
1348 1700 1417 1754 ad
1447 1699 2013 1756 misericordissimam
2036 1701 2131 1757 Dei

549 1783 874 1839 memoriam
904 1785 1056 1853 ferri,
1083 1797 1145 1843 ut
1167 1790 1262 1859 qui
1296 1805 1493 1860 passus
1512 1799 1595 1847 est
1621 1807 1722 1861 pro
1752 1794 2134 1861 peccatoribus

545 1872 799 1933 Christus
842 1880 1241 1949 propiciaretur
1273 1883 1355 1938 eis
1380 1893 1694 1939 sanctorum
1724 1885 2133 1942 intercessioni-

545 1963 669 2020 bus.
702 1965 902 2023 lndixit
930 1970 1037 2026 hoc
1067 1979 1124 2027 et
1162 1973 1348 2043 jussit,
1391 1984 1443 2029 et
1472 1975 1683 2045 primus
1721 1977 1866 2046 quod
1893 1977 2135 2047 jusserat

543 2054 690 2113 fecit.
732 2057 1102 2131 Egrediuntur
1141 2064 1510 2121 indiﬂ‘erenter
1534 2067 1838 2135 excalciati,
1873 2068 2054 2124 cinere
2078 2078 2133 2125 et

544 2151 724 2207 cilicio
749 2154 1132 2225 obvolvuntur,
1164 2158 1461 2214 inclamant
1484 2160 1891 2215 miserationem
1914 2171 2132 2216 sancto-

543 2259 693 2311 rum,
717 2248 1169 2316 propiciationem
1196 2248 1312 2316 Dei,
1339 2251 1577 2305 tundunt
1606 2260 1846 2321 pectora,
1874 2252 2130 2308 lacrimas

544 2332 804 2403 fundunt,
838 2352 907 2393 ne
936 2336 1080 2396 Deus
1121 2340 1327 2410 judicia
1373 2341 1580 2397 faciens
1625 2343 1681 2397 in
1720 2344 1978 2413 operibus
2012 2360 2131 2400 ma-

544 2434 716 2479 nuUm
764 2443 991 2483 suarum
1042 2431 1530 2500 comprehenderet
1581 2442 1916 2502 peccatores.
1961 2433 2130 2505 igitur

543 2515 723 2584 prima
755 2517 1080 2575 letaniarum
1117 2522 1204 2576 die
1251 2530 1440 2592 pastor
1486 2523 1602 2593 ipse
1631 2539 1755 2579 cum
1785 2525 1979 2581 ovibus
2002 2542 2128 2597 gra-

542 2607 720 2676 diens,
748 2610 805 2665 in
841 2614 1129 2681 praesentia
1174 2616 1618 2671 concurrentium
1649 2618 1839 2673 oculos
1863 2619 2132 2675 convertit

540 2701 611 2754 ad
641 2703 854 2770 caelum,
892 2704 946 2757 in
976 2705 1140 2760 corde
1178 2720 1281 2762 suo
1309 2706 1676 2776 quiescentem
1720 2709 2015 2763 commovit
2059 2711 2129 2766 ad

538 2793 971 2850 misericordiam
993 2795 1186 2864 Deum,
1210 2805 1265 2852 et
1275 2797 1458 2853 subito
1480 2797 1718 2854 nubibus
1732 2799 1917 2855 densis
1939 2800 2134 2855 obum-

536 2882 698 2939 brato
723 2900 848 2940 aere
885 2886 1160 2943 ﬂuxerunt
1184 2903 1359 2958 aquae.
1389 2887 1587 2959 Sicque
1607 2903 1703 2960 per
1725 2891 1964 2945 triduum
1998 2892 2128 2947 illud

540 2974 905 3032 defluentibus
941 2978 1140 3047 pluviis
1177 2987 1323 3033 terra
1352 2979 1617 3050 vigorem,
1655 2981 1838 3035 herba).
1864 2981 2127 3049 virorem,

539 3063 723 3122 fontes
764 3066 1014 3135 liuorem,
1047 3070 1272 3125 arbores
1323 3070 1499 3141 vitam,
1539 3079 1595 3126 et
1641 3072 1879 3127 mundus
1913 3074 2127 3143 plenam

540 3157 748 3227 recepit
780 3158 1190 3215 abundantiam.
1229 3159 1341 3217 Nec
1375 3162 1534 3216 latuit
1576 3162 1845 3229 homines,
1876 3164 2130 3220 viderunt

540 3254 597 3302 et
627 3248 903 3303 ammirati
939 3259 1086 3316 sunt,
1138 3259 1343 3321 quanta
1392 3252 1460 3307 de
1502 3260 1718 3322 pastore
1753 3261 1946 3309 sancto
1986 3257 2128 3326 apud

539 3332 717 3395 Deum
754 3356 886 3396 cura
916 3343 1113 3397 extitit.
1150 3342 1286 3398 Nam
1319 3359 1443 3399 cum
1476 3345 1578 3400 sub
1607 3345 1754 3400 nudo
1777 3361 1903 3403 aere
1939 3348 2131 3416 grade-

541 3437 714 3497 retur,
742 3445 1044 3502 omnesque
1074 3433 1234 3503 aquis
1255 3434 1711 3490 descendentibus
1736 3434 2131 3505 perfunderen-

540 3526 653 3588 tur,
679 3521 785 3592 ipsi
830 3521 973 3578 Deus
1009 3525 1063 3578 in
1098 3524 1279 3594 pluvia
1324 3525 1705 3581 umbraculum
1752 3524 1898 3582 fecit.
1933 3526 2046 3583 Hac
2075 3536 2130 3583 et

539 3610 688 3679 illac,
739 3612 833 3667 ubi
870 3621 974 3695 est,
1021 3614 1177 3683 jussa
1219 3631 1362 3685 aqua
1407 3616 1621 3682 cecidit,
1661 3616 1841 3686 ipsum
1885 3617 1954 3672 ab
1984 3634 2126 3688 aqua

542 3704 695 3774 tangi
728 3704 1028 3774 prohibuit,
1059 3706 1152 3776 qui
1179 3707 1365 3761 omnia
1398 3722 1737 3777 quaecunque
1767 3707 1939 3763 voluit
1980 3707 2125 3763 fecit.

608 3794 753 3853 Cum
786 3811 915 3866 ergo
946 3797 1100 3866 juxta
1134 3798 1585 3853 consuetudinem
1621 3799 1949 3868 pastoralem
1979 3800 2127 3854 limi-

541 3902 614 3941 na
640 3888 885 3944 ecclesiae
912 3889 1230 3960 principalis
1260 3898 1463 3946 sancta;
1503 3888 1686 3945 Maria:
1722 3898 1955 3957 tereret,
2001 3890 2127 3960 qui-

543 3976 672 4032 dam
699 3975 978 4034 Johannes
1003 3978 1226 4033 nomine
1250 3978 1512 4033 membris
1540 3979 1775 4044 solutus,
1805 3979 1988 4034 nervis
2014 3980 2127 4033 ari-

540 4068 648 4123 dus
673 4109 689 4135 ,
730 4060 985 4125 mortuus
1007 4069 1216 4124 viribus
1241 4111 1256 4136 ,
1304 4070 1485 4124 anima
1530 4070 1859 4125 subsistente
1881 4111 1897 4137 ,
1932 4071 2129 4142 linguae

539 4164 755 4212 tantum
786 4157 963 4214 oﬂicio
996 4159 1315 4230 praavalens,
1349 4161 1593 4227 vocibus,
1624 4177 1763 4232 quas
1792 4164 2008 4218 enervis
2029 4164 2129 4218 ha-

539 4248 727 4316 bebat,
766 4249 1082 4321 episcopum
1114 4251 1381 4318 exoravit,
1407 4252 1597 4308 dicens
1625 4271 1637 4307 :
1680 4252 1925 4321 Obsecro,
1948 4264 2129 4310 sancte

537 4342 642 4397 Dei
666 4385 681 4409 ,
711 4351 771 4399 ut
805 4343 997 4399 habeas
1027 4345 1085 4399 in
1118 4362 1198 4400 me
1228 4346 1668 4400 misericordiam.
1721 4345 1820 4401 Cui
1869 4348 2125 4403 sacerdos

2165 1776 2208 1830 B

2232 515 2327 571 bat
2357 517 2413 571 in
2446 525 2648 584 mente,
2683 517 2922 573 ostendit
2950 516 3198 572 miraculi
3226 514 3605 587 magnitudine.
3627 515 3677 571 in
3697 518 3758 588 ip-

2232 621 2297 664 so
2342 607 2487 662 enim
2525 606 2773 679 ingressu
2810 606 3187 663 mulierculam
3213 649 3228 674 ,
3265 605 3636 662 Theresindem
3680 624 3759 662 no-

2232 694 2409 764 mine,
2445 697 2663 753 obviam
2712 698 2933 767 habuit,
2980 712 3104 768 quae
3151 698 3348 754 baculo
3396 705 3608 768 regente
3647 713 3760 755 caeco

2233 787 2379 842 viam
2408 789 2719 859 queritabat
2759 797 2947 845 errdre
2971 828 2987 857 ,
3022 797 3077 846 et
3103 790 3296 845 ducem
3327 790 3638 860 sequebatur
3666 793 3760 846 ani-

2231 894 2384 933 mum
2433 880 2719 935 oculorum
2782 881 3138 937 desolatione.
3188 879 3290 948 Qui
3343 882 3522 937 statim
3574 882 3760 953 simplici

2233 978 2434 1025 sancta:
2476 970 2657 1026 crucis
2698 970 3055 1027 medicamine
3082 972 3333 1027 tenebras
3359 970 3654 1042 quindecim
3689 988 3763 1027 an-

2232 1076 2428 1116 norum
2460 1061 2719 1133 eﬂ‘ugavit
2741 1104 2757 1129 ,
2789 1069 2846 1117 et
2872 1063 3050 1117 lucem
3090 1062 3184 1117 diu
3230 1063 3509 1118 absentem
3537 1062 3648 1116 luce
3670 1062 3763 1117 ﬁdei

2231 1153 2584 1224 resplendens
2612 1153 2864 1224 protinus
2891 1154 3184 1224 reparavit.
3231 1152 3481 1208 Radiavit
3513 1153 3672 1208 virtus
3692 1168 3766 1223 per

2232 1258 2473 1311 crucem,
2503 1245 2737 1301 radiavit
2761 1254 2816 1300 et
2848 1260 2945 1316 per
2972 1245 3307 1316 pontificem.
3340 1242 3398 1298 ln
3431 1244 3668 1314 pontiﬁce
3700 1259 3767 1297 re-

2233 1337 2433 1408 gnabat
2473 1337 2649 1408 pietas
2673 1379 2688 1404 ,
2719 1337 2773 1391 in
2804 1351 2967 1393 cruce
2995 1343 3257 1406 potestas.
3299 1333 3409 1390 Nec
3450 1334 3617 1405 pietas
3640 1334 3766 1405 quid-

2232 1441 2398 1496 quam
2445 1425 2784 1497 profecisset,
2820 1426 2925 1481 nisi
2966 1426 3022 1480 in
3056 1426 3162 1481 ﬁde
3189 1425 3371 1481 crucis
3419 1424 3764 1495 praevaluisset.

2231 1517 2481 1573 Potestas
2504 1517 2650 1572 enim
2678 1526 2830 1572 tanta
2863 1516 2967 1572 fuit
2996 1518 3050 1572 in
3084 1532 3265 1585 cruce,
3294 1527 3354 1571 ut
3386 1532 3496 1570 non
3525 1516 3685 1570 solum
3705 1514 3767 1571 fe-

2232 1610 2395 1664 minae
2422 1610 2634 1664 vultum
2665 1609 2968 1665 illustraret
3000 1608 3252 1664 orbatum
3280 1648 3296 1676 ,
3333 1607 3430 1662 sed
3459 1607 3628 1662 lucem
3652 1606 3770 1660 inde-

2232 1699 2500 1756 ﬂcientem
2532 1716 2628 1771 per
2653 1708 2826 1755 totum
2852 1699 3152 1755 elfunderet
3178 1698 3468 1753 mundum.
3521 1695 3769 1766 Postquam

2233 1791 2379 1847 enim
2410 1792 2502 1847 lux
2538 1792 2728 1847 mundi
2758 1792 3014 1862 pependit
3052 1790 3106 1844 in
3141 1806 3325 1856 cruce,
3363 1788 3552 1843 mundi
3596 1788 3771 1842 climata

2233 1886 2689 1956 resplenduerunt
2742 1901 2853 1941 non
2909 1894 3172 1955 sequente
3218 1892 3398 1938 nocte.
3451 1879 3567 1936 Nox
3610 1879 3771 1935 diaboli

2234 1990 2464 2046 regnum
2507 1974 2742 2045 perdidit
2765 2015 2780 2042 ,
2808 1974 2926 2029 dies
2954 1972 3138 2029 crucis
3163 1972 3404 2043 optinuit
3427 1970 3769 2041 principatum.

2231 2064 2371 2122 Hinc
2401 2078 2486 2122 est
2511 2066 2659 2136 quod
2691 2072 2914 2122 sanctus
2940 2064 3231 2135 episcopus
3260 2072 3479 2118 tantum
3516 2060 3772 2133 praevaluit,

2229 2159 2359 2230 quia
2384 2159 2559 2214 lucem
2589 2174 2686 2228 per
2709 2157 2873 2213 fidem
2899 2157 3081 2212 crucis
3109 2164 3164 2211 et
3189 2156 3541 2211 dilectionem
3568 2155 3622 2208 in
3645 2150 3773 2207 corde

2230 2250 2479 2306 nutrivit.
2519 2248 2747 2321 Signum
2779 2249 2961 2304 crucis
2987 2261 3152 2319 super
3194 2247 3386 2302 oculos
3423 2247 3623 2301 orbata:
3650 2242 3775 2299 femi-

2230 2358 2315 2397 na:
2357 2341 2560 2413 posuit,
2593 2340 2721 2410 quia
2755 2337 2993 2410 Spiritus
3021 2347 3244 2394 sanctus
3275 2338 3330 2392 in
3356 2338 3531 2408 digito
3573 2352 3660 2406 per
3691 2335 3775 2388 vir-

2228 2439 2400 2486 tutem
2434 2431 2616 2487 crucis
2647 2430 2770 2485 fuit.
2817 2429 2957 2497 Quid
2995 2429 3199 2500 plura?
3228 2428 3441 2484 Gaudet
3470 2427 3671 2492 mulier,
3696 2425 3775 2479 mia

2227 2532 2381 2577 ratur
2426 2523 2598 2578 solem
2626 2564 2641 2590 ,
2673 2521 2928 2577 tenebras
2960 2529 3277 2586 execratur,
3313 2529 3605 2574 veneratur
3637 2513 3774 2571 medi-

2227 2628 2376 2682 cum,
2413 2614 2606 2669 adorat
2632 2611 2804 2668 Deum
2831 2612 2887 2667 in
2919 2627 3104 2667 rerum
3141 2610 3460 2666 diversitate
3493 2607 3773 2672 mirabilem,

2228 2720 2352 2776 qua:
2381 2703 2761 2760 confusionem
2787 2703 2941 2775 prius
2968 2701 3345 2758 tantummodo
3373 2708 3603 2756 noverat
3624 2710 3671 2754 et
3696 2714 3775 2753 no-

2228 2803 2389 2851 ctem.
2428 2794 2503 2851 ita
2555 2794 2699 2851 Deus
2751 2810 2849 2867 per
2899 2810 3089 2849 verum
3140 2792 3449 2849 israelitam
3497 2788 3776 2846 illuminavit

2228 2887 2372 2944 hanc
2418 2886 2676 2948 feminam
2702 2929 2718 2956 ,
2752 2886 3127 2959 populumque
3154 2886 3523 2941 admirantem
3567 2878 3775 2938 excitavit

2228 2981 2296 3035 ad
2323 2980 2539 3035 laudem
2570 2989 2624 3035 et
2653 2979 2882 3051 gloriam
2911 2993 3089 3033 suam.

2301 3072 2422 3127 Alio
2455 3079 2701 3142 tempore
2728 3087 2852 3126 cum
2882 3070 3111 3126 vidisset
3141 3067 3537 3124 misericordia:
3567 3072 3773 3127 amator,

2230 3163 2448 3233 pietatis
2496 3164 2694 3231 cultor,
2747 3161 3017 3218 sollicitus
3065 3161 3252 3216 ovium
3303 3168 3498 3230 pastor
3544 3154 3774 3229 quandam

2230 3254 2487 3324 puellam,
2523 3253 2871 3310 Childuidem
2901 3252 3145 3320 nomine,
3176 3267 3207 3307 a
3237 3251 3437 3322 spiritu
3464 3250 3686 3330 maligno
3704 3260 3774 3300 ra-

2230 3354 2376 3416 ptam
2413 3355 2576 3416 atque
2604 3333 2911 3417 pervasam,
2945 3345 3244 3401 condolens
3273 3342 3512 3398 miseria:
3534 3384 3549 3409 ,
3580 3353 3776 3396 memor-

2229 3454 2334 3508 que
2361 3437 2523 3493 oflicii
2549 3478 2563 3506 ,
2593 3437 2841 3493 ascendit
2877 3437 3126 3508 protinus
3153 3451 3221 3491 ex
3249 3435 3485 3490 adverso
3511 3476 3525 3502 ,
3562 3427 3775 3503 opposuit

2230 3545 2289 3585 se
2320 3545 2539 3584 murum
2571 3528 2776 3585 furenti
2810 3528 3035 3584 inimico
3063 3570 3078 3594 ,
3109 3535 3165 3582 et
3194 3526 3494 3582 ostendens
3539 3540 3595 3579 sc
3637 3534 3773 3576 unum

2229 3622 2296 3677 de
2327 3622 2435 3677 illis
2461 3621 2693 3677 canibus
2716 3662 2732 3688 ,
2761 3620 2828 3676 de
2852 3619 3052 3691 quibus
3078 3618 3279 3673 dicitur
3310 3635 3323 3670 :
3374 3614 3584 3687 Lingua
3621 3625 3774 3668 canunt

2229 3722 2441 3768 tuorum
2473 3728 2539 3767 ea:
2576 3711 2809 3766 inimicis
2837 3711 2903 3766 ab
2937 3710 3052 3781 ipso
3080 3708 3255 3780 (Psal.
3293 3723 3473 3773 ωιτη,
3500 3706 3612 3776 24),
3644 3702 3775 3757 misc-

2229 3820 2305 3860 ηε
2330 3803 2649 3860 medicalem
2681 3803 2924 3873 linguam
2956 3800 3145 3859 auxilii
3170 3840 3185 3868 ,
3237 3798 3383 3854 hosti
3442 3806 3496 3853 et
3541 3790 3776 3867 pervasori

2229 3894 2419 3950 dentes
2447 3894 2661 3951 exeruit
2688 3892 3008 3963 imperantis
3044 3891 3145 3947 zeli
3173 3932 3187 3957 ,
3221 3899 3277 3946 et
3303 3891 3515 3944 latrans
3541 3900 3661 3942 voce
3696 3882 3775 3936 do-

2229 3985 2431 4040 miniea
2456 4026 2472 4051 ,
2503 4000 2626 4055 qua:
2666 3984 2818 4039 mitis
2842 3991 2897 4039 et
2920 3982 3142 4053 paciens
3178 3997 3289 4036 non
3315 3979 3610 4041 clamavit,
3634 3985 3778 4043 neque

2229 4076 2415 4132 audita
2444 4084 2529 4131 est
2556 4076 2611 4131 in
2638 4076 2833 4147 platea,
2865 4072 3158 4145 perterruit
3185 4086 3399 4141 semper
3428 4069 3676 4126 tumidam
3699 4078 3775 4117 ne-

2230 4169 2481 4240 quitiam,
2510 4177 2565 4224 et
2598 4167 2890 4239 imaginem
2923 4164 3038 4231 Dei,
3068 4180 3191 4235 quae
3217 4162 3580 4219 ancillabatur
3600 4157 3773 4213 violen-

2229 4269 2311 4316 ter
2335 4276 2443 4315 non
2476 4259 2737 4327 Domino,
2766 4257 2999 4314 reddidit
3038 4256 3287 4311 liberam.
3323 4252 3621 4323 Postquam
3658 4245 3773 4302 enim

2229 4350 2367 4405 dixit
2397 4368 2409 4403 :
2443 4349 2709 4419 Prascipio
2740 4348 2858 4414 tibi,
2883 4344 3105 4418 spiritus
3127 4344 3428 4410 immunde,
3457 4351 3516 4397 ut
3553 4352 3692 4395 exeat
3724 4333 3774 4386 ab

541 4432 717 4491 ﬂexus
751 4436 1158 4506 quodammodo
1193 4445 1248 4492 et
1282 4453 1406 4492 cum
1436 4438 1654 4493 infirmo
1686 4438 1993 4494 infirmatus
2034 4454 2125 4494 re»
2157 4467 2203 4523 Β
2227 4458 2291 4496 ea
2316 4484 2331 4509 ,
2359 4451 2408 4496 et
2436 4440 2665 4512 amplius
2695 4457 2798 4494 non
2840 4440 3075 4493 introeas
3116 4438 3172 4490 in
3200 4451 3353 4502 eam,
3384 4435 3480 4490 ille
3523 4439 3775 4504 percussus

541 4524 767 4593 spondit
795 4543 808 4580 :
844 4524 987 4590 Quid
1020 4526 1117 4579 tibi
1148 4528 1225 4580 vis
1264 4527 1502 4596 faciam?
1534 4527 1617 4582 Ad
1666 4527 1767 4583 hec
1794 4529 2120 4600 languidus:

542 4613 613 4669 Ut
643 4616 948 4671 miserearis
985 4617 1110 4683 mei,
1156 4617 1250 4671 ait.
1284 4615 1439 4672 Tunc
1463 4619 1721 4674 sacerdos
1746 4619 1803 4673 in
1828 4618 1939 4675 Deo
1962 4620 2122 4676 ditis-

536 4709 715 4767 simus
747 4725 919 4780 pauca
956 4710 1023 4765 de
1048 4709 1242 4766 loculis
1266 4708 1531 4780 protulit,
1570 4718 1625 4765 et
1659 4710 1875 4766 infirmo
1910 4712 1977 4767 de
2008 4712 2124 4780 ple-

540 4800 787 4856 nitudine
818 4802 947 4856 boni
984 4801 1169 4858 cordis
1202 4800 1431 4856 exibuit.
1462 4798 1599 4855 Nam
1632 4801 1815 4856 carnis
1846 4811 2121 4858 sustenta-

424 4960 443 4969 -
537 4890 724 4945 culum
752 4892 1018 4957 tribuens,
1048 4891 1196 4948 dedit
1222 4891 1387 4947 simul
1408 4891 1653 4961 corporis
1677 4891 2118 4971 solidamentum.

540 4981 744 5038 Aridus
768 4999 986 5054 quoque
1017 5001 1143 5041 cum
1174 4985 1280 5042 fide
1310 4984 1516 5040 Christi
1564 4985 1806 5054 suscepit
1843 4985 1982 5040 dona
2033 5001 2124 5041 sa-

538 5073 779 5131 cerdotis
803 5114 818 5139 ,
845 5084 899 5130 et
942 5091 1068 5130 cum
1094 5076 1284 5132 eodem
1328 5090 1558 5131 munere
1595 5075 1795 5130 meruit
1837 5076 2124 5131 sanitatem

537 5165 801 5236 recipere.
835 5164 931 5221 His
965 5175 1018 5221 et
1048 5168 1362 5237 huiusmodi
1391 5168 1608 5223 indiciis
1651 5166 1982 5223 clariﬁcante
2012 5167 2125 5223 Deo

538 5271 760 5313 servum
785 5271 968 5325 suum,
992 5258 1135 5328 cepit
1157 5257 1507 5314 manifestum
1529 5274 1652 5315 esse
1675 5259 1954 5325 omnibus,
1977 5260 2125 5330 quod

537 5354 764 5403 sanctus
788 5347 1052 5419 Agericus
1078 5346 1281 5404 Christi
1292 5357 1436 5404 esset
1460 5340 1735 5404 alumnus.
1762 5345 1935 5404 Tanta
1960 5348 2124 5419 quip-

538 5454 608 5514 pe
641 5440 907 5497 virtutum
939 5441 1096 5512 copia
1136 5442 1208 5497 de
1247 5442 1556 5497 illo'exibat
1582 5483 1598 5510 ,
1628 5450 1690 5498 ut
1728 5443 1774 5499 si
1802 5442 1929 5513 quis
1971 5442 2125 5498 infir-

537 5549 666 5589 mus
694 5535 939 5606 eulogias
965 5534 1032 5590 de
1060 5550 1226 5589 manu
1255 5535 1375 5604 ejus
1405 5535 1724 5606 susciperet,
1759 5535 2009 5605 protinus
2033 5550 2124 5590 sa-

537 5624 768 5680 nitatem
789 5625 1073 5695 reciperet.
1105 5623 1243 5696 (Fol.
1271 5623 1386 5693 45.)
1408 5623 1545 5678 Cum
1570 5639 1702 5695 ergo
1716 5622 1953 5695 praefata:
1973 5622 2121 5678 basi-

553 5713 655 5773 leze
677 5716 913 5777 calcaret
941 5717 1127 5772 limina
1154 5758 1168 5787 ,
1198 5725 1251 5772 et
1290 5732 1354 5772 ex
1383 5731 1535 5771 more
1563 5715 1758 5771 studiis
1785 5716 2121 5786 spiritalibus

2228 4532 2429 4588 virtute
2459 4531 2886 4601 omnipotentiae,
2916 4528 3193 4599 projectus
3221 4536 3306 4582 est
3334 4526 3387 4580 in
3422 4534 3614 4580 tetram
3646 4519 3775 4589 abys-

2228 4636 2352 4676 sum
2399 4620 2546 4676 sedis
2587 4635 2701 4676 suae
2725 4661 2740 4685 ,
2789 4620 2845 4673 in
2874 4619 3032 4688 ignea
3060 4632 3252 4687 spuma
3280 4631 3446 4686 quam
3479 4613 3647 4686 puclla
3671 4624 3774 4664 evo-

2227 4712 2410 4766 mebat
2436 4711 2729 4766 ostendens
2746 4751 2760 4775 ,
2792 4724 2904 4780 quo
2930 4707 3149 4764 camino
3174 4748 3189 4774 ,
3219 4720 3329 4776 quo
3353 4705 3570 4760 clibano
3594 4698 3775 4757 clande-

2228 4801 2373 4857 stino
2400 4800 2658 4856 miseram
2689 4799 3003 4870 possidebat
3028 4797 3285 4852 adurens.
3318 4795 3413 4851 illa
3442 4790 3773 4851 mansuefacta

2226 4906 2394 4962 seque
2444 4891 2620 4962 ipsam
2668 4903 3006 4960 cognoscens
3054 4886 3382 4942 iassabunda
3436 4881 3694 4946 subsedit,
3734 4882 3775 4928 ei

2227 4983 2435 5053 perdita
2472 4981 2771 5038 crassantis
2798 4980 3028 5036 interius
3054 4977 3262 5034 inimici
3297 4985 3574 5032 armatura
3614 4969 3773 5032 mitis,

2226 5084 2280 5130 et
2308 5075 2564 5130 omnibus
2593 5072 2736 5129 facta
2754 5072 3041 5140 miraculo,
3072 5070 3310 5142 amplius
3336 5085 3407 5125 se.
3422 5069 3538 5139 ipsa
3563 5064 3778 5137 pavitan-

2225 5165 2297 5221 do
2325 5166 2576 5221 miratur.
2617 5162 2829 5219 Habere
2876 5179 2935 5219 se
2983 5162 3212 5233 incipit,
3250 5176 3375 5232 quae
3407 5159 3711 5221 habebatur,
3734 5159 3778 5206 et

2226 5256 2504 5328 paulisper
2533 5255 2729 5328 spiritu
2758 5262 2987 5327 purgata
3016 5262 3277 5310 extraneo
3323 5250 3572 5322 spiritum
3600 5253 3777 5301 natura:

2226 5348 2509 5419 recolligit.
2561 5346 2807 5403 Remittit
2854 5360 3045 5401 servus
3076 5342 3169 5398 Dei
3217 5343 3284 5398 de
3315 5340 3534 5398 servitio
3572 5337 3777 5406 maligno

2225 5436 2507 5492 liberatam
2536 5456 2549 5503 ;
2580 5444 2636 5493 et
2663 5435 2906 5508 legitimo
2934 5434 3158 5489 domino
3203 5432 3583 5488 universorum
3608 5470 3622 5495 ,
3654 5421 3774 5497 quod

2218 5544 2419 5585 servus
2466 5529 2702 5585 mendax
2745 5537 2800 5583 et
2828 5529 2898 5582 ah
2947 5525 3114 5581 inicio
3154 5524 3427 5580 homicida
3470 5519 3773 5579 abstulerat.

2225 5622 2429 5677 servire
2469 5620 2743 5691 praecepit.
2781 5617 2827 5674 0
2856 5614 3000 5673 Deus
3026 5615 3405 5688 potentissime
3427 5657 3441 5681 ,
3469 5607 3770 5669 victoriosis-

2226 5715 2361 5770 sime
2394 5757 2408 5783 ,
2483 5712 2997 5768 misericordissima
3029 5752 3044 5777 ,
3101 5708 3331 5765 reddant
3385 5706 3485 5762 tibi
3538 5702 3667 5761 servi
3711 5696 3772 5753 tui.
