3932 6298
117 341 194 399 HI

113 459 360 526 potentes,
411 445 554 519 quod
607 446 810 501 habent
861 447 960 503 abs
1008 456 1061 503 te
1113 447 1389 504 victoriosi
1438 458 1493 505 et
1540 450 1645 504 mi-
1675 458 1715 514 Α

112 541 389 607 seriem-des,
415 547 574 610 teque
600 546 656 593 et
681 537 866 593 omnia
895 553 1109 608 semper
1137 539 1432 595 habebunt.

169 633 410 687 llaetenus
432 628 644 700 sequuti
661 645 853 686 sumus
870 628 1157 685 Dominum
1171 630 1326 701 quasi
1338 647 1433 702 per
1442 641 1646 688 terram

113 726 419 799 gradientem,
446 721 836 788 describentes,
863 730 1028 792 prout
1050 722 1236 777 datum
1261 732 1344 779 est
1360 723 1495 791 (Ut),
1515 740 1647 780 san-

113 829 229 873 ctum
256 830 402 870 suum
432 811 696 868 famulum
726 813 783 867 in
811 812 1034 869 caducis
1064 812 1387 884 corporibus
1430 815 1646 884 pietatis

112 918 155 963 et
191 905 550 962 misericordia:
585 919 751 976 opera
794 913 1135 961 exercentem
1167 922 1179 960 :
1212 903 1328 977 (fol.
1378 905 1487 975 45’)
1530 905 1646 975 jam

114 1014 229 1054 nunc
252 1013 343 1052 nos
368 997 574 1052 elevare
603 996 748 1067 cogit
772 996 999 1066 spiritus
1040 996 1325 1052 viviﬁcans
1350 996 1646 1051 volubilem

112 1099 255 1145 rotam
284 1089 557 1159 scripturae
582 1097 637 1143 et
665 1088 946 1159 spirituale
974 1088 1298 1145 miraculum
1325 1102 1502 1158 penna
1524 1102 1648 1143 cor-

110 1194 240 1249 porca
288 1186 338 1233 et
388 1178 584 1233 visibili
639 1178 921 1234 denotare.
984 1177 1139 1250 (Vita
1169 1176 1332 1248 ampl.
1387 1174 1644 1247 Agerici.)

110 1270 271 1324 Beatus
296 1269 434 1324 enim
469 1269 733 1341 Agericus
763 1270 993 1341 apostoli
1018 1278 1345 1340 praeceptum
1392 1268 1447 1322 in
1485 1268 1647 1323 corde

111 1376 298 1417 servans
318 1403 333 1428 ,
379 1368 432 1416 et
464 1375 629 1431 opere
658 1362 939 1431 complens
963 1402 978 1428 ,
1008 1361 1238 1416 dicentis
1271 1380 1285 1416 :
1317 1357 1443 1415 Sine
1476 1361 1644 1413 inter-

113 1451 319 1503 missione
342 1459 508 1517 orate,
540 1450 598 1503 in
632 1450 872 1504 omnibus
901 1451 1105 1520 gratias
1140 1451 1299 1521 agite,
1332 1449 1560 1521 contigit
1586 1458 1648 1504 ut

107 1538 271 1608 jaceret
292 1536 341 1591 in
370 1546 636 1608 tempesto
661 1538 948 1609 cujusdam
984 1539 1163 1594 noctis
1190 1554 1402 1593 memor
1429 1537 1645 1592 Domini

111 1627 153 1679 in
176 1634 327 1681 stratu
352 1643 471 1695 suo,
498 1635 554 1683 et
588 1642 649 1685 se
677 1637 888 1685 secreto
919 1628 1074 1685 suavi
1110 1646 1176 1685 ac
1200 1630 1346 1686 dulci
1370 1630 1646 1700 voluptate

111 1718 503 1774 meditationibus
532 1720 703 1776 castis
733 1720 1044 1792 ignescens,
1076 1721 1249 1792 ipsius
1273 1736 1493 1792 quoque
1521 1736 1646 1776 eor-

1317 335 1736 393 CHRONICON.

1759 336 1986 393 ——LlB.
2012 336 2053 394 1.
3106 286 3119 299 ’
3223 341 3328 398 122
3408 327 3412 330 ‘

1746 450 1907 505 beato
1951 447 2213 504 Sancttno
2241 457 2559 505 consecrata
2589 449 2981 508 honorabiliter
3010 459 3066 509 et
3093 456 3326 514 sanctis-

1747 543 1885 599 sime
1911 542 1979 596 ab
2007 541 2127 611 ipso
2157 541 2277 597 viro
2305 540 2402 596 Dei
2430 542 2604 613 pridie
2629 542 2812 600 Nonas
2838 543 3173 616 Septembris
3200 556 3332 607 sunt

1746 633 2018 700 ordinata,
2047 641 2102 687 et
2128 632 2245 689 dies
2273 634 2648 690 translationis
2673 644 2728 690 et
2758 638 3108 695 revelationis
3133 656 3328 697 eorum

1744 736 1841 792 per
1869 720 2216 776 succedentia
2261 730 2502 791 tempora
2534 723 2866 781 celebritatis
2892 743 3089 784 annua;
3112 738 3198 785 est
3223 731 3310 786 ho-

1745 827 1881 867 nore
1908 811 2187 883 insignita.
2231 810 2475 878 Quorum
2504 815 2696 869 merita
2736 817 2802 871 ad
2833 820 3081 888 sepulcra
3110 821 3327 877 illorum

1746 903 2040 959 ostendunt
2062 901 2368 973 frequentia
2396 904 2680 961 miracula.
2704 905 2817 963 Nos
2841 924 2971 979 ergo
2991 926 3057 965 eo
3077 911 3191 981 jam
3216 928 3331 967 me-

1744 993 1882 1049 liore
1911 994 1998 1048 via
2027 1003 2282 1064 suscepto
2307 1036 2322 1061 ,
2350 994 2465 1065 jam
2506 997 2573 1051 ad
2600 998 2832 1067 patriam
2865 998 3140 1058 felicitatis
3166 1012 3327 1059 aeter-

1745 1100 1830 1140 na:
1852 1085 2136 1155 perducto,
2161 1099 2352 1140 secure
2381 1085 2448 1140 de
2477 1092 2591 1141 tam
2620 1087 2857 1157 gloriosa
2887 1090 3238 1147 miseratione
3260 1093 3328 1148 ad

1744 1178 1961 1234 laudem
1992 1177 2090 1233 Dei
2121 1187 2174 1233 et
2207 1178 2543 1248 praeconium
2579 1179 2722 1234 servi
2758 1179 2844 1235 sui
2874 1180 3047 1237 lidelis
3100 1182 3331 1239 fideliter

1745 1276 1800 1324 et
1850 1269 2044 1325 devota
2093 1268 2400 1324 humilitate
2428 1269 2667 1339 placeret
2700 1269 3096 1339 aliquantulum
3149 1273 3332 1328 decla-

1746 1374 1916 1414 mare.
1952 1357 2196 1429 Denique
2224 1358 2312 1413 ille
2340 1359 2560 1428 placens
2588 1367 2643 1413 et
2670 1359 2954 1415 adhaerens
2982 1360 3093 1415 Deo
3143 1361 3198 1416 in
3237 1377 3329 1417 re-

1745 1448 1907 1519 gione
1936 1447 2186 1502 vivorum
2224 1446 2383 1502 nobis
2425 1448 2737 1517 exemplum
2774 1446 3030 1517 reliquit,
3066 1449 3332 1504 auxilium

1746 1538 2009 1609 impendit
2039 1537 2092 1591 in
2118 1538 2341 1609 regione
2368 1546 2736 1606 mortuorum,
2768 1547 2828 1593 ut
2853 1545 2908 1593 et
2934 1552 3034 1593 nos
3057 1547 3242 1594 nostra
3264 1540 3333 1595 ad

1745 1644 1997 1684 normam
2038 1629 2267 1699 justitiaa
2315 1628 2676 1684 informemus
2708 1644 2873 1699 opera
2900 1670 2916 1694 ,
2953 1636 3009 1683 et
3056 1628 3124 1683 de
3168 1629 3335 1700 justis

1745 1720 2001 1791 operibus
2046 1719 2389 1792 proferamus
2437 1721 2624 1777 verba.
2663 1719 2802 1791 (Fel.
2830 1719 2945 1790 46.)
2981 1717 3185 1774 Orabat
3218 1721 3337 1776 sine

111 1810 226 1880 poris
259 1811 458 1879 pondus
499 1812 729 1881 spiritus
753 1812 977 1868 lenitate
999 1813 1305 1882 excedens;
1339 1813 1520 1869 subito
1565 1813 1650 1867 lu—
1678 1804 1723 1866 Β
1750 1812 2155 1868 intermissione
2178 1854 2194 1879 ,
2234 1820 2296 1867 ut
2322 1812 2575 1882 impleret
2620 1819 2948 1882 praeceptum
2986 1809 3202 1864 Domini
3247 1810 3335 1865 di-

110 1917 206 1955 men
223 1944 239 1967 ,
260 1902 396 1972 quod
436 1911 563 1957 ante
593 1903 773 1973 ipsum
801 1903 1028 1959 ardebat
1052 1945 1066 1970 ,
1097 1904 1397 1960 extinctum
1424 1913 1509 1961 est
1530 1947 1546 1972 ,
1593 1913 1649 1960 et

110 1992 325 2049 remansit
348 1993 575 2065 pervigil
604 2009 671 2049 ac
706 1994 948 2063 sobrius,
978 2009 1089 2050 non
1122 1996 1265 2064 visu,
1294 2012 1404 2053 non
1433 1996 1645 2063 auditu,

109 2098 192 2138 non
215 2083 313 2139 ullo
339 2101 599 2141 sensuum
628 2087 875 2157 quinque
904 2088 1206 2144 carnalium
1237 2089 1521 2144 obstaculo
1543 2088 1647 2142 im-

108 2176 296 2245 peditus.
323 2176 568 2248 Cumque
594 2188 745 2234 totus
770 2195 979 2247 secum,
1013 2189 1185 2236 totum
1215 2196 1274 2236 se
1308 2179 1420 2235 Deo
1453 2188 1646 2235 exten-

108 2266 241 2335 deret,
265 2276 316 2323 et
338 2269 517 2324 anima
547 2279 738 2326 sancta
759 2287 990 2342 corpore
1011 2272 1164 2345 gravi
1183 2287 1372 2344 pressa
1394 2272 1449 2326 in
1471 2269 1645 2327 Deum

109 2361 466 2430 seSpeeulando
500 2361 777 2430 dilataret,
813 2364 1145 2419 ascendente
1191 2378 1258 2419 eo
1294 2363 1363 2419 ad
1407 2378 1645 2433 superna

110 2466 158 2504 ex
180 2451 437 2520 desiderio,
468 2451 683 2508 familia
710 2453 779 2508 ad
806 2469 934 2509 eum
965 2469 1201 2524 superna
1235 2452 1558 2517 descendit,
1589 2461 1644 2507 et

110 2542 347 2600 multitudo
377 2544 700 2615 angelorum
729 2545 927 2601 domus
951 2545 1072 2615 ejus
1098 2544 1520 2601 sanctitudinem
1546 2559 1644 2614 pe-

109 2635 295 2690 netravit
317 2644 368 2691 et
391 2636 767 2707 perlustravit.
819 2636 1141 2707 Refulgebat
1167 2636 1301 2693 cella
1327 2635 1647 2693 accubitalis

110 2735 367 2782 sancton
405 2729 728 2800 angelorum
761 2729 1144 2800 splendoribus
1166 2771 1181 2796 ,
1215 2738 1269 2785 et
1303 2738 1439 2800 quot
1478 2730 1645 2786 mini-

110 2817 183 2870 sui
200 2818 363 2889 gloria:
385 2861 400 2885 ,
428 2828 512 2875 tot
547 2821 759 2875 lumina
782 2821 1081 2893 gloriarum
1106 2839 1121 2890 ;
1158 2822 1428 2878 canebant
1451 2838 1646 2895 ymnos

108 2922 203 2961 cum
241 2911 437 2965 concivi
482 2920 539 2967 et
578 2912 957 2968 contubernali
986 2928 1090 2968 suo
1115 2955 1131 2981 ,
1170 2922 1225 2969 et
1252 2914 1646 2971 inenarrabiles

110 2994 193 3053 Deo
214 3000 419 3057 deorum
463 3003 709 3075 glorioso
752 3005 809 3059 in
851 3006 1057 3061 sanctis
1087 3007 1367 3063 armenias
1414 3023 1645 3063 resona-

108 3088 222 3144 bant.
254 3091 537 3150 Hauriebat
569 3096 663 3152 ille
690 3112 757 3152 ac
800 3097 1127 3177 degustabat
1152 3100 1477 3155 suavitatem
1515 3114 1646 3157 vase

110 3180 272 3256 fragilis
295 3191 534 3261 corporis
565 3191 911 3262 ampliorem,
940 3208 1044 3248 nec
1070 3209 1298 3249 munera
1328 3193 1425 3249 Dei
1455 3210 1645 3265 super—
1671 3163 1716 3225 Ο

109 3276 321 3335 undantia
352 3296 478 3337 caro
512 3282 734 3338 inﬁrma
765 3285 1229 3354 comprehendere
1251 3286 1336 3341 vel
1363 3286 1644 3342 continere

108 3368 291 3425 valebat.
320 3371 671 3430 Laudabatur
697 3375 768 3431 ab
794 3376 1005 3448 angelis
1040 3377 1248 3433 sanctis
1271 3378 1447 3449 gratia
1474 3376 1568 3433 Dei
1591 3387 1646 3433 ct

108 3460 426 3522 misericordia
450 3469 503 3522 in
527 3478 754 3527 sanctos
778 3471 901 3543 ejus
939 3480 994 3527 et
1032 3480 1317 3542 respectus
1356 3472 1414 3527 in
1442 3473 1644 3528 electos

110 3549 235 3607 illius.
255 3554 487 3629 Cumque
512 3569 601 3618 tot
625 3564 823 3635 gaudia
852 3564 907 3618 in
936 3572 1230 3634 conspectu
1252 3564 1491 3635 episcopi
1514 3566 1644 3620 cbo-

108 3656 177 3696 rea
198 3648 408 3709 celestis
430 3653 680 3709 exiberet
704 3696 718 3721 ,
751 3654 818 3709 ad
844 3653 1148 3724 profectum
1174 3654 1645 3726 supplendumque
1673 3725 1675 3727 ι

108 3737 237 3795 totius
261 3752 449 3799 sanctae
481 3745 733 3800 ecclesia:
761 3746 1076 3816 praesidium
1096 3786 1112 3810 ,
1144 3754 1364 3801 sanctos
1394 3755 1643 3802 anteces—

108 3841 224 3885 θοι-ες
247 3849 365 3890 suos
384 3836 676 3906 episcopos
698 3836 970 3901 Maurum,
1002 3836 1307 3904 Salvinum,
1333 3838 1641 3905 Aratorem,

108 3918 174 3976 ille
211 3936 504 3985 sanctorum
551 3940 776 3996 senatus
804 3933 1064 3988 revelavit
1090 3975 1106 4001 ,
1137 3949 1371 4005 quorum
1403 3940 1560 3988 erant
1588 3933 1641 3986 in

107 4024 182 4066 suo
202 4016 406 4088 collegio
433 4021 637 4075 anima:
665 4063 679 4085 ,
727 4036 959 4092 corpora
997 4038 1128 4077 vero
1156 4030 1316 4078 terra:
1348 4023 1552 4077 credita
1587 4023 1642 4077 in

108 4097 358 4168 ignorantia
400 4110 741 4166 celabantur.
774 4110 898 4167 Haec
924 4128 1153 4167 munera
1179 4154 1193 4178 ,
1237 4112 1354 4166 haec
1379 4119 1489 4166 tam
1519 4127 1644 4182 pre-

244 4199 475 4268 symbola
504 4203 753 4258 caelestes
782 4203 1037 4258 concives
1064 4202 1265 4274 hospiti
1297 4218 1399 4258 suo
1429 4210 1484 4257 et
1511 4218 1643 4258 con-

107 4280 186 4333 ciri
204 4282 249 4337 in
276 4289 642 4344 munificentia
665 4290 1023 4361 reliquerunt,
1045 4290 1139 4361 qui
1163 4290 1350 4345 multis
1371 4299 1496 4344 ante
1515 4306 1640 4345 eum

104 4371 227 4428 annis
256 4372 643 4436 Virdunensem
678 4383 981 4438 iecclesiam
1011 4390 1291 4447 rexerunt,
1319 4390 1373 4436 et
1406 4381 1640 4452 conjun-

104 4462 271 4564 cl'tDeo
296 4472 575 4541 conjuncti
604 4490 822 4545 quoque
844 4475 994 4530 fuere
1024 4475 1292 4544 sepulcro.
1326 4474 1492 4546 Igitur
1517 4484 1641 4545 post
1669 4506 1716 4564 ο

102 4554 411 4617 τὶεἰωιίοιιριιι
441 4572 556 4619 tam
593 4566 917 4633 mirabilem,
948 4582 1071 4621 cum
1097 4567 1186 4621 lux
1213 4577 1266 4621 et
1290 4567 1465 4639 angeli
1497 4567 1636 4622 caelo

103 4654 481 4722 semet-pissent,
515 4657 595 4711 illi
619 4659 712 4728 qui
742 4659 994 4714 cubiculo
1024 4660 1189 4715 simul
1220 4659 1452 4726 inerant,
1484 4667 1636 4714 tanto

101 4740 276 4797 attoniti
310 4745 579 4803 miraculo
611 4766 750 4819 pene
780 4751 1062 4806 exanimes
1099 4759 1228 4806 sunt
1276 4751 1472 4807 redditi
1515 4760 1635 4805 stu-

102 4836 201 4891 Pore
222 4832 408 4891 divino.
437 4837 654 4906 Quibus
683 4851 908 4898 sanctus
936 4841 1032 4897 Dei
1064 4842 1363 4897 fortissima
1391 4842 1638 4913 increpa-

103 4915 217 4977 tione
244 4928 510 4996 probibuit
538 4975 553 4997 ,
586 4949 655 4989 ne
687 4934 783 4989 ulli
812 4935 1095 4990 hominum
1127 4935 1244 4991 haec
1267 4934 1497 4991 dicendo
1530 4951 1635 5005 pu-

101 5007 335 5088 blicarent,
365 5026 629 5094 quamdiu
653 5026 768 5097 ipse
798 5026 853 5082 in
875 5028 1042 5097 hujus
1063 5028 1189 5083 vitae
1211 5027 1486 5083 curriculo
1510 5042 1634 5096 per-

101 5113 315 5203 lfﬂneret.
346 5113 549 5173 Levata
582 5127 711 5173 sunt
737 5134 866 5191 ergo
898 5128 1212 5176 sanctorum
1243 5135 1472 5191 corpora
1497 5136 1633 5175 auro

100 5198 247 5255 carizo
267 5209 616 5277 preciosiora,
645 5221 699 5266 et
727 5211 782 5266 in
808 5213 1059 5281 ecclesia,
1089 5213 1182 5268 ubi
1211 5214 1394 5269 sedem
1427 5213 1634 5267 habue-

101 5296 195 5342 rant
219 5298 563 5365 requietionis
587 5343 602 5369 ,
653 5304 826 5359 sancti
872 5303 1021 5360 Petri
1073 5305 1305 5376 apostoli
1344 5305 1565 5360 nomine
1600 5321 1631 5360 a

1747 1903 1922 1959 centis
1957 1922 1970 1958 :
2007 1902 2227 1974 Oportet
2252 1919 2455 1973 semper
2481 1918 2634 1957 orare
2658 1944 2673 1969 ,
2702 1910 2751 1956 et
2796 1918 2899 1956 non
2929 1901 3148 1971 deﬁcere
3181 1899 3333 1972 (Luc.

1748 2013 1901 2063 xvm,
1937 1997 2012 2067 l).
2059 1995 2346 2062 Quomodo
2395 2004 2579 2051 autem
2629 2009 2742 2048 non
2790 1992 3050 2048 deﬁciens
3099 1992 3339 2048 orabat?

1745 2084 1885 2153 Quia
1933 2085 2227 2140 Dominum
2280 2085 2486 2141 sanctis
2524 2084 2780 2156 precibus
2809 2083 3125 2155 sanctisque
3153 2082 3337 2154 operi-

1744 2179 1848 2234 bus
1875 2177 2234 2233 benedicebat
2256 2220 2271 2245 ,
2299 2176 2762 2248 quemadmodum
2793 2173 2966 2230 David
3008 2174 3076 2229 de
3119 2189 3179 2230 se
3216 2175 3338 2244 ipso

1743 2269 1960 2324 dicebat
1990 2287 2002 2323 :
2034 2268 2357 2323 Benedicam
2377 2267 2665 2322 Dominum
2688 2268 2745 2321 in
2768 2267 2911 2321 omni
2935 2273 3181 2336 tempore,
3207 2282 3341 2320 sem-

1742 2376 1835 2430 per
1858 2359 1976 2414 laus
2005 2360 2120 2429 ejus
2152 2361 2209 2414 in
2243 2376 2332 2415 ore
2365 2377 2478 2415 meo
2500 2358 2674 2432 (Psal.
2706 2373 2910 2425 χχχιιι,
2941 2357 3019 2428 2).
3050 2355 3117 2411 Et
3136 2353 3339 2413 Tobias

1744 2450 1812 2503 ad
1845 2450 2066 2504 lilium:
2117 2449 2314 2519 Omni,
2366 2450 2586 2521 inquit,
2640 2458 2870 2519 tempore
2918 2447 3129 2502 benedic
3166 2446 3338 2501 Deum

1746 2540 1901 2613 (Tob.
1934 2545 2010 2611 tv,
2043 2542 2159 2614 20),
2187 2551 2241 2598 et
2270 2542 2503 2612 reliqua.
2540 2539 2694 2596 Sicut
2720 2540 2868 2596 enim
2896 2539 3056 2596 malis
3078 2539 3338 2610 Operibus

1743 2634 1907 2689 tidem
1935 2649 2226 2706 negamus,
2256 2634 2336 2689 sic
2358 2641 2582 2688 econtra
2617 2632 2779 2687 bonis
2824 2631 3083 2701 operibus
3126 2630 3337 2685 astrui-

1744 2744 1870 2784 mus
1895 2746 1909 2795 ;
1940 2736 1996 2783 et
2018 2728 2157 2782 bene
2183 2726 2357 2780 Deum
2385 2733 2544 2791 orat,
2573 2724 2667 2794 qui
2694 2738 2855 2794 prece
2879 2731 2975 2777 aut
3002 2723 3149 2777 bono
3174 2736 3339 2792 opere

1743 2816 2055 2888 proximum
2093 2814 2327 2871 ediﬁcat.
2366 2812 2505 2881 Quia
2551 2820 2768 2879 autem,
2804 2810 2950 2868 sicut
2982 2812 3058 2865 illi
3087 2819 3336 2882 pastores

1743 2906 2042 2978 evangelici
2077 2920 2244 2976 supra
2272 2919 2490 2977 gregem
2524 2902 2843 2974 vigilabant,
2882 2900 2957 2955 ita
2987 2900 3092 2956 iste
3125 2898 3334 2954 oratio-

1743 2999 1919 3072 nibus.
1956 2996 2068 3053 Deo
2116 2995 2356 3067 acceptis
2389 2994 2655 3052 custodite
2690 2992 3119 3049 commissorum
3155 2990 3335 3045 insta-

1745 3092 1840 3147 bat
1867 3132 1885 3160 ,
1936 3090 2060 3147 ideo
2106 3091 2311 3146 meruit
2343 3090 2413 3145 ab
2447 3088 2654 3161 angelis
2696 3086 2912 3142 visitari
2938 3128 2954 3154 ,
3003 3094 3059 3141 et
3087 3084 3337 3141 mortalis

1747 3184 1929 3239 adhuc
1954 3183 2076 3239 luce
2108 3182 2391 3239 eelestium
2427 3179 2656 3252 perfrui.
2692 3177 2759 3233 Et
2792 3179 2935 3234 sicut
2981 3177 3059 3232 illi
3105 3177 3335 3249 gloriam

1749 3276 1806 3331 in
1834 3276 2067 3333 excelsis
2097 3274 2233 3343 Deo,
2267 3282 2323 3329 et
2346 3288 2536 3344 pacem
2573 3272 2732 3327 bona:
2764 3269 3065 3327 voluntatis
3094 3269 3337 3325 homini-

1745 3367 1849 3423 bus
1874 3366 2307 3431 annunciabant,
2338 3365 2413 3419 ita
2443 3363 2534 3419 isti
2564 3362 2735 3419 Deum
2762 3362 2817 3417 in
2847 3377 2949 3417 suo
2976 3369 3166 3417 sancto
3194 3375 3337 3431 pon-

1746 3457 1890 3513 tiﬁce
1933 3457 2330 3529 glorificabant.
2363 3454 2653 3522 Quomodo
2694 3454 2860 3509 etiam
2891 3452 2969 3507 illi
3006 3452 3073 3508 ad
3104 3451 3335 3507 salutem

1745 3551 1938 3606 mundi
1965 3550 2396 3621 designaverunt
2423 3547 2761 3603 nativitatem
2790 3544 3017 3611 Christi,
3048 3544 3122 3599 ita
3149 3542 3240 3599 isti
3267 3543 3334 3598 ad

1744 3643 1977 3698 salutem
2028 3641 2291 3697 accelesiae
2341 3649 2661 3697 sanctorum
2707 3652 2940 3707 corpora
2989 3643 3334 3691 monstrave-

1744 3714 1893 3789 runt.
1922 3732 2096 3806 Igitur
2121 3733 2191 3789 ab
2219 3733 2449 3805 angelis,
2482 3731 2552 3787 ab
2581 3729 2871 3785 animabus
2901 3726 3129 3793 sanctis,
3173 3741 3203 3780 a
3233 3742 3336 3780 no-

1742 3826 1828 3881 bis
1854 3825 2021 3881 etiam
2051 3825 2109 3879 in
2137 3839 2367 3896 corpore
2396 3822 2641 3879 minimis
2670 3820 2990 3876 decantetur
3013 3817 3185 3890 gloria
3214 3816 3332 3888 regi

1744 3918 2059 3975 seculorum
2089 3918 2419 3983 immortali,
2454 3912 2747 3981 invisibili,
2780 3912 2877 3983 qui
2905 3919 2991 3967 est
3016 3910 3337 3967 benedictus

1744 4009 1799 4064 in
1829 4010 2033 4067 secula.
2085 4008 2213 4065 Hzec
2259 4010 2328 4066 ad
2369 4007 2599 4080 gloriam
2628 4003 2725 4061 Dei
2752 4013 2808 4061 et
2847 4002 3335 4059 commonitionem

1743 4101 2085 4157 audientium
2113 4101 2319 4158 dixisse
2350 4100 2602 4167 suﬁieiat,
2634 4098 2765 4153 hinc
2791 4097 3080 4152 redeamus
3109 4095 3179 4151 ad
3203 4109 3337 4151 cau-

1743 4208 1881 4247 sam.

1813 4284 1970 4340 Anno
2000 4284 2104 4339 l57
2138 4291 2264 4354 post
2305 4282 2595 4351 transitum
2633 4280 2811 4337 sancti
2845 4279 3063 4334 Martini
3111 4288 3337 4335 sanctus

1740 4375 2042 4433 Eufronius
2072 4375 2344 4432 Eduensis
2373 4375 2665 4445 episcopus
2694 4372 3026 4427 Turonieam
3056 4371 3240 4426 sedem

1741 4475 2002 4540 regnante
2031 4468 2333 4534 Clothario,
2364 4466 2457 4537 qui
2486 4465 2743 4521 defuncto
2772 4463 3045 4530 Ariberto,
3069 4462 3127 4517 in
3149 4463 3335 4519 sedem

1741 4560 1862 4631 ejus
1893 4559 2237 4632 Sigebertum
2268 4558 2499 4615 induxit.

1810 4673 2003 4748 [GM-:6.
2028 4674 2185 4742 Tur.,
2210 4691 2284 4741 tv,
2309 4672 2390 4746 9.]
2405 4671 2779 4728 Theodeberto
2800 4669 2964 4741 igitur
2990 4682 3116 4738 rege
3145 4666 3213 4722 ad
3239 4680 3334 4721 su-

1736 4783 1907 4838 perna
1934 4767 2273 4839 demigrante
2290 4808 2306 4834 ,
2339 4762 2758 4820 Theodebaldus
2786 4760 2932 4815 illius
2959 4757 3080 4827 ejus
3107 4771 3333 4814 succes-

1739 4859 1830 4924 sit,
1860 4858 2014 4914 valde
2046 4858 2268 4930 iniquus
2310 4865 2364 4913 et
2393 4855 2521 4911 mali
2557 4853 2794 4926 ingenii,
2835 4850 2931 4921 qui
2959 4848 3095 4904 obiit
3125 4848 3157 4901 7
3185 4864 3334 4904 anno

1740 4951 1890 5022 regni
1923 4950 2029 5006 sui.
2062 4949 2310 5022 Regnum
2343 4949 2462 5020 ejus
2490 4944 2806 5001 Clotharius
2833 4940 3062 5011 accepit.
3112 4938 3334 4995 Childe—

1740 5039 1926 5095 bertus
1953 5056 2173 5113 quoque
2202 5040 2450 5097 Parisius
2478 5038 2613 5094 obiit
2638 5054 2652 5089 :
2678 5042 2735 5090 et
2763 5033 2843 5090 sic
2869 5032 3183 5089 Clotharius
3211 5046 3327 5087 mo-

1741 5129 2025 5186 narchiam
2076 5130 2331 5202 optinuit.
2365 5125 2672 5201 (Genealog.
2707 5122 2914 5191 Caret.)
2966 5121 3067 5178 Hic
3102 5120 3329 5177 Clotba-

1741 5218 1859 5275 rius
1886 5234 2131 5275 sororem
2162 5236 2318 5276 suam
2349 5217 2622 5273 Ansberto
2650 5215 2706 5270 in
2735 5213 3151 5270 matrimonium
3194 5209 3329 5281 jun-

1739 5310 1819 5365 xit
1844 5352 1860 5378 ,
1889 5312 1984 5383 qui
2012 5322 2066 5368 et
2091 5313 2283 5385 genuit
2307 5310 2613 5366 Arnoldum
2641 5351 2658 5379 ,
2710 5307 2989 5364 Arnoldus
3035 5300 3329 5359 Arnulfum

1553 5436 1784 5499 NOTAE.

151 5532 545 5627 fﬂgpuplieem
575 5546 1016 5627 Ageriei_Vitam,
1033 5549 1353 5627 breviorem
1381 5564 1549 5606 uuam
1576 5562 1632 5608 et

435 5614 587 5671 illam
603 5610 982 5743 ,ἳιιιιὲιίονεειιι⁸
999 5610 1225 5677 alteram
1256 5635 1316 5676 se
1342 5630 1468 5677 ante
1496 5636 1632 5677 ocu-

101 5742 111 5748 _
311 5696 414 5739 Isse
442 5694 713 5745 testantur
784 5692 1086 5748 ollandtstrc
1124 5692 1242 5746 Act.
1297 5689 1397 5746 SS.
1452 5690 1627 5748 Sent..

186 5708 414 5739 'Iduulssc
443 5708 713 5745 tessantur
741 5708 1086 5748 uouanmsuc
1124 5708 1242 5746 Aet.
1297 5708 1397 5746 ba.
1431 5708 1627 5762 Δδεβῑιν

99 5742 128 5789 ει
153 5738 189 5794 ΙΙ
212 5803 220 5811 ,
246 5748 359 5806 222.
387 5754 720 5826 Ampliorem
751 5771 999 5818 secutum
1029 5778 1148 5820 esse
1180 5761 1461 5836 llugonem
1483 5803 1496 5830 r
1528 5778 1625 5834 Ικι-

1741 5566 1820 5630 t_et
1846 5574 1913 5630 ex
1945 5558 2066 5630 loco
2094 5557 2333 5630 quodam
2361 5555 2501 5630 vitae
2525 5551 2943 5630 breyioris,_qui_
2968 5550 3005 5607 l.
3037 5547 3325 5630 l._legitur.

1740 5627 1820 5684 Ex
1848 5628 1954 5686 hoc
1984 5619 2133 5685 fonté
2161 5629 2387 5683 alteram
2418 5628 2566 5685 illam
2596 5626 2778 5683 Vitam
2802 5619 3038 5680 fluxisse
3083 5619 3328 5692 llugonis

1740 5701 2055 5757 narratione
2081 5699 2361 5771 probatur.
2397 5697 2459 5754 K.
