3932 6298
134 333 224 387 ηε

1375 328 1866 387 CHRONlCON.—.
1894 329 2024 389 LIB.
2049 328 2092 393 ι.

3261 333 3363 395 126

129 455 226 510 tur,
270 453 323 498 et
368 443 606 500 factione
658 447 852 503 matris
894 447 1071 502 cultro
1114 462 1144 501 a
1197 453 1350 517 patre
1396 451 1699 515 perimitur.
1736 450 1778 501 Α
1804 446 1947 514 apud
1977 445 2148 516 Deum
2170 442 2226 500 in
2261 443 2432 516 gloria
2453 415 2652 503 aeterna
2685 442 2931 515 fulgeret.
2965 440 3196 510 Quidam
3219 443 3382 502 etiam

127 537 492 592 Childebertus
525 552 618 592 rex
642 554 888 595 sororem
914 554 1070 595 suam
1093 537 1504 608 Herminigildo,
1532 535 1701 592 Wisi-

128 625 398 695 gotharum
459 627 605 696 regis
652 626 784 695 ﬁlio,
845 627 1093 694 tradidit,
1151 626 1311 695 cujus
1372 626 1591 681 hortatu
1647 632 1702 679 et

127 715 343 771 Leandri
372 715 720 787 Hispalensis
755 719 996 789 episcopi
1025 718 1410 789 praedicatione
1441 718 1508 773 ad
1537 717 1698 772 tidem

126 807 312 862 Christi
337 823 642 869 conversus
651 819 755 871 est.
768 810 1054 884 [Faenza]
1066 809 1484 866 PostTiberium
1499 809 1701 865 Mauri-

126 900 230 951 cius
254 899 460 968 accepit
505 900 814 970 imperium,
832 917 864 956 a
892 917 1003 972 quo
1028 899 1407 956 Cbildebertus
1427 899 1701 971 quinqua-

124 990 254 1059 ginta
270 990 418 1049 milia
432 992 641 1048 solidos
661 993 783 1048 auri
806 993 1035 1064 accepit,
1056 1002 1115 1048 ut
1137 992 1526 1064 Langobardos
1544 990 1698 1046 Italia

125 1077 342 1148 pelleret.
377 1077 612 1135 Intravit
633 1098 764 1154 ergo
800 1083 1032 1152 Italiam,
1059 1093 1114 1140 et
1137 1100 1330 1139 omnes
1365 1083 1557 1139 ditioni
1578 1083 1698 1153 ejus

123 1183 174 1221 se
195 1169 572 1237 subdiderunt,
609 1189 734 1229 cum
780 1175 983 1245 quibus
1011 1183 1066 1230 et
1094 1175 1389 1233 amicitiam
1439 1171 1696 1241 ﬁrmavit,

122 1267 168 1312 et
193 1259 419 1329 gloriose
463 1262 594 1318 inde
634 1280 887 1322 reversus
921 1277 1024 1329 est.
1060 1266 1216 1339 (Vita
1257 1266 1514 1338 Agerici).
1556 1265 1696 1321 Cum

122 1363 236 1418 ergo
258 1351 522 1419 placitum
553 1363 609 1410 et
635 1367 967 1414 conventum
999 1360 1296 1414 multorum
1342 1357 1569 1414 Virduni
1593 1359 1696 1412 ha-

124 1441 233 1497 bere
257 1444 559 1513 debuisset,
599 1457 656 1503 et
688 1450 907 1506 beatum
953 1453 1101 1507 hunc
1143 1451 1457 1523 Agericum,
1488 1452 1555 1506 de
1584 1466 1696 1521 quo

124 1535 296 1604 agitur,
325 1538 643 1596 dilectionis
670 1550 727 1597 et
755 1544 1122 1599 venerationis
1146 1544 1488 1614 amplexibus
1515 1544 1695 1598 hono-

125 1634 266 1695 raret,
289 1643 412 1684 eum
439 1632 693 1701 epsoniis
718 1636 1046 1691 necessariis
1066 1635 1281 1708 gravari
1316 1652 1425 1691 non
1464 1636 1694 1706 patiens,

126 1720 327 1773 removit
352 1723 569 1778 servitii
598 1726 1000 1794 necessitatem,
1039 1735 1094 1782 et
1132 1728 1393 1798 placitum
1419 1729 1695 1787 transtulit

125 1810 181 1864 ad
223 1812 509 1872 Mctensem
559 1819 857 1876 civitatem.
896 1820 1531 1892 Cumque‘consequenti
1556 1830 1694 1877 tem-

126 1917 235 2005 pore
253 1921 343 2005 per
372 1909 569 1964 urbem
597 1910 819 1967 fecisset
846 1897 1160 1981 transitum,
1188 1923 1241 1969 et
1267 1930 1299 1969 a
1327 1922 1518 1971 sancto
1551 1928 1692 1985 pon-

127 1997 247 2051 tilice
288 1997 521 2073 benigna
554 2013 699 2060 esset
727 2015 1015 2077 susceptus
1043 2007 1348 2073 dulcedine,
1381 2007 1696 2063 humanitas

126 2099 313 2156 quoque
344 2089 639 2161 hospitalis
677 2095 728 2149 ei
770 2096 1081 2151 exiberetur
1123 2112 1249 2151 cum
1284 2096 1435 2151 omni
1464 2112 1595 2151 cura
1640 2105 1697 2152 et

129 2177 479 2250 sollicitudine,
531 2184 591 2238 in
622 2186 742 2255 ipso
785 2186 998 2243 fervore
1042 2188 1204 2259 regias
1229 2188 1508 2244 servitutis
1538 2203 1696 2243 acce-

128 2266 237 2324 dens
275 2271 339 2326 ad
366 2288 495 2329 eum
525 2291 831 2334 economus
870 2295 1055 2335 rerum
1086 2295 1313 2336 suarum
1339 2279 1690 2335 universalis:

130 2355 245 2459 Etsi
283 2362 412 2431 alia,
464 2366 673 2436 inquit,
709 2368 955 2437 Domine,
981 2371 1305 2442 providendo
1336 2371 1691 2439 abundamus,

130 2456 291 2524 vinum.
336 2463 394 2509 ut
473 2459 750 2529 majestati
833 2464 992 2534 regia:
1066 2464 1243 2531 decet,
1309 2464 1517 2518 exibere
1587 2456 1693 2518 non

128 2555 386 2612 possumus,
417 2548 553 2617 quia
580 2557 774 2617 praeter
795 2566 886 2605 vas
926 2552 1177 2620 medium,
1216 2554 1355 2625 quod
1385 2562 1547 2607 tonna
1570 2553 1690 2608 vul-

129 2633 294 2697 gariter
322 2635 547 2704 dicitur,
579 2640 744 2694 nichil
789 2642 1060 2699 trahemus.
1110 2644 1267 2701 Tunc
1292 2645 1377 2700 vir
1403 2644 1501 2700 Dei
1529 2646 1587 2700 in
1630 2662 1691 2701 re

130 2736 353 2792 corporea
385 2730 758 2800 angustiatus,
810 2735 902 2790 sed
942 2736 1106 2791 corde
1149 2737 1208 2791 in
1238 2736 1471 2793 Domino
1494 2737 1691 2794 dilata-

257 2818 397 2917 lVoli,
444 2824 549 2917 ait,
606 2827 970 2896 desperatione
1021 2828 1378 2900 languescere,
1421 2830 1511 2885 sed
1555 2830 1690 2900 affer

131 2908 235 2961 mihi
273 2911 332 2965 de
379 2914 567 2969 eodem
609 2916 813 2988 liquore
836 2934 855 2973 :
879 2928 1062 2989 potens
1096 2929 1174 2975 est
1224 2920 1365 2976 Dens
1411 2922 1686 2976 tristitiam

126 3001 370 3063 parvitatis
390 3015 595 3061 nostra:
620 3009 676 3062 in
696 3010 952 3080 gaudium
975 3011 1323 3067 abundantia."
1336 3021 1681 3067 commutare.

1804 537 1958 592 valde
2007 537 2224 604 nobilis,
2262 552 2387 593 cum
2421 551 2522 607 pro
2559 536 2676 592 suis
2712 536 3010 595 sceleribus
3044 551 3074 589 a
3106 549 3231 605 rege
3273 534 3383 589 vita

1801 631 2005 702 privari
2027 633 2324 698 debuisset,
2350 640 2403 687 et
2423 631 2674 702 precibus
2693 630 2834 685 beati
2857 629 3116 693 antistitis
3142 628 3385 685 salvatus

1799 734 1885 780 est
1911 743 1924 779 :
1954 725 2100 780 unde
2129 724 2277 780 dedit
2332 724 2420 779 ille
2474 720 2803 781 Virdunensi
2850 719 3094 775 ecclesiae
3139 719 3379 779 alodiuni

1799 834 1961 875 suum
1992 825 2047 873 et
2074 817 2280 887 scripto
2305 815 2602 875 roboravit.

1873 909 2013 981 (Fol.
2053 908 2187 979 ιδ’.)
2216 906 2589 962 Guntramnus
2612 905 2682 937 ¹¹⁸
2712 903 2853 958 Boso
2878 903 2989 958 dux
3018 916 3141 959 cum
3175 913 3379 956 exosus

1798 1002 2000 1073 reginae
2034 1002 2347 1065 haberetur,
2390 999 2556 1069 cuzpit
2596 1013 2692 1066 per
2727 996 3012 1066 episcopos
3045 1000 3098 1047 et
3125 1006 3379 1062 proceres

1796 1094 2127 1162 discurrere,
2152 1103 2209 1150 et
2228 1092 2440 1149 veniam
2461 1088 2758 1159 deprecari.
2791 1086 2982 1158 [Gneo
3008 1083 3162 1149 Tur.,
3195 1099 3270 1149 ix,
3295 1081 3376 1154 8,]

1796 1184 1934 1242 Nam
1962 1203 2090 1243 cum
2117 1194 2263 1242 esset
2302 1181 2682 1239 Childebertus
2702 1179 2937 1249 juvenis.
2973 1176 3217 1247 reginam
3246 1189 3380 1228 con.-

1797 1280 1953 1337 viciis
1973 1289 2027 1336 et
2046 1277 2391 1351 improperiis
2412 1274 2730 1336 lacessebat,
2758 1271 2902 1325 unde
2923 1278 2977 1323 et
3000 1285 3031 1323 a
3051 1283 3172 1339 rege
3187 1266 3378 1336 jussus

1795 1384 1880 1429 est
1909 1373 2189 1444 persequi;
2224 1372 2320 1441 qui
2352 1384 2477 1425 cum
2504 1383 2562 1423 se
2583 1370 2830 1421 cerneret
2851 1361 2906 1415 in
2940 1358 3253 1414 discrimine
3274 1370 3377 1426 po—

1782 1466 1985 1532 ‘situm,
2018 1464 2323 1519 Virdunum
2365 1459 2541 1531 petiit,
2579 1464 2779 1527 putans
2806 1469 2902 1524 per
2940 1452 3154 1505 beatum
3186 1447 3377 1519 Ageri-

1796 1575 1943 1626 cum,
1962 1558 2056 1628 qui
2077 1564 2229 1627 pater
2247 1554 2392 1625 regis
2412 1560 2529 1608 erat
2548 1567 2615 1604 ex
2634 1550 2873 1612 lavacro,
2892 1560 2949 1600 se
2971 1557 3131 1614 posse
3157 1540 3377 1605 salvari,

1795 1665 1896 1720 pro
1923 1664 2034 1719 quo
2057 1647 2349 1717 episcopus
2374 1645 2776 1697 intercessurus
2803 1637 2871 1691 ad
2900 1648 3079 1704 regem
3104 1637 3378 1701 properat.

1797 1718 1957 1808 Quod
1977 1754 2103 1795 eum
2132 1753 2224 1793 rex
2258 1750 2456 1807 negare
2474 1731 2743 1803 nequiret,
2768 1728 2844 1783 ait
2869 1746 2881 1781 :
2915 1723 3123 1787 Veniat,
3150 1729 3201 1774 et
3234 1718 3377 1771 datis

1796 1830 2193 1903 ﬁdejussoribus
2218 1830 2274 1883 in
2301 1825 2583 1899 praesentia
2602 1821 2781 1893 patrui
2804 1819 2903 1873 mei
2930 1821 3217 1885 exequatur
3230 1809 3384 1878 judi-

1795 1925 1956 1978 cium.
1976 1923 2259 1977 Adductus
2282 1934 2413 1990 ergo
2440 1924 2496 1971 et
2517 1914 2685 1971 armis
2712 1911 2948 1966 nudatus
2976 1914 3030 1962 et
3050 1918 3235 1961 coram
3257 1915 3384 1970 rege

1794 2023 2101 2085 prostratus
2135 2028 2166 2067 a
2206 2020 2352 2067 terra
2385 2009 2577 2078 jussus
2602 2012 2688 2061 est
2715 2015 2957 2072 surgere,
2988 2006 3043 2052 et
3073 2000 3263 2050 sancto
3293 2006 3384 2046 sa-
3430 2032 3439 2039 μ

1795 2106 2001 2164 cerdoti
2055 2119 2230 2174 usque
2274 2102 2343 2156 ad
2385 2097 2733 2170 praesentiam
2765 2087 3199 2147 Guntramniest
3226 2098 3380 2139 com-

1795 2200 2021 2255 missus.
2051 2197 2152 2269 (lx,
2183 2196 2263 2265 9.)
2300 2192 2431 2247 Post
2453 2191 2570 2244 haec
2611 2184 2992 2257 Childebertus
3030 2193 3156 2234 cum
3184 2183 3380 2269 matre,

1795 2305 1983 2346 sorore
2013 2297 2069 2344 et
2087 2264 2320 2357 conjuge
2350 2284 2407 2338 in
2431 2294 2722 2338 occursum
2764 2272 2947 2347 patrui
2976 2269 3215 2326 festinat.
3247 2264 3384 2332 Qui-

1793 2384 1897 2439 bus
1945 2379 2256 2452 conjunctis
2302 2381 2665 2447 praesentatur
2712 2378 2767 2425 et
2813 2366 3188 2423 Guntramnus
3238 2357 3382 2412 Boso

1793 2475 2001 2545 absque
2022 2473 2189 2528 ullius
2200 2467 2538 2531 defensione,
2555 2464 2686 2535 quia
2705 2463 2786 2517 sic
2808 2460 3139 2515 convenerat
3159 2456 3381 2506 sanctus

1791 2563 2435 2635 cpisc0puszepiscopus
2477 2570 2609 2611 vero
2650 2548 2933 2608 remansit.
2969 2545 3076 2600 Sed
3122 2557 3248 2598 cum
3292 2539 3383 2596 ille

1789 2630 1891 2727 pro
1931 2630 2551 2711 diversis—facilitatibus
2590 2640 2877 2714 culpabilis
2915 2637 3273 2727 judicaretur,
3311 2630 3379 2684 ad

1789 2746 2137 2802 mansionem
2165 2739 2409 2812 episcopi
2436 2735 2698 2806 confugit.
2727 2732 2847 2799 Quo
2888 2744 3013 2785 cum
3057 2740 3181 2780 eum
3206 2723 3380 2776 inter-

1789 2834 2022 2891 fectores
2051 2809 2491 2901 insequerentur,
2518 2832 2574 2880 et
2603 2823 2692 2877 ille
2720 2837 2750 2876 a
2774 2819 2895 2874 viro
2918 2822 3110 2872 sancto
3136 2809 3295 2866 avelli
3320 2824 3381 2864 se

1788 2940 1901 2981 non
1929 2900 2227 2995 pateretur,
2260 2918 2448 2975 nuncii
2470 2916 2636 2972 etiam
2663 2913 2731 2969 ad
2768 2925 2954 2982 regem
2983 2904 3136 2962 missi
3170 2902 3240 2958 ab
3265 2900 3381 2971 cpi-

1788 3032 1956 3087 scopo
1979 3016 2373 3071 intercessores
2389 3009 2615 3066 abbates
2631 3015 2686 3061 et
2710 3002 2894 3061 clerici
2908 3015 3019 3055 non
3040 2996 3378 3057 audirentur,

133 3089 372 3200 “fol-‘47:)
400 3097 583 3200 Βίῐίιῖ
600 3108 655 3155 ει
681 3102 845 3157 allato
871 3103 976 3159 Sibi
1001 3104 1130 3159 νίιὶο
1148 3105 1428 3174 ρειυιυιιιηι
1450 3105 1682 3172 sorbuit,
1713 3140 1757 3200 Ο
1784 3084 1946 3179 jussu
1982 3103 2310 3162 Guntramni
2338 3101 2573 3171 injectus
2617 3105 2702 3152 est
2729 3093 2870 3166 ignis
2898 3089 3086 3147 domui
3120 3087 3218 3152 illi,
3242 3091 3303 3137 ut
3333 3084 3380 3141 si

747 3194 799 3200 --
1056 3195 1084 3200 —
1192 3197 1200 3200 Α
1340 3196 1350 3200 Δ
1476 3196 1486 3200 Α
2252 3195 2285 3200 --
2384 3193 2419 3200 --
2632 3189 2663 3200 ο.
2938 3199 2945 3200 7
2976 3189 3202 3200 HA_“___
3232 3175 3348 3200 IDA|

133 3191 174 3235 rt
200 3184 257 3238 ad
280 3188 419 3244 celos
452 3192 652 3248 oculos
679 3194 972 3251 sublevans
1001 3214 1014 3249 :
1044 3195 1287 3263 Domine,
1338 3196 1537 3267 inquit,
1592 3212 1685 3251 oro
1714 3175 1757 3200 υ
1786 3175 2078 3270 cpiscopus
2106 3195 2291 3269 egredi
2312 3193 2500 3259 nollet,
2528 3189 2733 3261 pariter
2760 3189 3202 3242 concremaretur
3230 3175 3372 3247 (Fol.

132 3282 177 3324 ut
203 3276 288 3343 ﬁat
316 3280 469 3336 istius
500 3284 615 3338 vini
649 3285 1019 3356 ampliﬁcatio.
1064 3287 1314 3359 Cumque
1338 3289 1509 3358 ipsius
1545 3303 1688 3359 prie-

133 3376 256 3436 eepto
276 3370 565 3430 refudisset
588 3378 719 3432 illud
746 3378 801 3433 in
823 3393 954 3435 vase
975 3380 1309 3450 supradicto,
1334 3381 1476 3451 cepit
1497 3381 1685 3435 vinum

133 3460 313 3527 copiose
339 3465 665 3535 ministrari,
691 3471 835 3540 cepit
859 3471 1084 3542 copiose
1108 3471 1351 3539 afﬂuere,
1387 3481 1443 3528 et
1477 3456 1686 3542 quanto

132 3553 326 3622 amplius
345 3560 689 3617 vacuabatur
717 3563 786 3619 ad
818 3563 1029 3619 libitum
1057 3565 1357 3621 bibentium
1389 3566 1683 3633 ell'erendo,

132 3648 253 3699 tanto
273 3651 438 3721 niagis
463 3654 774 3724 augebatur
799 3654 1079 3712 Creatoris
1100 3657 1261 3727 jussu
1286 3665 1342 3713 et
1369 3659 1571 3714 virtute
1597 3674 1684 3713 re-

132 3732 398 3821 dundando.
447 3742 675 3800 Poterat
722 3762 961 3819 namque
993 3750 1138 3805 istud
1181 3748 1557 3821 Omnipotens,
1588 3750 1681 3821 qui

132 3817 183 3923 de
201 3838 323 3923 aqua
347 3828 541 3923 vinum
565 3829 771 3923 fecerat
796 3833 853 3888 in
877 3817 1071 3890 Chana
1113 3817 1363 3904 Gallicae,
1382 3817 1684 3909 poterat-et

132 3906 555 4013 (lenvinovinum
592 3919 777 3978 facere
818 3923 1038 3995 sincera
1067 3926 1220 3981 verbi
1263 3906 1498 3997 petentis
1517 3935 1573 3982 et
1592 3927 1681 3981 in-

134 3998 263 4059 dubia
294 4007 409 4063 ﬁde.
446 4010 596 4077 Quid
636 4013 829 4082 plura?
858 4015 1123 4073 Biberunt
1151 4027 1211 4072 ut
1245 4017 1407 4085 Galli,
1438 4034 1540 4074 nec
1564 4028 1683 4074 erat

134 4102 347 4192 mensura
391 4099 449 4155 in
474 4104 774 4175 erogando.
804 4104 988 4163 Multis
1012 4108 1225 4179 diebus
1248 4124 1345 4165 vas
1373 4109 1505 4165 illud
1528 4110 1681 4166 vina-

133 4196 245 4280 tlltm
272 4193 456 4280 conati
514 4202 646 4251 sunt
679 4212 938 4266 vacuare,
980 4208 1037 4254 et
1083 4200 1491 4270 quodammodo
1550 4201 1680 4257 vina

133 4272 373 4336 infundere
400 4284 750 4354 videbantur,
780 4288 913 4344 dum
939 4289 1193 4345 eﬁ‘usioni
1221 4291 1509 4347 instarent.
1541 4291 1678 4349 Cre-

132 4367 280 4423 scebat
300 4374 514 4431 modica
542 4376 848 4434 benedictio
884 4381 1074 4437 multis
1103 4383 1444 4449 vorantihus,
1480 4391 1539 4439 et
1561 4382 1675 4440 Deo

1788 3291 1904 3361 47.)
1946 3290 2103 3358 Quod
2137 3287 2422 3343 audientes
2451 3281 2658 3347 clerici,
2685 3280 2739 3334 vi
2784 3276 3007 3332 ell‘racto
3029 3271 3174 3327 ostio
3196 3284 3380 3325 sacer-

1786 3360 1967 3438 domm
1991 3380 2238 3452 ejiciunt.
2253 3377 2415 3435 Miser
2429 3383 2612 3431 autem
2634 3373 2881 3437 ille,cum
2907 3382 2967 3422 se
2995 3364 3202 3420 videret
3221 3360 3379 3415 llam-

1786 3473 1892 3527 mis
1916 3450 2117 3543 urgeri,
2145 3470 2476 3539 demumque
2502 3462 2686 3536 egredi
2716 3464 2969 3522 tentaret,
3000 3460 3286 3523 susceptus
3307 3450 3376 3505 ab

1784 3563 2036 3618 hostibus
2089 3559 2408 3616 interfectus
2457 3564 2574 3623 est;
2635 3552 2782 3625 quod
2833 3550 3068 3605 multum
3117 3544 3374 3601 sacerdos

1783 3655 1978 3710 diluit.
2005 3653 2237 3727 (13912.)
2260 3652 2399 3708 Cum
2424 3659 2606 3706 autem
2635 3646 2859 3717 quidam
2888 3644 2956 3699 de
2985 3640 3137 3712 regni
3166 3638 3375 3709 primo-

1781 3748 1937 3804 ribus
1983 3748 2052 3802 de
2103 3754 2282 3802 morte
2323 3759 2537 3815 regum,
2585 3738 2767 3810 patrui
2820 3736 3026 3793 scilicet
3055 3741 3109 3788 ct
3136 3730 3369 3800 nepotis,

1780 3847 2127 3905 tractassem,
2176 3846 2232 3893 et
2276 3834 2603 3908 deprehensi
2656 3829 3109 3892 interﬁcerentur,
3147 3822 3369 3895 quidam

1779 3947 1971 3988 eorum
1993 3929 2340 3988 Bertefredus
2372 3927 2594 3983 nomine
2621 3925 2690 3980 ad
2720 3922 2910 3978 urbem
2944 3915 3368 3973 Virdunensium

1779 4022 2046 4095 confugit.
2094 4021 2216 4089 Quo
2267 4018 2684 4091 insequentibus
2738 4011 3089 4076 adversariis,
3144 4010 3371 4064 domum

1777 4114 2042 4181 ecclesias,
2071 4115 2128 4169 in
2152 4129 2261 4183 qua
2288 4122 2409 4168 erat
2430 4113 2743 4182 episcopus,
2773 4117 2827 4163 et
2853 4120 3017 4178 quam
3047 4111 3103 4158 et
3126 4102 3216 4157 ille
3238 4116 3372 4156 con-

1776 4204 2009 4276 fugerat,
2025 4203 2266 4261 exercitu
2285 4202 2576 4267 vallant,et
2593 4198 2949 4255 ascendentes
2962 4209 3127 4264 super
3142 4200 3368 4256 tectum,

1777 4295 1974 4369 tegulis
1997 4303 2053 4351 et
2078 4294 2325 4350 materiis
2350 4293 2478 4348 tecti
2495 4290 2768 4345 illidentes
2796 4286 3190 4343 interfecerunt
3216 4283 3369 4337 illum

1776 4405 1904 4446 cum
1935 4388 2111 4444 tribus
2155 4385 2361 4457 pueris.
2405 4382 2636 4437 Multum
2666 4396 2735 4436 ex
2780 4380 2887 4434 hoc
2924 4376 3099 4432 doluit
3145 4382 3370 4430 sanctus

133 4468 387 4553 imperante
413 4468 642 4524 modum
690 4482 902 4526 natura:
930 4474 1243 4542 superabat.
1293 4475 1378 4530 Ad
1424 4475 1678 4532 ultimum
1715 4488 1757 4542 ι)
1781 4481 2093 4553 episcopus,
2122 4477 2271 4550 quod
2297 4492 2410 4531 non
2435 4475 2614 4531 solum
2643 4489 2771 4529 eum
2800 4469 3084 4527 defensare
3126 4481 3237 4521 non
3266 4478 3367 4535 po-

131 4545 253 4605 lluite
273 4557 508 4627 servitio,
529 4576 632 4616 nec
653 4560 943 4617 imminuto
974 4563 1121 4631 vino,
1145 4582 1242 4621 rex
1263 4566 1530 4624 miraculo
1559 4576 1678 4624 stu-

132 4638 352 4715 pelactus,
378 4651 639 4721 episcopo
661 4653 1003 4722 humiliatus,
1031 4655 1205 4712 Deum
1227 4658 1284 4713 in
1306 4659 1425 4729 ipso
1449 4675 1678 4717 venera-

232 4739 417 4809 regiam
445 4744 688 4800 ostendit
709 4746 1037 4818 largitatem,
1060 4758 1114 4805 et
1130 4751 1227 4821 qui
1248 4751 1466 4809 virtutis
1485 4752 1673 4808 vinum

131 4821 320 4924 biberat,
352 4835 541 4892 vineas
586 4846 643 4892 et
685 4840 1068 4908 possessiones
1112 4856 1179 4897 ex
1214 4857 1403 4899 amore
1430 4852 1487 4899 et
1511 4845 1679 4901 devo-

130 4921 498 5021 episcopi
530 4929 777 5021 ecclesiae
802 4930 1018 5001 optulit,
1055 4948 1195 5003 quas
1224 4942 1280 4989 et
1306 4950 1483 5006 usque
1516 4935 1679 4991 hodie

132 5011 367 5097 llrivﬂegio
412 5027 468 5073 et
509 5020 1141 5091 deincepsauctoritate
1183 5025 1366 5080 stabili
1417 5027 1680 5097 possedit.

133 5095 245 5198 Sane
275 5105 486 5166 virtutis
517 5112 708 5168 vinum
743 5129 842 5184 per
877 5118 1170 5186 praesulem
1214 5095 1467 5174 sanctum
1497 5134 1529 5173 a
1570 5117 1681 5175 Deo

132 5200 350 5253 Virtutum
380 5203 493 5273 regi
517 5213 572 5259 et
592 5206 887 5263 comitibus
912 5209 1263 5278 propinatum
1285 5210 1451 5265 corda
1480 5210 1679 5267 devota

131 5287 277 5387 Populi
300 5292 428 5387 adeo
451 5302 582 5352 tunc
602 5299 864 5368 temporis
886 5299 1197 5366 laetiﬁcavit,
1225 5309 1286 5355 ut
1310 5301 1367 5357 in
1392 5302 1536 5370 loco,
1563 5319 1673 5374 quo

132 5384 254 5441 milia
276 5395 337 5436 ex
369 5384 743 5445 benedictione
771 5391 1124 5461 produxerat,
1182 5393 1355 5451 altare
1383 5406 1672 5454 construe-

135 5476 260 5537 rent,
304 5478 553 5545 quatinus
615 5482 933 5552 hujusmodi
982 5486 1140 5556 signo
1194 5488 1393 5543 szecula
1441 5497 1672 5547 ventura

136 5569 394 5636 noscerent,
427 5572 582 5643 cujus
617 5576 796 5631 meriti
824 5578 1145 5635 excellentia
1181 5580 1375 5637 beatus
1408 5582 1671 5653 Agericus

1762 4574 1902 4641 ltuit,
1931 4588 2124 4629 verum
2143 4571 2308 4627 etiam
2338 4570 2521 4625 locum
2555 4582 2667 4638 quo
2695 4580 2854 4621 orare
2874 4565 3251 4624 consueverat,
3274 4555 3368 4610 ubi

1779 4675 1836 4722 et
1866 4666 2090 4738 pignera
2128 4672 2445 4720 sanctorum
2480 4660 2654 4715 multa
2692 4661 3097 4730 aggregaverat,
3124 4652 3368 4706 humano

1780 4758 2048 4831 sanguine
2085 4756 2258 4828 pollui
2296 4755 2451 4810 vidit.
2481 4751 2651 4806 Multa
2682 4763 2811 4804 vero
2838 4745 3216 4802 Childebertus
3244 4755 3367 4794 mu-

1780 4866 1914 4907 nera
1969 4849 2139 4915 misit,
2179 4855 2241 4903 ut
2294 4863 2327 4902 a
2348 4859 2589 4902 mmrore
2635 4844 2936 4903 revocaret,
2968 4834 3062 4891 sed
3090 4831 3367 4889 consolari

1785 4958 1898 4999 non
1925 4941 2121 5013 potuit.
2149 4942 2250 5011 (ix,
2278 4937 2396 5006 25.)
2427 4935 2629 4992 Verum
2666 4932 2938 4987 diuturnae
2987 4923 3369 4991 amaritudinis

1787 5048 2023 5090 maerore
2061 5033 2298 5105 graviter
2330 5036 2597 5100 aegrotare
2642 5023 2826 5095 erepit,
2854 5018 3156 5092 praesertim
3184 5024 3368 5072 autem

1784 5126 2110 5183 Guntramni
2135 5127 2279 5182 ﬁlios
2308 5139 2495 5181 secum
2539 5120 2779 5175 retinens
2807 5115 3051 5189 quotidie
3088 5114 3224 5169 tiens
3246 5112 3369 5167 illos

1780 5217 1885 5273 sibi
1915 5217 2019 5273 soli
2042 5216 2263 5273 relictos
2289 5216 2587 5285 orphanos.

1849 5307 2007 5380 (Vita
2053 5305 2311 5380 Agerici.)
2348 5305 2640 5361 Transibat
2667 5301 2961 5375 aliquando
3008 5298 3099 5354 hic
3145 5303 3371 5353 sanctus

1782 5415 1879 5471 per
1896 5400 2170 5457 civitatem
2190 5398 2660 5465 Laudunensium,
2675 5406 2731 5454 et
2749 5412 2875 5453 ecce
2896 5393 3112 5451 obviam
3137 5391 3242 5448 sibi
3266 5389 3372 5445 fuit

1779 5492 2001 5563 quidam
2030 5489 2265 5546 manicis
2306 5489 2533 5545 strictus
2566 5496 2620 5545 et
2653 5488 3025 5558 compedibus,
3046 5484 3138 5543 cui
3163 5491 3371 5540 tortore

1778 5589 2244 5653 praeeuntcarcere
2264 5580 2611 5651 aperiebatur
2622 5580 2909 5636 obscurus.
2926 5577 3065 5648 (F01.
3085 5576 3214 5645 ιγ.)
3229 5574 3366 5643 Ibat,

1407 5671 1638 5728 VARIE
1677 5671 2077 5729 LECTIONES.

192 5746 691 5818 "‘Guntramnus—
716 5763 993 5835 orphanos
1022 5765 1076 5819 in
1112 5765 1347 5838 margine
1374 5766 1470 5838 fol.
1508 5767 1575 5825 46
1601 5775 1650 5821 et
1676 5766 1764 5821 47.
