3932 6298
587 276 690 329 127

1610 275 1911 331 HUGONIS
1947 275 2163 330 ABBA'I
2176 275 2246 330 IS.
2276 275 2845 332 FLAVINIACENSIS
3718 284 3787 337 ηε

585 388 682 442 sed
711 388 888 462 magis
908 387 1496 459 impellebatuninfelix
1531 389 1800 458 vagitibus
1837 391 2044 460 plateas
2067 391 2170 444 im-
2197 392 2244 448 Α
2271 388 2442 444 Deum
2478 390 2797 460 placabilem
2834 391 3136 461 improvide
3169 387 3487 456 offendisse,
3516 392 3652 459 quod
3685 409 3788 450 nun-

585 479 761 550 plens,
792 491 848 537 et
887 481 1129 538 lacrimis
1170 496 1358 537 omnes
1400 495 1541 550 quos
1573 481 1880 536 offendebat
1906 483 1973 537 ad
2003 483 2161 537 auxi-

584 570 718 625 lium
756 573 967 628 ululatu
997 580 1051 628 et
1079 573 1279 643 gemitu
1312 573 1658 641 provocabat.
1685 572 1835 627 Talis
1861 582 1948 628 est
1973 589 2165 644 pecca-

585 669 770 717 torum
812 664 1223 718 redditio:sera
1281 677 1496 731 semper
1527 665 1843 732 poenitentia
1891 674 2163 720 tormento

583 752 900 822 suscipitur,
924 760 976 806 et
1012 751 1273 804 illecebrae
1292 751 1632 820 voluptatum
1656 753 1864 822 asperis
1885 763 1939 808 et
1963 755 2169 809 amaris.

581 843 818 896 exitibus
849 842 1166 910 puniuntur.
1203 841 1449 912 Cumque
1487 842 1813 898 miserabilis
1846 845 2161 900 misericor-

582 935 702 989 dem
745 934 1008 1002 aspiceret
1032 932 1232 998 virum,
1281 934 1490 1002 petivit,
1545 944 1604 988 ut
1631 937 1822 1005 potuit,
1872 936 1974 991 sibi
2012 936 2160 992 refu-

581 1025 747 1094 gium,
799 1031 853 1076 et
901 1030 962 1076 ut
1009 1024 1060 1078 ei
1116 1024 1453 1094 impenderet
1508 1026 1774 1081 orationis
1820 1026 2158 1097 suffragium.

577 1113 794 1168 Audivit
823 1114 1223 1182 misericordia,
1277 1124 1331 1170 et
1376 1116 1616 1186 pontifex
1667 1126 1846 1172 tactus
1894 1119 2080 1174 dolore
2109 1129 2164 1174 et

573 1206 958 1273 compassione
1006 1207 1361 1272 intrinsecus,
1393 1210 1647 1262 convenit
1677 1218 1937 1264 tortorem
1991 1211 2161 1264 multa

571 1309 732 1363 prece
761 1297 997 1367 supplici
1028 1298 1418 1366 postulatione,
1449 1308 1509 1352 ut
1537 1299 1841 1354 ﬂecteretur
1882 1309 1932 1355 et
1978 1302 2163 1371 propi-

573 1387 806 1441 tiaretur
837 1389 1039 1443 misero
1086 1389 1434 1460 indulgentiae
1467 1389 1723 1445 ltenitate.
1753 1391 2075 1464 Abnegavit,
2108 1402 2163 1448 et

573 1477 829 1547 reppulit,
869 1494 968 1534 nec
1002 1495 1126 1534 eum
1161 1481 1504 1549 aliquatenus
1548 1482 1736 1538 audire
1761 1485 2063 1542 consensit.
2093 1484 2162 1538 Il-

573 1568 681 1624 Iius
709 1569 910 1641 ﬂagitia
944 1578 997 1625 et
1029 1571 1270 1627 facinora
1300 1574 1543 1627 animum
1564 1574 1766 1643 judicis
1792 1575 2163 1644 infrenabant,

572 1676 642 1714 ne
673 1660 980 1717 ﬂecteretur
1009 1663 1403 1719 misericordia.
1431 1663 1590 1719 Petiit
1618 1667 1857 1722 secundo
1888 1676 1942 1722 et
1975 1670 2158 1736 tertio,

2265 480 2368 536 ciis
2390 479 2668 537 Babilonis
2690 464 2979 538 thesauros
3007 497 3137 538 suos
3159 491 3214 537 et
3238 491 3544 536 aromatum
3565 484 3707 540 cellas
3729 487 3790 542 in.

2262 582 2456 628 ventus
2477 582 2531 628 et
2559 575 2918 643 reprehensus
2939 583 3022 629 est
3041 573 3362 629 ostendisse.
3392 571 3633 629 Timebat
3649 585 3693 630 et
3710 573 3787 631 sol-

2261 663 2444 719 licitus
2485 664 2820 736 invigilabat,
2866 682 2933 719 ne
2964 666 3011 720 si
3042 665 3217 720 hostis
3255 665 3552 730 insidians,
3579 666 3787 723 hostiaria

2262 755 2502 826 segniter
2531 767 2808 826 soporata,
2852 758 3077 812 domum
3114 757 3236 826 ejus
3274 757 3612 826 irrumperet,
3640 774 3786 814 somno

2261 846 2454 900 mortis
2509 847 2738 902 obrutus
2787 848 3111 918 negligentia
3165 847 3453 915 deperiret.
3506 845 3787 917 Quapropter

2261 936 2514 991 servabat
2535 952 2631 991 cor
2663 954 2824 992 suum
2851 939 3006 992 omni
3038 937 3306 1002 custodia,
3337 946 3391 991 et
3422 938 3664 1007 templum
3691 954 3786 993 san-

2261 1036 2408 1081 ctum
2440 1026 2536 1081 Dei
2572 1028 2626 1082 in
2654 1043 2713 1082 se
2752 1028 2965 1083 illesum
3004 1028 3378 1097 illibatumque
3406 1037 3790 1093 conservans,et

2261 1119 2655 1186 permundans,
2677 1119 2844 1174 variis
2873 1119 3143 1173 bonorum
3175 1133 3399 1187 cperum
3433 1117 3645 1173 ﬂoribus
3668 1119 3791 1173 ador-

2261 1208 2444 1262 nabat.
2493 1209 2870 1264 Concurrebat
2902 1209 3056 1265 enim
3089 1210 3357 1278 populus,
3389 1217 3448 1263 et
3492 1208 3668 1264 civitas
3706 1219 3786 1264 tota

2259 1298 2457 1354 cotidie
2489 1299 2828 1367 conﬂuebat,
2859 1310 2918 1355 ut
2945 1301 3011 1355 de
3049 1300 3364 1355 sanctuario
3401 1299 3498 1354 Dei
3532 1316 3620 1369 per
3651 1301 3784 1369 ipsum

2260 1391 2483 1444 oracula
2506 1391 2730 1458 salutis,
2758 1392 2900 1446 sicut
2925 1391 3184 1460 antiquus
3212 1391 3448 1460 p0pulus
3477 1406 3569 1460 per
3595 1390 3788 1461 Moysen,

2259 1487 2313 1534 et
2340 1480 2466 1536 vitae
2491 1496 2756 1551 responsa
2784 1481 3143 1552 perciperent.
3170 1480 3440 1536 Sacerdos
3462 1482 3572 1550 ipse
3591 1498 3785 1536 summus

2260 1577 2367 1623 tam
2398 1586 2499 1640 pro
2523 1586 2584 1626 se
2615 1587 2782 1642 quam
2813 1587 2912 1642 pro
2953 1571 3264 1626 commissis
3282 1571 3495 1626 hostias
3524 1571 3625 1626 Deo
3649 1572 3787 1642 sepius

2258 1659 2596 1730 immolabat,
2627 1671 2683 1718 et
2703 1664 2874 1734 legem
2905 1661 3003 1717 Dei
3044 1663 3113 1717 ad
3155 1661 3468 1718 faciendum
3508 1679 3620 1718 eam
3641 1664 3695 1717 de
3718 1680 3784 1717 ca-

571 1754 824 1822 repulsus
850 1762 962 1820 est;
997 1755 1288 1824 triplicavit
1317 1773 1552 1827 precem,
1590 1767 1642 1812 et
1667 1759 1886 1814 auditus
1914 1775 2022 1814 non
2051 1732 2149 1816 est.

2263 1750 2452 1805 thedra
2473 1753 2731 1808 acclesiaa
2763 1732 3110 1823 perdocebat.
3143 1752 3220 1807 Ita
3242 1754 3486 1808 vestibus
3517 1753 3678 1808 Aaron
3698 1771 3785 1824 pre

569 1842 711 1910 Quid
740 1844 942 1900 faceret
970 1846 1177 1916 pietas?
1222 1847 1342 1914 Quo
1383 1864 1441 1904 se
1476 1852 1751 1904 verteret?
1777 1849 1952 1906 Homo
1981 1853 2159 1907 homi-

569 1951 693 1990 nem
723 1953 898 2007 neque
930 1954 1122 2009 cogere
1162 1955 1341 2009 neque
1388 1941 1601 2010 precari
1645 1942 1877 2010 valebat,
1909 1953 1963 1998 et
1984 1945 2156 2014 pietas

567 2027 961 2084 nichilominus
1001 2030 1360 2086 increscebat.
1403 2031 1590 2102 Itaque
1619 2049 1922 2091 conversus
1948 2037 2015 2090 ad
2048 2036 2158 2113 Do-

565 2118 777 2173 minum
802 2121 1044 2190 porrexit
1071 2131 1195 2175 vota
1220 2122 1274 2175 in
1300 2123 1523 2190 caelum;
1562 2126 1807 2179 cucurrit
1840 2127 1908 2181 ad
1936 2128 2154 2182 miseri-

567 2211 770 2267 cordiae
815 2211 1020 2266 fontem
1070 2215 1254 2283 sepius
1285 2224 1587 2285 expertum,
1633 2232 1800 2272 orans
1839 2227 1899 2273 ut
1951 2219 2155 2275 misero

566 2311 713 2357 esset
760 2303 817 2357 in
867 2305 1151 2370 auxilium,
1188 2316 1240 2360 et
1293 2308 1526 2362 solveret
1575 2309 1752 2377 jussio
1783 2311 2071 2366 invisibilis
2101 2321 2155 2367 et

567 2394 916 2463 omnipotens
956 2397 1104 2467 quod
1131 2397 1452 2456 despexerat
1469 2400 1635 2470 judex
1674 2403 1945 2472 superbus
1978 2413 2032 2460 et
2066 2405 2153 2459 in-

566 2484 750 2540 solens
766 2505 780 2540 :

877 2597 1253 2686 Omnipotens,
1291 2601 1578 2686 subitoque
1605 2603 2077 2686 ligamina‘solvit;

671 2666 860 2745 Xincla
888 2666 1108 2736 cadunt,
1139 2679 1194 2745 et
1219 2666 1378 2745 nemo
1403 2666 1549 2745 patet
1576 2666 1674 2743 qui
1702 2675 1916 2731 vincula
1955 2666 2152 2745 solvat,

666 2736 825 2794 Nulla
854 2755 1075 2806 manus,
1105 2742 1187 2798 vis
1217 2743 1385 2809 nulla,
1404 2736 1508 2798 Dei
1538 2736 1648 2800 nisi
1670 2745 1846 2814 jussio
1876 2749 2077 2802 sumni.

496 2913 500 2917 1
564 2849 814 2922 Cumque
847 2853 953 2908 hoc
977 2854 1142 2923 judex
1173 2855 1585 2926 obstupefactus
1623 2859 1910 2928 aspiceret,
1955 2863 2151 2916 confu-

563 2956 660 2995 sus
712 2950 766 2996 et
811 2943 1007 2998 timore
1052 2955 1356 3015 correptus,
1408 2949 1618 3002 corruit
1645 2950 1712 3003 ad
1741 2951 1906 3018 pedes
1953 2954 2148 3020 sancti,

562 3031 944 3090 inobedientiae
972 3038 1234 3106 compede
1263 3038 1500 3105 vinctus,
1527 3049 1716 3110 petens
1734 3042 1847 3111 jam
1874 3052 1928 3098 et
1957 3044 2150 3114 implo-

558 3139 692 3178 rans
705 3125 809 3178 sibi
831 3126 1246 3198 veniam,quam
1277 3131 1529 3186 noluerat
1561 3132 1874 3202 impendere
1901 3137 2150 3204 proximo

559 3216 881 3285 postulanti.
935 3218 1179 3292 Indulget
1227 3222 1410 3278 vincto
1446 3239 1543 3293 per
1583 3225 1819 3295 culpam,
1852 3229 2031 3284 soluto
2053 3245 2150 3300 per

559 3308 776 3363 veniam
805 3319 1015 3367 tantum
1046 3315 1276 3385 gratiam
1296 3316 1604 3386 postulans,
1639 3333 1749 3387 qua
1773 3320 2035 3375 solvatur.
2070 3321 2149 3376 Ita

560 3396 706 3454 Deus
734 3411 992 3471 operatus
1022 3405 1076 3459 in
1118 3421 1358 3475 servum,
1385 3409 1538 3464 illum
1575 3418 1751 3477 reatu,
1783 3411 1937 3466 illum
1969 3412 2140 3468 indul-

559 3491 741 3560 gentia
764 3492 1037 3550 liberavit.

631 3576 758 3635 Hzec
798 3597 970 3651 pauca
1017 3583 1215 3641 divinae
1255 3585 1475 3645 virtutis
1524 3590 1787 3646 miracula
1840 3608 1937 3662 per
1967 3593 2144 3649 villIm

561 3680 812 3727 sanctum
863 3675 1022 3731 nobis
1068 3686 1393 3746 monstrata,
1425 3695 1526 3736 nos
1557 3697 1657 3751 pro
1704 3684 1929 3738 modulo
1957 3695 2146 3741 nostro

558 3760 754 3818 litteris
783 3764 1054 3823 indicibus
1071 3770 1306 3837 posteris
1335 3771 1402 3825 ad
1427 3773 1675 3826 notitiam
1696 3774 1891 3828 salutis
1913 3784 2148 3832 annota-

557 3852 760 3920 vimus,
785 3863 840 3909 et
860 3856 1091 3928 digitum
1119 3859 1235 3927 Dei,
1272 3877 1370 3930 per
1401 3877 1564 3932 quem
1591 3878 1856 3934 oppressa
1881 3864 2144 3937 Egyptus,

559 3959 658 4013 per
691 3961 854 4016 quem
902 3949 1110 4018 ejectus
1137 3962 1220 4007 est
1261 3953 1534 4021 inimicus,
1560 3971 1655 4024 per
1685 3971 1846 4026 quem
1887 3973 2144 4014 mensura

558 4034 704 4099 ﬂdei,
735 4052 832 4106 per
872 4055 1036 4108 quem
1081 4042 1280 4098 divisio
1318 4045 1670 4100 carismatum
1699 4056 1784 4103 est
1808 4047 2141 4118 divinorum,

558 4124 616 4178 in
673 4126 759 4184 his
795 4139 1080 4200 operatum
1125 4135 1438 4192 adoramus.
1491 4135 1795 4204 Exteriora,
1832 4140 1961 4209 quia
2016 4149 2146 4196 sunt

557 4216 813 4288 visibilia,
855 4225 1013 4293 quasi
1041 4223 1236 4281 faciem
1276 4228 1439 4298 hujus
1461 4231 1630 4300 patris
1661 4232 1835 4287 nostri
1858 4233 2142 4302 pulchram

556 4305 923 4384 decoramque
948 4317 1254 4388 pingentes,
1278 4328 1333 4374 et
1359 4322 1636 4378 coloribus
1661 4325 1954 4379 verborum
1983 4325 2142 4396 igno-

2259 1844 2414 1900 tiosls
2449 1853 2503 1899 et
2535 1845 2740 1900 sanctis
2769 1845 3046 1914 spirituali
3076 1845 3191 1915 lege
3233 1844 3594 1916 perfungens,
3626 1846 3787 1900 domini

2255 1933 2459 1991 Christi
2481 1936 2721 1991 vicarius
2754 1952 2812 1992 se
2848 1937 3026 2006 ipsum
3056 1936 3291 1992 hostiam
3324 1946 3570 1991 sanctam
3590 1935 3683 1990 Deo
3702 1938 3787 2006 pla—

2255 2035 2468 2082 centem
2505 2027 2766 2082 oﬂerehat
2794 2043 2894 2097 pro
2934 2029 3119 2098 populi
3155 2029 3346 2094 salute,
3385 2027 3443 2080 in
3483 2028 3786 2098 adquisitione

2256 2119 2434 2174 laudis
2453 2127 2688 2174 aeternae.
2715 2118 2872 2174 Hunc
2893 2120 3052 2174 talem
3076 2130 3187 2174 tam
3214 2120 3314 2189 glo.
3333 2119 3401 2174 ias
3430 2119 3695 2189 singularis
3717 2119 3783 2172 he-

2253 2209 2438 2263 redem
2484 2208 2627 2265 Deus
2668 2210 2785 2280 ipse
2827 2211 3106 2276 reddebat,
3151 2210 3254 2280 qui
3281 2226 3412 2265 eum
3452 2221 3506 2265 et
3549 2220 3779 2279 antequam

2255 2312 2572 2357 nasceretur
2590 2304 2957 2374 praeelegerat,
2982 2303 3204 2374 quicum
3232 2318 3328 2372 per
3358 2319 3421 2357 se
3444 2318 3540 2372 per
3562 2303 3782 2356 ministros

2254 2394 2434 2449 claros
2462 2395 2659 2449 domus
2694 2410 2829 2460 suae,
2849 2404 2904 2448 et
2927 2411 3052 2448 cum
3073 2409 3138 2449 eo
3167 2395 3320 2449 omni
3345 2404 3586 2465 tempore
3611 2403 3720 2456 erat,
3743 2403 3778 2446 et

2254 2483 2629 2554 frequentibus
2660 2486 3018 2542 concursibus
3039 2486 3314 2541 visitabat.
3347 2485 3464 2541 Hos
3498 2485 3672 2549 fasces,
3699 2485 3778 2537 lucc

2253 2576 2486 2647 insignia
2513 2579 2670 2632 urbis
2695 2587 2931 2644 aeternae,
2967 2579 3108 2632 hanc
3137 2578 3364 2632 civicam
3396 2593 3640 2632 coronam
3665 2575 3780 2630 Jeru-

2253 2668 2420 2723 salem
2454 2685 2728 2739 supernae,
2754 2669 3031 2739 quomodo
3058 2679 3236 2738 potest
3270 2669 3420 2724 filius
3451 2667 3668 2723 hominis
3689 2682 3776 2718 ver-

2253 2759 2358 2814 mis
2386 2763 2828 2831 apprehendere?
2861 2761 3000 2831 (Fol.
3036 2761 3151 2831 48.)
3185 2761 3337 2827 Quod
3372 2761 3422 2816 si
3449 2762 3592 2816 dicas
3629 2768 3671 2814 et
3694 2759 3776 2826 ipse

2253 2849 2398 2908 ﬁlius
2428 2852 2668 2908 hominis
2716 2863 2769 2907 et
2803 2854 2920 2922 ipse
2959 2853 3182 2917 vermis,
3225 2868 3419 2910 verum
3456 2853 3627 2922 utique
3658 2849 3775 2910 dicis.

2255 2942 2348 2997 sed
2385 2943 2649 2998 miracula
2681 2960 2775 3013 per
2813 2943 3009 2997 Filium
3046 2943 3142 2997 Dei
3165 2953 3215 3000 et
3259 2943 3503 2998 hominis
3534 2940 3775 3012 specialiter

2254 3029 2394 3086 facta
2424 3031 2478 3085 in
2513 3033 2704 3087 amicis
2739 3033 3195 3102 superexcellunt,
3219 3049 3318 3088 nec
3351 3041 3484 3090 sunt
3517 3031 3772 3102 applicanda

2253 3123 2543 3179 servilibus
2571 3132 2626 3178 et
2653 3124 2783 3179 Adae
2809 3126 3136 3195 paupertati.
3171 3125 3356 3180 Dicam
3392 3126 3617 3190 interim,
3642 3125 3774 3178 dicam

2251 3212 2318 3268 de
2341 3229 2448 3282 me,
2489 3216 2616 3285 quia
2666 3232 2890 3285 pressus
2933 3217 3222 3272 sarcinulis
3268 3216 3624 3287 corruptionis
3641 3215 3772 3276 avitae,

2253 3321 2353 3361 nec
2394 3307 2633 3362 radicem
2678 3308 2925 3364 caritatis
2963 3308 3084 3379 ejus
3120 3309 3260 3364 coelo
3282 3307 3450 3362 lixam
3485 3307 3694 3363 conabor
3714 3313 3773 3358 at-

2253 3395 2478 3469 tinge're,
2508 3415 2610 3456 nec
2647 3399 2872 3471 dignum
2903 3415 2992 3455 me
3036 3399 3248 3455 fatebor
3296 3401 3582 3470 corrigiam
3623 3397 3772 3452 calcia-

2251 3489 2420 3544 menti
2449 3489 2568 3559 ejus
2611 3492 2837 3546 solvere.
2866 3489 3080 3561 Sequar
3117 3500 3299 3546 tamen
3329 3491 3454 3561 ejus
3479 3486 3773 3560 praeconando

2250 3580 2499 3651 vestigia,
2542 3582 2587 3636 si
2626 3599 2734 3652 qua
2777 3582 2922 3638 Deus
2965 3583 3270 3637 illuminato
3301 3598 3406 3638 suo
3442 3581 3594 3654 fuerit
3625 3580 3772 3648 dignus

2250 3673 2558 3727 ostendere.

2319 3784 2459 3840 Cum
2497 3801 2628 3856 ergo
2665 3787 2750 3841 vir
2787 3785 2886 3842 Dei
2924 3787 3384 3842 incnarrabilibus
3419 3796 3473 3842 et
3507 3780 3772 3856 supradictis

2248 3876 2366 3932 dies
2389 3892 2520 3932 suos
2547 3877 2842 3934 virtutibus
2864 3879 3016 3933 omni
3041 3879 3224 3934 studio
3257 3878 3510 3948 repleret,
3538 3886 3586 3931 et
3607 3877 3768 3930 lucrum

2248 3966 2455 4022 bonum
2489 3968 2554 4023 de
2582 3968 2802 4024 talentis
2839 3969 2944 4025 sibi
2982 3969 3294 4024 commissis
3326 3969 3474 4024 bono
3509 3968 3704 4023 Domino
3722 3964 3768 4017 ti-

2246 4059 2438 4114 deIiter
2461 4068 2834 4132 congregaret,
2857 4061 3244 4130 hospitalitatis
3269 4060 3504 4115 ofﬁcium
3523 4060 3659 4130 juxta
3674 4071 3769 4126 apo-

2248 4149 2371 4203 stoli
2409 4160 2736 4220 praeceptum
2781 4151 3050 4206 sollicitus
3086 4151 3346 4216 exiberet,
3393 4151 3609 4220 contigit
3645 4145 3770 4202 semel

2247 4237 2352 4292 sibi
2409 4238 2667 4293 clericum
2724 4239 3093 4295 Fortunatum
3148 4239 3368 4294 nomine
3434 4237 3765 4310 supervenisse.

2247 4327 2435 4399 [PAULI
2469 4329 2610 4384 Hist.
2635 4329 2804 4400 Lang.
2833 4347 2892 4397 ιι,
2923 4333 3018 4399 15;
3044 4331 3214 4386 Βειιτ.
3235 4330 3339 4402 vn]
3356 4329 3497 4385 Cum
3515 4329 3643 4384 enim
3661 4331 3767 4381 esset

556 4399 749 4457 bilium
797 4403 1174 4465 informantes.
1220 4409 1327 4466 Sed
1372 4412 1420 4466 si
1477 4429 1603 4467 cum
1649 4416 1942 4471 sudoribus
1969 4424 2025 4471 et
2065 4417 2142 4472 la-
2175 4442 2219 4496 ι)
2247 4418 2388 4473 idem
2411 4418 2743 4476 Fortunatus
2758 4399 2821 4474 in
2850 4420 3025 4488 Italia,
3061 4422 3118 4476 in
3151 4422 3287 4477 urbe
3307 4399 3516 4476 scilicet
3544 4419 3764 4473 Ravenna.

556 4496 690 4550 bore
743 4496 836 4551 vix
882 4501 1232 4567 pervenimus
1281 4503 1348 4556 ad
1395 4503 1620 4570 ostium,
1668 4506 1722 4559 id
1750 4516 1835 4562 est
1879 4509 1947 4562 ad
1991 4524 2142 4564 com-

556 4587 978 4656 prehensionem
1012 4593 1364 4659 exteriorum,
1396 4595 1526 4664 quid
1567 4596 1634 4650 de
1658 4596 2010 4657 interioribus
2054 4601 2138 4656 fa-

556 4679 800 4735 ciemus?
831 4679 1116 4747 Quomodo
1156 4684 1339 4740 clausa
1375 4695 1431 4741 et
1467 4687 1784 4744 abscondita
1828 4692 2139 4760 penetrabi-

558 4772 718 4824 mus?
757 4770 1028 4828 Nimirum
1078 4774 1194 4845 ipse
1233 4775 1326 4831 Dei
1363 4793 1554 4834 servus
1584 4780 1639 4834 in
1669 4782 1776 4837 hoc
1805 4783 2044 4838 maxime
2085 4793 2141 4840 et

557 4862 788 4918 sollicite
834 4866 1056 4922 servivit
1088 4865 1231 4935 Deo,
1281 4870 1408 4940 quia
1437 4886 1625 4927 vocem
1666 4873 1785 4943 ejus
1825 4875 2139 4931 medullitus

557 4952 856 5022 obaudivit,
875 4973 1040 5027 quam
1055 4960 1336 5031 evangelio
1355 4964 1979 5037 promulgantepercepit
2001 4986 2013 5022 :
2037 4967 2134 5031 Tu,

553 5045 762 5119 inquit,
806 5066 925 5103 cum
962 5053 1224 5118 oraveris,
1258 5054 1402 5107 intra
1433 5055 1492 5108 in
1533 5055 1830 5111 cubiculum
1866 5067 1918 5112 et
1953 5059 2136 5112 clauso

555 5138 694 5193 ostio
732 5155 828 5193 ora
870 5139 1088 5195 Patrem
1119 5152 1267 5196 tuum
1299 5144 1515 5215 (Matth.
1553 5163 1636 5214 γι,
1673 5149 1748 5217 6).
1788 5147 1930 5214 Quid
1967 5149 2136 5220 igitur

553 5230 778 5298 mirum,
820 5232 867 5287 si
891 5234 1128 5289 archana
1171 5235 1292 5305 ejus
1329 5237 1620 5307 nequimus
1666 5255 1992 5309 agnoscere,
2037 5241 2132 5310 qui

2246 4518 2300 4564 et
2333 4511 2562 4565 nimium
2604 4513 2890 4567 oculorum
2927 4513 3170 4568 dolorem
3219 4521 3526 4582 pateretur,
3567 4509 3690 4564 venit
3719 4503 3765 4556 ad

2245 4602 2517 4672 quoddam
2571 4604 2965 4658 monasterium
3011 4604 3068 4658 in
3097 4605 3285 4658 eadem
3333 4604 3469 4658 urbe
3503 4603 3633 4656 intra
3675 4611 3764 4650 mu-

2247 4705 2337 4746 ros
2373 4690 2427 4744 in
2469 4692 2678 4746 honore
2717 4701 3032 4748 sanctorum
3078 4690 3310 4747 Joannis
3349 4700 3405 4747 et
3432 4690 3576 4745 Pauli
3604 4688 3650 4741 in
3687 4695 3764 4752 qua

2243 4783 2409 4838 etiam
2437 4784 2504 4814 ²¹⁹
2530 4783 2783 4838 altarium
2809 4783 2954 4840 beati
2979 4783 3196 4838 Martini
3219 4792 3582 4839 constructum
3612 4777 3669 4809 “’
3687 4775 3761 4827 110‘

2248 4889 2402 4941 nore,
2442 4875 2804 4945 propinquam
2837 4875 2906 4907 ¹¹⁹
2939 4875 3170 4929 habebat
3206 4873 3498 4929 fenestram
3530 4873 3580 4926 in
3605 4882 3693 4939 qua
3716 4861 3764 4894 “’

2244 4966 2468 5020 lucerna
2513 4973 2632 5021 erat
2677 4965 2973 5021 constituta
3005 4965 3107 5031 ¹¹⁹,
3151 4965 3449 5021 comitante
3483 4975 3650 5018 secum
3688 4953 3762 5008 Fe‘

2242 5055 2344 5110 lice
2370 5057 2439 5087 ²¹⁹
2484 5054 2744 5111 Tarvisiae
2793 5057 2945 5112 urbis
2978 5057 3232 5126 episcopo
3270 5055 3368 5121 ω,
3407 5054 3499 5124 qui
3523 5049 3626 5122 pari
3641 5042 3763 5101 modo

2240 5144 2528 5199 oculorum
2565 5145 2810 5200 dolorem
2851 5146 2919 5176 “9
2946 5145 3288 5214 patiebatur;
3318 5152 3373 5198 et
3400 5143 3567 5197 visum
3594 5144 3664 5193 est
3689 5131 3759 5190 illi.

2237 5245 2300 5290 ut
2319 5235 2386 5290 de
2411 5236 2532 5291 oleo
2563 5236 2832 5306 lampadis
2861 5244 2987 5290 ante
3016 5236 3187 5289 altare
3207 5233 3446 5290 ardentis
3475 5230 3644 5287 oculos
3666 5233 3761 5277 suos

551 5330 708 5378 extra
754 5325 956 5380 ostium
994 5328 1372 5396 compellimur
1406 5331 1709 5387 excubare?
1739 5329 2008 5387 Nimirum
2034 5332 2131 5387 de-
2182 5354 2187 5359 -
2233 5328 2460 5383 Iinirent
2495 5330 2597 5383 sub
2627 5328 2848 5384 nomine
2887 5325 3063 5384 sancti
3105 5325 3346 5380 Martini.
3390 5323 3540 5392 Quod
3569 5327 3622 5374 ut
3648 5311 3758 5369 fecit.

552 5415 793 5471 trimenti
815 5433 1035 5474 causam
1051 5420 1364 5488 deputabat,
1388 5421 1435 5476 si
1457 5423 1540 5476 vel
1569 5424 1778 5480 amicus
1802 5431 2010 5480 secreta
2033 5438 2132 5478 sua

551 5517 923 5580 cognosceret.
969 5509 1198 5582 Legerat
1237 5509 1524 5568 Ezechiam
1565 5530 1742 5585 regem
1773 5515 1829 5569 in
1873 5513 1978 5568 hoc
2026 5513 2131 5570 sibi

2234 5421 2486 5492 protinus
2530 5421 2741 5476 meritis
2775 5420 2950 5489 ipsius
2990 5420 3278 5475 oculorum
3329 5427 3545 5486 uterque
3581 5407 3759 5465 salutem

2237 5512 2459 5572 recepit.
2503 5510 2609 5579 Qui
2645 5510 2883 5581 ﬂagrans
2919 5510 3190 5566 desiderio
3228 5506 3433 5565 visendi
3471 5496 3757 5572 sepulchrum

1832 5604 2065 5660 VARIiE
2104 5603 2506 5660 LECTIONES.

625 5694 694 5726 "’
716 5691 878 5749 etiam
905 5695 1031 5758 alta,
1068 5703 1348 5763 construe,
1381 5711 1526 5764 uam,
1561 5713 1596 5752 n
1625 5711 1754 5767 qua,
1787 5698 1942 5765 ituta,
1977 5697 2098 5765 lice,
2132 5696 2410 5766 episcopo,
2435 5693 2679 5750 dolorem
2709 5691 2903 5748 deleta.
