3932 6298
119 322 194 377 li9
1277 322 1689 382 CllliONlCON.
1721 357 1786 367 —-
1813 327 1940 381 ΜΒ.
1983 329 2022 382 l.

3196 347 3298 404 150

114 435 248 492 sancti
272 432 488 500 Martini,
510 432 574 488 de
597 429 747 488 Italia
779 434 926 488 venit
951 435 1006 489 in
1035 435 1287 502 Galliam,
1311 446 1365 491 et
1389 437 1489 494 fuit
1519 440 1622 494 iter
1646 444 1696 504 Α
1724 440 1982 511 Dogmate
2001 443 2176 496 divino
2196 443 2392 512 praesul
2413 445 2636 514 facunde
2667 451 3017 523 triumphans,

113 527 224 580 illius
246 540 329 595 per
353 524 660 578 Virdunum.
693 524 864 591 Quem
893 526 1202 595 episcopus,
1226 527 1313 580 cui
1343 528 1427 582 lex
1451 545 1620 585 cano-

113 618 204 671 aica
223 616 358 684 jubet
390 629 574 669 omnes
604 615 914 684 suscipere,
949 617 1182 686 benigne
1212 619 1478 687 suscepit,
1515 620 1620 674 hu-

111 721 234 760 mane
262 705 482 769 servivit,
504 712 556 758 et
589 704 799 757 viscera
825 719 990 773 super
1012 719 1136 760 eum
1165 707 1332 761 totius
1358 709 1619 763 sanctita-

109 798 223 850 tiset
244 795 439 864 pietatis
473 809 568 862 pro
600 795 997 848 consuetudine
1036 811 1135 850 sua
1175 795 1318 850 bona
1348 798 1616 866 patefecit.

107 889 158 940 At
184 887 256 938 ille
287 886 760 939 remunerationem
789 886 1039 955 cogitans
1069 901 1169 956 pro
1201 888 1459 942 servitute
1497 905 1621 944 sus-

109 985 363 1046 cepta,cum
387 984 510 1030 voto
530 976 758 1044 expleto.
789 975 1005 1046 (Βεκτ.)
1026 977 1288 1033 Pictavim
1309 980 1523 1036 rediens
1545 982 1619 1036 ibi

108 1069 342 1132 habitaret,
380 1076 726 1120 consecratus
773 1066 828 1120 in
878 1068 1262 1137 presbiterum,
1307 1078 1363 1125 et
1391 1083 1514 1141 post
1563 1073 1618 1127 in

105 1151 298 1226 ejusdem
321 1156 461 1210 urbis
487 1157 823 1226 episcopum,
849 1166 1062 1213 etesset
1081 1161 1275 1216 doctus
1291 1171 1407 1216 arte
1433 1178 1618 1232 gram-

107 1248 278 1311 matica,
307 1247 601 1316 composuit
628 1248 701 1300 ibi
731 1263 950 1303 carmen
981 1249 1034 1302 in
1065 1251 1222 1306 laude
1252 1253 1424 1322 ipsius
1448 1254 1616 1307 hexa-

105 1338 252 1392 metris
281 1346 538 1406 comptum
580 1346 635 1392 et
663 1339 1016 1406 pentametris
1054 1343 1320 1410 versibus,
1365 1359 1504 1414 quos
1531 1345 1619 1400 hic

106 1428 374 1498 subiungere
403 1443 576 1497 operae
618 1431 862 1499 precium
894 1429 1170 1488 duximus.
1207 1432 1288 1489 Ita
1327 1450 1457 1507 ergo
1493 1451 1617 1491 car-

105 1535 198 1574 men
217 1519 262 1573 id
281 1518 468 1573 dicitur
490 1536 504 1572 :

155 1608 262 1663 Urbs
291 1608 531 1675 Virduaa,
564 1609 704 1664 brevi
725 1611 962 1681 quamvis
993 1610 1263 1668 claudaris
1286 1615 1342 1668 in
1364 1615 1506 1682 orbe,

155 1699 392 1768 Pontificis
417 1701 620 1754 meritis
646 1701 975 1772 ampliﬁcata
1004 1703 1199 1773 places.

107 1789 239 1858 Major
260 1792 310 1843 in
335 1800 550 1860 angusto
579 1792 857 1862 prmfulget
883 1796 1058 1864 gratia
1083 1812 1230 1866 gyro,

154 1881 347 1950 Agerice,
372 1892 509 1948 tuus,
538 1899 697 1952 quam
729 1885 898 1954 magis
921 1887 1070 1938 auxit
1092 1888 1274 1942 honor.

105 1970 295 2023 Plurima
321 1989 627 2041 magnarum
655 1974 844 2043 fudisti
867 1977 1066 2029 semina
1091 1977 1333 2045 laudum,

155 2061 257 2126 Quir
280 2073 476 2116 matura
497 2081 651 2134 opere
673 2065 951 2134 fertilitate
984 2077 1160 2123 metes.

106 2151 298 2220 Tempore
317 2155 555 2223 praesenti
582 2157 777 2208 victum
805 2156 1024 2226 largiris
1052 2160 1245 2228 egenis.

156 2241 273 2296 Unde
292 2245 462 2313 futura
495 2246 612 2299 dies
633 2246 1007 2316 centuplicabit
1034 2265 1172 2318 opes.

104 2332 318 2403 Dogmatis
341 2337 559 2391 archani
593 2353 793 2392 reseras
819 2339 1108 2408 penetralia
1132 2352 1314 2410 pastor
1342 2358 1358 2395 :

155 2423 248 2478 Non
268 2426 425 2480 solum
449 2429 700 2498 dapibus,
725 2430 900 2498 pascis
922 2439 972 2483 et
997 2447 1084 2483 ore
1113 2448 1306 2501 greges.

107 2512 268 2583 Templa
289 2528 476 2572 uetusta
503 2536 688 2585 novas,
711 2522 998 2589 preciosius
1020 2530 1070 2575 et
1097 2538 1227 2576 nova
1248 2525 1451 2591 condis,

151 2605 325 2662 Culcior
345 2619 418 2662 est
445 2610 664 2664 Domini
689 2621 737 2665 te
758 2613 1052 2681 famulante
1078 2614 1286 2669 domus.

103 2695 294 2768 Egregios
323 2702 481 2770 fontes
507 2705 652 2756 sacri
675 2703 1005 2772 baptismatis
1035 2705 1231 2774 exples,

155 2788 256 2843 Tant
274 2793 354 2861 pia
377 2793 556 2848 divino
588 2795 730 2863 fonte
753 2794 978 2864 repletus
1003 2797 1138 2865 agis.

103 2879 289 2936 Candida
307 2885 500 2939 sincero
527 2886 712 2939 radiat
738 2885 830 2939 hec
861 2885 989 2940 aula
1012 2903 1189 2941 sereno
1213 2903 1231 2940 :

151 2971 258 3026 Etsi
280 2975 352 3029 sol
377 2977 570 3048 fugiat,
601 2976 886 3032 hichanet
907 2987 1027 3032 arta
1054 2979 1187 3033 dies.

100 3063 157 3117 At!
184 3083 290 3120 nova
311 3068 493 3139 templa
523 3069 680 3122 avide
711 3078 1028 3123 concurrunt
1059 3070 1288 3140 undique
1313 3071 1505 3141 plebes,

151 3154 202 3208 Et
223 3159 386 3213 tribuis
408 3160 618 3231 populis
642 3159 760 3230 plus
790 3161 846 3214 in
871 3176 1048 3214 amore
1073 3159 1258 3215 Deum.

103 3243 151 3298 Te
165 3248 361 3304 solamen
384 3252 531 3322 inops
561 3253 774 3318 meruit,
812 3260 860 3306 te
883 3251 1054 3306 nudus
1077 3253 1348 3308 amictum.

151 3337 203 3390 Et
220 3339 343 3396 solus
376 3345 581 3398 cunctis
610 3352 763 3414 potus
788 3353 836 3398 et
863 3361 981 3399 esca
1013 3361 1212 3400 manes.

102 3428 233 3499 Felix,
249 3439 328 3506 qui
354 3437 556 3491 meritis
584 3444 796 3490 eeternee
825 3436 961 3490 lucis
991 3445 1220 3503 amator,

150 3523 361 3595 Tempora
377 3529 492 3597 jam
521 3527 731 3582 modico
753 3544 854 3582 non
883 3529 1140 3582 moritura
1173 3545 1354 3599 paras.

101 3610 256 3670 Phebtts
273 3628 323 3671 ut
343 3619 541 3672 elatum
563 3619 837 3688 suspendit
867 3620 923 3672 in
943 3619 1121 3673 ethera
1143 3636 1378 3688 cursum,

150 3705 290 3760 Purus
305 3718 352 3761 et
371 3709 657 3778 igniferum
678 3711 878 3778 spargit
904 3710 1093 3778 ubique
1104 3711 1268 3779 jubar
1296 3726 1316 3764 :

104 3791 253 3861 Effusis
281 3799 434 3852 radiis
466 3808 639 3853 totum
661 3799 764 3852 sibi
792 3800 1031 3853 vendieat
1068 3801 1262 3867 orbem,

154 3886 262 3950 (Fol.
280 3889 378 3960 48’)
403 3890 632 3956 Montes,
654 3889 817 3959 plana
844 3890 1066 3960 replens,
1082 3891 1191 3945 ima
1212 3891 1290 3947 rel
1319 3892 1432 3948 alta
1458 3899 1613 3949 tenet.

102 3972 165 4029 Sic
189 3984 355 4049 pnesul
375 3985 652 4056 splendore
680 3988 846 4040 animi
875 4002 994 4041 cum
1018 3987 1127 4041 sole
1157 3989 1457 4057 choruscas,

152 4067 230 4125 Ille
253 4076 350 4129 suis
373 4078 542 4132 radiis
573 4078 760 4148 fulget,
787 4086 836 4132 et
856 4079 966 4147 ipse
990 4079 1116 4144 tuis,

100 4158 262 4229 Alerice
281 4181 438 4235 sacer,
460 4169 616 4238 cujus
637 4184 872 4222 sermone
896 4169 1098 4221 colente

150 4251 358 4312 Ecclesite
377 4269 572 4330 segetes
603 4258 880 4328 fertilitate
904 4258 1132 4329 placent,

104 4337 285 4399 Terrenis
309 4348 501 4403 sterilis
530 4348 704 4413 rebus,
733 4349 950 4418 fecunde
977 4349 1238 4418 supernis,

149 4432 313 4489 Cuncta
338 4439 540 4492 caduca
566 4454 780 4508 negans,
813 4439 953 4492 dives
982 4439 1118 4491 iture
1149 4437 1305 4504 polis.

101 4517 310 4581 "lecebris
335 4531 585 4596 mundus,
612 4531 794 4584 mundi
821 4529 1021 4584 lasciva
1051 4531 1324 4601 repellens,

151 4613 226 4667 Nil
242 4621 317 4671 cui
339 4622 603 4692 subripuit
623 4622 800 4675 carnis
833 4637 1050 4675 amarus
1071 4638 1239 4676 amor.

100 4698 277 4760 Lubrica
297 4711 445 4781 culpa
470 4715 630 4782 perit,
657 4728 818 4783 neque
843 4729 981 4766 mors
1007 4713 1072 4765 de
1093 4713 1312 4766 crimine
1333 4713 1544 4783 gaudet,

149 4793 254 4849 Cum
277 4807 361 4853 tua
385 4802 594 4856 delictis
629 4801 793 4856 libera
823 4811 1038 4856 menbra
1065 4800 1228 4854 uides.

99 4879 148 4934 In
172 4890 345 4958 templis
367 4893 656 4946 habitando
680 4894 784 4963 piis
805 4893 881 4946 sic
901 4908 1066 4962 purus
1089 4891 1320 4956 haberis,

151 4973 206 5027 Ut
233 4988 313 5032 tua
333 4984 510 5049 corda,
535 4993 704 5052 pater,
721 4983 826 5036 sint
847 4983 937 5051 pia
960 4979 1154 5050 templa
1176 4979 1294 5033 Dei.

102 5059 227 5134 Eligit
246 5070 295 5122 in
317 5072 410 5125 tali
439 5090 494 5126 se
522 5071 765 5128 Christus
788 5090 906 5126 vase
934 5072 1178 5137 recondi;

151 5157 292 5220 Quam
309 5164 406 5216 sibi
431 5165 697 5233 purgavit,
731 5163 958 5233 possidet
980 5165 1090 5232 ipse
1118 5163 1350 5217 domum.

104 5242 194 5298 Non
214 5251 347 5305 dolus
368 5255 424 5306 in
446 5254 627 5321 labiis,
653 5271 754 5308 non
775 5264 896 5308 sunt
926 5255 1040 5324 fera
1064 5253 1246 5308 nubila
1274 5254 1479 5315 mentis,

153 5336 345 5396 Sinceris
371 5345 564 5398 animis
585 5354 762 5399 uernat
795 5346 850 5398 in
875 5363 962 5400 ore
985 5346 1114 5400 dies.

103 5422 412 5500 Doctiloquum
439 5437 636 5503 flumen
662 5435 875 5489 salienti
911 5436 1051 5504 fonte
1080 5434 1334 5504 refundit,

155 5515 208 5569 Et
230 5537 392 5577 sensus
416 5525 619 5579 steriles
645 5543 764 5581 uoce
790 5527 990 5596 rigante
1017 5525 1176 5593 foves.

101 5603 245 5662 Ardua
269 5614 508 5668 caelorum
527 5617 715 5684 pandis
743 5617 980 5670 misteria
1002 5615 1176 5679 terris,

153 5693 240 5754 Per
257 5718 395 5771 quem
416 5705 537 5774 plus
562 5705 841 5761 Dominum
863 5707 986 5772 scit,
1015 5707 1181 5772 timet,
1209 5712 1346 5770 orat,
1379 5718 1540 5757 ωηατ.

1773 531 1901 588 Ώαε
1925 542 2108 601 pastor
2132 535 2344 588 monitis
2369 551 2432 589 ne
2451 547 2653 606 premat
2679 557 2828 595 error
2857 560 2992 600 oves.

1720 619 1942 674 Deliciis
1978 623 2171 691 reﬁcis,
2190 641 2321 694 quas
2345 625 2535 692 celum,
2566 645 2713 696 arva,
2746 633 2891 687 unda
2919 635 3208 704 ministrat,

1795 710 1863 764 Et
1885 714 2055 766 saciat
2074 716 2291 783 populos
2312 717 2434 769 hinc
2463 718 2632 784 cibus,
2665 722 2784 775 inde
2804 724 2953 792 fides.

1721 799 1895 856 Sumit
1918 818 2117 871 pauper
2145 819 2312 872 opem,
2343 807 2512 860 tristis
2538 825 2700 877 spem,
2725 813 2893 866 nudus
2917 818 3190 885 amictum,

1794 891 1988 946 Omnia
2006 894 2262 963 quidquid
2291 894 2449 949 habes
2476 899 2718 952 omnibus
2739 917 2847 955 esse
2877 904 3032 971 facis.

1722 980 1825 1035 Hic
1849 983 1944 1035 tibi
1973 983 2127 1052 longa
2157 984 2304 1037 salus
2337 997 2564 1056 maneat,
2589 990 2710 1044 licet
2739 993 2860 1047 inde
2887 995 3069 1064 futura
3101 1014 3120 1052 .-

1788 1073 1958 1143 Atque
1986 1075 2079 1127 diu
2101 1085 2285 1145 pastor
2305 1093 2398 1146 pro
2422 1095 2570 1149 grege
2592 1091 2710 1135 vota
2731 1084 2920 1151 ferens.

1789 1249 1926 1304 Cum
1973 1250 2139 1320 igitur
2189 1253 2570 1324 prolongatum
2615 1257 2737 1311 vitae
2789 1258 2953 1329 hujus
2997 1259 3292 1319 incolatum

1719 1349 1951 1396 mortem
1997 1343 2384 1399 delectabiliter
2422 1355 2714 1417 expectans
2763 1349 2856 1403 diu
2903 1352 3296 1420 patientissime

1717 1433 2044 1502 pertulisset,
2084 1443 2141 1488 et
2187 1437 2400 1506 pondus
2435 1437 2749 1507 impositum
2781 1440 2888 1495 diei
2923 1449 2977 1495 et
3013 1452 3176 1499 aestus
3201 1461 3296 1515 spe

1717 1523 1944 1578 salutari
1969 1523 2377 1596 infatigabiliter
2405 1528 2764 1597 deportasset,
2798 1540 2852 1584 et
2879 1530 3132 1586 lacrimas
3158 1549 3296 1603 quo-

1717 1629 1824 1683 que
1850 1616 2144 1670 crescentis
2179 1616 2375 1672 cotidie
2409 1618 2659 1673 desiderii
2690 1635 2858 1688 panes
2882 1619 3038 1676 bona:
3071 1637 3136 1676 ac
3176 1624 3298 1678 leta:

1718 1705 2107 1760 consolationis
2135 1705 2437 1774 habuisset,
2468 1708 2657 1762 videns
2688 1709 2941 1766 inimicos
2969 1726 3100 1769 suos
3128 1713 3300 1767 victo-

1718 1797 1799 1851 ria
1837 1797 2094 1852 vitiorum
2137 1799 2432 1853 scabellum
2476 1801 2674 1869 pedum
2722 1817 2980 1870 suorum,
3030 1806 3300 1875 gaudebat

1714 1887 1896 1941 anima
1923 1888 2041 1955 ejus
2072 1888 2126 1941 in
2153 1887 2405 1954 Domino,
2432 1898 2486 1944 et
2521 1892 2800 1946 exultabat
2834 1893 3061 1963 spiritus
3097 1895 3216 1963 ejus
3239 1897 3297 1950 in

1715 1976 1827 2032 Deo
1875 1979 2101 2032 salutari
2146 1994 2268 2033 suo.
2314 1978 2546 2036 Vincula
2611 1992 2838 2037 terrente
2872 1984 3032 2038 molis
3066 1985 3299 2053 graviter

1714 2070 1997 2135 tolerabat,
2033 2078 2088 2124 et
2121 2080 2326 2139 quanto
2361 2073 2569 2127 viribus
2607 2073 2851 2142 corporis
2881 2074 3294 2140 destituebatur,

1713 2169 1865 2215 tanto
1898 2161 2072 2230 magis
2110 2161 2412 2216 libertatem
2451 2164 2779 2232 promissam
2821 2164 3054 2233 amplius
3083 2164 3299 2220 sitiebat

1712 2266 1838 2306 cum
1881 2253 2130 2320 apostolo
2173 2252 2363 2308 dicens
2402 2272 2414 2307 :
2455 2253 2621 2323 Cupio
2665 2255 2906 2320 dissolvi,
2953 2265 3002 2308 et
3037 2271 3146 2309 esse
3177 2271 3296 2308 cum

1713 2340 1926 2397 Christo
1974 2344 2146 2398 multo
2177 2345 2347 2414 magis
2389 2344 2577 2398 melius
2617 2344 2875 2414 (Philipp.
2911 2362 2950 2410 ι,
2989 2345 3101 2414 25).
3141 2344 3298 2411 Quod

1713 2446 1810 2501 per
1837 2433 2120 2501 speculum
2155 2433 2212 2487 in
2252 2435 2524 2503 enigmate
2551 2433 2665 2502 jam
2702 2449 2866 2488 senex
2902 2450 2965 2489 ac
3005 2434 3296 2488 lassabun—

1712 2524 1816 2578 dus
1838 2525 2076 2591 tenebat,
2111 2526 2218 2580 hoc
2243 2525 2427 2580 videre
2461 2525 2685 2580 ardebat
2711 2541 2808 2595 per
2829 2525 3085 2595 speciem.
3110 2524 3296 2580 Bonus

1713 2624 1894 2670 autem
1924 2616 2191 2671 Dominus
2219 2617 2417 2670 messis
2443 2617 2724 2671 differebat
2756 2617 3140 2683 succisionem,
3167 2617 3297 2685 quia

1713 2716 2038 2778 oportunam
2061 2716 2285 2762 noverat
2304 2717 2358 2761 et
2381 2707 2703 2775 disponebat
2721 2708 3108 2762 maturitatem.
3134 2706 3297 2761 Vide-

1713 2808 1798 2852 rat
1825 2813 1951 2852 eum
1976 2807 2030 2853 et
2049 2798 2328 2866 adjuverat
2357 2797 2413 2850 in
2444 2798 2546 2851 hac
2574 2798 2749 2852 hieme
2777 2813 2968 2866 aspera
3007 2797 3300 2866 pemiciter

1713 2890 2025 2955 desudasse,
2056 2899 2247 2944 ventos
2269 2888 2706 2957 temptationum,
2731 2889 2957 2956 pruinas
2979 2888 3292 2942 tribulatio-

1714 2997 1868 3047 num,
1899 2981 2214 3036 adustiones
2241 2981 2578 3050 voluptatum
2613 2994 2923 3049 superasse,
2963 2987 3016 3033 et
3040 2979 3298 3049 providus

1638 3107 1684 3170 c
1715 3083 2026 3128 sanctarum
2073 3073 2337 3126 virtutum
2381 3071 2621 3142 agricola
2669 3071 2906 3126 fructum
2942 3071 3298 3140 multiplicem

1715 3174 1873 3219 terrae
1906 3165 2064 3218 bona;
2095 3163 2375 3218 differebat
2409 3164 2710 3230 succidere,
2750 3163 3140 3232 plenitudinem
3177 3162 3299 3231 ejus

1712 3255 2064 3310 accumulans
2102 3255 2157 3309 in
2187 3255 2468 3325 patientia.
2505 3253 2976 3324 Appropinquavit
3010 3253 3173 3323 igitur
3203 3268 3298 3307 ve-

1715 3361 1874 3415 spera
1904 3346 2115 3411 mortis,
2143 3353 2198 3400 et
2225 3346 2486 3416 gaudens,
2521 3361 2586 3400 ac
2608 3344 3005 3414 praeteritorum
3031 3343 3298 3413 quodam-

1716 3437 1878 3493 modo
1908 3437 2216 3504 immemor,
2261 3437 2316 3490 in
2348 3437 2620 3491 anteriora
2650 3450 2709 3490 se
2732 3434 3057 3490 extendebat
3091 3448 3300 3504 praepa-

1716 3534 1851 3581 ratae
1882 3527 2226 3596 pausationis
2259 3526 2544 3582 denarium
2579 3541 2612 3580 a
2649 3533 2803 3596 patre
2858 3524 3095 3579 familias
3146 3539 3302 3592 repo-

1721 3632 1882 3672 scens
1913 3626 2085 3686 pactae
2114 3633 2179 3672 ac
2206 3617 2298 3672 diu
2319 3625 2615 3688 expectata
2641 3615 2926 3672 mercedis.
2959 3613 3078 3669 Non
3111 3612 3302 3670 fefellit

1715 3713 1852 3765 eum'
1874 3708 1988 3779 (fol.
2017 3710 2131 3779 49.)
2163 3709 2275 3778 spei
2312 3723 2511 3762 ancora
2538 3707 2792 3762 omnibus
2829 3707 2984 3760 firma
3019 3705 3297 3774 periculis,

1715 3809 1771 3854 et
1813 3800 2012 3855 veritas
2041 3800 2108 3854 de
2149 3799 2533 3869 promissionis
2577 3797 2899 3852 umbraculo
2940 3795 3207 3866 processit
3243 3795 3300 3848 in

1715 3893 1914 3948 lucem.
1963 3888 2163 3947 Tactus
2201 3891 2347 3946 enim
2395 3888 2725 3960 digladiabili
2775 3896 2922 3943 sorte
2969 3894 3198 3951 naturas,
3247 3893 3302 3940 ct

1716 3982 1898 4054 sciens
1921 3981 2025 4036 sibi
2055 3981 2345 4036 discidium
2365 3977 2614 4049 corporis
2637 3985 2690 4032 et
2711 3976 2906 4032 animm
2927 3973 3298 4046 supervenire,

1715 4055 1994 4128 conlidens
2022 4073 2077 4126 in
2103 4071 2234 4138 Deo,
2272 4071 2367 4141 qui
2408 4079 2588 4139 potest
2625 4078 2678 4124 et
2737 4068 2974 4123 animam
3015 4077 3070 4122 et
3102 4081 3301 4135 corpus

1713 4165 1939 4234 perdere
1965 4171 2019 4218 et
2049 4163 2277 4228 salvare,
2316 4161 2606 4216 convocari
2632 4159 2799 4229 jussit
2831 4174 3022 4213 omnes
3059 4157 3304 4212 ecclesiae

1717 4270 1832 4310 sua:
1861 4254 2000 4308 filios
2027 4262 2079 4306 et
2108 4253 2162 4306 in
2199 4252 2444 4307 aacclesia
2480 4252 2754 4315 meliores,
2778 4257 2834 4304 et
2861 4243 3124 4303 consueta
3154 4248 3303 4303 salu-

1716 4345 1788 4399 tis
1809 4345 2130 4398 documenta
2156 4343 2445 4412 replicans,
2471 4356 2636 4410 seque
2661 4341 2766 4394 illis
2789 4338 3200 4403 commendans,
3234 4339 3302 4392 ad

1718 4433 1972 4487 ultimum
2016 4432 2094 4486 ait
2129 4432 2312 4486 futura
2343 4430 2708 4501 pronuntians
2743 4448 2756 4485 :
2797 4427 3031 4483 Sabbato
3061 4436 3298 4490 venturo,

1719 4525 1820 4584 ﬁlii
1852 4523 2146 4589 karissimi,
2189 4539 2434 4592 magnam
2466 4522 2653 4576 scitote
2689 4521 2926 4590 futuram
2965 4517 3302 4571 serenitatem

1719 4614 1854 4668 cteli.
1887 4612 2265 4669 Serenissimus
2291 4614 2428 4667 enim
2461 4612 2669 4666 sabbati
2710 4601 2979 4664 Dominus'
2999 4607 3127 4661 mihi
3157 4623 3302 4662 servo

1717 4724 1812 4762 suo
1857 4707 2006 4776 ﬁdeli
2049 4707 2199 4759 dabit
2229 4704 2506 4759 sabbatum
2548 4703 2908 4774 requietionis,
2949 4709 2998 4754 et
3041 4707 3303 4768 pertesum

1718 4797 1898 4852 labore
1936 4813 2030 4851 sea:
2068 4797 2275 4850 dierum
2303 4796 2457 4865 hujus
2495 4793 2682 4860 seculi,
2710 4795 2766 4846 in
2810 4792 3032 4861 septima
3062 4790 3174 4841 sine
3217 4805 3304 4842 re-

1718 4905 1870 4960 spera
1896 4890 2037 4942 omni
2053 4888 2233 4943 labore
2253 4887 2476 4942 liberum
2500 4884 2902 4954 transportabit.
2937 4880 3112 4935 Terra
3138 4881 3304 4949 igitur

1720 4983 1904 5046 matri,
1927 4982 2064 5052 quod
2095 4996 2250 5034 suum
2284 4988 2360 5033 est
2392 4978 2622 5040 reddite;
2662 4991 2785 5028 nam
2823 4973 2985 5039 Deus,
3020 4973 3129 5025 vita
3163 4987 3300 5036 mea,

1719 5074 1953 5143 recipiet,
1988 5072 2126 5143 quod
2157 5070 2437 5140 inspiravit
2465 5070 2522 5121 in
2546 5067 2736 5136 faciem
2770 5080 2940 5116 meam
2975 5062 3302 5133 spiraculum

1717 5166 1858 5218 vita.
1915 5163 2015 5218 Vos
2043 5163 2206 5216 etiam
2250 5162 2482 5224 obsecro,
2519 5158 2736 5227 fratres,
2767 5163 2817 5208 et
2853 5171 2990 5208 nunc
3034 5170 3129 5224 pro
3158 5152 3238 5207 uol
3255 5153 3300 5205 is

1717 5255 2004 5320 sollicitus,
2036 5262 2094 5307 ut
2138 5265 2425 5322 numquam
2469 5265 2503 5301 a
2542 5247 2796 5301 memoria
2843 5253 3016 5299 uestra
3057 5244 3298 5307 recedat,

1718 5347 1810 5416 qui
1837 5361 2038 5414 semper
2063 5351 2112 5397 et
2141 5343 2331 5410 ubique
2352 5340 2617 5394 vobiscum
2651 5347 2748 5405 est,
2775 5336 3052 5389 Dominus.
3081 5333 3304 5389 Dicebat

1721 5436 1836 5490 haec
1860 5433 2074 5501 aliaque
2097 5431 2317 5496 similia,
2340 5437 2394 5483 et
2421 5429 2580 5498 quasi
2606 5428 2672 5483 ad
2699 5427 2902 5498 pascha
2940 5433 3300 5494 superventu-

1720 5540 1844 5578 rum
1888 5540 1948 5579 se
1989 5537 2322 5591 praeparans,
2362 5521 2550 5576 sordes
2577 5529 2632 5574 ct
2663 5519 2914 5588 contagia
2952 5516 3300 5570 circunstan~

1720 5614 1857 5668 tium
1887 5624 2049 5682 amne
2084 5613 2382 5680 lugentium
2416 5627 2570 5666 sacra
2605 5619 2660 5665 et
2682 5608 3002 5664 multimoda
3031 5604 3302 5660 ammoni-

1723 5705 1870 5760 tione
1897 5703 2138 5768 eluebat;
2188 5717 2334 5757 nunc
2369 5701 2434 5756 de
2463 5701 2548 5757 his
2586 5716 2708 5772 qua:
2741 5698 3101 5769 relinquebat,
3137 5694 3303 5752 casti-
