3932 6298
599 334 696 389 1⁸51

498 484 503 491 .
601 444 781 517 gando
803 408 1108 505 retrahens,
1142 451 1289 493 nunc
1314 434 1380 490 ad
1413 448 1475 488 ea
1498 431 1566 486 ad
1594 444 1718 499 qua:
1747 423 2197 495 transmigrabat,

601 514 917 607 instigando
947 531 1251 602 impellens.
1280 525 1439 580 Venit
1461 521 1609 592 quod
1640 518 1964 590 praedixerat
1992 514 2189 607 sabba-

600 604 826 691 tum,‘et
850 637 979 678 ecce
1008 627 1226 690 repente
1260 617 1314 670 in
1344 614 1476 669 cella
1515 610 1609 665 ubi
1648 625 1778 680 eger
1817 604 2187 672 recumbebat,

602 716 826 771 auditur
866 710 1169 783 frequentia
1192 749 1207 774 ,
1242 705 1540 761 audiuntur
1577 715 1773 766 voces,
1820 714 1960 768 quas
2006 697 2191 767 lingua

554 804 557 805 ⁷
601 806 818 861 edicere
852 818 952 859 nec
977 817 1079 856 vox
1108 805 1286 868 potest
1316 809 1587 851 resonare
1610 790 1948 847 mortalium.
1989 786 2213 842 Cesse-.

604 904 737 951 runt
771 894 1033 955 lacrimae,
1061 898 1251 957 stupor
1277 894 1332 941 et
1355 884 1562 941 extasis
1591 896 1785 939 omnes
1821 879 2049 945 invasit,
2083 879 2189 932 mi-

605 985 794 1040 raculo
823 991 876 1037 et
920 989 1129 1034 terrore
1156 991 1351 1032 omnes
1389 984 1614 1030 tenuere
1651 971 1950 1027 silentium.
1985 968 2189 1026 Audie-

605 1073 804 1128 bantur
827 1067 1070 1124 carmiua
1085 1081 1319 1121 sexuum
1354 1062 1672 1119 diversitate
1699 1059 1936 1125 diversa,
1966 1073 2067 1113 nec
2095 1057 2191 1127 qui

605 1170 785 1218 essent
838 1168 1118 1225 cantores,
1151 1154 1492 1227 corpulentia
1538 1152 1830 1208 tenebrosa
1885 1158 1941 1204 et
1984 1148 2191 1220 fragilis

600 1252 783 1307 videre
803 1250 1154 1320 przevalebat.
1182 1247 1297 1301 Hoc
1336 1245 1595 1315 tripudio,
1626 1244 1729 1298 hac
1764 1243 2075 1312 simphonia
2100 1241 2191 1323 lae-

599 1343 734 1398 titia:
780 1342 924 1397 inter
955 1355 1324 1411 supernorum
1370 1338 1572 1393 civium
1602 1334 1998 1398 exultationes,
2050 1331 2192 1385 inter

599 1450 801 1490 manus
839 1441 1160 1489 sanctorum
1202 1430 1521 1501 angelorum
1569 1424 1875 1483 dulcissimi
1919 1423 2193 1494 pontiﬁcis

599 1528 786 1581 anima
826 1525 894 1579 de
915 1522 1255 1593 corruptibili
1291 1535 1511 1576 carcere
1539 1525 1809 1587 exempta,
1841 1515 2007 1571 veluti
2036 1514 2191 1568 nivea

604 1616 858 1672 columba
908 1615 1121 1671 cunctis
1146 1612 1456 1668 videntibus
1486 1610 1749 1674 evolavit,
1777 1622 2011 1678 quorum
2048 1605 2193 1660 Deus

604 1708 816 1774 oculos,
851 1714 914 1760 ut
942 1706 1128 1760 videre
1169 1710 1530 1768 mererentur,
1579 1698 1811 1771 aperuit.
1842 1697 1919 1752 Ibi
1959 1696 2087 1751 felix
2137 1704 2191 1751 et

603 1799 763 1852 beata
786 1796 969 1852 anima
995 1795 1129 1850 illud
1161 1809 1332 1849 unum
1363 1792 1513 1863 quod
1547 1791 1603 1845 in
1629 1789 1910 1861 evangelio
1941 1787 2191 1842 Salvator

602 1887 762 1942 docet
782 1886 1174 1950 necessarium,
1205 1884 1276 1938 ab
1311 1882 1505 1937 eodem
1533 1879 1769 1934 Domino
1801 1877 2115 1948 perenniter
2138 1884 2193 1931 et

604 1977 837 2034 feliciter
874 1977 1084 2047 recipit.
1118 1976 1311 2049 lGREG.
1365 1973 1522 2041 Tur.,
1570 1987 1626 2026 1x
1651 2014 1666 2038 ,
1692 1970 1810 2042 25.]
1838 1968 1984 2025 Obiit
2009 1977 2189 2024 autem

600 2084 703 2140 pro
721 2069 848 2135 illis,
886 2077 947 2123 ut
974 2083 1141 2138 supra
1165 2066 1427 2130 diximus,
1456 2065 1640 2120 causis
1661 2062 2045 2118 amaritudinis
2069 2061 2192 2117 felle

599 2161 949 2232 adgravatus,
965 2159 1203 2214 maxime
1223 2157 1404 2212 inedia
1417 2163 1796 2224 consumptus.
1821 2153 2084 2208 Curatum
2108 2162 2215 2208 est-

602 2265 735 2305 sane
762 2265 963 2318 corpus
983 2248 1106 2315 ejus
1123 2246 1561 2301 sacratissimum
1584 2245 1671 2314 pia
1692 2243 1934 2297 ﬁliorum
1964 2242 2189 2311 diligen-

602 2339 699 2404 tia,
723 2345 779 2392 et
798 2338 955 2407 juxta
978 2336 1152 2406 patris
1179 2335 1371 2389 ultima
1400 2340 1671 2403 praecepta
1688 2341 1848 2387 terra:
1873 2325 2189 2385 mandatum

603 2429 659 2483 in
692 2428 940 2483 aecclcsia
979 2427 1155 2482 sancti
1185 2426 1418 2481 Andreae
1450 2432 1505 2478 et
1532 2424 1676 2479 beati
1722 2422 1942 2477 Martini
1973 2421 2194 2476 nomine

603 2527 942 2574 consecrata.
974 2516 1079 2572 Ubi
1110 2517 1320 2572 meritis
1362 2516 1483 2586 ejus
1511 2522 1568 2570 et
1607 2514 1862 2584 precibus
1890 2513 2196 2568 exuberant

605 2609 788 2664 divina
828 2608 1123 2673 beneﬁcia,
1170 2616 1510 2677 cunctosque
1554 2605 1652 2661 Dei
1692 2605 1942 2660 medetur
1994 2603 2189 2674 pietas.

606 2700 893 2771 Requievit
927 2708 1110 2754 autem
1146 2713 1333 2754 mense
1375 2695 1716 2761 Decembrio,
1746 2695 1835 2750 die
1857 2693 2065 2764 primo,
2097 2692 2195 2762 qui

602 2801 722 2848 erat
760 2792 880 2847 dies
924 2790 1160 2847 sabbati.
1193 2789 1576 2845 Annunciatus
1606 2795 1691 2843 est
1714 2786 1784 2841 ab
1820 2786 2014 2856 angelo
2048 2800 2195 2840 anno

604 2884 675 2941 ab
702 2883 809 2938 inc.
844 2883 998 2938 Dom.
1026 2882 1152 2949 5l8,
1179 2890 1343 2936 natus
1365 2888 1492 2951 post
1517 2879 1817 2934 triennium
1856 2893 1908 2932 a.
1944 2877 2069 2943 521,
2100 2891 2194 2931 οι·-

605 2966 826 3028 dinatus
865 2972 920 3027 in
954 2972 1272 3042 pontiﬁcem
1320 2985 1467 3025 anno
1491 2970 1670 3026 aetatis
1719 2985 1833 3024 sua:
1865 2969 1955 3022 55.
1991 2968 2060 3022 ab
2084 2968 2191 3022 inc.

608 3062 768 3118 Dom.
818 3063 943 3129 555,
982 3062 1281 3117 indictione
1331 3063 1386 3127 5,
1410 3061 1565 3131 regni
1613 3059 1975 3114 Theodeberti
2023 3074 2075 3113 a.
2108 3059 2195 3125 l5,

606 3162 733 3225 post
761 3154 1009 3226 quintam
1050 3153 1320 3225 synodum
1354 3150 2024 3220 Constantinopolitanam
2050 3165 2103 3205 a.
2138 3151 2193 3217 2,

609 3245 989 3316 pontiﬁcatum
1023 3253 1215 3323 agente
1245 3243 1509 3299 Romanae
1537 3241 1783 3298 ecclesia:
1806 3255 1947 3312 papa
1975 3239 2195 3313 Vigilio,

610 3337 912 3406 imperante
943 3334 1253 3389 Iustiniano
1302 3334 1516 3389 minore
1565 3348 1616 3387 a.
1641 3331 2198 3400 28,1ustinianima-

609 3427 747 3496 joris
772 3436 985 3498 nepote.
1017 3425 1166 3480 Vixit
1195 3426 1252 3480 in
1281 3426 1597 3496 episcopatu
1642 3441 1695 3479 a.
1729 3425 1819 3491 47,
1866 3425 2100 3479 decessit
2122 3440 2199 3479 aa-

618 3520 745 3573 tatis
768 3534 883 3575 suae
923 3534 974 3572 a.
1005 3517 1095 3584 81,
1119 3519 1189 3573 ab
1216 3517 1324 3573 inc.
1360 3516 1517 3573 Dom.
1544 3517 1671 3582 602,
1693 3517 1986 3571 indictione
2018 3517 2071 3582 5,
2105 3516 2201 3585 qui

615 3619 736 3665 erat
762 3626 943 3665 annus
974 3609 1304 3664 Guntramni
1334 3610 1426 3675 55,
1459 3617 1691 3680 papatus
1722 3609 1910 3664 domni
1953 3608 2201 3678 Gregorii

616 3716 770 3771 papae
800 3716 851 3756 a.
890 3702 977 3756 l2.
1021 3700 1216 3771 (Bsur.
1244 3700 1368 3771 vn.)
1401 3700 1754 3756 Butiovaldus
1784 3701 2006 3770 quidam
2035 3700 2205 3755 abbas

615 3793 992 3863 episcopatum
1038 3792 1307 3858 ambiens,
1354 3791 1483 3861 quia
1509 3799 1656 3847 esset
1699 3791 1990 3860 superbus,
2034 3790 2205 3843 nichil

617 3883 874 3953 optinuit.
905 3881 1260 3938 Caramerum
1304 3880 1733 3936 referendarium
1766 3895 1893 3935 cum
1926 3892 2203 3934 consensu

620 3973 822 4029 civium
869 3972 1071 4044 regalis
1101 3973 1335 4028 assensit
1361 3972 1661 4028 auctoritas
1690 3971 1806 4026 ﬁeri
1841 3970 2199 4026 sacerdotem.

620 4062 753 4119 Post
786 4079 912 4119 eum
947 4064 1341 4118 extitit.........
1387 4064 1456 4095 ¹²⁶
1487 4063 1639 4135 (Fel.
1666 4062 1774 4131 49’)
1802 4058 2204 4126 Ermenfridus,

622 4156 691 4210 de
731 4154 933 4235 quibus
959 4154 1165 4209 nullam
1204 4154 1368 4209 aliam
1399 4154 1669 4209 habemus
1712 4151 2067 4216 memoriam,
2097 4151 2206 4205 nisi

625 4246 773 4317 quod
825 4236 880 4301 in
916 4246 1108 4301 ordine
1137 4246 1519 4316 episcoporum
1551 4246 1792 4315 episcopi
1825 4254 1954 4301 sunt
1982 4242 2203 4313 reperti.

630 4337 829 4393 Verum
854 4337 923 4393 de
952 4338 1038 4393 his
1069 4352 1216 4393 nunc
1245 4339 1349 4393 ista
1373 4336 1663 4393 sulliciant.

695 4427 888 4502 [ὓπερ.
923 4427 1081 4492 Tur.,
1118 4444 1191 4493 IV,
1224 4427 1342 4499 46.]
1369 4426 1711 4496 Chilpericus
1758 4426 1963 4494 itaque,
1991 4422 2205 4478 Nerone

623 4521 782 4591 pejor
810 4528 865 4574 et
899 4518 1139 4584 Herode,
1176 4529 1303 4588 post
1350 4519 1520 4572 multa
1545 4519 1709 4582 mala,
1749 4518 1911 4583 bella,
1941 4516 2116 4572 cades
2153 4527 2207 4573 et

626 4608 1029 4678 descriptiones
1063 4622 1233 4661 novas
1265 4615 1320 4661 et
1365 4606 1739 4676 gravissimas.
1779 4620 1921 4672 quas
1971 4604 2027 4658 in
2057 4605 2204 4659 omni

626 4714 799 4771 regno
828 4713 931 4754 suo
977 4696 1127 4763 fecit,
1151 4698 1281 4753 dum
1307 4697 1376 4751 de
1400 4696 1690 4751 venatione
1714 4698 1856 4766 apud
1877 4696 2063 4751 villam
2098 4696 2206 4751 Ca—

629 4789 837 4846 lenscm
851 4789 1008 4861 juxta
1018 4788 1294 4843 Parisium
1312 4788 1428 4858 jam
1452 4788 1790 4843 subobscura
1805 4795 1966 4843 nocte
1984 4788 2205 4855 rediret,

631 4884 763 4938 dum
792 4884 860 4938 de
887 4898 1030 4954 equo
1059 4883 1451 4953 susciperetur,
1497 4890 1552 4936 et
1582 4897 1747 4935 unam
1776 4897 2000 4937 manum
2046 4896 2210 4951 super

633 4973 790 5042 pueri
818 4974 1100 5043 scapulam
1128 4982 1357 5038 teneret,
1394 4971 1690 5027 adveniens
1715 4973 1961 5042 quidam,
1989 4972 2211 5028 nomine

634 5064 819 5131 Falco,
842 5064 1046 5121 missus
1070 5080 1100 5119 a
1124 5063 1493 5129 Brunicbilde,
1520 5065 1697 5119 cultro
1725 5080 1849 5119 eum
1882 5065 1986 5119 sub
2013 5062 2212 5119 ascella

635 5158 928 5237 percussit,
945 5165 1002 5213 et
1014 5158 1211 5211 iterato
1225 5157 1334 5213 ictu
1351 5157 1603 5227 spiritum
1615 5156 1735 5225 ejus
1749 5155 1906 5211 fudit.
1923 5153 2211 5227 [Faenum]

638 5245 738 5302 Hic
763 5248 962 5303 multas
993 5247 1247 5318 regiones
1261 5245 1581 5314 devastavit,
1607 5246 1894 5316 episcopos
1918 5244 2214 5301 execraba-

637 5348 749 5403 tur,
782 5346 1106 5394 testamenta
1130 5338 1483 5395 ecclesiarum
1518 5338 1687 5394 multa
1717 5337 1973 5407 disrupit,
2001 5336 2212 5393 nullum

638 5444 881 5498 unquam
910 5429 1117 5495 dilexit,
1145 5444 1175 5483 a
1198 5428 1418 5484 nemine
1437 5429 1668 5483 dilectus
1695 5435 1798 5481 est.
1828 5425 2024 5498 [GM-1G.
2055 5425 2213 5491 Tur.,

642 5537 716 5587 tv,
750 5522 865 5596 46.]
904 5523 1040 5579 Cum
1068 5524 1321 5594 spiritum
1352 5522 1683 5588 exhalasset,
1733 5522 1885 5577 solus
1924 5520 2216 5577 derelictus

1634 309 1939 372 HUGONIS
1973 304 2266 365 ABBATIS
2304 297 2875 359 FLAVINIACENSIS

2225 3108 2266 3166 C

3739 297 3811 352 liii

2223 424 2270 479 Α
2294 426 2396 473 est.
2423 415 2581 470 Hunc
2602 411 2925 468 Madelulfus
2952 406 3377 464 Silvancctensis
3402 406 3672 477 episcopus
3692 421 3813 464 noctu

2291 506 2555 576 sepelivit.
2586 504 2743 560 Obiit
2797 520 2857 558 a.
2907 501 3052 566 588,
3098 513 3338 554 anno....
3393 496 3701 552 Childeberti
3745 501 3813 554 ﬁlii

2292 596 2582 668 Sige‘berti.

2360 666 2648 757 [Faenum]
2671 683 2833 737 Anno
2859 680 3028 752 igitur
3048 678 3118 734 ab
3139 677 3248 733 inc.
3275 666 3432 731 Dom.
3457 677 3580 740 595,
3608 689 3815 748 regnante

2290 776 2651 840 Guntramno,
2679 788 2825 828 anno
2851 771 3004 842 regni
3027 770 3115 825 sui
3161 769 3258 834 25,
3309 768 3425 838 ipse
3451 768 3674 822 domnus
3705 767 3817 823 Gun-

2291 877 2541 923 tramnus
2589 883 2687 922 res
2711 865 2999 922 ecclesiam
3048 863 3103 917 in
3143 861 3409 917 suburbio
3440 859 3752 915 Cabilonensi
3772 863 3811 915 in

2291 960 2499 1014 honore
2529 959 2704 1014 sancti
2731 956 2968 1012 Marcelli
2996 953 3302 1018 mdiﬁcavit,
3326 967 3491 1022 quam
3523 951 3676 1006 rebus
3690 953 3818 1021 pluri-

2293 1052 2400 1106 mis
2439 1051 2664 1118 ditavit,
2693 1058 2749 1104 et
2799 1061 3142 1119 congregans
3195 1043 3466 1115 synodum
3517 1042 3818 1112 quadraginta

2291 1145 2701 1215 episcoporum,
2724 1140 3026 1196 monachos
3053 1136 3188 1191 inibi
3207 1149 3330 1190 esse
3358 1132 3595 1189 decrevit
3616 1132 3679 1187 ad
3695 1132 3821 1188 instar

2291 1235 2611 1291 monasterii
2638 1230 3002 1305 Agaunensis.
3027 1228 3278 1297 Cumque
3296 1225 3348 1279 ei
3371 1225 3634 1295 perlatum
3657 1222 3819 1287 fuisset,

2291 1328 2435 1398 quod
2460 1326 2630 1382 frater
2650 1341 2785 1382 suus
2799 1321 3141 1392 Chilpericus
3161 1315 3482 1373 interfectus
3510 1313 3710 1380 fuisset,
3728 1315 3823 1368 abiit

2290 1418 2557 1485 Parisius,
2585 1417 2921 1488 baptizatum
2947 1413 3123 1468 tilium
3151 1407 3468 1478 Chilperici,
3500 1406 3706 1461 nomine
3725 1404 3818 1458 Clo-

2291 1511 2554 1577 tharium,
2601 1508 2719 1579 ipse
2749 1507 2817 1563 de
2847 1505 2999 1561 fonte
3024 1501 3289 1572 suscepit,
3315 1508 3370 1555 et
3415 1499 3473 1554 in
3521 1512 3679 1568 regna
3699 1497 3824 1567 patris
3876 1552 3877 1579 ξ

2294 1601 2600 1658 constituit.
3876 1648 3877 1665 η

2363 1695 2524 1750 Anno
2566 1692 2647 1764 26,
2691 1690 2844 1764 regni
2892 1688 3037 1759 ejus,
3079 1686 3227 1742 ﬁlius
3256 1682 3508 1739 nascitur
3542 1680 3825 1737 Cbildeberto
3876 1686 3877 1763 ξ

2223 1762 2265 1820 Β
2293 1756 2722 1849 Theodebertus,
2746 1756 2801 1838 et
2824 1756 2970 1844 anno
3000 1777 3251 1849 sequenti
3287 1772 3673 1829 Theodericus.
3710 1771 3828 1843 Cum.
3876 1756 3877 1763 “

2289 1886 2540 1932 tramnus
2561 1873 2967 1929 Childebertum
2987 1868 3266 1939 adoptavit
3291 1867 3347 1920 in
3370 1865 3567 1929 ﬁlium,
3594 1863 3709 1933 quia
3727 1862 3826 1915 filios

2291 1984 2403 2023 non
2442 1966 2695 2021 habebat.
2754 1963 2880 2032 lpso
2941 1977 3088 2015 anno
3142 1973 3277 2028 gens
3323 1955 3619 2011 Persarum
3656 1951 3828 2007 credidit
3876 1994 3877 2032 ξ

2291 2058 2548 2123 Christo,
2599 2064 2655 2111 et
2710 2054 3018 2125 baptizatus
3069 2060 3154 2106 est
3190 2051 3489 2119 imperator
3526 2044 3780 2100 Persarum
3806 2058 3825 2094 a
3876 2044 3877 2069 ³

2293 2156 2486 2204 sancto
2533 2146 2785 2202 Johanne
2826 2140 3436 2211 Constantinopolitano
3486 2152 3614 2192 cum
3647 2134 3828 2189 60mili~
3876 2136 3877 2201 ξ

2292 2239 2397 2295 bus
2428 2254 2642 2293 eorum.
3876 2224 3877 2287 ἦ

2364 2331 2523 2384 Anno
2553 2329 2621 2384 50
2656 2328 2806 2399 regni
2844 2326 2985 2396 ejus,
3028 2323 3122 2395 qui
3155 2331 3276 2379 erat
3321 2321 3390 2376 ab
3424 2320 3539 2375 inc.
3571 2318 3714 2373 Dom.
3740 2315 3827 2379 598,
3876 2364 3877 2367 η

2295 2424 2514 2479 inventa
2541 2429 2625 2477 est
2651 2421 2837 2476 tunica
2866 2416 3082 2472 Domini
3112 2414 3287 2470 nostri
3311 2412 3440 2468 Iesu
3470 2409 3671 2465 Christi
3690 2409 3828 2461 incoa—
3876 2420 3877 2457 1

2295 2514 2495 2581 sutilis,
2529 2521 2583 2568 et
2602 2528 2633 2566 a
2657 2510 2920 2581 Gregorio
2949 2506 3313 2571 Antiocheno,
3343 2503 3559 2557 Thema
3581 2498 3828 2567 Hierosolyc

2296 2607 2527 2670 mitano,
2554 2603 2805 2658 Johanne
2827 2597 3460 2667 Constantinopolitano,
3482 2602 3539 2648 et
3558 2592 3672 2647 aliis
3695 2587 3828 2644 multis

2295 2697 2365 2754 de
2396 2695 2572 2750 Zafati
2606 2694 2826 2749 civitate
2853 2706 2979 2746 cum
3032 2704 3159 2743 arca
3209 2700 3525 2741 marmorea
3559 2684 3739 2745 levata,
3769 2694 3829 2732 or-
3876 2696 3877 2754 ξ

2297 2788 2424 2845 dine
2451 2786 2691 2858 pedestri
2740 2782 3177 2853 Hierosolymam
3210 2778 3419 2849 perlata
3452 2784 3563 2842 est,
3599 2774 3720 2830 etin
3744 2772 3828 2825 loco

2299 2881 2397 2938 ubi
2424 2897 2562 2937 crux
2586 2880 2867 2941 adoratur,
2900 2850 3027 2930 cum
3057 2872 3338 2942 triumpho
3373 2868 3577 2940 posita.

2372 2971 2769 3034 Guntramnus,
2785 2975 3076 3038 postquam
3109 2964 3178 3018 55
3203 2962 3365 3017 annis
3387 2973 3621 3032 regnum
3642 2956 3832 3024 Burgun-

2300 3066 2404 3123 dia:
2435 3065 2631 3130 tenuit,
2695 3061 2930 3117 moritur
2978 3058 3013 3114 5
3063 3056 3183 3111 Kal.
3230 3054 3482 3125 Aprilis;
3535 3050 3756 3121 sepultus
3780 3054 3834 3099 est
3876 3070 3877 3109 ι

2298 3155 2580 3212 Cabilone.
2606 3128 2856 3224 Regnum
2873 3140 2993 3221 ejus
3007 3148 3390 3205 Childebertus
3412 3134 3833 3212 assumpsit,un

2299 3266 2476 3305 annos
2505 3256 2745 3319 quatuor
2772 3228 2971 3310 tenuit,
2998 3250 3054 3298 et
3083 3250 3338 3296 mortuus
3359 3245 3447 3293 est
3484 3238 3545 3291 in
3574 3233 3835 3319 adolesotaf
3876 3226 3877 3299 ξ

2298 3343 2393 3407 tia,
2425 3318 2571 3395 anno
2592 3338 2744 3410 regni
2774 3337 2863 3393 sui
2893 3335 2983 3403 17,
3022 3333 3201 3390 aetatis
3226 3331 3318 3395 25,
3342 3330 3413 3383 ab
3431 3328 3550 3383 inc.
3579 3325 3722 3379 Dom.
3747 3318 3834 3373 605.
3876 3336 3877 3411 ξ

2298 3432 2421 3486 Filii
2448 3433 2566 3502 ejus
2594 3446 2822 3501 regnum
2848 3432 3210 3497 susceperunt
3231 3419 3647 3475 Theodebertus
3662 3414 3836 3468 Austra-

2301 3524 2532 3589 siorum,
2556 3523 2738 3577 sedem
2761 3520 2970 3574 habens
2997 3516 3237 3581 Mettim;
3265 3510 3639 3566 Theodericus
3660 3515 3834 3574 regnum
3876 3512 3877 3561 ὴ

2301 3613 2628 3670 Guntramni
2653 3612 2708 3666 in
2736 3609 3080 3681 Burgundia,
3109 3606 3294 3662 sedem
3321 3602 3537 3657 habens
3566 3592 3837 3655 Anrelianis.

2301 3707 2367 3762 Hi
2410 3708 2520 3763 duo
2553 3720 2708 3776 reges
2761 3710 2949 3759 contra
2983 3698 3322 3755 Clotbarium
3363 3691 3663 3763 Chilperici
3708 3686 3835 3742 ﬁlium
3876 3694 3877 3763 ᾖ

2302 3816 2455 3855 arma
2502 3805 2750 3863 movent,
2798 3795 2893 3850 ubi
2932 3791 3250 3848 Clotharius
3271 3785 3634 3858 opprimitur,
3680 3790 3730 3836 et
3765 3788 3838 3847 qua

2300 3898 2481 3962 potest
2506 3888 2818 3944 conditione
2840 3898 3034 3955 pacem
3061 3880 3212 3936 facit.

2377 3981 2527 4053 (F01.
2567 3979 2684 4047 50.)
2716 3954 2875 4032 Anno
2900 3973 3147 4047 regni....
3187 3967 3536 4034 Theoderici,
3568 3964 3660 4037 qui
3676 3954 3839 4053 erat!b

2304 4048 2415 4129 inc.
2450 4073 2609 4128 Dom.
2647 4071 2774 4137 602,
2809 4069 3024 4124 Phocas
3055 4067 3167 4121 dux
3194 4072 3249 4118 et
3278 4060 3549 4133 patricius
3572 4059 3651 4114 rei
3668 4051 3841 4126 public:
3876 4048 3877 4051 “

2305 4165 2631 4222 Mauricium
2670 4163 3065 4232 imperatorem
3099 4153 3373 4211 interfecit
3393 4161 3450 4208 et
3472 4147 3748 4221 imperium
3779 4154 3839 4193 ιε·
3876 4224 3877 4231 γ

2306 4254 2561 4325 sumpsit.
2600 4250 2940 4307 Theoderico
2990 4252 3296 4302 nascuntur
3342 4242 3441 4296 ﬁlii
3484 4234 3842 4325 Sigebertnstl
3876 4282 3877 4307 ι

2305 4322 2706 4402 Childcbertus.
2747 4337 3118 4396 Brunicbildis
3142 4345 3197 4392 et
3229 4333 3566 4390 Prothadius
3599 4322 3842 4397 majordo'
3876 4324 3877 4393 ξ

2237 4449 2280 4503 ι)
2305 4432 2429 4493 mus
2483 4433 2881 4489 Theodericum
2929 4430 3194 4485 adversus
3243 4425 3469 4481 fratrem
3522 4421 3840 4503 commovent:

2311 4528 2669 4599 quamobrem
2700 4522 2993 4578 Protadius
3021 4521 3091 4576 ab
3112 4519 3359 4575 exemita
3398 4509 3718 4572 Theoderici

2313 4595 2503 4685 mitur,
2552 4626 2607 4672 et
2663 4615 2859 4670 fratres
2906 4621 3192 4684 pacantur.
3246 4607 3625 4665 Theodericus
3667 4595 3843 4658 consilio

2312 4706 2681 4763 Brunicbildis
2721 4704 2857 4759 aviae
2904 4717 3018 4758 suae
3064 4708 3319 4757 sanctum
3363 4695 3702 4753 Desiderium
3728 4687 3844 4740 Vien-

2314 4813 2541 4855 nensem
2591 4794 3064 4865 archiepiscopum
3105 4792 3273 4846 exilio
3316 4786 3623 4853 damnavit,
3652 4790 3704 4838 et
3727 4776 3843 4865 redw
3876 4816 3877 4819 η

2314 4898 2465 4946 ctum
2492 4889 2560 4944 de
2591 4887 2757 4943 exilio
2780 4863 3029 4955 lapidare
3076 4882 3224 4938 fecit.
3254 4880 3518 4936 Sanctum
3545 4886 3752 4947 quoque
3772 4863 3846 4919 ἂν

2315 4980 2635 5035 lumbanum
2659 4978 2727 5032 de
2747 4989 2918 5046 regno
2942 4988 3046 5030 suo
3073 4970 3404 5036 exturbavit,
3435 4984 3606 5040 quem
3627 4956 3847 5020 Clotarins

2315 5069 2608 5139 Chilperici
2621 5069 2769 5122 ﬁlius
2779 5066 3038 5135 suscepit.
3057 5063 3190 5118 Erat
3207 5062 3355 5118 enim
3365 5069 3583 5116 amator
3597 5049 3843 5139 sapientia:-

2316 5133 2516 5216 lterum
2545 5160 2613 5213 lis
2644 5158 2786 5212 inter
2817 5133 3014 5214 me.
3052 5151 3422 5208 Brunicbildis
3450 5148 3689 5220 agitatur
3713 5133 3847 5197 cousi-

2315 5252 2411 5318 lio,
2429 5258 2484 5306 et
2502 5251 2731 5305 collecto
2753 5247 2994 5303 exercitu
3010 5243 3254 5300 Tullensi
3273 5241 3579 5312 confligunt
3591 5225 3844 5302 campani!-

2320 5339 2508 5397 Victor
2530 5337 2902 5394 Theodericus
2936 5333 3368 5391 Theodebertum
3400 5344 3580 5400 usque
3614 5318 3846 5381 Coloniam

2317 5431 2647 5500 ins“luitur,
2683 5430 2776 5484 ubi
2807 5428 3216 5483 Theodebertus
3257 5423 3628 5492 redintegrato
3658 5408 3844 5500 exercitu

2319 5496 2523 5577 bellum
2561 5528 2760 5576 movet.
2790 5519 2969 5575 Tanta
2991 5517 3068 5575 ibi
3096 5525 3307 5587 strages
3343 5514 3484 5570 facta
3522 5519 3630 5577 est,
3658 5512 3716 5561 ut
3732 5496 3847 5556 eadr

1928 5607 2158 5664 νΔῆΙῶ
2198 5605 2600 5665 LECTIONES.

717 5702 786 5737 ”°
813 5704 956 5758 (ortis
986 5719 1168 5758 erasus
1189 5712 1238 5756 et
1266 5715 1462 5756 ramus
1491 5703 1546 5754 in
1574 5719 1618 5755 c.
1655 5702 1809 5755 tertia
1839 5715 1963 5770 pars
1996 5697 2166 5752 linea.
