3932 6298
116 322 190 376 ηδ
1125 294 1130 300 ’
1263 309 1605 366 cunemco

1711 314 1786 352 ’——
1824 311 1949 365 LIB.
1981 311 2022 365 l.

3182 325 3294 380 154

111 448 204 487 vera
237 435 542 485 mortuorum
586 441 695 479 non
750 425 1014 480 haberent
1063 439 1173 494 quo
1218 433 1461 492 ruerent,
1505 440 1616 493 prae
1643 426 1690 484 Α
1721 441 1854 479 usus
1878 425 2108 479 consilio
2127 433 2334 495 partem
2363 430 2514 500 regni
2545 433 2985 493 lratrironccssit
3008 437 3283 510 Tolosam,

108 520 388 579 multitudine
408 519 726 573 occisorum.
758 517 804 570 A
827 517 1088 571 Tulbiaco
1121 532 1293 585 usque
1323 517 1608 570 Coloniam

107 621 350 684 prostratus
391 610 650 664 exercitus
705 617 906 671 terram
960 608 1193 677 operuit.
1240 606 1607 664 Theodericus

106 706 240 758 victor
277 701 476 759 fratrem
524 700 888 770 persequitur,
944 709 997 754 et
1039 714 1263 753 suorum
1301 698 1609 768 proditione

105 802 273 863 raptum
303 793 425 845 avia:
461 790 790 845 Brunichildi
830 791 1046 860 dirigit;
1081 805 1242 860 quem
1277 791 1368 844 illa
1413 792 1466 844 in
1493 791 1606 846 cle-

107 887 237 953 ricunj
263 882 476 938 totondit
495 889 549 936 et
565 890 693 952 post
721 882 1004 951 paululum
1033 880 1322 936 interfecit.

159 971 286 1040 (Vita
327 970 507 1025 Garrici
545 970 733 1040 ampl.)
765 969 1043 1042 Regnante
1073 971 1448 1026 Theodeberto
1484 987 1610 1042 rege

107 1072 280 1117 sanctus
305 1061 557 1126 Gaericus,
583 1076 679 1115 rex
699 1062 1007 1131 Aquitaniae
1036 1061 1279 1128 ultimus,
1299 1063 1465 1132 justis
1490 1063 1610 1132 pol-

108 1156 193 1206 lens
214 1153 445 1218 moribus,
467 1167 496 1206 a
525 1151 754 1206 Domino
786 1152 1026 1207 caecitate
1048 1168 1372 1222 percussus,
1403 1154 1611 1208 revela-

109 1245 216 1298 tione
259 1244 476 1312 angelica
525 1242 732 1298 Mettim
765 1244 942 1311 venit,
972 1245 1060 1300 cui
1125 1253 1354 1313 praeerat
1387 1254 1610 1300 sanctus

106 1333 311 1387 Arnulfus
349 1334 680 1403 propinquus
707 1334 852 1403 ejus;
897 1343 952 1390 et
991 1335 1327 1390 illuminatus
1359 1351 1391 1388 a
1419 1345 1608 1390 sancto

109 1424 326 1493 Stephano
344 1425 556 1480 domum
582 1427 754 1481 sancti
784 1425 929 1480 Petri
944 1427 1272 1492 construxit,
1290 1435 1344 1481 et
1368 1435 1609 1496 tempore

107 1513 361 1583 Dagoberti,
386 1525 569 1571 sancto
599 1517 828 1572 Arnulfo
865 1534 1109 1572 eremum
1142 1527 1374 1588 petente,
1407 1519 1608 1573 ibidem
1661 1523 1666 1528 ’

1709 514 2086 583 Caturcinam,
2120 519 2479 587 Agenensem,
2517 521 2924 596 Petragoricum
2957 540 3012 584 et
3051 529 3284 586 Sancto-

1709 604 1915 668 nicum,
1944 614 1997 659 et
2021 607 2167 676 quod
2195 609 2263 662 ab
2291 609 2378 665 his
2400 625 2592 668 versus
2629 614 2903 687 Pyreneos
2937 630 3152 679 montes
3188 638 3286 678 ει·-

1708 703 1974 771 cluditur;
2033 713 2087 759 et
2135 708 2395 777 regnabat
2454 709 2739 768 Aribertus
2788 714 2843 769 in
2885 715 3174 774 Provincia
3232 729 3288 776 et

1707 793 2001 864 Aquitania
2032 804 2086 850 et
2120 807 2246 865 post
2275 806 2384 853 tres
2411 814 2586 855 annos
2616 809 2784 858 totam
2821 805 3141 864 Vasconiam
3185 825 3284 866 su-

1708 901 1906 954 perans
1935 887 2038 940 sibi
2077 889 2334 943 subdidit.

1779 977 2071 1050 [BER'I‘AR.]
2121 980 2278 1033 Anno
2320 980 2532 1036 Domini
2563 985 2664 1040 58?.
2705 987 2839 1041 obiit
2876 999 3098 1045 sanctus
3145 992 3286 1048 Ger-

1709 1085 1905 1125 manus
1950 1070 2276 1126 Parisiensis
2310 1081 2364 1126 et
2407 1089 2458 1126 a.
2517 1074 2620 1127 650
2659 1078 2762 1131 sub
2791 1077 3094 1150 Dagoberto
3117 1082 3291 1153 viguit

1710 1170 1932 1216 sanctus
1980 1160 2183 1216 Paulus
2219 1161 2579 1220 Virdunensis
2627 1166 2794 1222 frater
2821 1170 2958 1238 ejus.
3006 1171 3162 1238 Quod
3213 1176 3282 1241 si,

1709 1261 1771 1306 ut
1804 1252 2079 1319 scribitur,
2128 1253 2202 1307 ita
2247 1262 2350 1319 est,
2381 1256 2662 1325 sexaginta
2688 1267 2741 1312 et
2773 1275 2837 1312 eo
2866 1263 3100 1331 amplius
3126 1265 3292 1318 annis

1709 1345 1845 1399 vixit
1882 1352 2008 1413 post
2043 1360 2191 1398 eum.
2231 1343 2355 1400 Nati
2384 1355 2512 1400 sunt
2563 1347 2617 1400 in
2653 1364 2791 1418 pago
2845 1350 3118 1419 Educnsi,
3165 1355 3289 1408 vico

1710 1434 1994 1502 Lausia,et
2018 1436 2073 1489 in
2098 1451 2291 1491 manso
2317 1437 2615 1492 nativitatis
2633 1454 2822 1493 eorum
2853 1457 2959 1495 non
2981 1446 3153 1510 canis,
3178 1461 3289 1499 non

1711 1528 1826 1582 avis
1853 1528 2092 1597 praedam
2119 1544 2332 1598 .rapere
2366 1531 2640 1598 praevalet,
2677 1548 2801 1601 qua:
2836 1550 2944 1588 non
2985 1538 3167 1590 statim
3202 1537 3290 1591 in-

106 1694 315 1750 Κλίεηίίτιε
332 1693 592 1764 Οεῑοὶπίε,
627 1699 870 1767 sepultus
893 1699 947 1752 in
973 1699 1224 1755 Cmnomo
1251 1701 1425 1754 sancti
1449 1701 1607 1771 Sym-
1713 1727 1889 1782 usque
1917 1711 2078 1766 hodie
2112 1712 2454 1767 ecclesiolam
2482 1715 2677 1768 retinet
2706 1717 2883 1770 sancti
2912 1716 3169 1772 Germani
3196 1735 3295 1773 no-

106 1783 293 1811 nLnn:nn:
348 1784 491 1811 Ιῖἶέο...
545 1785 674 1811 Ϊ-...2
711 1785 805 1811 ο-..
838 1790 850 1811 \
883 1787 1146 1811 φΑ-Α-Α--
1195 1788 1512 1811 'I"L--j.a_:-2
1562 1798 1606 1811 ,Α
1773 1804 1783 1811 .
2013 1803 2023 1811 .
2199 1804 2210 1811 .
2290 1804 2302 1811 .

103 1783 313 1848 phoriani.
346 1784 491 1854 (Vita
536 1785 674 1856 Lupi
704 1785 851 1857 Sen.)
883 1787 1150 1858 Tempore
1195 1788 1516 1845 Theoderici
1555 1798 1610 1845 et
1640 1783 1686 1811 ¹¹
1713 1804 1858 1858 mine
1888 1813 1942 1858 ει
1977 1803 2174 1858 virtute
2198 1804 2490 1874 insignem.

107 1603 293 1706 pontifex
325 1606 642 1706 subrogatus
682 1607 748 1660 18
788 1608 948 1662 annis
981 1607 1224 1678 praefuit,
1257 1608 1492 1662 decessu
1527 1609 1594 1662 15
1622 1645 1685 1706 ἦ
1709 1628 1910 1686 tereat;
1938 1620 2084 1689 quod
2128 1621 2500 1690 experimento
2530 1624 2819 1692 probatum
2855 1635 2956 1680 est.
2991 1625 3094 1692 Qui
3139 1628 3294 1683 locus

104 1872 396 1931 Brunichildis
417 1887 637 1932 sanctus
653 1877 838 1948 Lupus
863 1877 1197 1936 Senonensis
1218 1881 1409 1951 viguit,
1439 1898 1608 1951 nepos

102 1965 281 2019 Austerii
311 1967 708 2025 Aurelianensis
754 1978 809 2024 et
855 1968 1083 2024 Aunarii
1111 1971 1607 2029 Antissiodorensis

101 2057 426 2126 episcoporum.

153 2142 390 2217 [Fanniae]
421 2147 582 2202 Anno
634 2147 814 2218 itaque
841 2149 906 2203 l6
946 2151 1096 2221 regni
1132 2152 1239 2216 sui,
1276 2152 1368 2220 qui
1393 2161 1511 2207 erat
1537 2153 1607 2208 ab

103 2234 177 2289 inc.
192 2235 320 2292 Dom.
345 2240 462 2306 615,
480 2239 853 2297 Theodericus
875 2244 1061 2297 volens
1085 2244 1605 2313 superClotharium

103 2326 273 2395 irruere,
296 2329 460 2386 Mettis
479 2331 750 2400 profluvio
768 2335 972 2388 ventris
994 2334 1214 2388 interiit.
1243 2335 1606 2390 Brunichildis

104 2413 374 2485 Sigebertum
415 2420 587 2475 filium
619 2423 738 2491 ejus
795 2424 848 2476 in
902 2424 1022 2478 loco
1072 2425 1242 2492 patris
1303 2425 1602 2480 substituit.

102 2504 345 2564 Clotharius
371 2527 494 2565 vero
532 2513 671 2567 ﬁnes
720 2514 872 2584 regni
919 2515 1013 2583 qui
1067 2531 1180 2570 suae
1214 2516 1407 2571 ditioni
1439 2517 1604 2571 debe-

105 2596 249 2651 bantur
276 2608 489 2658 cunatnr
527 2605 791 2674 recipere,
831 2606 920 2661 cui
964 2605 1278 2677 Sigebertus
1327 2609 1601 2672 occurrit,

102 2703 219 2754 quem
239 2689 525 2750 Clotharius
549 2711 778 2750 suorum
794 2697 1095 2765 proditione
1113 2707 1330 2767 captum
1355 2699 1602 2767 peremit,

104 2788 140 2831 et
159 2783 356 2853 quinque
376 2781 571 2842 fratres
601 2788 720 2857 ejus
743 2804 865 2842 cum
896 2789 1242 2844 Brunichildc
1267 2791 1427 2859 cepit.
1460 2789 1602 2844 Pue-

103 2885 165 2924 ros
187 2878 440 2944 separatim
469 2881 730 2949 peremit,
760 2879 1168 2936 Brunichildem
1212 2882 1603 2936 indomitorum

102 2973 305 3027 equorum
331 2969 509 3025 caudis
533 2971 804 3026 irretitam
840 2973 1135 3028 miserabili
1159 2983 1334 3028 morte
1373 2975 1602 3028 damna-

101 3054 156 3106 vit
197 3072 316 3113 anno
363 3062 428 3116 ab
483 3063 596 3118 inc.
630 3063 787 3119 Dom.
821 3062 945 3132 623,
992 3082 1114 3135 quae
1161 3074 1216 3121 et
1266 3068 1476 3137 sepulta
1520 3075 1603 3123 est

103 3139 236 3201 Eduze.

151 3237 374 3298 Clotarius
396 3245 556 3300 trium
580 3262 872 3318 regnorum
893 3249 1268 3304 monarchiam
1291 3250 1526 3305 obtinuit
1551 3268 1601 3306 a.

100 3325 150 3379 28
184 3335 306 3401 regni
333 3337 429 3400 sui,
467 3339 615 3394 sicut
643 3348 696 3394 et
721 3341 910 3396 beatus
939 3342 1310 3397 Columbanus
1345 3343 1606 3413 pradixe-

102 3429 174 3482 rat,
199 3431 243 3476 et
277 3442 321 3478 a.
344 3427 407 3481 58
435 3431 591 3500 regni
642 3431 725 3486 sui
765 3430 1129 3502 Dagobertum
1165 3433 1336 3488 ﬁlium
1373 3450 1604 3489 consor-

103 3517 177 3564 letu
223 3519 351 3587 regni
397 3519 545 3575 facit.
599 3523 757 3576 Anno
803 3540 934 3578 vero
975 3525 1044 3578 42
1097 3526 1247 3597 regni
1299 3526 1419 3596 ejus
1465 3527 1606 3582 inter

101 3599 368 3662 Clotharium
393 3621 443 3666 et
473 3613 649 3666 tilium
673 3631 832 3668 suum
849 3617 1029 3685 gravis
1051 3625 1170 3671 orta
1195 3626 1277 3672 est
1303 3619 1602 3687 contentio,

101 3704 147 3787 εξ)
171 3698 283 3762 quod
309 3699 613 3759 Clotharius
655 3714 850 3760 cuncta
877 3723 998 3776 qum
1025 3708 1090 3763 ad
1123 3725 1350 3782 regnum
1376 3711 1606 3765 Austra-

101 3793 254 3838 snorum
294 3792 652 3859 pertinebant,
696 3795 800 3848 sibi
853 3797 1064 3850 volebat
1109 3797 1362 3854 retinere.
1396 3798 1603 3866 Quam-

101 3871 238 3962 nbrem
275 3880 416 3936 electi
448 3895 581 3940 sunt
618 3887 904 3943 duodecim
952 3890 1164 3959 judices
1215 3907 1280 3946 ex
1337 3893 1563 3949 Francis
1586 3938 1601 3963 ,

100 3967 202 4013 tuter
217 3978 334 4033 quos
357 3968 454 4026 fuit
476 3982 703 4030 sanctus
730 3975 992 4032 Arnulfus
1019 3977 1361 4034 Mettensium
1388 3984 1603 4051 episco-

99 4061 192 4139 Ιξυδν
235 4071 448 4125 quorum
493 4066 726 4121 consilio
778 4078 931 4136 pater
963 4071 1279 4139 pacificatur
1313 4090 1435 4128 cum
1469 4076 1601 4132 ﬁlio.

102 4136 318 4238 superiori
357 4169 482 4209 vero
522 4172 690 4226 anno,
722 4175 844 4214 eum
871 4161 986 4231 jam
1017 4162 1354 4234 Dagobertus
1375 4169 1606 4223 Austra-

99 4245 253 4324 ‘flOl‘um
274 4257 484 4314 regnum
514 4258 738 4304 strenue
761 4262 988 4322 regeret,
1008 4255 1228 4324 quidam
1251 4257 1351 4323 vir,
1384 4261 1604 4316 nomine

99 4317 337 4388 Uaroaldus
360 4335 489 4408 (47),
504 4341 626 4410 ejus
646 4317 907 4399 offensam
928 4317 1177 4414 incurrit,
1191 4364 1290 4417 pro
1311 4317 1421 4419 quo
1441 4351 1606 4406 inter-

1780 1895 2073 1967 [Bennm]
2122 1894 2297 1965 Hujus
2338 1896 2627 1966 Dagoberti
2658 1906 2898 1967 tempore
2920 1910 3044 1969 post
3064 1902 3293 1958 Ermen-

1709 1983 1911 2039 fridum
1942 1985 2261 2054 episcopum
2289 1983 2684 2041 Virdunensem
2719 1996 2926 2043 tractus
2968 1999 3053 2044 est
3080 1991 3146 2045 de
3172 2009 3294 2046 mo-

1709 2075 1950 2129 nasterio
1992 2073 2287 2144 Theolegio
2323 2085 2549 2130 sanctus
2595 2076 2832 2145 Paulus,
2861 2080 2955 2149 qui
2994 2079 3094 2134 fuit
3127 2080 3298 2137 frater

1709 2166 1884 2220 sancti
1926 2164 2184 2220 Germani
2214 2166 2544 2222 Parisiensis
2574 2169 2817 2224 ecclesiae
2851 2171 3114 2241 episc0pi,
3144 2184 3199 2227 et
3239 2175 3294 2225 in

1714 2254 2038 2312 Virdunensi
2084 2256 2315 2311 ecclesia
2357 2257 2645 2326 episcopus
2681 2269 3072 2327 consecratus;
3137 2262 3296 2331 cujus

1705 2346 1971 2400 memoria
2012 2355 2214 2402 aeterna
2237 2355 2340 2402 est.
2369 2347 2469 2403 Hie
2498 2349 2860 2404 monasticam
2881 2353 3048 2406 vitam
3089 2354 3294 2408 ducens

1705 2453 1832 2492 cum
1862 2438 1919 2491 in
1962 2439 2194 2507 pistrino
2235 2437 2464 2493 fratrum
2494 2441 2778 2496 habuisset
2813 2443 3209 2510 obedientiam,
3240 2452 3296 2498 et

1705 2529 1921 2584 timeret
1956 2545 2024 2583 ne
2062 2531 2197 2584 hora
2243 2539 2445 2586 statuta
2479 2531 2677 2587 fratres
2711 2549 2905 2603 panem
2950 2536 3149 2590 habere
3195 2551 3297 2606 po-

1705 2620 1960 2686 tuissent,
1985 2621 2160 2690 ejecto
2190 2622 2313 2693 igne
2340 2624 2406 2677 de
2432 2624 2650 2678 clibano
2674 2625 2789 2693 ipse
2815 2625 2964 2681 intus
2990 2626 3292 2697 ingressus,

1705 2728 1830 2767 cum
1857 2713 2070 2766 cuculla
2105 2729 2204 2766 sua
2242 2713 2518 2767 elibanum
2559 2716 2830 2785 purgavit,
2878 2725 2932 2769 et
2963 2733 3154 2784 panem
3185 2719 3295 2773 illic

1704 2803 1772 2857 ad
1811 2803 2158 2873 coquendum
2197 2805 2500 2870 ordinavit,
2551 2822 2828 2876 sanusque
2862 2806 3011 2861 foras
3039 2823 3295 2878 egressus

1703 2877 1898 2961 panem
1943 2902 2191 2948 sanctum
2221 2893 2485 2948 fratribus
2514 2895 2566 2948 in
2592 2894 2881 2950 refectorio
2905 2904 3147 2966 tempore
3176 2908 3294 2952 sta-

1704 2992 1824 3038 tuto
1875 2984 2174 3038 distribuit.
2210 2983 2349 3037 Cum
2397 2999 2529 3056 ergo
2574 2996 2719 3040 esset
2753 2988 3041 3055 episcopus
3073 2989 3296 3043 ordina-

1630 3089 1675 3152 ρ
1706 3083 1815 3140 tus,
1847 3090 2014 3144 nepos
2046 3073 2338 3145 Dagoberti
2383 3076 2526 3145 regis
2552 3075 2740 3130 Grimo
2770 3077 3055 3143 diaconus,
3115 3079 3208 3148 qui
3242 3089 3297 3132 et

1707 3166 1996 3238 Adelgisus
2023 3168 2204 3224 dictus
2233 3176 2338 3235 est,
2377 3184 2503 3223 cum
2537 3167 2730 3224 fuisset
2756 3186 2784 3224 a
2813 3179 3004 3225 saneto
3031 3169 3200 3225 Paulo
3225 3173 3296 3227 ab

1708 3257 1937 3314 infantia
1984 3270 2300 3316 reverenter
2329 3260 2625 3326 educatus,
2656 3275 2754 3330 pro
2783 3277 2969 3316 amore
2997 3262 3169 3331 ipsius
3196 3279 3296 3318 an-

1706 3351 1894 3406 tistitis
1955 3367 2113 3406 suam
2182 3352 2608 3422 proprietatem,
2678 3353 2730 3406 id
2786 3362 2871 3407 est
2941 3352 3293 3426 Theolegium

1707 3444 2122 3518 monasterium,
2163 3452 2335 3498 santae
2361 3443 2546 3498 Maria:
2577 3444 2633 3497 in
2659 3442 2904 3498 Virduno
2951 3460 3052 3499 suo
3087 3446 3294 3515 scripto

1705 3550 1760 3596 et
1783 3542 2082 3596 multorum
2109 3540 2350 3594 fidelium
2378 3539 2597 3608 scriptis
2620 3540 2842 3593 tradidit
2868 3539 3212 3605 roboranter,
3241 3547 3297 3594 et

1707 3638 1767 3684 ut
1801 3627 2159 3684 Virdunensis
2191 3627 2420 3684 ecclesia
2447 3628 2624 3697 ipsum
2655 3627 3049 3682 monasterium
3072 3627 3126 3680 in
3149 3643 3295 3682 sem-

1706 3721 1978 3790 piternum
2014 3720 2272 3784 haberet,
2306 3720 2454 3774 omni
2479 3720 2804 3774 auctoritate
2833 3720 3088 3774 firmavit.
3116 3719 3293 3775 Victui

1707 3829 1838 3868 vero
1860 3812 2092 3868 fratrum
2120 3813 2310 3868 Grimo
2341 3813 2670 3869 Frasindum
2700 3815 2884 3869 villam
2912 3831 3011 3884 pro
3041 3829 3142 3870 sua
3171 3816 3290 3885 pie-

1705 3915 1814 3962 tate
1843 3906 2127 3976 delegavit.
2157 3905 2392 3962 Sanctus
2415 3907 2580 3960 etiam
2610 3906 2815 3962 Paulus
2840 3906 3070 3963 Basonis
3100 3907 3292 3962 vi-llare

1706 3995 1773 4050 de
1801 3996 1917 4051 suis
1940 3994 2244 4051 redditibus
2281 3996 2642 4065 comparavit.
2675 3995 3025 4067 Privilegium
3065 3998 3292 4053 canoni-

1706 4099 1829 4138 cum
1861 4085 2035 4154 ipsius
2064 4085 2308 4140 ecclesiae
2341 4086 2408 4140 de
2446 4085 2851 4154 antiquioribus
2871 4087 3015 4142 villis
3049 4087 3206 4154 fecit,
3236 4097 3292 4144 et

1705 4191 1805 4229 sua
1836 4176 2178 4245 aliorumque
2209 4177 2593 4245 episc0porum
2621 4178 2945 4233 auctoritate
2968 4180 3147 4248 ipsum
3186 4181 3290 4236 sub

1705 4265 1888 4318 divina
1925 4267 2273 4320 attestatione
2304 4268 2599 4320 roboravit.
2635 4266 2816 4321 Hicin
2852 4269 3166 4338 episcopatu
3191 4286 3290 4339 po-

1706 4357 1862 4423 situs,
1914 4357 2084 4411 multa
2134 4358 2402 4413 miracula
2442 4366 2700 4427 Operatus
2741 4367 2844 4424 est,
2889 4368 2941 4414 et
2976 4368 3100 4428 post
3126 4377 3286 4416 suum

98 4428 285 4520 fessam-5
328 4423 449 4483 facti
504 4441 634 4486 sunt
677 4435 932 4490 dominus
967 4436 1228 4495 Amulqu
1262 4450 1315 4496 et
1343 4441 1604 4513 Pippinus
1637 4437 1681 4490 D
1706 4466 1993 4505 excessum
2041 4450 2252 4520 positus
2285 4451 2340 4504 in
2374 4450 2601 4506 basilica
2627 4451 2800 4504 sancti
2842 4449 3142 4517 Saturnini,
3169 4466 3290 4513 om,-

99 4508 229 4600 {najor
247 4515 446 4590 domus,
490 4525 588 4580 sed
616 4541 727 4582 non
773 4530 946 4584 multo
993 4540 1116 4600 post
1143 4508 1600 4593 Treveris—inter-

98 4593 227 4656 fectus
257 4618 346 4664 est,

147 4691 272 4790 Anno
299 4701 395 4756 650
448 4707 722 4766 Clotarius
756 4715 1007 4780 moritur,
1043 4725 1096 4771 et
1123 4716 1458 4790 Dagobertus
1493 4738 1606 4776 mo-

96 4787 318 4880 liarehiam
371 4798 607 4854 obtinuit
650 4819 700 4857 a.
740 4805 825 4858 15.
872 4805 970 4862 Hic
1004 4817 1154 4876 patre
1181 4787 1426 4880 orbatus,
1457 4815 1600 4869 Aus-

98 4876 252 4972 trasiis,
279 4899 407 4952 quos
449 4893 687 4962 regebat,
726 4896 879 4964 jubet
918 4901 1214 4955 exercitum
1259 4876 1598 4972 promovere,

95 4975 248 5065 ttust
269 4975 497 5048 dirigens
528 4983 582 5036 in
611 4983 943 5056 Burgundia,
977 4997 1032 5044 et
1054 4993 1264 5046 caeteris
1298 4996 1450 5065 regni
1479 5012 1605 5065 par-

98 5053 222 5158 liblts,
249 5069 367 5122 utin
393 5088 556 5128 suum
581 5053 807 5147 regnum
833 5081 1109 5150 eligerent.
1141 5053 1389 5156 Cumque
1419 5053 1602 5143 Remis

95 5154 297 5243 venisset,
323 5174 514 5218 omnes
558 5181 616 5220 se
643 5167 693 5221 ei
738 5170 1095 5226 tradiderunt.
1127 5154 1411 5232 Aribertus
1436 5176 1604 5234 frater

95 5247 183 5340 cute
205 5246 454 5307 nitebatur
490 5271 549 5311 se
582 5272 747 5327 posse
773 5276 1001 5329 regnum
1031 5279 1335 5333 assumere,
1359 5270 1453 5324 sed
1480 5271 1603 5340 ejus

94 5328 290 5419 Eoluntas
315 5355 408 5409 pro
424 5344 769 5416 simplicitate
790 5365 985 5419 parum
1014 5356 1208 5410 sortita
1228 5328 1596 5416 esteffectu'm.

96 5410 368 5487 “asobenus
395 5451 524 5491 vero
559 5453 685 5495 cum
731 5410 1056 5502 obtinuisset
1079 5462 1327 5518 regnum,
1367 5452 1597 5521 sapienti

144 5578 194 5608 ²¹¹
222 5583 337 5647 Qua:
365 5598 708 5663 sequebantur
732 5601 925 5657 abrasa
953 5614 1094 5662 sunt.

144 5717 230 5788 (47)
263 5726 392 5798 Lege
419 5732 800 5796 Chrodaaldur.
837 5741 992 5801 Fred.
1028 5761 1077 5800 c.
1116 5746 1206 5806 52.

1709 4542 1871 4596 nibus
1917 4556 2046 4596 cum
2074 4541 2177 4596 fide
2207 4543 2561 4612 poscentibus
2590 4543 2761 4597 multa
2793 4543 3089 4598 sanitatum
3125 4543 3288 4598 bene—

1709 4634 1829 4688 ficia
1862 4635 2091 4705 largitus
2113 4643 2214 4690 est.
2243 4634 2429 4691 Czecos
2460 4651 2697 4707 namque
2723 4636 3068 4704 illuminavit,
3106 4639 3288 4694 surdis

1707 4727 1954 4782 auditum
1989 4727 2154 4794 dedit,
2197 4727 2399 4783 clausis
2425 4745 2671 4799 gressum
2703 4730 2954 4798 praebuit,
2985 4739 3219 4798 aegrotos
3256 4747 3287 4785 a

1710 4819 1874 4876 variis
1908 4819 2317 4875 infirmitatibus
2339 4820 2606 4874 liberavit.
2630 4819 2698 4873 Et
2721 4821 2852 4889 quid
2882 4820 3075 4888 plura?
3104 4819 3288 4876 Eccle-

1709 4910 1848 4964 siam
1887 4910 1990 4964 sibi
2019 4911 2373 4966 commissam
2416 4911 2581 4966 rebus
2603 4911 2994 4978 temporalibus
3019 4910 3284 4979 dilatavit,

1708 5001 1980 5055 bonorum
2019 5016 2245 5070 operum
2295 5001 2522 5056 floribus
2551 5001 2868 5066 adornavit,
2911 5009 2966 5055 et
3020 5001 3286 5059 Dominus

1708 5092 2053 5162 omnipotens
2075 5094 2312 5147 animam
2333 5093 2452 5163 ejus
2477 5107 2603 5148 cum
2632 5093 2836 5147 sanctis
2870 5093 2926 5148 in
2948 5104 3149 5150 aeterna
3170 5097 3286 5166 glo-

1710 5184 1790 5237 ria
1818 5184 2054 5253 gaudere
2074 5183 2221 5239 facit.
2247 5183 2532 5253 Requievit
2552 5190 2737 5238 autem
2751 5199 2938 5240 mense
2961 5184 3281 5251 Februario,

1710 5274 1796 5328 die
1818 5276 1872 5329 9.
1900 5273 2030 5330 Post
2051 5275 2197 5331 hunc
2216 5275 2394 5331 extitit
2413 5275 2723 5332 Gisloaldus
2756 5278 3066 5348 episcopus,
3113 5278 3281 5332 Gere-

1705 5364 1892 5422 be'rtus
1921 5365 2012 5422 '“.

1782 5455 2069 5527 [Famam]
2115 5456 2450 5529 Dagobertus
2498 5460 2663 5532 igitur
2706 5477 2851 5517 anno
2913 5461 3062 5532 regni
3107 5459 3193 5516 sui
3247 5458 3283 5512 6

1298 5540 1526 5599 VARI/ﬁ
1561 5545 1960 5604 LECTIONES.

1538 5683 1763 5742 NOTIE.
