  <div class='ocr_page' id='page_1' title='image "/cluster/home/n/w/nwhite01/storage/ocr_20150623/154/hvd.32044015473820/073.png"; bbox 0 0 3932 6298; ppageno 0'>
   <div class='ocr_carea' id='block_1_1' title="bbox 588 338 696 396">
    <p class='ocr_par' dir='ltr' id='par_1_1' title="bbox 588 338 696 396">
     <span class='ocr_line' id='line_1_1' title="bbox 588 338 696 396; baseline -0.028 0"><span class='ocrx_word' id='word_1_1' title='bbox 588 338 696 396; x_wconf 81' lang='grc'><strong>1⁸55</strong></span> 
     </span>
    </p>
   </div>
   <div class='ocr_carea' id='block_1_2' title="bbox 1614 321 2853 382">
    <p class='ocr_par' dir='ltr' id='par_1_2' title="bbox 1614 321 2853 382">
     <span class='ocr_line' id='line_1_2' title="bbox 1614 321 2853 382; baseline 0 -2"><span class='ocrx_word' id='word_1_2' title='bbox 1614 323 1918 382; x_wconf 81' lang='lat' dir='ltr'><strong>HUGONIS</strong></span> <span class='ocrx_word' id='word_1_3' title='bbox 1954 323 2245 380; x_wconf 82' lang='lat' dir='ltr'><strong>ABBATIS</strong></span> <span class='ocrx_word' id='word_1_4' title='bbox 2280 321 2853 380; x_wconf 77' lang='lat' dir='ltr'><strong>FLAVINIACENSIS</strong></span> 
     </span>
    </p>
   </div>
   <div class='ocr_carea' id='block_1_3' title="bbox 3762 326 3851 381">
    <p class='ocr_par' dir='ltr' id='par_1_3' title="bbox 3762 326 3851 381">
     <span class='ocr_line' id='line_1_3' title="bbox 3762 326 3851 381; baseline 0 0"><span class='ocrx_word' id='word_1_5' title='bbox 3762 326 3851 381; x_wconf 64' lang='lat'><strong>156</strong></span> 
     </span>
    </p>
   </div>
   <div class='ocr_carea' id='block_1_4' title="bbox 587 435 3851 520">
    <p class='ocr_par' dir='ltr' id='par_1_4' title="bbox 587 435 3851 520">
     <span class='ocr_line' id='line_1_4' title="bbox 587 435 3851 520; baseline -0.002 -18"><span class='ocrx_word' id='word_1_6' title='bbox 587 445 961 520; x_wconf 80' lang='lat' dir='ltr'><strong>Burgundiam</strong></span> <span class='ocrx_word' id='word_1_7' title='bbox 991 443 1274 515; x_wconf 88' lang='lat' dir='ltr'><strong>ingressus</strong></span> <span class='ocrx_word' id='word_1_8' title='bbox 1300 448 1402 509; x_wconf 90' lang='lat' dir='ltr'><strong>est,</strong></span> <span class='ocrx_word' id='word_1_9' title='bbox 1438 445 1493 498; x_wconf 90' lang='lat' dir='ltr'><strong>et</strong></span> <span class='ocrx_word' id='word_1_10' title='bbox 1519 446 1672 494; x_wconf 89' lang='lat' dir='ltr'><strong>tanto</strong></span> <span class='ocrx_word' id='word_1_11' title='bbox 1709 438 1904 493; x_wconf 99' lang='lat' dir='ltr'><strong>timore</strong></span> <span class='ocrx_word' id='word_1_12' title='bbox 1943 436 2165 508; x_wconf 84' lang='lat' dir='ltr'><strong>pontiﬂ-</strong></span> <span class='ocrx_word' id='word_1_13' title='bbox 2196 443 2240 499; x_wconf 76' lang='grc' dir='ltr'><strong>Α</strong></span> <span class='ocrx_word' id='word_1_14' title='bbox 2269 451 2488 507; x_wconf 79' lang='lat' dir='ltr'><strong>quoque</strong></span> <span class='ocrx_word' id='word_1_15' title='bbox 2532 435 2792 492; x_wconf 88' lang='lat' dir='ltr'><strong>defuncto</strong></span> <span class='ocrx_word' id='word_1_16' title='bbox 2843 443 3000 507; x_wconf 87' lang='lat' dir='ltr'><strong>patre</strong></span> <span class='ocrx_word' id='word_1_17' title='bbox 3032 435 3272 494; x_wconf 83' lang='lat' dir='ltr'><strong>Anchise</strong></span> <span class='ocrx_word' id='word_1_18' title='bbox 3318 437 3498 510; x_wconf 84' lang='lat' dir='ltr'><strong>major</strong></span> <span class='ocrx_word' id='word_1_19' title='bbox 3554 439 3762 496; x_wconf 82' lang='lat' dir='ltr'><strong>domus</strong></span> <span class='ocrx_word' id='word_1_20' title='bbox 3805 441 3851 496; x_wconf 84' lang='lat' dir='ltr'><strong>in</strong></span> 
     </span>
    </p>
   </div>
   <div class='ocr_carea' id='block_1_5' title="bbox 587 528 2173 606">
    <p class='ocr_par' dir='ltr' id='par_1_5' title="bbox 587 528 2173 606">
     <span class='ocr_line' id='line_1_5' title="bbox 587 528 2173 606; baseline -0.009 -9"><span class='ocrx_word' id='word_1_21' title='bbox 587 555 681 597; x_wconf 90' lang='lat' dir='ltr'><strong>ces</strong></span> <span class='ocrx_word' id='word_1_22' title='bbox 709 549 764 595; x_wconf 92' lang='lat' dir='ltr'><strong>et</strong></span> <span class='ocrx_word' id='word_1_23' title='bbox 796 551 990 594; x_wconf 90' lang='lat' dir='ltr'><strong>omnes</strong></span> <span class='ocrx_word' id='word_1_24' title='bbox 1019 533 1345 606; x_wconf 69' lang='lat' dir='ltr'><strong>Burgundite</strong></span> <span class='ocrx_word' id='word_1_25' title='bbox 1391 544 1645 600; x_wconf 82' lang='lat' dir='ltr'><strong>proceres</strong></span> <span class='ocrx_word' id='word_1_26' title='bbox 1696 528 1753 584; x_wconf 90' lang='lat' dir='ltr'><strong>in</strong></span> <span class='ocrx_word' id='word_1_27' title='bbox 1787 528 1908 599; x_wconf 83' lang='lat' dir='ltr'><strong>ejus</strong></span> <span class='ocrx_word' id='word_1_28' title='bbox 1937 528 2173 584; x_wconf 90' lang='lat' dir='ltr'><strong>adventu</strong></span> 
     </span>
    </p>
   </div>
   <div class='ocr_carea' id='block_1_6' title="bbox 588 620 2173 695">
    <p class='ocr_par' dir='ltr' id='par_1_6' title="bbox 588 620 2173 695">
     <span class='ocr_line' id='line_1_6' title="bbox 588 620 2173 695; baseline -0.009 -7"><span class='ocrx_word' id='word_1_29' title='bbox 588 630 846 688; x_wconf 84' lang='lat' dir='ltr'><strong>concussi</strong></span> <span class='ocrx_word' id='word_1_30' title='bbox 872 637 1019 695; x_wconf 91' lang='lat' dir='ltr'><strong>sunt,</strong></span> <span class='ocrx_word' id='word_1_31' title='bbox 1051 634 1114 682; x_wconf 91' lang='lat' dir='ltr'><strong>ut</strong></span> <span class='ocrx_word' id='word_1_32' title='bbox 1147 624 1400 681; x_wconf 90' lang='lat' dir='ltr'><strong>omnibus</strong></span> <span class='ocrx_word' id='word_1_33' title='bbox 1429 620 1715 676; x_wconf 89' lang='lat' dir='ltr'><strong>mirandus</strong></span> <span class='ocrx_word' id='word_1_34' title='bbox 1748 628 1897 676; x_wconf 82' lang='lat' dir='ltr'><strong>esset</strong></span> <span class='ocrx_word' id='word_1_35' title='bbox 1921 635 2023 690; x_wconf 91' lang='lat' dir='ltr'><strong>pro</strong></span> <span class='ocrx_word' id='word_1_36' title='bbox 2047 620 2173 691; x_wconf 91' lang='lat' dir='ltr'><strong>jus-</strong></span> 
     </span>
    </p>
   </div>
   <div class='ocr_carea' id='block_1_7' title="bbox 585 710 2172 794">
    <p class='ocr_par' dir='ltr' id='par_1_7' title="bbox 585 710 2172 794">
     <span class='ocr_line' id='line_1_7' title="bbox 585 710 2172 794; baseline -0.008 -16"><span class='ocrx_word' id='word_1_37' title='bbox 585 724 708 778; x_wconf 90' lang='lat' dir='ltr'><strong>titia</strong></span> <span class='ocrx_word' id='word_1_38' title='bbox 731 737 901 794; x_wconf 89' lang='lat' dir='ltr'><strong>quam</strong></span> <span class='ocrx_word' id='word_1_39' title='bbox 924 719 1172 775; x_wconf 75' lang='lat' dir='ltr'><strong>faciebat.</strong></span> <span class='ocrx_word' id='word_1_40' title='bbox 1204 714 1349 787; x_wconf 87' lang='lat' dir='ltr'><strong>(Fol.</strong></span> <span class='ocrx_word' id='word_1_41' title='bbox 1379 714 1442 769; x_wconf 82' lang='grc'><strong>51</strong></span> <span class='ocrx_word' id='word_1_42' title='bbox 1463 722 1503 785; x_wconf 85' lang='grc'><strong>).</strong></span> <span class='ocrx_word' id='word_1_43' title='bbox 1535 712 1694 768; x_wconf 82' lang='lat' dir='ltr'><strong>Venit</strong></span> <span class='ocrx_word' id='word_1_44' title='bbox 1719 727 1849 782; x_wconf 90' lang='lat' dir='ltr'><strong>ergo</strong></span> <span class='ocrx_word' id='word_1_45' title='bbox 1876 710 2172 782; x_wconf 83' lang='lat' dir='ltr'><strong>Lingonas,</strong></span> 
     </span>
    </p>
   </div>
   <div class='ocr_carea' id='block_1_8' title="bbox 586 802 2174 874">
    <p class='ocr_par' dir='ltr' id='par_1_8' title="bbox 586 802 2174 874">
     <span class='ocr_line' id='line_1_8' title="bbox 586 802 2174 874; baseline -0.008 -4"><span class='ocrx_word' id='word_1_46' title='bbox 586 814 715 870; x_wconf 89' lang='lat' dir='ltr'><strong>inde</strong></span> <span class='ocrx_word' id='word_1_47' title='bbox 749 812 1063 874; x_wconf 90' lang='lat' dir='ltr'><strong>Divionem,</strong></span> <span class='ocrx_word' id='word_1_48' title='bbox 1110 815 1165 862; x_wconf 89' lang='lat' dir='ltr'><strong>et</strong></span> <span class='ocrx_word' id='word_1_49' title='bbox 1198 805 1421 860; x_wconf 81' lang='lat' dir='ltr'><strong>Latonae</strong></span> <span class='ocrx_word' id='word_1_50' title='bbox 1468 803 1715 859; x_wconf 88' lang='lat' dir='ltr'><strong>residens</strong></span> <span class='ocrx_word' id='word_1_51' title='bbox 1748 802 1955 858; x_wconf 87' lang='lat' dir='ltr'><strong>multis</strong></span> <span class='ocrx_word' id='word_1_52' title='bbox 1983 802 2174 857; x_wconf 89' lang='lat' dir='ltr'><strong>diebus</strong></span> 
     </span>
    </p>
   </div>
   <div class='ocr_carea' id='block_1_9' title="bbox 588 893 2173 973">
    <p class='ocr_par' dir='ltr' id='par_1_9' title="bbox 588 893 2173 973">
     <span class='ocr_line' id='line_1_9' title="bbox 588 893 2173 973; baseline -0.009 -12"><span class='ocrx_word' id='word_1_53' title='bbox 588 913 797 960; x_wconf 84' lang='lat' dir='ltr'><strong>tantam</strong></span> <span class='ocrx_word' id='word_1_54' title='bbox 822 900 1091 973; x_wconf 88' lang='lat' dir='ltr'><strong>justitiam</strong></span> <span class='ocrx_word' id='word_1_55' title='bbox 1123 896 1378 964; x_wconf 83' lang='lat' dir='ltr'><strong>faciebat,</strong></span> <span class='ocrx_word' id='word_1_56' title='bbox 1410 903 1473 951; x_wconf 92' lang='lat' dir='ltr'><strong>ut</strong></span> <span class='ocrx_word' id='word_1_57' title='bbox 1500 894 1685 950; x_wconf 93' lang='lat' dir='ltr'><strong>nullus</strong></span> <span class='ocrx_word' id='word_1_58' title='bbox 1710 901 1836 949; x_wconf 87' lang='lat' dir='ltr'><strong>ante</strong></span> <span class='ocrx_word' id='word_1_59' title='bbox 1863 908 1990 949; x_wconf 91' lang='lat' dir='ltr'><strong>eum</strong></span> <span class='ocrx_word' id='word_1_60' title='bbox 2015 893 2173 948; x_wconf 83' lang='lat' dir='ltr'><strong>veni-</strong></span> 
     </span>
    </p>
   </div>
   <div class='ocr_carea' id='block_1_10' title="bbox 585 984 2173 1066">
    <p class='ocr_par' dir='ltr' id='par_1_10' title="bbox 585 984 2173 1066">
     <span class='ocr_line' id='line_1_10' title="bbox 585 984 2173 1066; baseline -0.009 -12"><span class='ocrx_word' id='word_1_61' title='bbox 585 1004 699 1064; x_wconf 89' lang='lat' dir='ltr'><strong>ret,</strong></span> <span class='ocrx_word' id='word_1_62' title='bbox 746 994 841 1066; x_wconf 88' lang='lat' dir='ltr'><strong>qui</strong></span> <span class='ocrx_word' id='word_1_63' title='bbox 890 992 1090 1047; x_wconf 87' lang='lat' dir='ltr'><strong>rediret</strong></span> <span class='ocrx_word' id='word_1_64' title='bbox 1132 1004 1243 1044; x_wconf 93' lang='lat' dir='ltr'><strong>non</strong></span> <span class='ocrx_word' id='word_1_65' title='bbox 1294 994 1517 1057; x_wconf 90' lang='lat' dir='ltr'><strong>accepta</strong></span> <span class='ocrx_word' id='word_1_66' title='bbox 1573 986 1805 1056; x_wconf 89' lang='lat' dir='ltr'><strong>justitia.</strong></span> <span class='ocrx_word' id='word_1_67' title='bbox 1838 985 1915 1041; x_wconf 90' lang='lat' dir='ltr'><strong>De</strong></span> <span class='ocrx_word' id='word_1_68' title='bbox 1965 984 2173 1040; x_wconf 89' lang='lat' dir='ltr'><strong>Latona</strong></span> 
     </span>
    </p>
   </div>
   <div class='ocr_carea' id='block_1_11' title="bbox 587 1076 2173 1152">
    <p class='ocr_par' dir='ltr' id='par_1_11' title="bbox 587 1076 2173 1152">
     <span class='ocr_line' id='line_1_11' title="bbox 587 1076 2173 1152; baseline -0.008 -9"><span class='ocrx_word' id='word_1_69' title='bbox 587 1087 907 1144; x_wconf 89' lang='lat' dir='ltr'><strong>Cabilonum</strong></span> <span class='ocrx_word' id='word_1_70' title='bbox 941 1082 1110 1149; x_wconf 83' lang='lat' dir='ltr'><strong>venit,</strong></span> <span class='ocrx_word' id='word_1_71' title='bbox 1156 1089 1284 1152; x_wconf 90' lang='lat' dir='ltr'><strong>post</strong></span> <span class='ocrx_word' id='word_1_72' title='bbox 1308 1079 1789 1151; x_wconf 77' lang='lat' dir='ltr'><strong>Augustodunum,</strong></span> <span class='ocrx_word' id='word_1_73' title='bbox 1826 1078 1951 1133; x_wconf 91' lang='lat' dir='ltr'><strong>inde</strong></span> <span class='ocrx_word' id='word_1_74' title='bbox 1983 1076 2173 1132; x_wconf 82' lang='lat' dir='ltr'><strong>Antis-</strong></span> 
     </span>
    </p>
   </div>
   <div class='ocr_carea' id='block_1_12' title="bbox 585 1167 2175 1242">
    <p class='ocr_par' dir='ltr' id='par_1_12' title="bbox 585 1167 2175 1242">
     <span class='ocr_line' id='line_1_12' title="bbox 585 1167 2175 1242; baseline -0.007 -10"><span class='ocrx_word' id='word_1_75' title='bbox 585 1178 898 1242; x_wconf 90' lang='lat' dir='ltr'><strong>siodorum,</strong></span> <span class='ocrx_word' id='word_1_76' title='bbox 951 1173 1150 1230; x_wconf 88' lang='lat' dir='ltr'><strong>dehinc</strong></span> <span class='ocrx_word' id='word_1_77' title='bbox 1213 1171 1495 1237; x_wconf 89' lang='lat' dir='ltr'><strong>Senonas,</strong></span> <span class='ocrx_word' id='word_1_78' title='bbox 1544 1170 1670 1226; x_wconf 88' lang='lat' dir='ltr'><strong>inde</strong></span> <span class='ocrx_word' id='word_1_79' title='bbox 1731 1168 1972 1224; x_wconf 88' lang='lat' dir='ltr'><strong>Parisios</strong></span> <span class='ocrx_word' id='word_1_80' title='bbox 2025 1167 2175 1223; x_wconf 87' lang='lat' dir='ltr'><strong>venit</strong></span> 
     </span>
    </p>
   </div>
   <div class='ocr_carea' id='block_1_13' title="bbox 589 1259 2174 1337">
    <p class='ocr_par' dir='ltr' id='par_1_13' title="bbox 589 1259 2174 1337">
     <span class='ocr_line' id='line_1_13' title="bbox 589 1259 2174 1337; baseline -0.004 -14"><span class='ocrx_word' id='word_1_81' title='bbox 589 1282 778 1323; x_wconf 90' lang='lat' dir='ltr'><strong>amore</strong></span> <span class='ocrx_word' id='word_1_82' title='bbox 820 1265 1051 1337; x_wconf 76' lang='lat' dir='ltr'><strong>iustitiae</strong></span> <span class='ocrx_word' id='word_1_83' title='bbox 1103 1263 1392 1329; x_wconf 69' lang='lat' dir='ltr'><strong>faciendae,</strong></span> <span class='ocrx_word' id='word_1_84' title='bbox 1449 1269 1510 1317; x_wconf 96' lang='lat' dir='ltr'><strong>ut</strong></span> <span class='ocrx_word' id='word_1_85' title='bbox 1554 1276 1656 1317; x_wconf 91' lang='lat' dir='ltr'><strong>nec</strong></span> <span class='ocrx_word' id='word_1_86' title='bbox 1688 1260 1964 1317; x_wconf 88' lang='lat' dir='ltr'><strong>somnium</strong></span> <span class='ocrx_word' id='word_1_87' title='bbox 1999 1259 2174 1316; x_wconf 91' lang='lat' dir='ltr'><strong>oculis</strong></span> 
     </span>
    </p>
   </div>
   <div class='ocr_carea' id='block_1_14' title="bbox 580 1351 2175 1430">
    <p class='ocr_par' dir='ltr' id='par_1_14' title="bbox 580 1351 2175 1430">
     <span class='ocr_line' id='line_1_14' title="bbox 580 1351 2175 1430; baseline -0.005 -15"><span class='ocrx_word' id='word_1_88' title='bbox 580 1367 821 1430; x_wconf 85' lang='lat' dir='ltr'><strong>caperet,</strong></span> <span class='ocrx_word' id='word_1_89' title='bbox 850 1373 953 1412; x_wconf 92' lang='lat' dir='ltr'><strong>nec</strong></span> <span class='ocrx_word' id='word_1_90' title='bbox 989 1357 1115 1412; x_wconf 92' lang='lat' dir='ltr'><strong>cibo</strong></span> <span class='ocrx_word' id='word_1_91' title='bbox 1155 1354 1467 1410; x_wconf 89' lang='lat' dir='ltr'><strong>satiaretur.</strong></span> <span class='ocrx_word' id='word_1_92' title='bbox 1511 1352 1671 1409; x_wconf 84' lang='lat' dir='ltr'><strong>Anno</strong></span> <span class='ocrx_word' id='word_1_93' title='bbox 1700 1351 1731 1405; x_wconf 91' lang='lat'><strong>7</strong></span> <span class='ocrx_word' id='word_1_94' title='bbox 1761 1352 1914 1424; x_wconf 88' lang='lat' dir='ltr'><strong>regni</strong></span> <span class='ocrx_word' id='word_1_95' title='bbox 1964 1352 2052 1409; x_wconf 90' lang='lat' dir='ltr'><strong>sui</strong></span> <span class='ocrx_word' id='word_1_96' title='bbox 2071 1368 2175 1407; x_wconf 87' lang='lat' dir='ltr'><strong>ua-</strong></span> 
     </span>
    </p>
   </div>
   <div class='ocr_carea' id='block_1_15' title="bbox 582 1443 2174 1518">
    <p class='ocr_par' dir='ltr' id='par_1_15' title="bbox 582 1443 2174 1518">
     <span class='ocr_line' id='line_1_15' title="bbox 582 1443 2174 1518; baseline -0.003 -13"><span class='ocrx_word' id='word_1_97' title='bbox 582 1451 759 1506; x_wconf 89' lang='lat' dir='ltr'><strong>scitur</strong></span> <span class='ocrx_word' id='word_1_98' title='bbox 783 1449 834 1504; x_wconf 92' lang='lat' dir='ltr'><strong>ei</strong></span> <span class='ocrx_word' id='word_1_99' title='bbox 862 1449 1030 1514; x_wconf 84' lang='lat' dir='ltr'><strong>filius,</strong></span> <span class='ocrx_word' id='word_1_100' title='bbox 1054 1447 1276 1502; x_wconf 87' lang='lat' dir='ltr'><strong>nomine</strong></span> <span class='ocrx_word' id='word_1_101' title='bbox 1308 1445 1641 1518; x_wconf 88' lang='lat' dir='ltr'><strong>Sigebertus,</strong></span> <span class='ocrx_word' id='word_1_102' title='bbox 1677 1459 1842 1515; x_wconf 91' lang='lat' dir='ltr'><strong>quem</strong></span> <span class='ocrx_word' id='word_1_103' title='bbox 1864 1444 1931 1499; x_wconf 90' lang='lat' dir='ltr'><strong>de</strong></span> <span class='ocrx_word' id='word_1_104' title='bbox 1956 1443 2174 1500; x_wconf 91' lang='lat' dir='ltr'><strong>lavacro</strong></span> 
     </span>
    </p>
   </div>
   <div class='ocr_carea' id='block_1_16' title="bbox 583 1535 2171 1610">
    <p class='ocr_par' dir='ltr' id='par_1_16' title="bbox 583 1535 2171 1610">
     <span class='ocr_line' id='line_1_16' title="bbox 583 1535 2171 1610; baseline -0.003 -15"><span class='ocrx_word' id='word_1_105' title='bbox 583 1540 829 1610; x_wconf 82' lang='lat' dir='ltr'><strong>suscepit</strong></span> <span class='ocrx_word' id='word_1_106' title='bbox 845 1539 1134 1594; x_wconf 82' lang='lat' dir='ltr'><strong>Aribertus</strong></span> <span class='ocrx_word' id='word_1_107' title='bbox 1156 1537 1325 1592; x_wconf 81' lang='lat' dir='ltr'><strong>frater</strong></span> <span class='ocrx_word' id='word_1_108' title='bbox 1336 1538 1478 1609; x_wconf 89' lang='lat' dir='ltr'><strong>ejus,</strong></span> <span class='ocrx_word' id='word_1_109' title='bbox 1504 1545 1558 1591; x_wconf 92' lang='lat' dir='ltr'><strong>et</strong></span> <span class='ocrx_word' id='word_1_110' title='bbox 1580 1536 1696 1606; x_wconf 87' lang='lat' dir='ltr'><strong>ipse</strong></span> <span class='ocrx_word' id='word_1_111' title='bbox 1713 1535 2000 1591; x_wconf 83' lang='lat' dir='ltr'><strong>Aribertus</strong></span> <span class='ocrx_word' id='word_1_112' title='bbox 2024 1548 2171 1591; x_wconf 90' lang='lat' dir='ltr'><strong>anno</strong></span> 
     </span>
    </p>
   </div>
   <div class='ocr_carea' id='block_1_17' title="bbox 585 1625 2170 1701">
    <p class='ocr_par' dir='ltr' id='par_1_17' title="bbox 585 1625 2170 1701">
     <span class='ocr_line' id='line_1_17' title="bbox 585 1625 2170 1701; baseline -0.004 -15"><span class='ocrx_word' id='word_1_113' title='bbox 585 1630 834 1701; x_wconf 84' lang='lat' dir='ltr'><strong>sequenti</strong></span> <span class='ocrx_word' id='word_1_114' title='bbox 865 1638 1117 1685; x_wconf 88' lang='lat' dir='ltr'><strong>mortuus</strong></span> <span class='ocrx_word' id='word_1_115' title='bbox 1145 1637 1251 1697; x_wconf 90' lang='lat' dir='ltr'><strong>est,</strong></span> <span class='ocrx_word' id='word_1_116' title='bbox 1277 1629 1367 1684; x_wconf 92' lang='lat' dir='ltr'><strong>cui</strong></span> <span class='ocrx_word' id='word_1_117' title='bbox 1409 1637 1527 1683; x_wconf 90' lang='lat' dir='ltr'><strong>erat</strong></span> <span class='ocrx_word' id='word_1_118' title='bbox 1555 1627 1700 1682; x_wconf 86' lang='lat' dir='ltr'><strong>[ilius</strong></span> <span class='ocrx_word' id='word_1_119' title='bbox 1730 1627 1994 1698; x_wconf 86' lang='lat' dir='ltr'><strong>parvulus</strong></span> <span class='ocrx_word' id='word_1_120' title='bbox 2013 1625 2170 1681; x_wconf 83' lang='lat' dir='ltr'><strong>Chil-</strong></span> 
     </span>
    </p>
   </div>
   <div class='ocr_carea' id='block_1_18' title="bbox 2275 524 3853 600">
    <p class='ocr_par' dir='ltr' id='par_1_18' title="bbox 2275 524 3853 600">
     <span class='ocr_line' id='line_1_18' title="bbox 2275 524 3853 600; baseline 0.001 -18"><span class='ocrx_word' id='word_1_121' title='bbox 2275 542 2445 600; x_wconf 87' lang='lat' dir='ltr'><strong>regno</strong></span> <span class='ocrx_word' id='word_1_122' title='bbox 2472 524 2737 599; x_wconf 87' lang='lat' dir='ltr'><strong>Sigeberti</strong></span> <span class='ocrx_word' id='word_1_123' title='bbox 2758 543 2886 583; x_wconf 89' lang='lat' dir='ltr'><strong>cum</strong></span> <span class='ocrx_word' id='word_1_124' title='bbox 2908 527 3208 584; x_wconf 90' lang='lat' dir='ltr'><strong>Cuniberto</strong></span> <span class='ocrx_word' id='word_1_125' title='bbox 3228 528 3486 600; x_wconf 82' lang='lat' dir='ltr'><strong>pontiﬁce</strong></span> <span class='ocrx_word' id='word_1_126' title='bbox 3514 533 3745 585; x_wconf 79' lang='lat' dir='ltr'><strong>strenue</strong></span> <span class='ocrx_word' id='word_1_127' title='bbox 3767 544 3853 600; x_wconf 79' lang='lat' dir='ltr'><strong>gl-</strong></span> 
     </span>
    </p>
   </div>
   <div class='ocr_carea' id='block_1_19' title="bbox 2274 617 3853 689">
    <p class='ocr_par' dir='ltr' id='par_1_19' title="bbox 2274 617 3853 689">
     <span class='ocr_line' id='line_1_19' title="bbox 2274 617 3853 689; baseline 0.003 -17"><span class='ocrx_word' id='word_1_128' title='bbox 2274 617 2543 673; x_wconf 88' lang='lat' dir='ltr'><strong>bernabat</strong></span> <span class='ocrx_word' id='word_1_129' title='bbox 2593 633 2824 689; x_wconf 78' lang='lat' dir='ltr'><strong>regnum</strong></span> <span class='ocrx_word' id='word_1_130' title='bbox 2877 619 3326 687; x_wconf 89' lang='lat' dir='ltr'><strong>Austrasiorum,</strong></span> <span class='ocrx_word' id='word_1_131' title='bbox 3376 628 3432 676; x_wconf 81' lang='lat' dir='ltr'><strong>et</strong></span> <span class='ocrx_word' id='word_1_132' title='bbox 3481 621 3551 676; x_wconf 92' lang='lat' dir='ltr'><strong>ab</strong></span> <span class='ocrx_word' id='word_1_133' title='bbox 3606 620 3853 676; x_wconf 82' lang='lat' dir='ltr'><strong>omnibus</strong></span> 
     </span>
    </p>
   </div>
   <div class='ocr_carea' id='block_1_20' title="bbox 2275 707 3854 783">
    <p class='ocr_par' dir='ltr' id='par_1_20' title="bbox 2275 707 3854 783">
     <span class='ocr_line' id='line_1_20' title="bbox 2275 707 3854 783; baseline 0.003 -22"><span class='ocrx_word' id='word_1_134' title='bbox 2275 708 2581 763; x_wconf 90' lang='lat' dir='ltr'><strong>amabatur.</strong></span> <span class='ocrx_word' id='word_1_135' title='bbox 2611 707 2712 764; x_wconf 83' lang='lat' dir='ltr'><strong>Hic</strong></span> <span class='ocrx_word' id='word_1_136' title='bbox 2740 718 2952 779; x_wconf 91' lang='lat' dir='ltr'><strong>partem</strong></span> <span class='ocrx_word' id='word_1_137' title='bbox 2983 711 3373 767; x_wconf 87' lang='lat' dir='ltr'><strong>thesaurorum</strong></span> <span class='ocrx_word' id='word_1_138' title='bbox 3399 710 3724 783; x_wconf 84' lang='lat' dir='ltr'><strong>Dagoberti,</strong></span> <span class='ocrx_word' id='word_1_139' title='bbox 3746 726 3854 781; x_wconf 71' lang='lat' dir='ltr'><strong>qua:</strong></span> 
     </span>
    </p>
   </div>
   <div class='ocr_carea' id='block_1_21' title="bbox 2274 798 3854 873">
    <p class='ocr_par' dir='ltr' id='par_1_21' title="bbox 2274 798 3854 873">
     <span class='ocr_line' id='line_1_21' title="bbox 2274 798 3854 873; baseline 0.003 -21"><span class='ocrx_word' id='word_1_140' title='bbox 2274 799 2617 869; x_wconf 89' lang='lat' dir='ltr'><strong>competebat</strong></span> <span class='ocrx_word' id='word_1_141' title='bbox 2659 798 2956 871; x_wconf 88' lang='lat' dir='ltr'><strong>Sigiberto,</strong></span> <span class='ocrx_word' id='word_1_142' title='bbox 2986 800 3326 872; x_wconf 89' lang='lat' dir='ltr'><strong>Compendio</strong></span> <span class='ocrx_word' id='word_1_143' title='bbox 3348 802 3478 857; x_wconf 84' lang='lat' dir='ltr'><strong>villa</strong></span> <span class='ocrx_word' id='word_1_144' title='bbox 3506 803 3782 873; x_wconf 88' lang='lat' dir='ltr'><strong>suscepit,</strong></span> <span class='ocrx_word' id='word_1_145' title='bbox 3807 810 3854 857; x_wconf 86' lang='lat' dir='ltr'><strong>et</strong></span> 
     </span>
    </p>
   </div>
   <div class='ocr_carea' id='block_1_22' title="bbox 2272 885 3851 964">
    <p class='ocr_par' dir='ltr' id='par_1_22' title="bbox 2272 885 3851 964">
     <span class='ocr_line' id='line_1_22' title="bbox 2272 885 3851 964; baseline 0.005 -25"><span class='ocrx_word' id='word_1_146' title='bbox 2272 885 2452 943; x_wconf 83' lang='lat' dir='ltr'><strong>Mettis</strong></span> <span class='ocrx_word' id='word_1_147' title='bbox 2470 889 2794 959; x_wconf 84' lang='lat' dir='ltr'><strong>deportavit.</strong></span> <span class='ocrx_word' id='word_1_148' title='bbox 2810 889 2942 948; x_wconf 89' lang='lat' dir='ltr'><strong>Post</strong></span> <span class='ocrx_word' id='word_1_149' title='bbox 2954 892 3071 947; x_wconf 66' lang='lat' dir='ltr'><strong>haec</strong></span> <span class='ocrx_word' id='word_1_150' title='bbox 3094 891 3412 963; x_wconf 89' lang='lat' dir='ltr'><strong>Sigebertus</strong></span> <span class='ocrx_word' id='word_1_151' title='bbox 3432 892 3590 947; x_wconf 91' lang='lat' dir='ltr'><strong>obiit.</strong></span> <span class='ocrx_word' id='word_1_152' title='bbox 3619 891 3851 964; x_wconf 79' lang='lat' dir='ltr'><strong>Regnum</strong></span> 
     </span>
    </p>
   </div>
   <div class='ocr_carea' id='block_1_23' title="bbox 2271 978 3853 1055">
    <p class='ocr_par' dir='ltr' id='par_1_23' title="bbox 2271 978 3853 1055">
     <span class='ocr_line' id='line_1_23' title="bbox 2271 978 3853 1055; baseline 0.004 -22"><span class='ocrx_word' id='word_1_153' title='bbox 2271 978 2392 1049; x_wconf 89' lang='lat' dir='ltr'><strong>ejus</strong></span> <span class='ocrx_word' id='word_1_154' title='bbox 2422 980 2662 1051; x_wconf 87' lang='lat' dir='ltr'><strong>suscepit</strong></span> <span class='ocrx_word' id='word_1_155' title='bbox 2689 980 3029 1054; x_wconf 89' lang='lat' dir='ltr'><strong>Dagobertus</strong></span> <span class='ocrx_word' id='word_1_156' title='bbox 3053 983 3197 1039; x_wconf 77' lang='lat' dir='ltr'><strong>illius</strong></span> <span class='ocrx_word' id='word_1_157' title='bbox 3218 984 3360 1053; x_wconf 89' lang='lat' dir='ltr'><strong>ejus.</strong></span> <span class='ocrx_word' id='word_1_158' title='bbox 3386 982 3560 1050; x_wconf 85' lang='lat' dir='ltr'><strong>Quem</strong></span> <span class='ocrx_word' id='word_1_159' title='bbox 3598 981 3853 1055; x_wconf 86' lang='lat' dir='ltr'><strong>Pippiuns</strong></span> 
     </span>
    </p>
   </div>
   <div class='ocr_carea' id='block_1_24' title="bbox 2271 1072 3853 1146">
    <p class='ocr_par' dir='ltr' id='par_1_24' title="bbox 2271 1072 3853 1146">
     <span class='ocr_line' id='line_1_24' title="bbox 2271 1072 3853 1146; baseline 0.001 -19"><span class='ocrx_word' id='word_1_160' title='bbox 2271 1080 2328 1128; x_wconf 91' lang='lat' dir='ltr'><strong>et</strong></span> <span class='ocrx_word' id='word_1_161' title='bbox 2377 1072 2725 1131; x_wconf 89' lang='lat' dir='ltr'><strong>Grimoaldus</strong></span> <span class='ocrx_word' id='word_1_162' title='bbox 2771 1075 2987 1146; x_wconf 91' lang='lat' dir='ltr'><strong>Pippini</strong></span> <span class='ocrx_word' id='word_1_163' title='bbox 3046 1076 3193 1132; x_wconf 89' lang='lat' dir='ltr'><strong>filius</strong></span> <span class='ocrx_word' id='word_1_164' title='bbox 3241 1075 3427 1132; x_wconf 90' lang='lat' dir='ltr'><strong>minus</strong></span> <span class='ocrx_word' id='word_1_165' title='bbox 3477 1075 3752 1132; x_wconf 87' lang='lat' dir='ltr'><strong>idoneum</strong></span> <span class='ocrx_word' id='word_1_166' title='bbox 3793 1075 3853 1129; x_wconf 82' lang='lat' dir='ltr'><strong>ad</strong></span> 
     </span>
    </p>
   </div>
   <div class='ocr_carea' id='block_1_25' title="bbox 2271 1165 3854 1236">
    <p class='ocr_par' dir='ltr' id='par_1_25' title="bbox 2271 1165 3854 1236">
     <span class='ocr_line' id='line_1_25' title="bbox 2271 1165 3854 1236; baseline 0.002 -18"><span class='ocrx_word' id='word_1_167' title='bbox 2271 1165 2424 1235; x_wconf 83' lang='lat' dir='ltr'><strong>regni</strong></span> <span class='ocrx_word' id='word_1_168' title='bbox 2457 1180 2644 1220; x_wconf 90' lang='lat' dir='ltr'><strong>curam</strong></span> <span class='ocrx_word' id='word_1_169' title='bbox 2669 1167 3018 1236; x_wconf 89' lang='lat' dir='ltr'><strong>providentes</strong></span> <span class='ocrx_word' id='word_1_170' title='bbox 3048 1169 3104 1222; x_wconf 92' lang='lat' dir='ltr'><strong>in</strong></span> <span class='ocrx_word' id='word_1_171' title='bbox 3127 1168 3389 1224; x_wconf 87' lang='lat' dir='ltr'><strong>clericum</strong></span> <span class='ocrx_word' id='word_1_172' title='bbox 3414 1167 3713 1223; x_wconf 88' lang='lat' dir='ltr'><strong>detonderi</strong></span> <span class='ocrx_word' id='word_1_173' title='bbox 3733 1165 3854 1222; x_wconf 81' lang='lat' dir='ltr'><strong>fece-</strong></span> 
     </span>
    </p>
   </div>
   <div class='ocr_carea' id='block_1_26' title="bbox 2270 1253 3855 1328">
    <p class='ocr_par' dir='ltr' id='par_1_26' title="bbox 2270 1253 3855 1328">
     <span class='ocr_line' id='line_1_26' title="bbox 2270 1253 3855 1328; baseline 0.002 -19"><span class='ocrx_word' id='word_1_174' title='bbox 2270 1263 2420 1312; x_wconf 84' lang='lat' dir='ltr'><strong>runt.</strong></span> <span class='ocrx_word' id='word_1_175' title='bbox 2447 1255 2586 1328; x_wconf 94' lang='lat' dir='ltr'><strong>(Vit.</strong></span> <span class='ocrx_word' id='word_1_176' title='bbox 2610 1256 2902 1328; x_wconf 78' lang='lat' dir='ltr'><strong>Wilfridi.)</strong></span> <span class='ocrx_word' id='word_1_177' title='bbox 2927 1253 3213 1315; x_wconf 88' lang='lat' dir='ltr'><strong>Baltbildis</strong></span> <span class='ocrx_word' id='word_1_178' title='bbox 3243 1259 3428 1316; x_wconf 85' lang='lat' dir='ltr'><strong>missis</strong></span> <span class='ocrx_word' id='word_1_179' title='bbox 3450 1259 3731 1314; x_wconf 86' lang='lat' dir='ltr'><strong>militibus</strong></span> <span class='ocrx_word' id='word_1_180' title='bbox 3746 1258 3855 1312; x_wconf 87' lang='lat' dir='ltr'><strong>Dal-</strong></span> 
     </span>
    </p>
   </div>
   <div class='ocr_carea' id='block_1_27' title="bbox 2270 1346 3853 1420">
    <p class='ocr_par' dir='ltr' id='par_1_27' title="bbox 2270 1346 3853 1420">
     <span class='ocr_line' id='line_1_27' title="bbox 2270 1346 3853 1420; baseline 0.003 -20"><span class='ocrx_word' id='word_1_181' title='bbox 2270 1346 2442 1402; x_wconf 83' lang='lat' dir='ltr'><strong>finum</strong></span> <span class='ocrx_word' id='word_1_182' title='bbox 2468 1347 2890 1419; x_wconf 76' lang='lat' dir='ltr'><strong>Lugdunensem</strong></span> <span class='ocrx_word' id='word_1_183' title='bbox 2915 1349 3234 1420; x_wconf 90' lang='lat' dir='ltr'><strong>episcopum</strong></span> <span class='ocrx_word' id='word_1_184' title='bbox 3263 1348 3537 1405; x_wconf 86' lang='lat' dir='ltr'><strong>interfecit</strong></span> <span class='ocrx_word' id='word_1_185' title='bbox 3569 1364 3629 1404; x_wconf 85' lang='lat' dir='ltr'><strong>a.</strong></span> <span class='ocrx_word' id='word_1_186' title='bbox 3672 1348 3793 1415; x_wconf 84' lang='grc'>661,</span> <span class='ocrx_word' id='word_1_187' title='bbox 3826 1364 3853 1404; x_wconf 83' lang='lat' dir='ltr'><strong>a</strong></span> 
     </span>
    </p>
   </div>
   <div class='ocr_carea' id='block_1_28' title="bbox 2270 1439 3855 1512">
    <p class='ocr_par' dir='ltr' id='par_1_28' title="bbox 2270 1439 3855 1512">
     <span class='ocr_line' id='line_1_28' title="bbox 2270 1439 3855 1512; baseline 0.001 -17"><span class='ocrx_word' id='word_1_188' title='bbox 2270 1456 2382 1512; x_wconf 90' lang='lat' dir='ltr'><strong>quo</strong></span> <span class='ocrx_word' id='word_1_189' title='bbox 2407 1449 2764 1497; x_wconf 90' lang='lat' dir='ltr'><strong>consecratus</strong></span> <span class='ocrx_word' id='word_1_190' title='bbox 2797 1450 2882 1497; x_wconf 91' lang='lat' dir='ltr'><strong>est</strong></span> <span class='ocrx_word' id='word_1_191' title='bbox 2916 1444 3141 1498; x_wconf 88' lang='lat' dir='ltr'><strong>sanctus</strong></span> <span class='ocrx_word' id='word_1_192' title='bbox 3162 1440 3445 1497; x_wconf 79' lang='lat' dir='ltr'><strong>Vulfridus</strong></span> <span class='ocrx_word' id='word_1_193' title='bbox 3476 1439 3855 1496; x_wconf 78' lang='lat' dir='ltr'><strong>Eboriacensis</strong></span> 
     </span>
    </p>
   </div>
   <div class='ocr_carea' id='block_1_29' title="bbox 2272 1530 3856 1603">
    <p class='ocr_par' dir='ltr' id='par_1_29' title="bbox 2272 1530 3856 1603">
     <span class='ocr_line' id='line_1_29' title="bbox 2272 1530 3856 1603; baseline 0.001 -18"><span class='ocrx_word' id='word_1_194' title='bbox 2272 1530 2598 1601; x_wconf 89' lang='lat' dir='ltr'><strong>episcopus,</strong></span> <span class='ocrx_word' id='word_1_195' title='bbox 2654 1532 2751 1603; x_wconf 90' lang='lat' dir='ltr'><strong>qui</strong></span> <span class='ocrx_word' id='word_1_196' title='bbox 2795 1533 3007 1603; x_wconf 89' lang='lat' dir='ltr'><strong>primus</strong></span> <span class='ocrx_word' id='word_1_197' title='bbox 3048 1533 3104 1587; x_wconf 93' lang='lat' dir='ltr'><strong>in</strong></span> <span class='ocrx_word' id='word_1_198' title='bbox 3138 1532 3319 1589; x_wconf 90' lang='lat' dir='ltr'><strong>Frisia</strong></span> <span class='ocrx_word' id='word_1_199' title='bbox 3371 1531 3701 1603; x_wconf 70' lang='lat' dir='ltr'><strong>praedicavit</strong></span> <span class='ocrx_word' id='word_1_200' title='bbox 3744 1540 3856 1587; x_wconf 83' lang='lat' dir='ltr'><strong>ante</strong></span> 
     </span>
    </p>
   </div>
   <div class='ocr_carea' id='block_1_30' title="bbox 2268 1620 3855 1696">
    <p class='ocr_par' dir='ltr' id='par_1_30' title="bbox 2268 1620 3855 1696">
     <span class='ocr_line' id='line_1_30' title="bbox 2268 1620 3855 1696; baseline 0.001 -19"><span class='ocrx_word' id='word_1_201' title='bbox 2268 1630 2520 1678; x_wconf 91' lang='lat' dir='ltr'><strong>sanctum</strong></span> <span class='ocrx_word' id='word_1_202' title='bbox 2560 1621 3008 1678; x_wconf 89' lang='lat' dir='ltr'><strong>Willebrordum.</strong></span> <span class='ocrx_word' id='word_1_203' title='bbox 3043 1622 3199 1696; x_wconf 87' lang='lat' dir='ltr'><strong>(Vita</strong></span> <span class='ocrx_word' id='word_1_204' title='bbox 3243 1621 3311 1677; x_wconf 89' lang='grc' dir='ltr'><strong>ΙΙ</strong></span> <span class='ocrx_word' id='word_1_205' title='bbox 3332 1622 3520 1693; x_wconf 85' lang='lat' dir='ltr'><strong>Bath.)</strong></span> <span class='ocrx_word' id='word_1_206' title='bbox 3552 1620 3855 1678; x_wconf 84' lang='lat' dir='ltr'><strong>Clodoveus</strong></span> 
     </span>
    </p>
   </div>
   <div class='ocr_carea' id='block_1_31' title="bbox 585 1715 3856 1791">
    <p class='ocr_par' dir='ltr' id='par_1_31' title="bbox 585 1715 3856 1791">
     <span class='ocr_line' id='line_1_31' title="bbox 585 1715 3856 1791; baseline -0.001 -16"><span class='ocrx_word' id='word_1_207' title='bbox 585 1720 1056 1791; x_wconf 87' lang='lat' dir='ltr'><strong>pericus,quinon</strong></span> <span class='ocrx_word' id='word_1_208' title='bbox 1076 1719 1712 1791; x_wconf 87' lang='lat' dir='ltr'><strong>multopostdefunctus,</strong></span> <span class='ocrx_word' id='word_1_209' title='bbox 1737 1718 1912 1775; x_wconf 91' lang='lat' dir='ltr'><strong>fertur</strong></span> <span class='ocrx_word' id='word_1_210' title='bbox 1929 1718 2168 1775; x_wconf 79' lang='lat' dir='ltr'><strong>factione</strong></span> <span class='ocrx_word' id='word_1_211' title='bbox 2271 1733 2494 1790; x_wconf 92' lang='lat' dir='ltr'><strong>quoque</strong></span> <span class='ocrx_word' id='word_1_212' title='bbox 2526 1719 2733 1775; x_wconf 82' lang='lat' dir='ltr'><strong>exactis</strong></span> <span class='ocrx_word' id='word_1_213' title='bbox 2760 1718 2816 1773; x_wconf 93' lang='lat' dir='ltr'><strong>in</strong></span> <span class='ocrx_word' id='word_1_214' title='bbox 2867 1719 3021 1791; x_wconf 90' lang='lat' dir='ltr'><strong>regni</strong></span> <span class='ocrx_word' id='word_1_215' title='bbox 3062 1718 3538 1774; x_wconf 88' lang='lat' dir='ltr'><strong>administratione</strong></span> <span class='ocrx_word' id='word_1_216' title='bbox 3577 1716 3656 1770; x_wconf 82' lang='grc'><strong>17</strong></span> <span class='ocrx_word' id='word_1_217' title='bbox 3714 1715 3856 1771; x_wconf 87' lang='lat' dir='ltr'><strong>annis</strong></span> 
     </span>
    </p>
   </div>
   <div class='ocr_carea' id='block_1_32' title="bbox 584 1810 1432 1883">
    <p class='ocr_par' dir='ltr' id='par_1_32' title="bbox 584 1810 1432 1883">
     <span class='ocr_line' id='line_1_32' title="bbox 584 1810 1432 1883; baseline 0 -17"><span class='ocrx_word' id='word_1_218' title='bbox 584 1810 873 1883; x_wconf 88' lang='lat' dir='ltr'><strong>Dagoberti</strong></span> <span class='ocrx_word' id='word_1_219' title='bbox 901 1812 1071 1868; x_wconf 92' lang='lat' dir='ltr'><strong>fuisse</strong></span> <span class='ocrx_word' id='word_1_220' title='bbox 1094 1811 1432 1868; x_wconf 85' lang='lat' dir='ltr'><strong>interfectus.</strong></span> 
     </span>
    </p>
   </div>
   <div class='ocr_carea' id='block_1_33' title="bbox 658 1902 2171 1975">
    <p class='ocr_par' dir='ltr' id='par_1_33' title="bbox 658 1902 2171 1975">
     <span class='ocr_line' id='line_1_33' title="bbox 658 1902 2171 1975; baseline 0.001 -18"><span class='ocrx_word' id='word_1_221' title='bbox 658 1902 820 1958; x_wconf 85' lang='lat' dir='ltr'><strong>Anno</strong></span> <span class='ocrx_word' id='word_1_222' title='bbox 851 1903 918 1957; x_wconf 87' lang='grc'><strong>10</strong></span> <span class='ocrx_word' id='word_1_223' title='bbox 965 1904 1121 1975; x_wconf 90' lang='lat' dir='ltr'><strong>regni</strong></span> <span class='ocrx_word' id='word_1_224' title='bbox 1160 1903 1450 1975; x_wconf 88' lang='lat' dir='ltr'><strong>Dagoberti</strong></span> <span class='ocrx_word' id='word_1_225' title='bbox 1475 1902 2020 1975; x_wconf 77' lang='lat' dir='ltr'><strong>WinidiToringiam</strong></span> <span class='ocrx_word' id='word_1_226' title='bbox 2074 1903 2171 1958; x_wconf 92' lang='lat' dir='ltr'><strong>de-</strong></span> 
     </span>
    </p>
   </div>
   <div class='ocr_carea' id='block_1_34' title="bbox 583 1995 2173 2066">
    <p class='ocr_par' dir='ltr' id='par_1_34' title="bbox 583 1995 2173 2066">
     <span class='ocr_line' id='line_1_34' title="bbox 583 1995 2173 2066; baseline 0.002 -18"><span class='ocrx_word' id='word_1_227' title='bbox 583 1995 889 2050; x_wconf 86' lang='lat' dir='ltr'><strong>vastabant.</strong></span> <span class='ocrx_word' id='word_1_228' title='bbox 932 1995 1037 2062; x_wconf 83' lang='lat' dir='ltr'><strong>Qui</strong></span> <span class='ocrx_word' id='word_1_229' title='bbox 1073 2011 1198 2051; x_wconf 92' lang='lat' dir='ltr'><strong>cum</strong></span> <span class='ocrx_word' id='word_1_230' title='bbox 1243 1995 1460 2051; x_wconf 80' lang='lat' dir='ltr'><strong>fortiter</strong></span> <span class='ocrx_word' id='word_1_231' title='bbox 1494 1996 1794 2062; x_wconf 90' lang='lat' dir='ltr'><strong>instarent,</strong></span> <span class='ocrx_word' id='word_1_232' title='bbox 1835 1995 2173 2066; x_wconf 89' lang='lat' dir='ltr'><strong>Dagobertus</strong></span> 
     </span>
    </p>
   </div>
   <div class='ocr_carea' id='block_1_35' title="bbox 583 2084 2173 2157">
    <p class='ocr_par' dir='ltr' id='par_1_35' title="bbox 583 2084 2173 2157">
     <span class='ocr_line' id='line_1_35' title="bbox 583 2084 2173 2157; baseline 0.001 -17"><span class='ocrx_word' id='word_1_233' title='bbox 583 2084 764 2142; x_wconf 84' lang='lat' dir='ltr'><strong>Mettis</strong></span> <span class='ocrx_word' id='word_1_234' title='bbox 797 2087 973 2154; x_wconf 88' lang='lat' dir='ltr'><strong>venit,</strong></span> <span class='ocrx_word' id='word_1_235' title='bbox 997 2096 1053 2142; x_wconf 88' lang='lat' dir='ltr'><strong>et</strong></span> <span class='ocrx_word' id='word_1_236' title='bbox 1076 2086 1310 2143; x_wconf 90' lang='lat' dir='ltr'><strong>consilio</strong></span> <span class='ocrx_word' id='word_1_237' title='bbox 1338 2087 1660 2157; x_wconf 80' lang='lat' dir='ltr'><strong>pontificum</strong></span> <span class='ocrx_word' id='word_1_238' title='bbox 1685 2090 1740 2142; x_wconf 92' lang='lat' dir='ltr'><strong>et</strong></span> <span class='ocrx_word' id='word_1_239' title='bbox 1762 2101 2050 2157; x_wconf 89' lang='lat' dir='ltr'><strong>procerum</strong></span> <span class='ocrx_word' id='word_1_240' title='bbox 2087 2085 2173 2141; x_wconf 92' lang='lat' dir='ltr'><strong>Si-</strong></span> 
     </span>
    </p>
   </div>
   <div class='ocr_carea' id='block_1_36' title="bbox 582 2177 2173 2250">
    <p class='ocr_par' dir='ltr' id='par_1_36' title="bbox 582 2177 2173 2250">
     <span class='ocr_line' id='line_1_36' title="bbox 582 2177 2173 2250; baseline -0.003 -15"><span class='ocrx_word' id='word_1_241' title='bbox 582 2180 864 2250; x_wconf 87' lang='lat' dir='ltr'><strong>gebertum</strong></span> <span class='ocrx_word' id='word_1_242' title='bbox 913 2179 1086 2235; x_wconf 84' lang='lat' dir='ltr'><strong>filium</strong></span> <span class='ocrx_word' id='word_1_243' title='bbox 1124 2195 1286 2236; x_wconf 84' lang='lat' dir='ltr'><strong>suum</strong></span> <span class='ocrx_word' id='word_1_244' title='bbox 1315 2194 1497 2249; x_wconf 83' lang='lat' dir='ltr'><strong>regem</strong></span> <span class='ocrx_word' id='word_1_245' title='bbox 1533 2178 1840 2245; x_wconf 90' lang='lat' dir='ltr'><strong>constituit,</strong></span> <span class='ocrx_word' id='word_1_246' title='bbox 1879 2177 2173 2248; x_wconf 85' lang='lat' dir='ltr'><strong>sedemque</strong></span> 
     </span>
    </p>
   </div>
   <div class='ocr_carea' id='block_1_37' title="bbox 579 2271 2171 2339">
    <p class='ocr_par' dir='ltr' id='par_1_37' title="bbox 579 2271 2171 2339">
     <span class='ocr_line' id='line_1_37' title="bbox 579 2271 2171 2339; baseline -0.001 -11"><span class='ocrx_word' id='word_1_247' title='bbox 579 2272 974 2329; x_wconf 85' lang='lat' dir='ltr'><strong>Mettishabere</strong></span> <span class='ocrx_word' id='word_1_248' title='bbox 990 2273 1295 2339; x_wconf 85' lang='lat' dir='ltr'><strong>constituit,</strong></span> <span class='ocrx_word' id='word_1_249' title='bbox 1318 2281 1374 2328; x_wconf 91' lang='lat' dir='ltr'><strong>et</strong></span> <span class='ocrx_word' id='word_1_250' title='bbox 1396 2271 1753 2327; x_wconf 87' lang='lat' dir='ltr'><strong>Cunibertum</strong></span> <span class='ocrx_word' id='word_1_251' title='bbox 1786 2271 2171 2327; x_wconf 87' lang='lat' dir='ltr'><strong>Coloniensem</strong></span> 
     </span>
    </p>
   </div>
   <div class='ocr_carea' id='block_1_38' title="bbox 576 2363 2170 2436">
    <p class='ocr_par' dir='ltr' id='par_1_38' title="bbox 576 2363 2170 2436">
     <span class='ocr_line' id='line_1_38' title="bbox 576 2363 2170 2436; baseline 0.001 -18"><span class='ocrx_word' id='word_1_252' title='bbox 576 2364 863 2436; x_wconf 85' lang='lat' dir='ltr'><strong>praesulem</strong></span> <span class='ocrx_word' id='word_1_253' title='bbox 908 2373 965 2420; x_wconf 90' lang='lat' dir='ltr'><strong>et</strong></span> <span class='ocrx_word' id='word_1_254' title='bbox 999 2364 1331 2436; x_wconf 83' lang='lat' dir='ltr'><strong>Ansegisum</strong></span> <span class='ocrx_word' id='word_1_255' title='bbox 1361 2363 1578 2428; x_wconf 90' lang='lat' dir='ltr'><strong>ducem,</strong></span> <span class='ocrx_word' id='word_1_256' title='bbox 1609 2364 1704 2435; x_wconf 92' lang='lat' dir='ltr'><strong>qui</strong></span> <span class='ocrx_word' id='word_1_257' title='bbox 1749 2371 1804 2419; x_wconf 91' lang='lat' dir='ltr'><strong>et</strong></span> <span class='ocrx_word' id='word_1_258' title='bbox 1843 2363 2170 2431; x_wconf 85' lang='lat' dir='ltr'><strong>Anschisns,</strong></span> 
     </span>
    </p>
   </div>
   <div class='ocr_carea' id='block_1_39' title="bbox 577 2453 2173 2528">
    <p class='ocr_par' dir='ltr' id='par_1_39' title="bbox 577 2453 2173 2528">
     <span class='ocr_line' id='line_1_39' title="bbox 577 2453 2173 2528; baseline 0 -17"><span class='ocrx_word' id='word_1_259' title='bbox 577 2457 819 2512; x_wconf 91' lang='lat' dir='ltr'><strong>instituit</strong></span> <span class='ocrx_word' id='word_1_260' title='bbox 866 2456 1173 2528; x_wconf 89' lang='lat' dir='ltr'><strong>gubernare</strong></span> <span class='ocrx_word' id='word_1_261' title='bbox 1216 2456 1502 2526; x_wconf 87' lang='lat' dir='ltr'><strong>palatium.</strong></span> <span class='ocrx_word' id='word_1_262' title='bbox 1537 2454 1775 2526; x_wconf 82' lang='lat' dir='ltr'><strong>(Geneal.</strong></span> <span class='ocrx_word' id='word_1_263' title='bbox 1816 2453 2031 2526; x_wconf 89' lang='lat' dir='ltr'><strong>Carol.)</strong></span> <span class='ocrx_word' id='word_1_264' title='bbox 2073 2453 2173 2511; x_wconf 79' lang='lat' dir='ltr'><strong>llic</strong></span> 
     </span>
    </p>
   </div>
   <div class='ocr_carea' id='block_1_40' title="bbox 574 2545 2171 2618">
    <p class='ocr_par' dir='ltr' id='par_1_40' title="bbox 574 2545 2171 2618">
     <span class='ocr_line' id='line_1_40' title="bbox 574 2545 2171 2618; baseline -0.001 -17"><span class='ocrx_word' id='word_1_265' title='bbox 574 2546 881 2618; x_wconf 84' lang='lat' dir='ltr'><strong>Ansegisus</strong></span> <span class='ocrx_word' id='word_1_266' title='bbox 906 2547 1094 2618; x_wconf 86' lang='lat' dir='ltr'><strong>genuit</strong></span> <span class='ocrx_word' id='word_1_267' title='bbox 1110 2545 1423 2617; x_wconf 86' lang='lat' dir='ltr'><strong>Pippinum,</strong></span> <span class='ocrx_word' id='word_1_268' title='bbox 1438 2546 1706 2617; x_wconf 89' lang='lat' dir='ltr'><strong>Pippinus</strong></span> <span class='ocrx_word' id='word_1_269' title='bbox 1719 2545 1999 2601; x_wconf 89' lang='lat' dir='ltr'><strong>Carolum.</strong></span> <span class='ocrx_word' id='word_1_270' title='bbox 2024 2545 2171 2601; x_wconf 90' lang='lat' dir='ltr'><strong>The-</strong></span> 
     </span>
    </p>
   </div>
   <div class='ocr_carea' id='block_1_41' title="bbox 575 2637 2173 2710">
    <p class='ocr_par' dir='ltr' id='par_1_41' title="bbox 575 2637 2173 2710">
     <span class='ocr_line' id='line_1_41' title="bbox 575 2637 2173 2710; baseline 0 -17"><span class='ocrx_word' id='word_1_271' title='bbox 575 2652 806 2693; x_wconf 89' lang='lat' dir='ltr'><strong>saurum</strong></span> <span class='ocrx_word' id='word_1_272' title='bbox 857 2638 1007 2709; x_wconf 92' lang='lat' dir='ltr'><strong>quod</strong></span> <span class='ocrx_word' id='word_1_273' title='bbox 1051 2638 1341 2705; x_wconf 76' lang='lat' dir='ltr'><strong>sufficeret,</strong></span> <span class='ocrx_word' id='word_1_274' title='bbox 1394 2637 1508 2693; x_wconf 87' lang='lat' dir='ltr'><strong>ﬁlio</strong></span> <span class='ocrx_word' id='word_1_275' title='bbox 1535 2638 1776 2705; x_wconf 87' lang='lat' dir='ltr'><strong>tradidit,</strong></span> <span class='ocrx_word' id='word_1_276' title='bbox 1814 2648 1868 2693; x_wconf 91' lang='lat' dir='ltr'><strong>et</strong></span> <span class='ocrx_word' id='word_1_277' title='bbox 1900 2638 2173 2710; x_wconf 85' lang='lat' dir='ltr'><strong>condigne</strong></span> 
     </span>
    </p>
   </div>
   <div class='ocr_carea' id='block_1_42' title="bbox 573 2728 2171 2802">
    <p class='ocr_par' dir='ltr' id='par_1_42' title="bbox 573 2728 2171 2802">
     <span class='ocr_line' id='line_1_42' title="bbox 573 2728 2171 2802; baseline 0.001 -19"><span class='ocrx_word' id='word_1_278' title='bbox 573 2742 701 2783; x_wconf 89' lang='lat' dir='ltr'><strong>eum</strong></span> <span class='ocrx_word' id='word_1_279' title='bbox 731 2728 785 2783; x_wconf 92' lang='lat' dir='ltr'><strong>in</strong></span> <span class='ocrx_word' id='word_1_280' title='bbox 815 2728 1059 2785; x_wconf 88' lang='lat' dir='ltr'><strong>culmine</strong></span> <span class='ocrx_word' id='word_1_281' title='bbox 1084 2730 1235 2802; x_wconf 87' lang='lat' dir='ltr'><strong>regni</strong></span> <span class='ocrx_word' id='word_1_282' title='bbox 1264 2729 1598 2797; x_wconf 85' lang='lat' dir='ltr'><strong>subllmavit,</strong></span> <span class='ocrx_word' id='word_1_283' title='bbox 1622 2739 1677 2785; x_wconf 91' lang='lat' dir='ltr'><strong>et</strong></span> <span class='ocrx_word' id='word_1_284' title='bbox 1697 2730 1843 2801; x_wconf 92' lang='lat' dir='ltr'><strong>quod</strong></span> <span class='ocrx_word' id='word_1_285' title='bbox 1865 2730 1916 2785; x_wconf 92' lang='lat' dir='ltr'><strong>ei</strong></span> <span class='ocrx_word' id='word_1_286' title='bbox 1939 2729 2171 2801; x_wconf 89' lang='lat' dir='ltr'><strong>largitus</strong></span> 
     </span>
    </p>
   </div>
   <div class='ocr_carea' id='block_1_43' title="bbox 573 2816 2171 2893">
    <p class='ocr_par' dir='ltr' id='par_1_43' title="bbox 573 2816 2171 2893">
     <span class='ocr_line' id='line_1_43' title="bbox 573 2816 2171 2893; baseline 0.003 -20"><span class='ocrx_word' id='word_1_287' title='bbox 573 2816 775 2887; x_wconf 87' lang='lat' dir='ltr'><strong>fuerat,</strong></span> <span class='ocrx_word' id='word_1_288' title='bbox 800 2830 1070 2892; x_wconf 62' lang='lat' dir='ltr'><strong>praecepto</strong></span> <span class='ocrx_word' id='word_1_289' title='bbox 1094 2822 1392 2877; x_wconf 88' lang='lat' dir='ltr'><strong>roboravit.</strong></span> <span class='ocrx_word' id='word_1_290' title='bbox 1411 2820 1492 2876; x_wconf 92' lang='lat' dir='ltr'><strong>llli</strong></span> <span class='ocrx_word' id='word_1_291' title='bbox 1515 2837 1744 2893; x_wconf 88' lang='lat' dir='ltr'><strong>regnum</strong></span> <span class='ocrx_word' id='word_1_292' title='bbox 1756 2820 2171 2879; x_wconf 86' lang='lat' dir='ltr'><strong>Austrasiorum</strong></span> 
     </span>
    </p>
   </div>
   <div class='ocr_carea' id='block_1_44' title="bbox 575 2910 2174 2982">
    <p class='ocr_par' dir='ltr' id='par_1_44' title="bbox 575 2910 2174 2982">
     <span class='ocr_line' id='line_1_44' title="bbox 575 2910 2174 2982; baseline 0.004 -19"><span class='ocrx_word' id='word_1_293' title='bbox 575 2918 634 2964; x_wconf 89' lang='lat' dir='ltr'><strong>et</strong></span> <span class='ocrx_word' id='word_1_294' title='bbox 660 2910 799 2965; x_wconf 88' lang='lat' dir='ltr'><strong>fines</strong></span> <span class='ocrx_word' id='word_1_295' title='bbox 848 2913 1003 2982; x_wconf 83' lang='lat' dir='ltr'><strong>regni</strong></span> <span class='ocrx_word' id='word_1_296' title='bbox 1033 2912 1374 2968; x_wconf 85' lang='lat' dir='ltr'><strong>Francorum</strong></span> <span class='ocrx_word' id='word_1_297' title='bbox 1410 2913 1616 2968; x_wconf 89' lang='lat' dir='ltr'><strong>utiliter</strong></span> <span class='ocrx_word' id='word_1_298' title='bbox 1645 2911 1960 2969; x_wconf 87' lang='lat' dir='ltr'><strong>defendunt.</strong></span> <span class='ocrx_word' id='word_1_299' title='bbox 1993 2913 2174 2969; x_wconf 81' lang='lat' dir='ltr'><strong>Unde-</strong></span> 
     </span>
    </p>
   </div>
   <div class='ocr_carea' id='block_1_45' title="bbox 577 3001 2171 3075">
    <p class='ocr_par' dir='ltr' id='par_1_45' title="bbox 577 3001 2171 3075">
     <span class='ocr_line' id='line_1_45' title="bbox 577 3001 2171 3075; baseline 0.004 -21"><span class='ocrx_word' id='word_1_300' title='bbox 577 3001 725 3055; x_wconf 91' lang='lat' dir='ltr'><strong>cimo</strong></span> <span class='ocrx_word' id='word_1_301' title='bbox 769 3002 839 3032; x_wconf 81' lang='grc'><strong>¹²²</strong></span> <span class='ocrx_word' id='word_1_302' title='bbox 869 3017 1017 3056; x_wconf 91' lang='lat' dir='ltr'><strong>anno</strong></span> <span class='ocrx_word' id='word_1_303' title='bbox 1059 3002 1317 3058; x_wconf 87' lang='lat' dir='ltr'><strong>Clodovei</strong></span> <span class='ocrx_word' id='word_1_304' title='bbox 1375 3003 1474 3058; x_wconf 82' lang='lat' dir='ltr'><strong>filii</strong></span> <span class='ocrx_word' id='word_1_305' title='bbox 1519 3003 1809 3073; x_wconf 88' lang='lat' dir='ltr'><strong>Dagoberti</strong></span> <span class='ocrx_word' id='word_1_306' title='bbox 1855 3003 2171 3075; x_wconf 82' lang='lat' dir='ltr'><strong>Magoaldus</strong></span> 
     </span>
    </p>
   </div>
   <div class='ocr_carea' id='block_1_46' title="bbox 577 3090 2169 3159">
    <p class='ocr_par' dir='ltr' id='par_1_46' title="bbox 577 3090 2169 3159">
     <span class='ocr_line' id='line_1_46' title="bbox 577 3090 2169 3159; baseline 0.003 -13"><span class='ocrx_word' id='word_1_307' title='bbox 577 3090 750 3146; x_wconf 84' lang='lat' dir='ltr'><strong>abbas</strong></span> <span class='ocrx_word' id='word_1_308' title='bbox 773 3090 1205 3149; x_wconf 82' lang='lat' dir='ltr'><strong>Flaviniacensis</strong></span> <span class='ocrx_word' id='word_1_309' title='bbox 1228 3093 1384 3159; x_wconf 92' lang='lat' dir='ltr'><strong>obiit,</strong></span> <span class='ocrx_word' id='word_1_310' title='bbox 1426 3102 1481 3148; x_wconf 93' lang='lat' dir='ltr'><strong>et</strong></span> <span class='ocrx_word' id='word_1_311' title='bbox 1501 3094 1739 3149; x_wconf 90' lang='lat' dir='ltr'><strong>domnus</strong></span> <span class='ocrx_word' id='word_1_312' title='bbox 1760 3093 2054 3151; x_wconf 89' lang='lat' dir='ltr'><strong>Widradus</strong></span> <span class='ocrx_word' id='word_1_313' title='bbox 2078 3111 2169 3150; x_wconf 92' lang='lat' dir='ltr'><strong>or-</strong></span> 
     </span>
    </p>
   </div>
   <div class='ocr_carea' id='block_1_47' title="bbox 582 3182 2060 3242">
    <p class='ocr_par' dir='ltr' id='par_1_47' title="bbox 582 3182 2060 3242">
     <span class='ocr_line' id='line_1_47' title="bbox 582 3182 2060 3242; baseline 0.004 -6"><span class='ocrx_word' id='word_1_314' title='bbox 582 3182 814 3237; x_wconf 89' lang='lat' dir='ltr'><strong>dinatur</strong></span> <span class='ocrx_word' id='word_1_315' title='bbox 847 3184 1018 3239; x_wconf 90' lang='lat' dir='ltr'><strong>abbas</strong></span> <span class='ocrx_word' id='word_1_316' title='bbox 1050 3184 1113 3238; x_wconf 91' lang='grc'><strong>11</strong></span> <span class='ocrx_word' id='word_1_317' title='bbox 1159 3184 1279 3239; x_wconf 78' lang='lat' dir='ltr'><strong>Kal.</strong></span> <span class='ocrx_word' id='word_1_318' title='bbox 1324 3184 1450 3240; x_wconf 87' lang='lat' dir='ltr'><strong>Mai.</strong></span> <span class='ocrx_word' id='word_1_319' title='bbox 1495 3182 1721 3240; x_wconf 69' lang='lat' dir='ltr'><strong>Praefuit</strong></span> <span class='ocrx_word' id='word_1_320' title='bbox 1744 3185 1904 3242; x_wconf 91' lang='lat' dir='ltr'><strong>annis</strong></span> <span class='ocrx_word' id='word_1_321' title='bbox 1942 3186 2060 3242; x_wconf 54' lang='lat'><strong>12:</strong></span> 
     </span>
    </p>
   </div>
   <div class='ocr_carea' id='block_1_48' title="bbox 648 3271 2171 3346">
    <p class='ocr_par' dir='ltr' id='par_1_48' title="bbox 648 3271 2171 3346">
     <span class='ocr_line' id='line_1_48' title="bbox 648 3271 2171 3346; baseline 0.005 -21"><span class='ocrx_word' id='word_1_322' title='bbox 648 3271 811 3328; x_wconf 83' lang='lat' dir='ltr'><strong>Anno</strong></span> <span class='ocrx_word' id='word_1_323' title='bbox 836 3273 933 3327; x_wconf 72' lang='lat'><strong>12.</strong></span> <span class='ocrx_word' id='word_1_324' title='bbox 957 3274 1113 3346; x_wconf 88' lang='lat' dir='ltr'><strong>regni</strong></span> <span class='ocrx_word' id='word_1_325' title='bbox 1139 3273 1433 3346; x_wconf 88' lang='lat' dir='ltr'><strong>Dagoberti</strong></span> <span class='ocrx_word' id='word_1_326' title='bbox 1468 3283 1632 3331; x_wconf 82' lang='lat' dir='ltr'><strong>natus</strong></span> <span class='ocrx_word' id='word_1_327' title='bbox 1664 3283 1749 3331; x_wconf 90' lang='lat' dir='ltr'><strong>est</strong></span> <span class='ocrx_word' id='word_1_328' title='bbox 1783 3275 1833 3331; x_wconf 91' lang='lat' dir='ltr'><strong>ei</strong></span> <span class='ocrx_word' id='word_1_329' title='bbox 1859 3275 2024 3344; x_wconf 83' lang='lat' dir='ltr'><strong>filius,</strong></span> <span class='ocrx_word' id='word_1_330' title='bbox 2066 3292 2171 3333; x_wconf 86' lang='lat' dir='ltr'><strong>no-</strong></span> 
     </span>
    </p>
   </div>
   <div class='ocr_carea' id='block_1_49' title="bbox 577 3361 2175 3438">
    <p class='ocr_par' dir='ltr' id='par_1_49' title="bbox 577 3361 2175 3438">
     <span class='ocr_line' id='line_1_49' title="bbox 577 3361 2175 3438; baseline 0.004 -21"><span class='ocrx_word' id='word_1_331' title='bbox 577 3361 728 3418; x_wconf 86' lang='lat' dir='ltr'><strong>mine</strong></span> <span class='ocrx_word' id='word_1_332' title='bbox 749 3361 1080 3431; x_wconf 89' lang='lat' dir='ltr'><strong>Clodoveus,</strong></span> <span class='ocrx_word' id='word_1_333' title='bbox 1105 3364 1193 3418; x_wconf 91' lang='lat' dir='ltr'><strong>cui</strong></span> <span class='ocrx_word' id='word_1_334' title='bbox 1226 3361 1541 3419; x_wconf 88' lang='lat' dir='ltr'><strong>Neustriam</strong></span> <span class='ocrx_word' id='word_1_335' title='bbox 1569 3374 1626 3419; x_wconf 90' lang='lat' dir='ltr'><strong>et</strong></span> <span class='ocrx_word' id='word_1_336' title='bbox 1649 3363 2019 3438; x_wconf 84' lang='lat' dir='ltr'><strong>Burgundiam</strong></span> <span class='ocrx_word' id='word_1_337' title='bbox 2048 3375 2175 3438; x_wconf 92' lang='lat' dir='ltr'><strong>post</strong></span> 
     </span>
    </p>
   </div>
   <div class='ocr_carea' id='block_1_50' title="bbox 578 3453 2172 3527">
    <p class='ocr_par' dir='ltr' id='par_1_50' title="bbox 578 3453 2172 3527">
     <span class='ocr_line' id='line_1_50' title="bbox 578 3453 2172 3527; baseline 0.003 -18"><span class='ocrx_word' id='word_1_338' title='bbox 578 3468 742 3509; x_wconf 90' lang='lat' dir='ltr'><strong>suum</strong></span> <span class='ocrx_word' id='word_1_339' title='bbox 768 3453 1074 3510; x_wconf 87' lang='lat' dir='ltr'><strong>discessum</strong></span> <span class='ocrx_word' id='word_1_340' title='bbox 1102 3462 1259 3525; x_wconf 89' lang='lat' dir='ltr'><strong>pater</strong></span> <span class='ocrx_word' id='word_1_341' title='bbox 1282 3455 1534 3523; x_wconf 87' lang='lat' dir='ltr'><strong>contulit,</strong></span> <span class='ocrx_word' id='word_1_342' title='bbox 1556 3471 1786 3527; x_wconf 85' lang='lat' dir='ltr'><strong>regnum</strong></span> <span class='ocrx_word' id='word_1_343' title='bbox 1804 3457 2172 3515; x_wconf 82' lang='lat' dir='ltr'><strong>veroAustra-</strong></span> 
     </span>
    </p>
   </div>
   <div class='ocr_carea' id='block_1_51' title="bbox 578 3542 2172 3619">
    <p class='ocr_par' dir='ltr' id='par_1_51' title="bbox 578 3542 2172 3619">
     <span class='ocr_line' id='line_1_51' title="bbox 578 3542 2172 3619; baseline 0.004 -22"><span class='ocrx_word' id='word_1_344' title='bbox 578 3543 792 3598; x_wconf 83' lang='lat' dir='ltr'><strong>siornm</strong></span> <span class='ocrx_word' id='word_1_345' title='bbox 822 3542 1124 3614; x_wconf 91' lang='lat' dir='ltr'><strong>Sigeberto.</strong></span> <span class='ocrx_word' id='word_1_346' title='bbox 1174 3543 1513 3615; x_wconf 89' lang='lat' dir='ltr'><strong>Dagobertus</strong></span> <span class='ocrx_word' id='word_1_347' title='bbox 1542 3545 1711 3618; x_wconf 84' lang='lat' dir='ltr'><strong>igitur</strong></span> <span class='ocrx_word' id='word_1_348' title='bbox 1735 3546 1804 3600; x_wconf 78' lang='grc'><strong>15</strong></span> <span class='ocrx_word' id='word_1_349' title='bbox 1839 3561 1986 3602; x_wconf 90' lang='lat' dir='ltr'><strong>anno</strong></span> <span class='ocrx_word' id='word_1_350' title='bbox 2017 3548 2172 3619; x_wconf 88' lang='lat' dir='ltr'><strong>regni</strong></span> 
     </span>
    </p>
   </div>
   <div class='ocr_carea' id='block_1_52' title="bbox 578 3630 2168 3708">
    <p class='ocr_par' dir='ltr' id='par_1_52' title="bbox 578 3630 2168 3708">
     <span class='ocr_line' id='line_1_52' title="bbox 578 3630 2168 3708; baseline 0.004 -20"><span class='ocrx_word' id='word_1_351' title='bbox 578 3632 667 3688; x_wconf 91' lang='lat' dir='ltr'><strong>sui</strong></span> <span class='ocrx_word' id='word_1_352' title='bbox 697 3630 996 3690; x_wconf 87' lang='lat' dir='ltr'><strong>Wascones</strong></span> <span class='ocrx_word' id='word_1_353' title='bbox 1032 3632 1248 3689; x_wconf 89' lang='lat' dir='ltr'><strong>fortiter</strong></span> <span class='ocrx_word' id='word_1_354' title='bbox 1298 3634 1594 3705; x_wconf 88' lang='lat' dir='ltr'><strong>superavit,</strong></span> <span class='ocrx_word' id='word_1_355' title='bbox 1628 3644 1684 3692; x_wconf 89' lang='lat' dir='ltr'><strong>et</strong></span> <span class='ocrx_word' id='word_1_356' title='bbox 1731 3651 1880 3692; x_wconf 88' lang='lat' dir='ltr'><strong>anno</strong></span> <span class='ocrx_word' id='word_1_357' title='bbox 1914 3639 2168 3708; x_wconf 89' lang='lat' dir='ltr'><strong>sequenti</strong></span> 
     </span>
    </p>
   </div>
   <div class='ocr_carea' id='block_1_53' title="bbox 578 3721 2176 3786">
    <p class='ocr_par' dir='ltr' id='par_1_53' title="bbox 578 3721 2176 3786">
     <span class='ocr_line' id='line_1_53' title="bbox 578 3721 2176 3786; baseline 0.006 -10"><span class='ocrx_word' id='word_1_358' title='bbox 578 3721 857 3778; x_wconf 87' lang='lat' dir='ltr'><strong>Brittones</strong></span> <span class='ocrx_word' id='word_1_359' title='bbox 911 3731 967 3779; x_wconf 91' lang='lat' dir='ltr'><strong>et</strong></span> <span class='ocrx_word' id='word_1_360' title='bbox 1016 3723 1318 3782; x_wconf 89' lang='lat' dir='ltr'><strong>Wascones</strong></span> <span class='ocrx_word' id='word_1_361' title='bbox 1371 3726 1515 3783; x_wconf 89' lang='lat' dir='ltr'><strong>datis</strong></span> <span class='ocrx_word' id='word_1_362' title='bbox 1545 3729 1906 3785; x_wconf 90' lang='lat' dir='ltr'><strong>sacramentis</strong></span> <span class='ocrx_word' id='word_1_363' title='bbox 1954 3730 2004 3785; x_wconf 89' lang='lat' dir='ltr'><strong>ei</strong></span> <span class='ocrx_word' id='word_1_364' title='bbox 2041 3726 2176 3786; x_wconf 42' lang='lat' dir='ltr'><strong>sub;</strong></span> 
     </span>
    </p>
   </div>
   <div class='ocr_carea' id='block_1_54' title="bbox 579 3811 2174 3894">
    <p class='ocr_par' dir='ltr' id='par_1_54' title="bbox 579 3811 2174 3894">
     <span class='ocr_line' id='line_1_54' title="bbox 579 3811 2174 3894; baseline 0.006 -26"><span class='ocrx_word' id='word_1_365' title='bbox 579 3813 808 3869; x_wconf 89' lang='lat' dir='ltr'><strong>duntur.</strong></span> <span class='ocrx_word' id='word_1_366' title='bbox 845 3811 993 3870; x_wconf 87' lang='lat' dir='ltr'><strong>Obiit</strong></span> <span class='ocrx_word' id='word_1_367' title='bbox 1041 3831 1188 3873; x_wconf 90' lang='lat' dir='ltr'><strong>anno</strong></span> <span class='ocrx_word' id='word_1_368' title='bbox 1229 3817 1339 3873; x_wconf 91' lang='lat' dir='ltr'><strong>inc.</strong></span> <span class='ocrx_word' id='word_1_369' title='bbox 1387 3818 1544 3876; x_wconf 89' lang='lat' dir='ltr'><strong>Dom.</strong></span> <span class='ocrx_word' id='word_1_370' title='bbox 1592 3819 1718 3887; x_wconf 72' lang='lat' dir='ltr'><strong>6M,</strong></span> <span class='ocrx_word' id='word_1_371' title='bbox 1746 3821 1858 3877; x_wconf 92' lang='lat' dir='ltr'><strong>ind.</strong></span> <span class='ocrx_word' id='word_1_372' title='bbox 1902 3823 1990 3889; x_wconf 76' lang='lat' dir='ltr'><strong>M,</strong></span> <span class='ocrx_word' id='word_1_373' title='bbox 2021 3823 2174 3894; x_wconf 90' lang='lat' dir='ltr'><strong>regni</strong></span> 
     </span>
    </p>
   </div>
   <div class='ocr_carea' id='block_1_55' title="bbox 581 3903 2173 3983">
    <p class='ocr_par' dir='ltr' id='par_1_55' title="bbox 581 3903 2173 3983">
     <span class='ocr_line' id='line_1_55' title="bbox 581 3903 2173 3983; baseline 0.006 -25"><span class='ocrx_word' id='word_1_374' title='bbox 581 3904 669 3959; x_wconf 92' lang='lat' dir='ltr'><strong>sui</strong></span> <span class='ocrx_word' id='word_1_375' title='bbox 697 3919 844 3959; x_wconf 91' lang='lat' dir='ltr'><strong>anno</strong></span> <span class='ocrx_word' id='word_1_376' title='bbox 872 3903 973 3973; x_wconf 77' lang='lat'><strong>20;</strong></span> <span class='ocrx_word' id='word_1_377' title='bbox 1001 3907 1247 3977; x_wconf 91' lang='lat' dir='ltr'><strong>sepultus</strong></span> <span class='ocrx_word' id='word_1_378' title='bbox 1268 3909 1435 3964; x_wconf 88' lang='lat' dir='ltr'><strong>estin</strong></span> <span class='ocrx_word' id='word_1_379' title='bbox 1467 3910 1700 3966; x_wconf 85' lang='lat' dir='ltr'><strong>ecclesia</strong></span> <span class='ocrx_word' id='word_1_380' title='bbox 1720 3911 1898 3967; x_wconf 88' lang='lat' dir='ltr'><strong>sancti</strong></span> <span class='ocrx_word' id='word_1_381' title='bbox 1928 3910 2173 3983; x_wconf 87' lang='lat' dir='ltr'><strong>Dionysii</strong></span> 
     </span>
    </p>
   </div>
   <div class='ocr_carea' id='block_1_56' title="bbox 582 3993 2176 4069">
    <p class='ocr_par' dir='ltr' id='par_1_56' title="bbox 582 3993 2176 4069">
     <span class='ocr_line' id='line_1_56' title="bbox 582 3993 2176 4069; baseline 0.006 -22"><span class='ocrx_word' id='word_1_382' title='bbox 582 3993 862 4061; x_wconf 89' lang='lat' dir='ltr'><strong>Parisius,</strong></span> <span class='ocrx_word' id='word_1_383' title='bbox 899 4010 1066 4065; x_wconf 89' lang='lat' dir='ltr'><strong>quam</strong></span> <span class='ocrx_word' id='word_1_384' title='bbox 1091 3997 1261 4053; x_wconf 89' lang='lat' dir='ltr'><strong>tantis</strong></span> <span class='ocrx_word' id='word_1_385' title='bbox 1290 3999 1565 4055; x_wconf 85' lang='lat' dir='ltr'><strong>thesauris</strong></span> <span class='ocrx_word' id='word_1_386' title='bbox 1591 4000 1806 4069; x_wconf 89' lang='lat' dir='ltr'><strong>ditavit,</strong></span> <span class='ocrx_word' id='word_1_387' title='bbox 1832 4001 1905 4057; x_wconf 91' lang='lat' dir='ltr'><strong>ita</strong></span> <span class='ocrx_word' id='word_1_388' title='bbox 1929 4010 1991 4057; x_wconf 91' lang='lat' dir='ltr'><strong>ut</strong></span> <span class='ocrx_word' id='word_1_389' title='bbox 2013 4002 2176 4057; x_wconf 87' lang='lat' dir='ltr'><strong>mira-</strong></span> 
     </span>
    </p>
   </div>
   <div class='ocr_carea' id='block_1_57' title="bbox 580 4084 2174 4163">
    <p class='ocr_par' dir='ltr' id='par_1_57' title="bbox 580 4084 2174 4163">
     <span class='ocr_line' id='line_1_57' title="bbox 580 4084 2174 4163; baseline 0.007 -26"><span class='ocrx_word' id='word_1_390' title='bbox 580 4092 754 4150; x_wconf 89' lang='lat' dir='ltr'><strong>retur,</strong></span> <span class='ocrx_word' id='word_1_391' title='bbox 785 4084 880 4155; x_wconf 88' lang='lat' dir='ltr'><strong>qui</strong></span> <span class='ocrx_word' id='word_1_392' title='bbox 915 4085 1141 4142; x_wconf 83' lang='lat' dir='ltr'><strong>videret.</strong></span> <span class='ocrx_word' id='word_1_393' title='bbox 1180 4085 1458 4145; x_wconf 90' lang='lat' dir='ltr'><strong>Successit</strong></span> <span class='ocrx_word' id='word_1_394' title='bbox 1490 4090 1633 4159; x_wconf 89' lang='lat' dir='ltr'><strong>patri</strong></span> <span class='ocrx_word' id='word_1_395' title='bbox 1663 4091 1720 4145; x_wconf 91' lang='lat' dir='ltr'><strong>in</strong></span> <span class='ocrx_word' id='word_1_396' title='bbox 1762 4091 2026 4163; x_wconf 91' lang='lat' dir='ltr'><strong>regimine</strong></span> <span class='ocrx_word' id='word_1_397' title='bbox 2047 4092 2174 4148; x_wconf 91' lang='lat' dir='ltr'><strong>Clo-</strong></span> 
     </span>
    </p>
   </div>
   <div class='ocr_carea' id='block_1_58' title="bbox 581 4174 2175 4256">
    <p class='ocr_par' dir='ltr' id='par_1_58' title="bbox 581 4174 2175 4256">
     <span class='ocr_line' id='line_1_58' title="bbox 581 4174 2175 4256; baseline 0.006 -26"><span class='ocrx_word' id='word_1_398' title='bbox 581 4174 808 4242; x_wconf 87' lang='lat' dir='ltr'><strong>doveus,</strong></span> <span class='ocrx_word' id='word_1_399' title='bbox 840 4176 1001 4247; x_wconf 91' lang='lat' dir='ltr'><strong>cujus</strong></span> <span class='ocrx_word' id='word_1_400' title='bbox 1025 4179 1179 4250; x_wconf 88' lang='lat' dir='ltr'><strong>regni</strong></span> <span class='ocrx_word' id='word_1_401' title='bbox 1222 4195 1367 4235; x_wconf 84' lang='lat' dir='ltr'><strong>anno</strong></span> <span class='ocrx_word' id='word_1_402' title='bbox 1390 4180 1425 4235; x_wconf 79' lang='lat'><strong>2</strong></span> <span class='ocrx_word' id='word_1_403' title='bbox 1463 4180 1731 4238; x_wconf 84' lang='lat' dir='ltr'><strong>Martinus</strong></span> <span class='ocrx_word' id='word_1_404' title='bbox 1775 4199 1915 4255; x_wconf 88' lang='lat' dir='ltr'><strong>papa</strong></span> <span class='ocrx_word' id='word_1_405' title='bbox 1954 4184 2175 4256; x_wconf 79' lang='lat' dir='ltr'><strong>pontifi-</strong></span> 
     </span>
    </p>
   </div>
   <div class='ocr_carea' id='block_1_59' title="bbox 581 4266 1909 4348">
    <p class='ocr_par' dir='ltr' id='par_1_59' title="bbox 581 4266 1909 4348">
     <span class='ocr_line' id='line_1_59' title="bbox 581 4266 1909 4348; baseline 0.008 -28"><span class='ocrx_word' id='word_1_406' title='bbox 581 4274 763 4321; x_wconf 90' lang='lat' dir='ltr'><strong>catum</strong></span> <span class='ocrx_word' id='word_1_407' title='bbox 786 4266 1048 4325; x_wconf 69' lang='lat' dir='ltr'><strong>Romanae</strong></span> <span class='ocrx_word' id='word_1_408' title='bbox 1080 4271 1235 4327; x_wconf 89' lang='lat' dir='ltr'><strong>urbis</strong></span> <span class='ocrx_word' id='word_1_409' title='bbox 1257 4274 1501 4344; x_wconf 91' lang='lat' dir='ltr'><strong>suscepit</strong></span> <span class='ocrx_word' id='word_1_410' title='bbox 1524 4272 1708 4346; x_wconf 82' lang='lat' dir='ltr'><strong>(Gesta</strong></span> <span class='ocrx_word' id='word_1_411' title='bbox 1736 4292 1790 4347; x_wconf 83' lang='lat' dir='ltr'><strong>p.</strong></span> <span class='ocrx_word' id='word_1_412' title='bbox 1816 4275 1909 4348; x_wconf 86' lang='lat' dir='ltr'><strong>R.)</strong></span> 
     </span>
    </p>
   </div>
   <div class='ocr_carea' id='block_1_60' title="bbox 651 4356 2177 4439">
    <p class='ocr_par' dir='ltr' id='par_1_60' title="bbox 651 4356 2177 4439">
     <span class='ocr_line' id='line_1_60' title="bbox 651 4356 2177 4439; baseline 0.008 -28"><span class='ocrx_word' id='word_1_413' title='bbox 651 4356 929 4433; x_wconf 62' lang='lat' dir='ltr'><strong>[Rasum]</strong></span> <span class='ocrx_word' id='word_1_414' title='bbox 959 4358 1267 4419; x_wconf 87' lang='lat' dir='ltr'><strong>Clodoveus</strong></span> <span class='ocrx_word' id='word_1_415' title='bbox 1307 4379 1508 4435; x_wconf 89' lang='lat' dir='ltr'><strong>corpus</strong></span> <span class='ocrx_word' id='word_1_416' title='bbox 1546 4366 1692 4422; x_wconf 88' lang='lat' dir='ltr'><strong>beati</strong></span> <span class='ocrx_word' id='word_1_417' title='bbox 1724 4365 1965 4439; x_wconf 84' lang='lat' dir='ltr'><strong>Dionysii</strong></span> <span class='ocrx_word' id='word_1_418' title='bbox 1998 4367 2177 4423; x_wconf 83' lang='lat' dir='ltr'><strong>disco-</strong></span> 
     </span>
    </p>
   </div>
   <div class='ocr_carea' id='block_1_61' title="bbox 2196 3155 2244 3218">
    <p class='ocr_par' dir='ltr' id='par_1_61' title="bbox 2196 3155 2244 3218">
     <span class='ocr_line' id='line_1_61' title="bbox 2196 3155 2244 3218; baseline 0 -2"><span class='ocrx_word' id='word_1_419' title='bbox 2196 3155 2244 3218; x_wconf 87' lang='lat' dir='ltr'>C</span> 
     </span>
    </p>
   </div>
   <div class='ocr_carea' id='block_1_62' title="bbox 2204 1793 3856 1883">
    <p class='ocr_par' dir='ltr' id='par_1_62' title="bbox 2204 1793 3856 1883">
     <span class='ocr_line' id='line_1_62' title="bbox 2204 1793 3856 1883; baseline -0.002 -17"><span class='ocrx_word' id='word_1_420' title='bbox 2204 1793 2249 1851; x_wconf 79' lang='grc' dir='ltr'><strong>Β</strong></span> <span class='ocrx_word' id='word_1_421' title='bbox 2274 1811 2410 1866; x_wconf 90' lang='lat' dir='ltr'><strong>obiit</strong></span> <span class='ocrx_word' id='word_1_422' title='bbox 2445 1811 2501 1865; x_wconf 91' lang='lat' dir='ltr'><strong>in</strong></span> <span class='ocrx_word' id='word_1_423' title='bbox 2541 1810 2805 1883; x_wconf 90' lang='lat' dir='ltr'><strong>primario</strong></span> <span class='ocrx_word' id='word_1_424' title='bbox 2849 1811 2982 1866; x_wconf 85' lang='lat' dir='ltr'><strong>ﬂore</strong></span> <span class='ocrx_word' id='word_1_425' title='bbox 3005 1810 3332 1882; x_wconf 88' lang='lat' dir='ltr'><strong>juventutis,</strong></span> <span class='ocrx_word' id='word_1_426' title='bbox 3365 1808 3574 1864; x_wconf 88' lang='lat' dir='ltr'><strong>relictis</strong></span> <span class='ocrx_word' id='word_1_427' title='bbox 3604 1808 3781 1863; x_wconf 86' lang='lat' dir='ltr'><strong>tribus</strong></span> <span class='ocrx_word' id='word_1_428' title='bbox 3800 1808 3856 1862; x_wconf 83' lang='lat' dir='ltr'><strong>li-</strong></span> 
     </span>
    </p>
   </div>
   <div class='ocr_carea' id='block_1_63' title="bbox 2270 1897 3859 1973">
    <p class='ocr_par' dir='ltr' id='par_1_63' title="bbox 2270 1897 3859 1973">
     <span class='ocr_line' id='line_1_63' title="bbox 2270 1897 3859 1973; baseline -0.001 -17"><span class='ocrx_word' id='word_1_429' title='bbox 2270 1901 2360 1958; x_wconf 91' lang='lat' dir='ltr'><strong>liis</strong></span> <span class='ocrx_word' id='word_1_430' title='bbox 2380 1918 2507 1957; x_wconf 90' lang='lat' dir='ltr'><strong>cum</strong></span> <span class='ocrx_word' id='word_1_431' title='bbox 2528 1903 2755 1958; x_wconf 89' lang='lat' dir='ltr'><strong>Baltilde</strong></span> <span class='ocrx_word' id='word_1_432' title='bbox 2776 1902 2985 1973; x_wconf 90' lang='lat' dir='ltr'><strong>regina.</strong></span> <span class='ocrx_word' id='word_1_433' title='bbox 3011 1900 3146 1972; x_wconf 85' lang='lat' dir='ltr'><strong>Ejus</strong></span> <span class='ocrx_word' id='word_1_434' title='bbox 3168 1901 3238 1934; x_wconf 76' lang='grc'><strong>³³³</strong></span> <span class='ocrx_word' id='word_1_435' title='bbox 3265 1901 3750 1970; x_wconf 89' lang='lat' dir='ltr'><strong>archicapellanus</strong></span> <span class='ocrx_word' id='word_1_436' title='bbox 3771 1897 3859 1954; x_wconf 87' lang='lat' dir='ltr'><strong>fuit</strong></span> 
     </span>
    </p>
   </div>
   <div class='ocr_carea' id='block_1_64' title="bbox 2272 1991 3856 2064">
    <p class='ocr_par' dir='ltr' id='par_1_64' title="bbox 2272 1991 3856 2064">
     <span class='ocr_line' id='line_1_64' title="bbox 2272 1991 3856 2064; baseline -0.003 -15"><span class='ocrx_word' id='word_1_437' title='bbox 2272 2002 2498 2049; x_wconf 88' lang='lat' dir='ltr'><strong>sanctus</strong></span> <span class='ocrx_word' id='word_1_438' title='bbox 2517 1993 2784 2050; x_wconf 86' lang='lat' dir='ltr'><strong>Genesius</strong></span> <span class='ocrx_word' id='word_1_439' title='bbox 2809 1994 2997 2060; x_wconf 89' lang='lat' dir='ltr'><strong>abbas,</strong></span> <span class='ocrx_word' id='word_1_440' title='bbox 3021 1994 3115 2064; x_wconf 91' lang='lat' dir='ltr'><strong>qui</strong></span> <span class='ocrx_word' id='word_1_441' title='bbox 3142 1992 3492 2064; x_wconf 87' lang='lat' dir='ltr'><strong>postmodum</strong></span> <span class='ocrx_word' id='word_1_442' title='bbox 3512 1991 3856 2063; x_wconf 84' lang='lat' dir='ltr'><strong>Lugdunensi</strong></span> 
     </span>
    </p>
   </div>
   <div class='ocr_carea' id='block_1_65' title="bbox 2270 2080 3855 2156">
    <p class='ocr_par' dir='ltr' id='par_1_65' title="bbox 2270 2080 3855 2156">
     <span class='ocr_line' id='line_1_65' title="bbox 2270 2080 3855 2156; baseline -0.006 -14"><span class='ocrx_word' id='word_1_443' title='bbox 2270 2085 2514 2142; x_wconf 77' lang='lat' dir='ltr'><strong>ecclesia:</strong></span> <span class='ocrx_word' id='word_1_444' title='bbox 2559 2085 3006 2156; x_wconf 87' lang='lat' dir='ltr'><strong>archiepiscopus</strong></span> <span class='ocrx_word' id='word_1_445' title='bbox 3047 2084 3229 2139; x_wconf 91' lang='lat' dir='ltr'><strong>datus.</strong></span> <span class='ocrx_word' id='word_1_446' title='bbox 3281 2081 3383 2138; x_wconf 85' lang='lat' dir='ltr'><strong>Hic</strong></span> <span class='ocrx_word' id='word_1_447' title='bbox 3431 2091 3561 2137; x_wconf 88' lang='lat' dir='ltr'><strong>ante</strong></span> <span class='ocrx_word' id='word_1_448' title='bbox 3625 2080 3855 2152; x_wconf 82' lang='lat' dir='ltr'><strong>reginam</strong></span> 
     </span>
    </p>
   </div>
   <div class='ocr_carea' id='block_1_66' title="bbox 2270 2171 3857 2247">
    <p class='ocr_par' dir='ltr' id='par_1_66' title="bbox 2270 2171 3857 2247">
     <span class='ocr_line' id='line_1_66' title="bbox 2270 2171 3857 2247; baseline -0.005 -14"><span class='ocrx_word' id='word_1_449' title='bbox 2270 2175 2581 2244; x_wconf 88' lang='lat' dir='ltr'><strong>defunctus,</strong></span> <span class='ocrx_word' id='word_1_450' title='bbox 2618 2177 2673 2230; x_wconf 92' lang='lat' dir='ltr'><strong>in</strong></span> <span class='ocrx_word' id='word_1_451' title='bbox 2722 2177 2844 2247; x_wconf 91' lang='lat' dir='ltr'><strong>ipso</strong></span> <span class='ocrx_word' id='word_1_452' title='bbox 2874 2175 3001 2246; x_wconf 88' lang='lat' dir='ltr'><strong>ejus</strong></span> <span class='ocrx_word' id='word_1_453' title='bbox 3038 2175 3191 2229; x_wconf 92' lang='lat' dir='ltr'><strong>obitu</strong></span> <span class='ocrx_word' id='word_1_454' title='bbox 3235 2189 3364 2230; x_wconf 87' lang='lat' dir='ltr'><strong>cum</strong></span> <span class='ocrx_word' id='word_1_455' title='bbox 3405 2188 3613 2244; x_wconf 88' lang='lat' dir='ltr'><strong>magna</strong></span> <span class='ocrx_word' id='word_1_456' title='bbox 3655 2171 3709 2228; x_wconf 88' lang='lat' dir='ltr'><strong>ei</strong></span> <span class='ocrx_word' id='word_1_457' title='bbox 3750 2172 3857 2226; x_wconf 84' lang='lat' dir='ltr'><strong>luce</strong></span> 
     </span>
    </p>
   </div>
   <div class='ocr_carea' id='block_1_67' title="bbox 2272 2261 3854 2340">
    <p class='ocr_par' dir='ltr' id='par_1_67' title="bbox 2272 2261 3854 2340">
     <span class='ocr_line' id='line_1_67' title="bbox 2272 2261 3854 2340; baseline -0.004 -17"><span class='ocrx_word' id='word_1_458' title='bbox 2272 2283 2400 2323; x_wconf 92' lang='lat' dir='ltr'><strong>cum</strong></span> <span class='ocrx_word' id='word_1_459' title='bbox 2441 2268 2648 2340; x_wconf 88' lang='lat' dir='ltr'><strong>angelis</strong></span> <span class='ocrx_word' id='word_1_460' title='bbox 2685 2276 2741 2323; x_wconf 92' lang='lat' dir='ltr'><strong>et</strong></span> <span class='ocrx_word' id='word_1_461' title='bbox 2770 2266 3111 2337; x_wconf 89' lang='lat' dir='ltr'><strong>archangelis</strong></span> <span class='ocrx_word' id='word_1_462' title='bbox 3145 2265 3416 2336; x_wconf 90' lang='lat' dir='ltr'><strong>apparuit,</strong></span> <span class='ocrx_word' id='word_1_463' title='bbox 3442 2274 3498 2319; x_wconf 90' lang='lat' dir='ltr'><strong>et</strong></span> <span class='ocrx_word' id='word_1_464' title='bbox 3518 2263 3593 2318; x_wconf 88' lang='lat' dir='ltr'><strong>ad</strong></span> <span class='ocrx_word' id='word_1_465' title='bbox 3620 2261 3854 2318; x_wconf 88' lang='lat' dir='ltr'><strong>mansio-</strong></span> 
     </span>
    </p>
   </div>
   <div class='ocr_carea' id='block_1_68' title="bbox 2271 2353 3855 2427">
    <p class='ocr_par' dir='ltr' id='par_1_68' title="bbox 2271 2353 3855 2427">
     <span class='ocr_line' id='line_1_68' title="bbox 2271 2353 3855 2427; baseline -0.003 -15"><span class='ocrx_word' id='word_1_466' title='bbox 2271 2373 2396 2412; x_wconf 91' lang='lat' dir='ltr'><strong>nem</strong></span> <span class='ocrx_word' id='word_1_467' title='bbox 2432 2372 2554 2412; x_wconf 89' lang='lat' dir='ltr'><strong>eam</strong></span> <span class='ocrx_word' id='word_1_468' title='bbox 2576 2365 2849 2427; x_wconf 65' lang='lat' dir='ltr'><strong>perpetuae</strong></span> <span class='ocrx_word' id='word_1_469' title='bbox 2878 2355 3031 2425; x_wconf 91' lang='lat' dir='ltr'><strong>pacis</strong></span> <span class='ocrx_word' id='word_1_470' title='bbox 3060 2354 3332 2425; x_wconf 81' lang='lat' dir='ltr'><strong>perduxit.</strong></span> <span class='ocrx_word' id='word_1_471' title='bbox 3364 2353 3498 2409; x_wconf 91' lang='lat' dir='ltr'><strong>Post</strong></span> <span class='ocrx_word' id='word_1_472' title='bbox 3523 2368 3703 2424; x_wconf 89' lang='lat' dir='ltr'><strong>quem</strong></span> <span class='ocrx_word' id='word_1_473' title='bbox 3730 2366 3855 2423; x_wconf 72' lang='lat' dir='ltr'><strong>pra:-</strong></span> 
     </span>
    </p>
   </div>
   <div class='ocr_carea' id='block_1_69' title="bbox 2273 2442 3855 2518">
    <p class='ocr_par' dir='ltr' id='par_1_69' title="bbox 2273 2442 3855 2518">
     <span class='ocr_line' id='line_1_69' title="bbox 2273 2442 3855 2518; baseline -0.004 -16"><span class='ocrx_word' id='word_1_474' title='bbox 2273 2446 2379 2502; x_wconf 85' lang='lat' dir='ltr'><strong>fuit</strong></span> <span class='ocrx_word' id='word_1_475' title='bbox 2430 2446 2784 2518; x_wconf 90' lang='lat' dir='ltr'><strong>Lugdunensi</strong></span> <span class='ocrx_word' id='word_1_476' title='bbox 2846 2446 3137 2515; x_wconf 89' lang='lat' dir='ltr'><strong>metropoli</strong></span> <span class='ocrx_word' id='word_1_477' title='bbox 3203 2452 3430 2501; x_wconf 87' lang='lat' dir='ltr'><strong>sanctus</strong></span> <span class='ocrx_word' id='word_1_478' title='bbox 3484 2442 3855 2499; x_wconf 88' lang='lat' dir='ltr'><strong>Landebertus</strong></span> 
     </span>
    </p>
   </div>
   <div class='ocr_carea' id='block_1_70' title="bbox 2272 2530 3854 2606">
    <p class='ocr_par' dir='ltr' id='par_1_70' title="bbox 2272 2530 3854 2606">
     <span class='ocr_line' id='line_1_70' title="bbox 2272 2530 3854 2606; baseline -0.004 -13"><span class='ocrx_word' id='word_1_479' title='bbox 2272 2538 2442 2593; x_wconf 87' lang='lat' dir='ltr'><strong>abbas</strong></span> <span class='ocrx_word' id='word_1_480' title='bbox 2478 2530 2915 2592; x_wconf 83' lang='lat' dir='ltr'><strong>Fontanellensis</strong></span> <span class='ocrx_word' id='word_1_481' title='bbox 2963 2535 3237 2602; x_wconf 85' lang='lat' dir='ltr'><strong>ecclesiae,</strong></span> <span class='ocrx_word' id='word_1_482' title='bbox 3271 2551 3305 2590; x_wconf 90' lang='lat' dir='ltr'><strong>a</strong></span> <span class='ocrx_word' id='word_1_483' title='bbox 3347 2549 3459 2606; x_wconf 93' lang='lat' dir='ltr'><strong>quo</strong></span> <span class='ocrx_word' id='word_1_484' title='bbox 3496 2541 3854 2590; x_wconf 86' lang='lat' dir='ltr'><strong>consecratus</strong></span> 
     </span>
    </p>
   </div>
   <div class='ocr_carea' id='block_1_71' title="bbox 2271 2623 3855 2698">
    <p class='ocr_par' dir='ltr' id='par_1_71' title="bbox 2271 2623 3855 2698">
     <span class='ocr_line' id='line_1_71' title="bbox 2271 2623 3855 2698; baseline -0.004 -15"><span class='ocrx_word' id='word_1_485' title='bbox 2271 2636 2354 2683; x_wconf 90' lang='lat' dir='ltr'><strong>est</strong></span> <span class='ocrx_word' id='word_1_486' title='bbox 2374 2636 2598 2684; x_wconf 89' lang='lat' dir='ltr'><strong>sanctus</strong></span> <span class='ocrx_word' id='word_1_487' title='bbox 2622 2627 2926 2684; x_wconf 84' lang='lat' dir='ltr'><strong>Ansbertus</strong></span> <span class='ocrx_word' id='word_1_488' title='bbox 2953 2625 3375 2698; x_wconf 82' lang='lat' dir='ltr'><strong>Rotomagensis</strong></span> <span class='ocrx_word' id='word_1_489' title='bbox 3396 2623 3704 2697; x_wconf 87' lang='lat' dir='ltr'><strong>episcopus</strong></span> <span class='ocrx_word' id='word_1_490' title='bbox 3726 2637 3855 2678; x_wconf 83' lang='lat' dir='ltr'><strong>anno</strong></span> 
     </span>
    </p>
   </div>
   <div class='ocr_carea' id='block_1_72' title="bbox 2272 2712 3858 2786">
    <p class='ocr_par' dir='ltr' id='par_1_72' title="bbox 2272 2712 3858 2786">
     <span class='ocr_line' id='line_1_72' title="bbox 2272 2712 3858 2786; baseline -0.004 -13"><span class='ocrx_word' id='word_1_491' title='bbox 2272 2717 2431 2773; x_wconf 89' lang='lat' dir='ltr'><strong>Dom.</strong></span> <span class='ocrx_word' id='word_1_492' title='bbox 2476 2718 2585 2774; x_wconf 90' lang='lat' dir='ltr'><strong>inc.</strong></span> <span class='ocrx_word' id='word_1_493' title='bbox 2618 2718 2747 2786; x_wconf 85' lang='lat'><strong>678,</strong></span> <span class='ocrx_word' id='word_1_494' title='bbox 2793 2717 3096 2773; x_wconf 73' lang='lat' dir='ltr'><strong>indictione</strong></span> <span class='ocrx_word' id='word_1_495' title='bbox 3120 2716 3190 2785; x_wconf 81' lang='lat'><strong>5,</strong></span> <span class='ocrx_word' id='word_1_496' title='bbox 3236 2729 3384 2772; x_wconf 89' lang='lat' dir='ltr'><strong>anno</strong></span> <span class='ocrx_word' id='word_1_497' title='bbox 3424 2715 3591 2786; x_wconf 89' lang='lat' dir='ltr'><strong>regni</strong></span> <span class='ocrx_word' id='word_1_498' title='bbox 3622 2712 3858 2769; x_wconf 85' lang='lat' dir='ltr'><strong>Theode-</strong></span> 
     </span>
    </p>
   </div>
   <div class='ocr_carea' id='block_1_73' title="bbox 2272 2810 2467 2866">
    <p class='ocr_par' dir='ltr' id='par_1_73' title="bbox 2272 2810 2467 2866">
     <span class='ocr_line' id='line_1_73' title="bbox 2272 2810 2467 2866; baseline -0.01 0"><span class='ocrx_word' id='word_1_499' title='bbox 2272 2810 2375 2866; x_wconf 89' lang='lat' dir='ltr'><strong>rici</strong></span> <span class='ocrx_word' id='word_1_500' title='bbox 2413 2810 2467 2865; x_wconf 89' lang='lat'><strong>9.</strong></span> 
     </span>
    </p>
   </div>
   <div class='ocr_carea' id='block_1_74' title="bbox 2344 2920 3857 2993">
    <p class='ocr_par' dir='ltr' id='par_1_74' title="bbox 2344 2920 3857 2993">
     <span class='ocr_line' id='line_1_74' title="bbox 2344 2920 3857 2993; baseline -0.001 -16"><span class='ocrx_word' id='word_1_501' title='bbox 2344 2922 2535 2979; x_wconf 83' lang='lat' dir='ltr'><strong>Annus</strong></span> <span class='ocrx_word' id='word_1_502' title='bbox 2563 2921 2720 2978; x_wconf 88' lang='lat' dir='ltr'><strong>Dom.</strong></span> <span class='ocrx_word' id='word_1_503' title='bbox 2756 2922 2863 2979; x_wconf 93' lang='lat' dir='ltr'><strong>inc.</strong></span> <span class='ocrx_word' id='word_1_504' title='bbox 2896 2922 3023 2977; x_wconf 75' lang='lat'><strong>682.</strong></span> <span class='ocrx_word' id='word_1_505' title='bbox 3052 2922 3356 2993; x_wconf 80' lang='lat' dir='ltr'><strong>Agathonis</strong></span> <span class='ocrx_word' id='word_1_506' title='bbox 3382 2936 3537 2993; x_wconf 69' lang='lat' dir='ltr'><strong>papa:</strong></span> <span class='ocrx_word' id='word_1_507' title='bbox 3571 2920 3857 2985; x_wconf 86' lang='lat' dir='ltr'><strong>secundus,</strong></span> 
     </span>
    </p>
   </div>
   <div class='ocr_carea' id='block_1_75' title="bbox 2276 3013 3141 3071">
    <p class='ocr_par' dir='ltr' id='par_1_75' title="bbox 2276 3013 3141 3071">
     <span class='ocr_line' id='line_1_75' title="bbox 2276 3013 3141 3071; baseline 0.001 -1"><span class='ocrx_word' id='word_1_508' title='bbox 2276 3013 2597 3070; x_wconf 80' lang='lat' dir='ltr'><strong>Theoderici</strong></span> <span class='ocrx_word' id='word_1_509' title='bbox 2625 3015 2911 3071; x_wconf 87' lang='lat' dir='ltr'><strong>Balthildis</strong></span> <span class='ocrx_word' id='word_1_510' title='bbox 2931 3014 3029 3070; x_wconf 86' lang='lat' dir='ltr'><strong>ﬁlii</strong></span> <span class='ocrx_word' id='word_1_511' title='bbox 3056 3015 3141 3071; x_wconf 79' lang='grc'><strong>15.</strong></span> 
     </span>
    </p>
   </div>
   <div class='ocr_carea' id='block_1_76' title="bbox 2347 3108 3858 3185">
    <p class='ocr_par' dir='ltr' id='par_1_76' title="bbox 2347 3108 3858 3185">
     <span class='ocr_line' id='line_1_76' title="bbox 2347 3108 3858 3185; baseline -0.004 -17"><span class='ocrx_word' id='word_1_512' title='bbox 2347 3112 2494 3185; x_wconf 82' lang='lat' dir='ltr'><strong>(Chr.</strong></span> <span class='ocrx_word' id='word_1_513' title='bbox 2568 3111 2809 3184; x_wconf 86' lang='lat' dir='ltr'><strong>Divion.)</strong></span> <span class='ocrx_word' id='word_1_514' title='bbox 2863 3110 3177 3166; x_wconf 89' lang='lat' dir='ltr'><strong>Clotharius</strong></span> <span class='ocrx_word' id='word_1_515' title='bbox 3226 3108 3406 3181; x_wconf 90' lang='lat' dir='ltr'><strong>major</strong></span> <span class='ocrx_word' id='word_1_516' title='bbox 3443 3117 3583 3164; x_wconf 92' lang='lat' dir='ltr'><strong>natu</strong></span> <span class='ocrx_word' id='word_1_517' title='bbox 3641 3124 3858 3181; x_wconf 80' lang='lat' dir='ltr'><strong>regnum</strong></span> 
     </span>
    </p>
   </div>
   <div class='ocr_carea' id='block_1_77' title="bbox 2272 3198 3860 3274">
    <p class='ocr_par' dir='ltr' id='par_1_77' title="bbox 2272 3198 3860 3274">
     <span class='ocr_line' id='line_1_77' title="bbox 2272 3198 3860 3274; baseline -0.004 -16"><span class='ocrx_word' id='word_1_518' title='bbox 2272 3204 2446 3274; x_wconf 91' lang='lat' dir='ltr'><strong>patris</strong></span> <span class='ocrx_word' id='word_1_519' title='bbox 2468 3202 2738 3259; x_wconf 77' lang='lat' dir='ltr'><strong>Neustriae</strong></span> <span class='ocrx_word' id='word_1_520' title='bbox 2767 3211 2821 3258; x_wconf 91' lang='lat' dir='ltr'><strong>et</strong></span> <span class='ocrx_word' id='word_1_521' title='bbox 2874 3201 3204 3274; x_wconf 67' lang='lat' dir='ltr'><strong>Burgundiaa</strong></span> <span class='ocrx_word' id='word_1_522' title='bbox 3243 3200 3501 3268; x_wconf 88' lang='lat' dir='ltr'><strong>obtinuit,</strong></span> <span class='ocrx_word' id='word_1_523' title='bbox 3526 3198 3860 3257; x_wconf 87' lang='lat' dir='ltr'><strong>Childericus</strong></span> 
     </span>
    </p>
   </div>
   <div class='ocr_carea' id='block_1_78' title="bbox 2272 3292 3862 3367">
    <p class='ocr_par' dir='ltr' id='par_1_78' title="bbox 2272 3292 3862 3367">
     <span class='ocr_line' id='line_1_78' title="bbox 2272 3292 3862 3367; baseline -0.003 -17"><span class='ocrx_word' id='word_1_524' title='bbox 2272 3311 2500 3367; x_wconf 89' lang='lat' dir='ltr'><strong>regnum</strong></span> <span class='ocrx_word' id='word_1_525' title='bbox 2542 3295 2959 3351; x_wconf 87' lang='lat' dir='ltr'><strong>Austrasiorum</strong></span> <span class='ocrx_word' id='word_1_526' title='bbox 2995 3301 3051 3350; x_wconf 89' lang='lat' dir='ltr'><strong>et</strong></span> <span class='ocrx_word' id='word_1_527' title='bbox 3098 3292 3406 3349; x_wconf 72' lang='lat' dir='ltr'><strong>Germaniae</strong></span> <span class='ocrx_word' id='word_1_528' title='bbox 3450 3292 3704 3363; x_wconf 84' lang='lat' dir='ltr'><strong>suscepit</strong></span> <span class='ocrx_word' id='word_1_529' title='bbox 3729 3305 3862 3346; x_wconf 88' lang='lat' dir='ltr'><strong>anno</strong></span> 
     </span>
    </p>
   </div>
   <div class='ocr_carea' id='block_1_79' title="bbox 2274 3382 3863 3455">
    <p class='ocr_par' dir='ltr' id='par_1_79' title="bbox 2274 3382 3863 3455">
     <span class='ocr_line' id='line_1_79' title="bbox 2274 3382 3863 3455; baseline -0.003 -14"><span class='ocrx_word' id='word_1_530' title='bbox 2274 3386 2672 3443; x_wconf 88' lang='lat' dir='ltr'><strong>incarnationis</strong></span> <span class='ocrx_word' id='word_1_531' title='bbox 2694 3385 2915 3443; x_wconf 88' lang='lat' dir='ltr'><strong>Domini</strong></span> <span class='ocrx_word' id='word_1_532' title='bbox 2940 3384 3067 3453; x_wconf 82' lang='lat'><strong>658,</strong></span> <span class='ocrx_word' id='word_1_533' title='bbox 3100 3384 3396 3440; x_wconf 92' lang='lat' dir='ltr'><strong>indictione</strong></span> <span class='ocrx_word' id='word_1_534' title='bbox 3420 3384 3621 3455; x_wconf 91' lang='lat' dir='ltr'><strong>prima.</strong></span> <span class='ocrx_word' id='word_1_535' title='bbox 3660 3382 3863 3454; x_wconf 79' lang='lat' dir='ltr'><strong>Regna-</strong></span> 
     </span>
    </p>
   </div>
   <div class='ocr_carea' id='block_1_80' title="bbox 2272 3475 3860 3545">
    <p class='ocr_par' dir='ltr' id='par_1_80' title="bbox 2272 3475 3860 3545">
     <span class='ocr_line' id='line_1_80' title="bbox 2272 3475 3860 3545; baseline -0.004 -12"><span class='ocrx_word' id='word_1_536' title='bbox 2272 3479 2351 3533; x_wconf 89' lang='lat' dir='ltr'><strong>vit</strong></span> <span class='ocrx_word' id='word_1_537' title='bbox 2379 3477 2934 3545; x_wconf 57' lang='lat' dir='ltr'><strong>Clothariusannisi,</strong></span> <span class='ocrx_word' id='word_1_538' title='bbox 2964 3485 3019 3533; x_wconf 91' lang='lat' dir='ltr'><strong>et</strong></span> <span class='ocrx_word' id='word_1_539' title='bbox 3040 3477 3176 3532; x_wconf 91' lang='lat' dir='ltr'><strong>obiit</strong></span> <span class='ocrx_word' id='word_1_540' title='bbox 3196 3491 3341 3531; x_wconf 92' lang='lat' dir='ltr'><strong>anno</strong></span> <span class='ocrx_word' id='word_1_541' title='bbox 3360 3475 3628 3532; x_wconf 89' lang='lat' dir='ltr'><strong>dominic.</strong></span> <span class='ocrx_word' id='word_1_542' title='bbox 3654 3476 3860 3531; x_wconf 88' lang='lat' dir='ltr'><strong>incarn.</strong></span> 
     </span>
    </p>
   </div>
   <div class='ocr_carea' id='block_1_81' title="bbox 2274 3563 3864 3637">
    <p class='ocr_par' dir='ltr' id='par_1_81' title="bbox 2274 3563 3864 3637">
     <span class='ocr_line' id='line_1_81' title="bbox 2274 3563 3864 3637; baseline -0.006 -14"><span class='ocrx_word' id='word_1_543' title='bbox 2274 3567 2414 3635; x_wconf 75' lang='grc'>662,</span> <span class='ocrx_word' id='word_1_544' title='bbox 2456 3568 2751 3623; x_wconf 88' lang='lat' dir='ltr'><strong>indictione</strong></span> <span class='ocrx_word' id='word_1_545' title='bbox 2803 3565 3016 3637; x_wconf 88' lang='lat' dir='ltr'><strong>quinta.</strong></span> <span class='ocrx_word' id='word_1_546' title='bbox 3052 3565 3209 3636; x_wconf 87' lang='lat' dir='ltr'><strong>(Vita</strong></span> <span class='ocrx_word' id='word_1_547' title='bbox 3264 3564 3454 3636; x_wconf 88' lang='lat' dir='ltr'><strong>Leod.)</strong></span> <span class='ocrx_word' id='word_1_548' title='bbox 3486 3563 3610 3631; x_wconf 85' lang='lat' dir='ltr'><strong>Quo</strong></span> <span class='ocrx_word' id='word_1_549' title='bbox 3653 3571 3864 3618; x_wconf 87' lang='lat' dir='ltr'><strong>mortuo</strong></span> 
     </span>
    </p>
   </div>
   <div class='ocr_carea' id='block_1_82' title="bbox 2275 3649 3861 3731">
    <p class='ocr_par' dir='ltr' id='par_1_82' title="bbox 2275 3649 3861 3731">
     <span class='ocr_line' id='line_1_82' title="bbox 2275 3649 3861 3731; baseline -0.005 -19"><span class='ocrx_word' id='word_1_550' title='bbox 2275 3658 2556 3713; x_wconf 90' lang='lat' dir='ltr'><strong>contentio</strong></span> <span class='ocrx_word' id='word_1_551' title='bbox 2588 3657 2731 3711; x_wconf 90' lang='lat' dir='ltr'><strong>inter</strong></span> <span class='ocrx_word' id='word_1_552' title='bbox 2770 3656 3047 3727; x_wconf 91' lang='lat' dir='ltr'><strong>principes</strong></span> <span class='ocrx_word' id='word_1_553' title='bbox 3069 3654 3379 3731; x_wconf 88' lang='lat' dir='ltr'><strong>agitabatur</strong></span> <span class='ocrx_word' id='word_1_554' title='bbox 3399 3654 3467 3709; x_wconf 91' lang='lat' dir='ltr'><strong>de</strong></span> <span class='ocrx_word' id='word_1_555' title='bbox 3497 3666 3695 3724; x_wconf 86' lang='lat' dir='ltr'><strong>regno.</strong></span> <span class='ocrx_word' id='word_1_556' title='bbox 3734 3649 3861 3723; x_wconf 80' lang='lat' dir='ltr'><strong>(Fel.</strong></span> 
     </span>
    </p>
   </div>
   <div class='ocr_carea' id='block_1_83' title="bbox 2274 3740 3866 3818">
    <p class='ocr_par' dir='ltr' id='par_1_83' title="bbox 2274 3740 3866 3818">
     <span class='ocr_line' id='line_1_83' title="bbox 2274 3740 3866 3818; baseline -0.004 -17"><span class='ocrx_word' id='word_1_557' title='bbox 2274 3747 2338 3802; x_wconf 80' lang='grc'><strong>51</strong></span> <span class='ocrx_word' id='word_1_558' title='bbox 2349 3745 2415 3818; x_wconf 84' lang='grc'><strong>’.)</strong></span> <span class='ocrx_word' id='word_1_559' title='bbox 2431 3745 2707 3800; x_wconf 88' lang='lat' dir='ltr'><strong>Ebroinus</strong></span> <span class='ocrx_word' id='word_1_560' title='bbox 2723 3745 2901 3815; x_wconf 88' lang='lat' dir='ltr'><strong>major</strong></span> <span class='ocrx_word' id='word_1_561' title='bbox 2912 3744 3111 3799; x_wconf 89' lang='lat' dir='ltr'><strong>domus</strong></span> <span class='ocrx_word' id='word_1_562' title='bbox 3127 3742 3465 3798; x_wconf 89' lang='lat' dir='ltr'><strong>Theoderico</strong></span> <span class='ocrx_word' id='word_1_563' title='bbox 3486 3740 3731 3807; x_wconf 89' lang='lat' dir='ltr'><strong>favebat,</strong></span> <span class='ocrx_word' id='word_1_564' title='bbox 3753 3754 3866 3794; x_wconf 81' lang='lat' dir='ltr'><strong>san-</strong></span> 
     </span>
    </p>
   </div>
   <div class='ocr_carea' id='block_1_84' title="bbox 2272 3827 3866 3908">
    <p class='ocr_par' dir='ltr' id='par_1_84' title="bbox 2272 3827 3866 3908">
     <span class='ocr_line' id='line_1_84' title="bbox 2272 3827 3866 3908; baseline -0.005 -14"><span class='ocrx_word' id='word_1_565' title='bbox 2272 3845 2394 3894; x_wconf 92' lang='lat' dir='ltr'><strong>ctus</strong></span> <span class='ocrx_word' id='word_1_566' title='bbox 2445 3835 2834 3908; x_wconf 88' lang='lat' dir='ltr'><strong>Leodegarius,</strong></span> <span class='ocrx_word' id='word_1_567' title='bbox 2895 3832 3234 3890; x_wconf 88' lang='lat' dir='ltr'><strong>Eduensium</strong></span> <span class='ocrx_word' id='word_1_568' title='bbox 3279 3832 3595 3904; x_wconf 88' lang='lat' dir='ltr'><strong>episc0pus,</strong></span> <span class='ocrx_word' id='word_1_569' title='bbox 3627 3827 3866 3886; x_wconf 80' lang='lat' dir='ltr'><strong>etceteri</strong></span> 
     </span>
    </p>
   </div>
   <div class='ocr_carea' id='block_1_85' title="bbox 2273 3919 3867 4000">
    <p class='ocr_par' dir='ltr' id='par_1_85' title="bbox 2273 3919 3867 4000">
     <span class='ocr_line' id='line_1_85' title="bbox 2273 3919 3867 4000; baseline -0.006 -16"><span class='ocrx_word' id='word_1_570' title='bbox 2273 3928 2472 4000; x_wconf 92' lang='lat' dir='ltr'><strong>quibus</strong></span> <span class='ocrx_word' id='word_1_571' title='bbox 2501 3934 2621 3982; x_wconf 90' lang='lat' dir='ltr'><strong>erat</strong></span> <span class='ocrx_word' id='word_1_572' title='bbox 2653 3940 2810 3981; x_wconf 89' lang='lat' dir='ltr'><strong>mens</strong></span> <span class='ocrx_word' id='word_1_573' title='bbox 2835 3924 3044 3993; x_wconf 89' lang='lat' dir='ltr'><strong>sanior,</strong></span> <span class='ocrx_word' id='word_1_574' title='bbox 3082 3923 3395 3979; x_wconf 88' lang='lat' dir='ltr'><strong>Childerico</strong></span> <span class='ocrx_word' id='word_1_575' title='bbox 3422 3921 3705 3978; x_wconf 86' lang='lat' dir='ltr'><strong>favebant.</strong></span> <span class='ocrx_word' id='word_1_576' title='bbox 3731 3919 3867 3975; x_wconf 65' lang='lat' dir='ltr'><strong>Pra-</strong></span> 
     </span>
    </p>
   </div>
   <div class='ocr_carea' id='block_1_86' title="bbox 2271 4012 3866 4085">
    <p class='ocr_par' dir='ltr' id='par_1_86' title="bbox 2271 4012 3866 4085">
     <span class='ocr_line' id='line_1_86' title="bbox 2271 4012 3866 4085; baseline -0.006 -11"><span class='ocrx_word' id='word_1_577' title='bbox 2271 4020 2445 4075; x_wconf 90' lang='lat' dir='ltr'><strong>valuit</strong></span> <span class='ocrx_word' id='word_1_578' title='bbox 2470 4018 2665 4074; x_wconf 91' lang='lat' dir='ltr'><strong>melior</strong></span> <span class='ocrx_word' id='word_1_579' title='bbox 2714 4017 3005 4085; x_wconf 90' lang='lat' dir='ltr'><strong>sententia,</strong></span> <span class='ocrx_word' id='word_1_580' title='bbox 3051 4025 3106 4071; x_wconf 90' lang='lat' dir='ltr'><strong>et</strong></span> <span class='ocrx_word' id='word_1_581' title='bbox 3132 4014 3476 4071; x_wconf 90' lang='lat' dir='ltr'><strong>Childericus</strong></span> <span class='ocrx_word' id='word_1_582' title='bbox 3496 4029 3595 4069; x_wconf 82' lang='lat' dir='ltr'><strong>rex</strong></span> <span class='ocrx_word' id='word_1_583' title='bbox 3627 4012 3866 4067; x_wconf 66' lang='lat' dir='ltr'><strong>Francia</strong></span> 
     </span>
    </p>
   </div>
   <div class='ocr_carea' id='block_1_87' title="bbox 2272 4103 3864 4179">
    <p class='ocr_par' dir='ltr' id='par_1_87' title="bbox 2272 4103 3864 4179">
     <span class='ocr_line' id='line_1_87' title="bbox 2272 4103 3864 4179; baseline -0.006 -13"><span class='ocrx_word' id='word_1_584' title='bbox 2272 4110 2647 4176; x_wconf 91' lang='lat' dir='ltr'><strong>constituitur,</strong></span> <span class='ocrx_word' id='word_1_585' title='bbox 2672 4123 2738 4163; x_wconf 92' lang='lat' dir='ltr'><strong>eo</strong></span> <span class='ocrx_word' id='word_1_586' title='bbox 2782 4108 2927 4179; x_wconf 91' lang='lat' dir='ltr'><strong>quod</strong></span> <span class='ocrx_word' id='word_1_587' title='bbox 2972 4116 3193 4163; x_wconf 90' lang='lat' dir='ltr'><strong>strenue</strong></span> <span class='ocrx_word' id='word_1_588' title='bbox 3233 4114 3447 4178; x_wconf 88' lang='lat' dir='ltr'><strong>regeret</strong></span> <span class='ocrx_word' id='word_1_589' title='bbox 3474 4121 3709 4176; x_wconf 88' lang='lat' dir='ltr'><strong>regnum</strong></span> <span class='ocrx_word' id='word_1_590' title='bbox 3730 4103 3864 4158; x_wconf 81' lang='lat' dir='ltr'><strong>Aus-</strong></span> 
     </span>
    </p>
   </div>
   <div class='ocr_carea' id='block_1_88' title="bbox 2271 4196 3865 4270">
    <p class='ocr_par' dir='ltr' id='par_1_88' title="bbox 2271 4196 3865 4270">
     <span class='ocr_line' id='line_1_88' title="bbox 2271 4196 3865 4270; baseline -0.004 -14"><span class='ocrx_word' id='word_1_591' title='bbox 2271 4201 2591 4257; x_wconf 89' lang='lat' dir='ltr'><strong>trasiorum.</strong></span> <span class='ocrx_word' id='word_1_592' title='bbox 2627 4198 2809 4270; x_wconf 82' lang='lat' dir='ltr'><strong>(Gesta</strong></span> <span class='ocrx_word' id='word_1_593' title='bbox 2840 4198 3067 4269; x_wconf 84' lang='lat' dir='ltr'><strong>Franc.)</strong></span> <span class='ocrx_word' id='word_1_594' title='bbox 3098 4196 3285 4254; x_wconf 82' lang='lat' dir='ltr'><strong>Refert</strong></span> <span class='ocrx_word' id='word_1_595' title='bbox 3305 4197 3507 4269; x_wconf 91' lang='lat' dir='ltr'><strong>aliquis</strong></span> <span class='ocrx_word' id='word_1_596' title='bbox 3537 4196 3865 4268; x_wconf 83' lang='lat' dir='ltr'><strong>scriptorum</strong></span> 
     </span>
    </p>
   </div>
   <div class='ocr_carea' id='block_1_89' title="bbox 2275 4285 3866 4362">
    <p class='ocr_par' dir='ltr' id='par_1_89' title="bbox 2275 4285 3866 4362">
     <span class='ocr_line' id='line_1_89' title="bbox 2275 4285 3866 4362; baseline -0.008 -16"><span class='ocrx_word' id='word_1_597' title='bbox 2275 4290 2423 4362; x_wconf 91' lang='lat' dir='ltr'><strong>quod</strong></span> <span class='ocrx_word' id='word_1_598' title='bbox 2462 4288 2834 4344; x_wconf 89' lang='lat' dir='ltr'><strong>Theodericus</strong></span> <span class='ocrx_word' id='word_1_599' title='bbox 2874 4288 3056 4359; x_wconf 86' lang='lat' dir='ltr'><strong>primo</strong></span> <span class='ocrx_word' id='word_1_600' title='bbox 3087 4287 3417 4342; x_wconf 91' lang='lat' dir='ltr'><strong>sublimatus</strong></span> <span class='ocrx_word' id='word_1_601' title='bbox 3473 4285 3548 4340; x_wconf 81' lang='lat' dir='ltr'><strong>sit</strong></span> <span class='ocrx_word' id='word_1_602' title='bbox 3606 4285 3664 4339; x_wconf 91' lang='lat' dir='ltr'><strong>in</strong></span> <span class='ocrx_word' id='word_1_603' title='bbox 3706 4297 3866 4347; x_wconf 72' lang='lat' dir='ltr'><strong>regno</strong></span> 
     </span>
    </p>
   </div>
   <div class='ocr_carea' id='block_1_90' title="bbox 2273 4374 3863 4449">
    <p class='ocr_par' dir='ltr' id='par_1_90' title="bbox 2273 4374 3863 4449">
     <span class='ocr_line' id='line_1_90' title="bbox 2273 4374 3863 4449; baseline -0.005 -14"><span class='ocrx_word' id='word_1_604' title='bbox 2273 4379 2634 4446; x_wconf 88' lang='lat' dir='ltr'><strong>Francorum,</strong></span> <span class='ocrx_word' id='word_1_605' title='bbox 2657 4388 2711 4434; x_wconf 90' lang='lat' dir='ltr'><strong>et</strong></span> <span class='ocrx_word' id='word_1_606' title='bbox 2738 4377 3014 4435; x_wconf 91' lang='lat' dir='ltr'><strong>Ebroinus</strong></span> <span class='ocrx_word' id='word_1_607' title='bbox 3068 4378 3248 4449; x_wconf 89' lang='lat' dir='ltr'><strong>major</strong></span> <span class='ocrx_word' id='word_1_608' title='bbox 3284 4377 3484 4432; x_wconf 92' lang='lat' dir='ltr'><strong>domus</strong></span> <span class='ocrx_word' id='word_1_609' title='bbox 3513 4374 3863 4435; x_wconf 83' lang='lat' dir='ltr'><strong>substitutus.</strong></span> 
     </span>
    </p>
   </div>
   <div class='ocr_carea' id='block_1_91' title="bbox 580 4450 3868 4547">
    <p class='ocr_par' dir='ltr' id='par_1_91' title="bbox 580 4450 3868 4547">
     <span class='ocr_line' id='line_1_91' title="bbox 580 4450 3868 4547; baseline 0.001 -32"><span class='ocrx_word' id='word_1_610' title='bbox 580 4450 857 4547; x_wconf 56' lang='grc' dir='ltr'><strong>οβῦςίθιξε,</strong></span> <span class='ocrx_word' id='word_1_611' title='bbox 890 4452 1075 4508; x_wconf 80' lang='lat' dir='ltr'><strong>minus</strong></span> <span class='ocrx_word' id='word_1_612' title='bbox 1097 4455 1354 4547; x_wconf 67' lang='lat' dir='ltr'><strong>religiose</strong></span> <span class='ocrx_word' id='word_1_613' title='bbox 1388 4472 1452 4512; x_wconf 88' lang='lat' dir='ltr'><strong>os</strong></span> <span class='ocrx_word' id='word_1_614' title='bbox 1471 4457 1685 4512; x_wconf 87' lang='lat' dir='ltr'><strong>brachii</strong></span> <span class='ocrx_word' id='word_1_615' title='bbox 1712 4456 1874 4529; x_wconf 85' lang='lat' dir='ltr'><strong>fregit</strong></span> <span class='ocrx_word' id='word_1_616' title='bbox 1895 4467 1951 4513; x_wconf 89' lang='lat' dir='ltr'><strong>et</strong></span> <span class='ocrx_word' id='word_1_617' title='bbox 1972 4461 2172 4530; x_wconf 88' lang='lat' dir='ltr'><strong>rapuit,</strong></span> <span class='ocrx_word' id='word_1_618' title='bbox 2205 4487 2254 4547; x_wconf 72' lang='grc' dir='ltr'><strong>ι)</strong></span> <span class='ocrx_word' id='word_1_619' title='bbox 2279 4470 2374 4525; x_wconf 89' lang='lat' dir='ltr'><strong>sed</strong></span> <span class='ocrx_word' id='word_1_620' title='bbox 2405 4479 2625 4541; x_wconf 91' lang='lat' dir='ltr'><strong>propter</strong></span> <span class='ocrx_word' id='word_1_621' title='bbox 2649 4469 2916 4525; x_wconf 90' lang='lat' dir='ltr'><strong>malitiam</strong></span> <span class='ocrx_word' id='word_1_622' title='bbox 2940 4477 2996 4524; x_wconf 93' lang='lat' dir='ltr'><strong>et</strong></span> <span class='ocrx_word' id='word_1_623' title='bbox 3017 4469 3396 4524; x_wconf 90' lang='lat' dir='ltr'><strong>crudelitatem</strong></span> <span class='ocrx_word' id='word_1_624' title='bbox 3433 4466 3549 4521; x_wconf 89' lang='lat' dir='ltr'><strong>sint</strong></span> <span class='ocrx_word' id='word_1_625' title='bbox 3571 4464 3868 4537; x_wconf 81' lang='lat' dir='ltr'><strong>expulsi,et</strong></span> 
     </span>
    </p>
   </div>
   <div class='ocr_carea' id='block_1_92' title="bbox 581 4539 3864 4630">
    <p class='ocr_par' dir='ltr' id='par_1_92' title="bbox 581 4539 3864 4630">
     <span class='ocr_line' id='line_1_92' title="bbox 581 4539 3864 4630; baseline 0.005 -37"><span class='ocrx_word' id='word_1_626' title='bbox 581 4539 982 4612; x_wconf 85' lang='lat' dir='ltr'><strong>confestimque</strong></span> <span class='ocrx_word' id='word_1_627' title='bbox 1003 4545 1345 4615; x_wconf 87' lang='lat' dir='ltr'><strong>stupefactus</strong></span> <span class='ocrx_word' id='word_1_628' title='bbox 1359 4548 1415 4602; x_wconf 93' lang='lat' dir='ltr'><strong>in</strong></span> <span class='ocrx_word' id='word_1_629' title='bbox 1433 4550 1730 4604; x_wconf 89' lang='lat' dir='ltr'><strong>amentiam</strong></span> <span class='ocrx_word' id='word_1_630' title='bbox 1754 4549 1962 4618; x_wconf 87' lang='lat' dir='ltr'><strong>incidit,</strong></span> <span class='ocrx_word' id='word_1_631' title='bbox 1986 4560 2179 4622; x_wconf 89' lang='lat' dir='ltr'><strong>etpost</strong></span> <span class='ocrx_word' id='word_1_632' title='bbox 2205 4539 2244 4547; x_wconf 57' lang='lat'><strong>—</strong></span> <span class='ocrx_word' id='word_1_633' title='bbox 2287 4539 2618 4617; x_wconf 53' lang='lat' dir='ltr'><strong>substitutus</strong></span> <span class='ocrx_word' id='word_1_634' title='bbox 2664 4560 2736 4615; x_wconf 85' lang='lat' dir='ltr'><strong>sit</strong></span> <span class='ocrx_word' id='word_1_635' title='bbox 2786 4558 3151 4614; x_wconf 87' lang='lat' dir='ltr'><strong>Childericus.</strong></span> <span class='ocrx_word' id='word_1_636' title='bbox 3180 4557 3338 4630; x_wconf 81' lang='lat' dir='ltr'><strong>(Vita</strong></span> <span class='ocrx_word' id='word_1_637' title='bbox 3359 4554 3553 4628; x_wconf 82' lang='lat' dir='ltr'><strong>Leod.)</strong></span> <span class='ocrx_word' id='word_1_638' title='bbox 3594 4554 3864 4627; x_wconf 77' lang='lat' dir='ltr'><strong>Lcodega~</strong></span> 
     </span>
    </p>
   </div>
   <div class='ocr_carea' id='block_1_93' title="bbox 579 4632 2173 4712">
    <p class='ocr_par' dir='ltr' id='par_1_93' title="bbox 579 4632 2173 4712">
     <span class='ocr_line' id='line_1_93' title="bbox 579 4632 2173 4712; baseline 0.01 -27"><span class='ocrx_word' id='word_1_639' title='bbox 579 4632 617 4686; x_wconf 75' lang='grc'><strong>2</strong></span> <span class='ocrx_word' id='word_1_640' title='bbox 655 4646 831 4689; x_wconf 89' lang='lat' dir='ltr'><strong>annos</strong></span> <span class='ocrx_word' id='word_1_641' title='bbox 868 4634 1038 4689; x_wconf 92' lang='lat' dir='ltr'><strong>vitam</strong></span> <span class='ocrx_word' id='word_1_642' title='bbox 1088 4653 1215 4691; x_wconf 79' lang='lat' dir='ltr'><strong>cum</strong></span> <span class='ocrx_word' id='word_1_643' title='bbox 1253 4653 1424 4709; x_wconf 87' lang='lat' dir='ltr'><strong>regno</strong></span> <span class='ocrx_word' id='word_1_644' title='bbox 1472 4640 1666 4695; x_wconf 81' lang='lat' dir='ltr'><strong>finivit.</strong></span> <span class='ocrx_word' id='word_1_645' title='bbox 1723 4639 2031 4712; x_wconf 80' lang='lat' dir='ltr'><strong>Habuitque</strong></span> <span class='ocrx_word' id='word_1_646' title='bbox 2062 4651 2173 4701; x_wconf 86' lang='lat' dir='ltr'><strong>tres</strong></span> 
     </span>
    </p>
   </div>
   <div class='ocr_carea' id='block_1_94' title="bbox 582 4721 2174 4805">
    <p class='ocr_par' dir='ltr' id='par_1_94' title="bbox 582 4721 2174 4805">
     <span class='ocr_line' id='line_1_94' title="bbox 582 4721 2174 4805; baseline 0.008 -26"><span class='ocrx_word' id='word_1_647' title='bbox 582 4723 727 4779; x_wconf 82' lang='lat' dir='ltr'><strong>ﬁlios</strong></span> <span class='ocrx_word' id='word_1_648' title='bbox 748 4721 1113 4793; x_wconf 86' lang='lat' dir='ltr'><strong>Clotharium,</strong></span> <span class='ocrx_word' id='word_1_649' title='bbox 1131 4726 1531 4785; x_wconf 87' lang='lat' dir='ltr'><strong>Theodericum</strong></span> <span class='ocrx_word' id='word_1_650' title='bbox 1552 4730 2008 4801; x_wconf 84' lang='lat' dir='ltr'><strong>etChildericum,</strong></span> <span class='ocrx_word' id='word_1_651' title='bbox 2034 4750 2174 4805; x_wconf 90' lang='lat' dir='ltr'><strong>quos</strong></span> 
     </span>
    </p>
   </div>
   <div class='ocr_carea' id='block_1_95' title="bbox 584 4813 2175 4895">
    <p class='ocr_par' dir='ltr' id='par_1_95' title="bbox 584 4813 2175 4895">
     <span class='ocr_line' id='line_1_95' title="bbox 584 4813 2175 4895; baseline 0.009 -28"><span class='ocrx_word' id='word_1_652' title='bbox 584 4813 774 4885; x_wconf 90' lang='lat' dir='ltr'><strong>genuit</strong></span> <span class='ocrx_word' id='word_1_653' title='bbox 793 4829 863 4869; x_wconf 78' lang='lat' dir='ltr'><strong>ex</strong></span> <span class='ocrx_word' id='word_1_654' title='bbox 906 4813 1135 4873; x_wconf 86' lang='lat' dir='ltr'><strong>Baltilde</strong></span> <span class='ocrx_word' id='word_1_655' title='bbox 1158 4819 1364 4890; x_wconf 88' lang='lat' dir='ltr'><strong>regina.</strong></span> <span class='ocrx_word' id='word_1_656' title='bbox 1391 4819 1504 4893; x_wconf 86' lang='lat' dir='ltr'><strong>Ega</strong></span> <span class='ocrx_word' id='word_1_657' title='bbox 1538 4831 1725 4879; x_wconf 88' lang='lat' dir='ltr'><strong>custos</strong></span> <span class='ocrx_word' id='word_1_658' title='bbox 1744 4824 1927 4895; x_wconf 90' lang='lat' dir='ltr'><strong>palatii</strong></span> <span class='ocrx_word' id='word_1_659' title='bbox 1953 4834 2009 4881; x_wconf 91' lang='lat' dir='ltr'><strong>et</strong></span> <span class='ocrx_word' id='word_1_660' title='bbox 2027 4834 2175 4882; x_wconf 91' lang='lat' dir='ltr'><strong>tutor</strong></span> 
     </span>
    </p>
   </div>
   <div class='ocr_carea' id='block_1_96' title="bbox 586 4906 2170 4990">
    <p class='ocr_par' dir='ltr' id='par_1_96' title="bbox 586 4906 2170 4990">
     <span class='ocr_line' id='line_1_96' title="bbox 586 4906 2170 4990; baseline 0.01 -32"><span class='ocrx_word' id='word_1_661' title='bbox 586 4906 742 4975; x_wconf 85' lang='lat' dir='ltr'><strong>regni</strong></span> <span class='ocrx_word' id='word_1_662' title='bbox 787 4908 1055 4981; x_wconf 87' lang='lat' dir='ltr'><strong>condigne</strong></span> <span class='ocrx_word' id='word_1_663' title='bbox 1108 4912 1450 4982; x_wconf 87' lang='lat' dir='ltr'><strong>gubernabat</strong></span> <span class='ocrx_word' id='word_1_664' title='bbox 1502 4916 1764 4985; x_wconf 87' lang='lat' dir='ltr'><strong>palatium</strong></span> <span class='ocrx_word' id='word_1_665' title='bbox 1814 4926 1870 4972; x_wconf 92' lang='lat' dir='ltr'><strong>et</strong></span> <span class='ocrx_word' id='word_1_666' title='bbox 1920 4933 2170 4990; x_wconf 85' lang='lat' dir='ltr'><strong>regnum.</strong></span> 
     </span>
    </p>
   </div>
   <div class='ocr_carea' id='block_1_97' title="bbox 586 4995 2177 5081">
    <p class='ocr_par' dir='ltr' id='par_1_97' title="bbox 586 4995 2177 5081">
     <span class='ocr_line' id='line_1_97' title="bbox 586 4995 2177 5081; baseline 0.012 -33"><span class='ocrx_word' id='word_1_667' title='bbox 586 4995 748 5051; x_wconf 78' lang='lat' dir='ltr'><strong>Anno</strong></span> <span class='ocrx_word' id='word_1_668' title='bbox 793 4999 957 5053; x_wconf 89' lang='lat' dir='ltr'><strong>tertio</strong></span> <span class='ocrx_word' id='word_1_669' title='bbox 1003 5002 1156 5073; x_wconf 88' lang='lat' dir='ltr'><strong>regni</strong></span> <span class='ocrx_word' id='word_1_670' title='bbox 1191 5003 1447 5061; x_wconf 84' lang='lat' dir='ltr'><strong>Clodovei</strong></span> <span class='ocrx_word' id='word_1_671' title='bbox 1496 5005 1607 5078; x_wconf 88' lang='lat' dir='ltr'><strong>Ega</strong></span> <span class='ocrx_word' id='word_1_672' title='bbox 1649 5009 1883 5065; x_wconf 91' lang='lat' dir='ltr'><strong>moritur</strong></span> <span class='ocrx_word' id='word_1_673' title='bbox 1919 5018 1974 5065; x_wconf 91' lang='lat' dir='ltr'><strong>et</strong></span> <span class='ocrx_word' id='word_1_674' title='bbox 1999 5011 2177 5081; x_wconf 91' lang='lat' dir='ltr'><strong>major</strong></span> 
     </span>
    </p>
   </div>
   <div class='ocr_carea' id='block_1_98' title="bbox 587 5088 2174 5169">
    <p class='ocr_par' dir='ltr' id='par_1_98' title="bbox 587 5088 2174 5169">
     <span class='ocr_line' id='line_1_98' title="bbox 587 5088 2174 5169; baseline 0.009 -27"><span class='ocrx_word' id='word_1_675' title='bbox 587 5088 788 5145; x_wconf 89' lang='lat' dir='ltr'><strong>domus</strong></span> <span class='ocrx_word' id='word_1_676' title='bbox 836 5088 1235 5151; x_wconf 87' lang='lat' dir='ltr'><strong>Erchinoaldus</strong></span> <span class='ocrx_word' id='word_1_677' title='bbox 1263 5095 1513 5166; x_wconf 77' lang='lat' dir='ltr'><strong>efﬁcitur,</strong></span> <span class='ocrx_word' id='word_1_678' title='bbox 1536 5098 1640 5154; x_wconf 9' lang='lat' dir='ltr'><strong>(vir</strong></span> <span class='ocrx_word' id='word_1_679' title='bbox 1665 5100 1900 5169; x_wconf 89' lang='lat' dir='ltr'><strong>patiens,</strong></span> <span class='ocrx_word' id='word_1_680' title='bbox 1932 5108 1987 5157; x_wconf 90' lang='lat' dir='ltr'><strong>et</strong></span> <span class='ocrx_word' id='word_1_681' title='bbox 2022 5102 2174 5157; x_wconf 89' lang='lat' dir='ltr'><strong>omni</strong></span> 
     </span>
    </p>
   </div>
   <div class='ocr_carea' id='block_1_99' title="bbox 586 5178 2172 5263">
    <p class='ocr_par' dir='ltr' id='par_1_99' title="bbox 586 5178 2172 5263">
     <span class='ocr_line' id='line_1_99' title="bbox 586 5178 2172 5263; baseline 0.011 -31"><span class='ocrx_word' id='word_1_682' title='bbox 586 5178 831 5235; x_wconf 88' lang='lat' dir='ltr'><strong>bonitate</strong></span> <span class='ocrx_word' id='word_1_683' title='bbox 868 5179 1082 5251; x_wconf 90' lang='lat' dir='ltr'><strong>plenus,</strong></span> <span class='ocrx_word' id='word_1_684' title='bbox 1115 5194 1330 5242; x_wconf 85' lang='lat' dir='ltr'><strong>amator</strong></span> <span class='ocrx_word' id='word_1_685' title='bbox 1357 5190 1509 5259; x_wconf 88' lang='lat' dir='ltr'><strong>pacis</strong></span> <span class='ocrx_word' id='word_1_686' title='bbox 1553 5198 1607 5245; x_wconf 93' lang='lat' dir='ltr'><strong>et</strong></span> <span class='ocrx_word' id='word_1_687' title='bbox 1630 5190 1879 5261; x_wconf 86' lang='lat' dir='ltr'><strong>justitiae.</strong></span> <span class='ocrx_word' id='word_1_688' title='bbox 1909 5191 2172 5263; x_wconf 87' lang='lat' dir='ltr'><strong>Pippinus</strong></span> 
     </span>
    </p>
   </div>
   <div class='ocr_carea' id='block_1_100' title="bbox 2279 4647 3867 4725">
    <p class='ocr_par' dir='ltr' id='par_1_100' title="bbox 2279 4647 3867 4725">
     <span class='ocr_line' id='line_1_100' title="bbox 2279 4647 3867 4725; baseline -0.006 -18"><span class='ocrx_word' id='word_1_689' title='bbox 2279 4653 2397 4708; x_wconf 90' lang='lat' dir='ltr'><strong>rius</strong></span> <span class='ocrx_word' id='word_1_690' title='bbox 2420 4653 2586 4725; x_wconf 90' lang='lat' dir='ltr'><strong>igitur</strong></span> <span class='ocrx_word' id='word_1_691' title='bbox 2608 4652 2712 4707; x_wconf 93' lang='lat' dir='ltr'><strong>sub</strong></span> <span class='ocrx_word' id='word_1_692' title='bbox 2745 4650 3056 4707; x_wconf 86' lang='lat' dir='ltr'><strong>Childerico</strong></span> <span class='ocrx_word' id='word_1_693' title='bbox 3088 4650 3227 4706; x_wconf 88' lang='lat' dir='ltr'><strong>bene</strong></span> <span class='ocrx_word' id='word_1_694' title='bbox 3251 4656 3308 4704; x_wconf 90' lang='lat' dir='ltr'><strong>et</strong></span> <span class='ocrx_word' id='word_1_695' title='bbox 3351 4648 3562 4703; x_wconf 86' lang='lat' dir='ltr'><strong>utiliter</strong></span> <span class='ocrx_word' id='word_1_696' title='bbox 3617 4647 3867 4718; x_wconf 87' lang='lat' dir='ltr'><strong>dispone-</strong></span> 
     </span>
    </p>
   </div>
   <div class='ocr_carea' id='block_1_101' title="bbox 2280 4731 3865 4812">
    <p class='ocr_par' dir='ltr' id='par_1_101' title="bbox 2280 4731 3865 4812">
     <span class='ocr_line' id='line_1_101' title="bbox 2280 4731 3865 4812; baseline -0.008 -15"><span class='ocrx_word' id='word_1_697' title='bbox 2280 4741 2374 4797; x_wconf 85' lang='lat' dir='ltr'><strong>bat</strong></span> <span class='ocrx_word' id='word_1_698' title='bbox 2403 4741 2555 4812; x_wconf 89' lang='lat' dir='ltr'><strong>regni</strong></span> <span class='ocrx_word' id='word_1_699' title='bbox 2576 4739 2972 4805; x_wconf 88' lang='lat' dir='ltr'><strong>moderamina,</strong></span> <span class='ocrx_word' id='word_1_700' title='bbox 3005 4739 3079 4792; x_wconf 90' lang='lat' dir='ltr'><strong>ita</strong></span> <span class='ocrx_word' id='word_1_701' title='bbox 3106 4744 3167 4792; x_wconf 93' lang='lat' dir='ltr'><strong>ut</strong></span> <span class='ocrx_word' id='word_1_702' title='bbox 3194 4735 3459 4807; x_wconf 91' lang='lat' dir='ltr'><strong>quidquid</strong></span> <span class='ocrx_word' id='word_1_703' title='bbox 3493 4735 3758 4790; x_wconf 89' lang='lat' dir='ltr'><strong>adversus</strong></span> <span class='ocrx_word' id='word_1_704' title='bbox 3792 4731 3865 4783; x_wconf 82' lang='lat' dir='ltr'><strong>le-</strong></span> 
     </span>
    </p>
   </div>
   <div class='ocr_carea' id='block_1_102' title="bbox 2281 4821 3868 4902">
    <p class='ocr_par' dir='ltr' id='par_1_102' title="bbox 2281 4821 3868 4902">
     <span class='ocr_line' id='line_1_102' title="bbox 2281 4821 3868 4902; baseline -0.006 -18"><span class='ocrx_word' id='word_1_705' title='bbox 2281 4846 2376 4902; x_wconf 90' lang='lat' dir='ltr'><strong>ges</strong></span> <span class='ocrx_word' id='word_1_706' title='bbox 2397 4830 2689 4901; x_wconf 90' lang='lat' dir='ltr'><strong>majorum,</strong></span> <span class='ocrx_word' id='word_1_707' title='bbox 2714 4843 2952 4900; x_wconf 90' lang='lat' dir='ltr'><strong>quorum</strong></span> <span class='ocrx_word' id='word_1_708' title='bbox 2974 4827 3085 4882; x_wconf 89' lang='lat' dir='ltr'><strong>vita</strong></span> <span class='ocrx_word' id='word_1_709' title='bbox 3142 4825 3432 4883; x_wconf 88' lang='lat' dir='ltr'><strong>laudabilis</strong></span> <span class='ocrx_word' id='word_1_710' title='bbox 3486 4821 3615 4891; x_wconf 89' lang='lat' dir='ltr'><strong>fuit,</strong></span> <span class='ocrx_word' id='word_1_711' title='bbox 3652 4828 3868 4877; x_wconf 80' lang='lat' dir='ltr'><strong>contra-</strong></span> 
     </span>
    </p>
   </div>
   <div class='ocr_carea' id='block_1_103' title="bbox 2282 4913 3860 4992">
    <p class='ocr_par' dir='ltr' id='par_1_103' title="bbox 2282 4913 3860 4992">
     <span class='ocr_line' id='line_1_103' title="bbox 2282 4913 3860 4992; baseline -0.006 -17"><span class='ocrx_word' id='word_1_712' title='bbox 2282 4921 2425 4975; x_wconf 91' lang='lat' dir='ltr'><strong>rium</strong></span> <span class='ocrx_word' id='word_1_713' title='bbox 2479 4929 2778 4992; x_wconf 87' lang='lat' dir='ltr'><strong>repererat,</strong></span> <span class='ocrx_word' id='word_1_714' title='bbox 2829 4920 2898 4975; x_wconf 92' lang='lat' dir='ltr'><strong>ad</strong></span> <span class='ocrx_word' id='word_1_715' title='bbox 2953 4919 3245 4990; x_wconf 91' lang='lat' dir='ltr'><strong>pristinum</strong></span> <span class='ocrx_word' id='word_1_716' title='bbox 3295 4925 3499 4973; x_wconf 89' lang='lat' dir='ltr'><strong>statum</strong></span> <span class='ocrx_word' id='word_1_717' title='bbox 3554 4913 3860 4984; x_wconf 87' lang='lat' dir='ltr'><strong>corrigeret.</strong></span> 
     </span>
    </p>
   </div>
   <div class='ocr_carea' id='block_1_104' title="bbox 2281 5003 3870 5083">
    <p class='ocr_par' dir='ltr' id='par_1_104' title="bbox 2281 5003 3870 5083">
     <span class='ocr_line' id='line_1_104' title="bbox 2281 5003 3870 5083; baseline -0.006 -14"><span class='ocrx_word' id='word_1_718' title='bbox 2281 5009 2427 5083; x_wconf 83' lang='lat' dir='ltr'><strong>Obiit</strong></span> <span class='ocrx_word' id='word_1_719' title='bbox 2451 5012 2521 5044; x_wconf 71' lang='lat'><strong>&quot;‘</strong></span> <span class='ocrx_word' id='word_1_720' title='bbox 2548 5013 2786 5068; x_wconf 91' lang='lat' dir='ltr'><strong>domnus</strong></span> <span class='ocrx_word' id='word_1_721' title='bbox 2835 5010 3132 5068; x_wconf 89' lang='lat' dir='ltr'><strong>Widradus</strong></span> <span class='ocrx_word' id='word_1_722' title='bbox 3183 5010 3355 5066; x_wconf 89' lang='lat' dir='ltr'><strong>abbas</strong></span> <span class='ocrx_word' id='word_1_723' title='bbox 3408 5008 3444 5065; x_wconf 86' lang='lat'><strong>5</strong></span> <span class='ocrx_word' id='word_1_724' title='bbox 3480 5007 3667 5063; x_wconf 84' lang='lat' dir='ltr'><strong>Nonas</strong></span> <span class='ocrx_word' id='word_1_725' title='bbox 3712 5003 3870 5059; x_wconf 66' lang='grc' dir='ltr'><strong>θεω-</strong></span> 
     </span>
    </p>
   </div>
   <div class='ocr_carea' id='block_1_105' title="bbox 2281 5093 3867 5171">
    <p class='ocr_par' dir='ltr' id='par_1_105' title="bbox 2281 5093 3867 5171">
     <span class='ocr_line' id='line_1_105' title="bbox 2281 5093 3867 5171; baseline -0.006 -12"><span class='ocrx_word' id='word_1_726' title='bbox 2281 5104 2419 5171; x_wconf 91' lang='lat' dir='ltr'><strong>bris,</strong></span> <span class='ocrx_word' id='word_1_727' title='bbox 2446 5108 2502 5159; x_wconf 92' lang='lat' dir='ltr'><strong>et</strong></span> <span class='ocrx_word' id='word_1_728' title='bbox 2523 5104 2791 5159; x_wconf 88' lang='lat' dir='ltr'><strong>successit</strong></span> <span class='ocrx_word' id='word_1_729' title='bbox 2818 5104 2867 5158; x_wconf 92' lang='lat' dir='ltr'><strong>ei</strong></span> <span class='ocrx_word' id='word_1_730' title='bbox 2901 5119 3047 5159; x_wconf 87' lang='lat' dir='ltr'><strong>anno</strong></span> <span class='ocrx_word' id='word_1_731' title='bbox 3074 5102 3221 5159; x_wconf 91' lang='lat' dir='ltr'><strong>dom.</strong></span> <span class='ocrx_word' id='word_1_732' title='bbox 3268 5101 3377 5158; x_wconf 90' lang='lat' dir='ltr'><strong>inc.</strong></span> <span class='ocrx_word' id='word_1_733' title='bbox 3409 5098 3516 5155; x_wconf 80' lang='grc'>665</span> <span class='ocrx_word' id='word_1_734' title='bbox 3564 5093 3867 5168; x_wconf 72' lang='lat' dir='ltr'><strong>Gayroinrt</strong></span> 
     </span>
    </p>
   </div>
   <div class='ocr_carea' id='block_1_106' title="bbox 2279 5180 3871 5267">
    <p class='ocr_par' dir='ltr' id='par_1_106' title="bbox 2279 5180 3871 5267">
     <span class='ocr_line' id='line_1_106' title="bbox 2279 5180 3871 5267; baseline -0.005 -18"><span class='ocrx_word' id='word_1_735' title='bbox 2279 5195 2568 5265; x_wconf 89' lang='lat' dir='ltr'><strong>episcopus</strong></span> <span class='ocrx_word' id='word_1_736' title='bbox 2583 5212 2597 5258; x_wconf 86' lang='lat'><strong>;</strong></span> <span class='ocrx_word' id='word_1_737' title='bbox 2613 5182 2783 5267; x_wconf 80' lang='lat' dir='ltr'><strong>cujus</strong></span> <span class='ocrx_word' id='word_1_738' title='bbox 2805 5202 3049 5266; x_wconf 89' lang='lat' dir='ltr'><strong>tempore</strong></span> <span class='ocrx_word' id='word_1_739' title='bbox 3070 5194 3302 5249; x_wconf 89' lang='lat' dir='ltr'><strong>contulit</strong></span> <span class='ocrx_word' id='word_1_740' title='bbox 3345 5191 3460 5265; x_wconf 69' lang='grc'><strong>(48)</strong></span> <span class='ocrx_word' id='word_1_741' title='bbox 3481 5189 3657 5247; x_wconf 84' lang='lat' dir='ltr'><strong>eidem</strong></span> <span class='ocrx_word' id='word_1_742' title='bbox 3672 5180 3871 5241; x_wconf 66' lang='lat' dir='ltr'><strong>accb-</strong></span> 
     </span>
    </p>
   </div>
   <div class='ocr_carea' id='block_1_107' title="bbox 1866 5321 2547 5384">
    <p class='ocr_par' dir='ltr' id='par_1_107' title="bbox 1866 5321 2547 5384">
     <span class='ocr_line' id='line_1_107' title="bbox 1866 5321 2547 5384; baseline 0.009 -6"><span class='ocrx_word' id='word_1_743' title='bbox 1866 5321 2098 5379; x_wconf 67' lang='lat' dir='ltr'><strong>VARIAS</strong></span> <span class='ocrx_word' id='word_1_744' title='bbox 2144 5323 2547 5384; x_wconf 83' lang='lat' dir='ltr'><strong>LECTIONES.</strong></span> 
     </span>
    </p>
   </div>
   <div class='ocr_carea' id='block_1_108' title="bbox 769 5446 2240 5529">
    <p class='ocr_par' dir='ltr' id='par_1_108' title="bbox 769 5446 2240 5529">
     <span class='ocr_line' id='line_1_108' title="bbox 769 5446 2240 5529; baseline 0.008 -27"><span class='ocrx_word' id='word_1_745' title='bbox 769 5446 838 5482; x_wconf 79' lang='grc'><strong>²¹²</strong></span> <span class='ocrx_word' id='word_1_746' title='bbox 874 5451 929 5503; x_wconf 85' lang='lat' dir='ltr'><strong>in</strong></span> <span class='ocrx_word' id='word_1_747' title='bbox 964 5453 1219 5521; x_wconf 83' lang='lat' dir='ltr'><strong>margine.</strong></span> <span class='ocrx_word' id='word_1_748' title='bbox 1296 5455 1368 5488; x_wconf 82' lang='grc'><strong>¹¹³</strong></span> <span class='ocrx_word' id='word_1_749' title='bbox 1395 5457 1449 5509; x_wconf 82' lang='lat' dir='ltr'><strong>in</strong></span> <span class='ocrx_word' id='word_1_750' title='bbox 1475 5473 1731 5528; x_wconf 83' lang='lat' dir='ltr'><strong>margme.</strong></span> <span class='ocrx_word' id='word_1_751' title='bbox 1808 5457 1878 5490; x_wconf 65' lang='lat' dir='ltr'><em>m</em></span> <span class='ocrx_word' id='word_1_752' title='bbox 1902 5460 1960 5511; x_wconf 82' lang='lat' dir='ltr'><strong>in</strong></span> <span class='ocrx_word' id='word_1_753' title='bbox 1981 5460 2240 5529; x_wconf 83' lang='lat' dir='ltr'><strong>margine.</strong></span> 
     </span>
    </p>
   </div>
   <div class='ocr_carea' id='block_1_109' title="bbox 2127 5584 2358 5642">
    <p class='ocr_par' dir='ltr' id='par_1_109' title="bbox 2127 5584 2358 5642">
     <span class='ocr_line' id='line_1_109' title="bbox 2127 5584 2358 5642; baseline 0.013 -3"><span class='ocrx_word' id='word_1_754' title='bbox 2127 5584 2358 5642; x_wconf 69' lang='lat' dir='ltr'><strong>NOTAE.</strong></span> 
     </span>
    </p>
   </div>
   <div class='ocr_carea' id='block_1_110' title="bbox 636 5709 2383 5809">
    <p class='ocr_par' dir='ltr' id='par_1_110' title="bbox 636 5709 2383 5809">
     <span class='ocr_line' id='line_1_110' title="bbox 636 5709 2383 5809; baseline 0.003 -40"><span class='ocrx_word' id='word_1_755' title='bbox 636 5712 778 5809; x_wconf 35' lang='lat'><strong>’(48)</strong></span> <span class='ocrx_word' id='word_1_756' title='bbox 812 5709 1076 5786; x_wconf 87' lang='lat' dir='ltr'><strong>Pippinus</strong></span> <span class='ocrx_word' id='word_1_757' title='bbox 1101 5715 1502 5787; x_wconf 74' lang='lat' dir='ltr'><strong>majordomus;</strong></span> <span class='ocrx_word' id='word_1_758' title='bbox 1532 5717 1833 5776; x_wconf 35' lang='lat' dir='ltr'><strong>cf..Labbci</strong></span> <span class='ocrx_word' id='word_1_759' title='bbox 1851 5718 1989 5775; x_wconf 81' lang='lat' dir='ltr'><strong>Bibl.</strong></span> <span class='ocrx_word' id='word_1_760' title='bbox 2016 5733 2172 5788; x_wconf 87' lang='lat' dir='ltr'><strong>nov.,</strong></span> <span class='ocrx_word' id='word_1_761' title='bbox 2202 5716 2246 5787; x_wconf 83' lang='grc' dir='ltr'><strong>Ι,</strong></span> <span class='ocrx_word' id='word_1_762' title='bbox 2277 5719 2383 5775; x_wconf 76' lang='lat'><strong>269</strong></span> 
     </span>
    </p>
   </div>
  </div>
