3932 6298
586 317 692 376 459

1581 305 1883 366 HUGONIS
1919 303 2215 362 ABBATIS
2249 301 2820 363 FLAVINIACENSIS
3702 318 3772 375 ut}

589 429 905 503 episcopus,
939 425 1036 499 qui
1079 422 1368 497 perpaucis
1392 420 1551 478 annis
1577 421 1681 492 ipsi
1702 419 2174 493 prafueregecolc—
2200 421 2249 482 Α
2277 418 2553 474 sumdedit
2589 434 2895 490 regnorum
2939 419 3087 489 jura.
3138 417 3365 475 Ιιιηειιιιιι
3408 435 3544 478 unus
3582 424 3776 490 adrasus

580 538 699 580 81$.

649 613 801 687 (Chr.
840 602 1082 680 Diuion.)
1106 609 1273 663 Anne
1310 607 1378 662 ab
1426 606 1533 662 inc.
1567 605 1723 661 Dom.
1757 605 1881 673 7M,
1933 604 2169 662 Karolus

578 715 832 761 mortuus
851 712 956 774 est,
983 713 1036 759 et
1071 701 1167 758 filii
1208 700 1325 770 ejus
1358 697 1763 753 Karlomanuus
1810 706 1865 753 et
1890 696 2169 769 'Pippinus

578 805 944 868 susceperunt
983 792 1135 865 regni
1179 790 1549 863 gubernacula
1572 833 1587 857 ,
1631 789 1726 845 sed
1766 786 2169 844 Karlomannus

578 891 813 962 septimo
839 895 961 959 post
988 884 1159 956 patris
1184 883 1392 938 obitum
1430 896 1576 937 anno
1624 881 1693 936 ab
1723 882 1829 937 inc.
1855 880 2011 936 Dom.
2042 880 2165 947 747,

572 984 766 1039 relicta
793 995 922 1036 cura
951 976 1105 1048 regni
1147 975 1380 1046 Pippino
1425 973 1603 1040 fratri,
1655 972 1884 1028 Romam
1930 972 2168 1043 perrexit

575 1065 713 1129 etlin
748 1079 931 1127 monte
955 1068 1169 1139 Serapti
1203 1067 1510 1123 monachus
1560 1066 1953 1121 habitationem
2008 1066 2167 1121 msti-

574 1166 692 1219 tuit.
725 1162 921 1218 Postea
948 1176 1061 1216 non
1099 1161 1283 1217 ferens
1309 1159 1589 1215 molestias
1618 1159 1812 1215 crebro
1836 1175 1894 1215 se
1931 1158 2164 1215 visitan-

569 1244 728 1322 tium,
783 1254 854 1311 ad
903 1264 1155 1309 sanctum
1194 1252 1550 1313 Benedictum
1602 1251 1659 1306 in
1713 1259 1899 1306 monte
1947 1251 2164 1306 Cassini

568 1345 971 1418 commigravit.
1007 1344 1190 1416 (Gesta
1216 1362 1268 1415 ρ.
1297 1342 1388 1415 R.)
1434 1342 1588 1398 Tunc
1608 1343 1830 1415 regebat
1856 1342 2164 1397 Romanam

564 1438 857 1493 ecclesiam
888 1436 1187 1492 Zacharias
1208 1452 1368 1507 papa,
1393 1435 1488 1506 qui
1512 1435 1778 1490 successit
1793 1434 2055 1506 Gregorio
2068 1433 2159 1501 lll,

566 1512 619 1583 a.
647 1523 775 1597 742,
802 1538 857 1584 et
880 1530 1019 1584 rexit
1044 1529 1218 1600 ipsam
1248 1524 1536 1584 eccleSiam
1559 1543 1609 1582 a.
1660 1525 1752 1595 '10,
1789 1544 1865 1582 in.
1891 1529 1945 1595 5,
1983 1528 2037 1584 d.
2072 1529 2159 1583 14.

568 1620 849 1693 [Remum]
899 1620 999 1677 Hic
1025 1631 1244 1691 accepta
1288 1620 1556 1692 legatione
1587 1636 1618 1675 a
1654 1619 1887 1695 (Pippino
1911 1635 2008 1691 per
2024 1618 2164 1674 Bur-

565 1713 795 1783 gardum
845 1700 1333 1784 'Vitzobu‘rgcnsem
1384 1713 1730 1783 episcopum,
1765 1721 1821 1768 et
1863 1709 2161 1768 Fulradum

563 1805 739 1875 ipsius
769 1804 985 1876 Pippini
1022 1805 1382 1875 capellanum,
1411 1804 1478 1860 de
1501 1804 1827 1860 incivilitate
1872 1818 2063 1876 regum
2090 1819 2158 1859 ex

564 1897 792 1967 antiqua
813 1895 1257 1968 Merovingorum
1292 1896 1463 1967 stirpe
1493 1894 2038 1964 descendentium,ut
2059 1911 2158 1952 su-

560 1989 747 2059 perius
774 1989 1206 2059 pralibavimus,
1231 1988 1456 2044 mandat
1486 1989 1690 2059 populo
1714 1987 2076 2056 Francorum,
2099 1995 2161 2044 ut

561 2081 849 2153 Pippinus,
875 2081 969 2153 qui
996 2089 1263 2152 potestate
1289 2080 1439 2154 regia
1467 2081 1740 2149 utebatur,
1766 2082 2006 2137 nominis
2020 2095 2160 2152 quo-

561 2190 671 2245 que
694 2174 956 2246 dignitate
994 2173 1287 2230 frueretur.
1346 2173 1506 2247 (Ann.
1534 2173 1725 2246 Futd.)
1768 2173 1847 2230 Ita
1886 2173 2158 2230 Childeri-

561 2281 662 2322 cus
683 2282 778 2322 rex
805 2267 1034 2322 ultimus
1058 2266 1125 2322 de
1157 2267 1274 2337 ipsa
1310 2267 1480 2337 stirpe
1519 2266 1825 2337 depositus,
1869 2275 1923 2322 et
1958 2267 2015 2321 in
2038 2281 2161 2323 mo—

559 2359 863 2415 nasterium
902 2367 1109 2427 trusus,
1146 2368 1202 2414 et
1226 2358 1490 2431 Pippinus
1533 2359 1589 2413 in
1629 2375 1811 2431 regem
1856 2359 2083 2426 electus,
2106 2367 2161 2414 et

561 2461 922 2507 consecratus
989 2459 1075 2507 est
1111 2465 1142 2506 a
1198 2450 1484 2507 Bonifacio
1523 2450 1814 2523 Moguntina
1877 2451 2156 2523 episeopo,

563 2543 882 2600 Suessionis
903 2544 958 2599 in
984 2544 1131 2611 villa,
1158 2560 1190 2599 a
1212 2544 1337 2600 752.
1368 2542 1573 2617 (Gesta.
1611 2561 1664 2614 ρ.
1691 2543 1781 2616 R.)
1815 2542 1920 2599 Sed
1956 2552 2009 2600 et
2035 2543 2159 2599 Ste-

559 2636 800 2706 phanus,
833 2636 927 2707 qui
960 2634 1239 2692 Zacharia
1281 2646 1642 2703 successerat,
1682 2644 1903 2707 prapter
1934 2634 2161 2691 infesta-

559 2728 765 2783 tionem
794 2727 1011 2783 Aistulii
1036 2728 1180 2800 regis
1232 2726 1720 2801 Langobardorum
1750 2729 1816 2784 14
1841 2729 1928 2785 die
1952 2729 2159 2785 mensis

558 2817 815 2876 Octobris
856 2818 1031 2875 Roma
1064 2836 1342 2893 egressus,
1376 2820 1675 2876 indictione
1722 2820 1774 2889 7,
1810 2830 2044 2892 papatus
2074 2821 2160 2877 sui

559 2925 611 2963 a.
634 2910 690 2977 2,
712 2912 782 2966 ab
803 2912 912 2968 inc.
944 2911 1102 2967 Dom.
1144 2913 1266 2968 754.
1294 2914 1363 2969 ad
1381 2913 1637 2984 Pipinum
1658 2914 1873 2969 venitin
1903 2914 2158 2982 Francia,

558 3009 616 3057 et
639 3002 926 3058 constituit
979 3020 1104 3060 eum
1148 3004 1413 3060 Romana
1455 3006 1699 3062 ecclesia
1732 3005 2076 3062 defensorem
2107 3016 2162 3062 et

2273 511 2464 579 alium,
2488 511 2694 567 invadit
2715 511 2951 582 quisque
2973 527 3176 566 nomen
3192 512 3426 584 regium.
3450 512 3555 570 Hac
3571 515 3779 580 crescente

2271 603 2546 660 discordia
2565 603 2736 659 urbes
2770 603 3449 674 depopulantur,ecclesia
3476 606 3778 681 incenduntur,

2270 695 2578 751 ministeria
2604 695 2791 772 divina
2838 696 3225 765 detrahuntur,
3265 700 3585 756 monasteria
3601 703 3779 762 virumn

2269 788 2622 859 dejiciuntur,
2636 789 2942 858 puellarum
2972 790 3327 857 deluduntur,
3349 799 3405 845 et
3423 802 3604 847 cuncta
3623 804 3782 853 vastan-

2270 886 2360 933 tur
2384 897 2397 946 ;
2433 878 2644 950 fuitque
2664 895 2731 935 eo
2766 888 3009 951 tempore
3034 898 3141 936 non
3169 882 3351 937 minor
3394 883 3447 937 in
3474 885 3696 942 acclesiis
3718 906 3781 959 ge-

2269 972 2458 1040 mitus,
2488 989 2653 1043 quam
2684 971 2967 1030 Decianeis
3010 973 3473 1046 Diocletianisque
3503 981 3780 1048 temporibus.

2269 1063 2463 1137 [Βειιτ.
2490 1064 2582 1137 12]
2606 1064 2728 1132 Quo
2743 1065 2959 1121 turbine
2981 1064 3350 1122 Virdunensis
3379 1067 3565 1124 civitas
3583 1072 3783 1142 exagitata

2266 1156 2524 1214 defuncto
2584 1157 2826 1230 Agroino
2877 1159 3137 1231 episcopo
3173 1158 3367 1215 diebus
3416 1161 3593 1217 multis
3641 1165 3785 1219 mansit

2265 1265 2460 1318 vacua,
2498 1258 2723 1321 pastore
2744 1251 2990 1307 viduata.

2336 1339 2433 1397 His
2463 1342 2658 1398 diebus
2689 1343 2994 1399 ablactatus
3028 1342 3209 1401 almus
3238 1361 3374 1415 puer
3403 1345 3702 1415 Madelvens,
3729 1364 3786 1403 re-

2265 1433 2473 1505 ligiosis
2502 1434 2635 1491 viris
2657 1436 2891 1492 traditus
2925 1445 3009 1492 est
3028 1436 3225 1492 litteris
3249 1437 3592 1505 imbuendus,
3613 1454 3785 1509 quarum

2265 1526 2550 1582 elementis
2570 1527 2720 1582 brevi
2752 1528 2896 1584 datis
2932 1529 3237 1595 memoria,
3271 1529 3421 1584 dedit
3449 1545 3654 1600 operam
3673 1531 3787 1585 intel-

2264 1617 2433 1689 ligere
2471 1628 2740 1690 pracepta
2782 1621 2918 1676 artis
2976 1620 3366 1691 grammaticae,
3425 1636 3524 1692 per
3562 1637 3669 1692 qua
3701 1639 3788 1677 vexa

2264 1721 2606 1782 agnosceret,
2627 1711 2768 1768 vicia
2820 1712 3002 1783 quiret
3056 1712 3252 1768 vitare.
3293 1713 3427 1769 Post
3473 1714 3587 1769 hac
3614 1715 3792 1770 tribunal
3836 1712 3842 1727 ⁴

2263 1804 2509 1859 ascendit
2539 1804 2844 1861 rethorica.
2882 1804 2987 1862 Sed
3010 1806 3142 1877 quia
3173 1807 3362 1861 rethor
3381 1816 3467 1862 est
3499 1808 3701 1864 traditur
3715 1809 3791 1861 clo-

2259 1896 2521 1966 quentia,
2569 1898 2883 1968 eloquentia
2926 1913 3059 1953 vero
3129 1898 3251 1954 sine
3300 1900 3569 1970 sapientia
3622 1901 3793 1955 nimium

2260 1987 2417 2051 obest
2436 1989 2780 2061 plerumque,
2827 1990 3051 2061 prodest
3088 2006 3413 2061 numquam,
3444 1992 3644 2048 omissa
3680 2008 3792 2047 exer-

2261 2077 2522 2135 citatione
2542 2080 2781 2150 dicendi,
2812 2081 2868 2136 in
2897 2081 3225 2138 rectissimis
3250 2091 3418 2154 atque
3454 2083 3797 2139 honestissimis

2262 2172 2458 2228 studiis
2484 2172 2715 2229 rationis
2747 2188 2967 2229 omnem
3009 2190 3168 2230 suam
3222 2176 3570 2247 consumpsit
3612 2192 3794 2247 operam,

2263 2264 2505 2320 studium
2540 2274 2703 2321 recta
2740 2266 2968 2322 rationis
2999 2267 3068 2322 ad
3102 2267 3309 2335 divina,
3356 2268 3600 2323 studium
3639 2269 3797 2324 honesti

2262 2354 2424 2411 cilicii
2454 2355 2699 2414 referens
2727 2359 2794 2415 ad
2823 2360 3087 2415 humana.
3113 2351 3255 2416 Hinc
3296 2376 3385 2417 res
3406 2377 3619 2429 omnes,
3645 2378 3742 2432 qua
3761 2361 3796 2415 in

2261 2447 2422 2505 dictis
2452 2458 2508 2505 et
2536 2449 2697 2507 factis
2720 2452 2853 2506 etin
2882 2460 3000 2508 toto
3021 2454 3227 2509 mundo
3247 2464 3510 2526 aguntur,
3534 2456 3701 2511 decem
3717 2470 3800 2510 esse

2262 2542 2589 2614 intelligens,
2614 2560 2738 2616 qua
2773 2546 3196 2616 pradicamenta
3237 2548 3523 2616 dicuntur,
3568 2564 3799 2621 argumen-

2264 2643 2444 2690 torum
2474 2634 2632 2693 fucos
2659 2647 2716 2692 et
2757 2638 3186 2711 sillogismorum
3245 2641 3626 2711 perplexiones
3666 2640 3800 2712 sagaci

2263 2729 2449 2785 animo
2478 2729 2768 2798 discrevit,
2805 2740 2861 2786 et
2885 2732 2942 2786 in
2967 2733 3048 2788 eis
3079 2733 3251 2787 aciem
3296 2734 3384 2789 sui
3441 2734 3635 2790 docilis
3658 2747 3800 2788 sensus

2263 2819 2332 2894 ad
2368 2835 2607 2891 unguem
2653 2822 2891 2877 exacuit.
2920 2820 3094 2877 Intrat
3116 2838 3180 2877 ex
3211 2824 3317 2879 hoc
3338 2825 3713 2894 quadruvium,
3739 2821 3803 2875 ubi

2263 2893 2435 2966 cubos
2503 2898 2884 2979 arithmetica,
2940 2928 3109 2968 sonos
3136 2893 3381 2980 musica,
3416 2916 3615 2971 modos
3637 2928 3803 2987 geome-

2263 3004 2402 3071 tria,
2420 3003 2605 3059 radios
2626 3004 2982 3060 astronomia
3002 3005 3302 3076 perspicaci
3320 3009 3633 3078 percipiens
3652 3014 3804 3068 mente,

557 3093 882 3165 principem,
904 3105 959 3152 et
985 3098 1332 3153 conﬁrmavit
1371 3098 1631 3154 unctione
1653 3114 1753 3155 sua
1782 3099 1838 3153 in
1861 3114 2041 3172 regem
2059 3142 2074 3168 ,
2102 3109 2156 3157 et
2182 3122 2224 3181 ρ
2263 3095 2332 3151 ad
2358 3095 2752 3167 perfectionem
2781 3096 3017 3167 duplicis
3043 3097 3234 3166 thesis,
3260 3099 3313 3154 id
3341 3108 3428 3155 est
3467 3100 3711 3155 theorica
3727 3112 3807 3168 per-

557 3186 718 3241 unxit
741 3187 882 3244 duos
943 3189 1086 3246 ﬁlios
1129 3190 1251 3262 ejus
1290 3190 1722 3246 Carlomannum
1775 3199 1830 3248 et
1870 3191 2150 3248 Carolum.

558 3279 720 3351 (Ann.
749 3279 940 3353 Fuld.)
967 3273 1184 3339 Extunc
1205 3283 1386 3338 ablata
1421 3291 1506 3339 est
1532 3283 1704 3339 Roma
1727 3300 1757 3338 a
1816 3285 2156 3356 subjectione

555 3371 773 3443 imperii
801 3371 1137 3430 Gracorum.
1194 3364 1355 3431 Anno
1404 3376 1476 3407 ⁸⁸⁸
1530 3375 1634 3432 755
1672 3385 1795 3448 post
1839 3376 2154 3450 Gayronum

558 3465 883 3535 episcopum
904 3465 1337 3524 Flaviniacensis
1360 3469 1623 3525 acclesia
1654 3470 1910 3525 abbatem
1944 3469 2156 3528 Manas-

555 3573 646 3613 ses
674 3559 960 3613 ordinatur
989 3560 1158 3616 abbas
1181 3555 1424 3631 tempore
1451 3560 1668 3633 Pippini
1700 3564 1979 3633 quondam
2032 3580 2152 3619 ma-

550 3649 693 3721 joris
714 3650 933 3719 domus,
958 3658 1090 3708 tunc
1116 3662 1300 3708 autem
1328 3654 1474 3726 regis
1504 3644 1885 3712 Francorum;

622 3739 785 3798 Anno
814 3743 982 3815 igitur
1012 3745 1081 3800 ab
1104 3745 1480 3803 incarnatione
1522 3748 1807 3804 humanati
1828 3748 1994 3805 Verbi
2025 3749 2148 3817 755,

554 3836 788 3908 suscipit
814 3839 1167 3908 prasulatum
1224 3839 1585 3898 Virdunensis
1626 3843 1871 3899 ecclesia
1914 3843 2151 3900 domnus

554 3924 891 3984 Maldeveus.
926 3927 1105 3985 Hicin
1138 3931 1330 3986 eadem
1374 3931 1508 3988 urbe
1531 3932 1851 3989 christianis
1874 3942 1928 3988 et
1947 3933 2152 3991 inclitis

553 4020 876 4089 parentibus
905 4029 990 4077 est
1012 4022 1212 4078 editus.
1254 4021 1361 4090 Qui
1388 4025 1574 4079 statim
1598 4033 1821 4081 renatus
1844 4042 1909 4081 ex
1933 4042 2074 4098 aqua
2097 4036 2152 4082 et

555 4111 752 4181 spiritu
781 4113 835 4167 in
861 4123 1066 4185 septem
1091 4115 1438 4186 baptismatis
1467 4117 1745 4188 gradibus,
1766 4127 1970 4188 septem
2000 4136 2152 4175 com-

552 4203 842 4274 prehendit
887 4206 1031 4263 dona
1080 4208 1331 4281 paracliti
1376 4207 1634 4280 Spiritus.
1677 4210 1901 4282 Accepit
1953 4212 2150 4268 deinde

552 4311 749 4355 carnes
777 4300 902 4371 agni
964 4301 1298 4358 immaculati
1343 4319 1469 4359 cum
1505 4305 1793 4376 sanguine,
1826 4305 2149 4362 candidatus

551 4389 883 4462 virginitatis
904 4402 1074 4461 veste,
1098 4395 1391 4451 decoratus
1418 4396 1847 4451 immortalitatis
1875 4398 2144 4467 lampade.

2257 3190 2407 3244 venit
2430 3198 2482 3244 et
2506 3189 2778 3260 practica.

2328 3278 2641 3336 Puerilibus
2664 3280 2830 3352 igitur
2854 3282 3038 3350 annis,
3065 3291 3125 3337 ut
3152 3282 3469 3354 patriarcha
3513 3283 3692 3347 Jacoh,
3711 3282 3808 3337 sior

2256 3372 2472 3442 pliciter
2495 3373 2643 3428 domi
2670 3375 2966 3430 transactis
2984 3417 2999 3443 ,
3032 3376 3285 3446 pulsabat
3310 3377 3688 3434 adolescentia
3707 3375 3808 3429 fores

2254 3464 2635 3535 proﬁciens,et
2657 3466 2878 3536 placens
2900 3479 3011 3521 tam
3036 3467 3146 3523 Deo
3167 3484 3333 3539 quam
3357 3470 3694 3525 hominibus.
3709 3465 3809 3520 Sane

2255 3567 2377 3628 post
2404 3558 2566 3615 flores
2587 3560 2895 3615 rethoricos
2929 3576 2996 3615 ac
3032 3577 3251 3632 angues
3277 3562 3682 3634 sillogismicos,
3712 3557 3807 3615 scri-

2254 3660 2431 3721 ptura
2460 3652 2660 3708 divina
2712 3652 3022 3725 ingreditur
3080 3671 3326 3725 campos,
3374 3657 3472 3711 ubi
3515 3656 3730 3713 audiens
3765 3651 3810 3704 ab

2252 3742 2517 3814 Apostolo
2551 3763 2564 3799 :
2600 3744 2784 3800 Omnis
2804 3747 2897 3816 qui
2920 3756 3063 3801 caste
3083 3748 3228 3814 vivit,
3245 3747 3504 3819 (emplum
3527 3758 3605 3803 est
3627 3745 3808 3817 Spiritus

2252 3837 2429 3889 sancti
2450 3835 2503 3907 (1
2538 3835 2661 3892 Cor.
2695 3854 2771 3905 vr,
2803 3838 2924 3909 l9);
2961 3838 3078 3909 (fol.
3117 3839 3209 3910 55)
3236 3838 3368 3894 item
3405 3840 3465 3894 in
3490 3837 3810 3911 Apocalipsi:

2255 3925 2359 3993 Qui
2394 3945 2512 3982 cum
2545 3928 2857 3984 mulieribus
2888 3947 2993 3984 non
3015 3941 3139 3985 sunt
3166 3932 3526 4003 coinquinati,
3545 3933 3623 3986 hii
3642 3944 3798 4000 seque!

2253 4028 2342 4073 tur
2359 4036 2556 4091 agnum
2616 4037 2926 4093 quocunque
2973 4023 3098 4076 ierit
3154 4022 3343 4095 (Apoc.
3389 4040 3511 4091 ειν,
3541 4024 3621 4094 4),
3671 4018 3812 4077 statim

2251 4116 2553 4188 primevam
2580 4134 2739 4174 suam
2760 4119 3021 4174 etatulam
3049 4118 3272 4175 Christo
3294 4118 3540 4175 Domino
3567 4128 3811 4175 consecra-

2251 4208 2365 4277 vit;
2392 4209 2469 4263 illi
2506 4218 2620 4264 toto
2644 4210 2832 4265 animo
2876 4210 3091 4281 placere
3123 4226 3189 4266 ac
3222 4211 3433 4266 servire
3456 4211 3722 4282 gestiens,
3747 4201 3813 4274 qui

2250 4311 2334 4357 est
2366 4318 2494 4372 pars
2522 4311 2578 4357 et
2637 4302 2912 4358 hereditas
2962 4302 3103 4374 ejus,
3140 4296 3509 4374 cogitansque
3548 4303 3665 4357 vias
3699 4312 3810 4357 sua.

2251 4394 2520 4450 convertit
2558 4394 2723 4464 pedes
2766 4409 2897 4449 suos
2935 4394 2991 4448 in
3032 4394 3345 4450 testimonia
3391 4393 3531 4451 Jesu
3555 4437 3571 4463 ,
3624 4403 3815 4464 quereis”

552 4480 694 4553 (Fol.
719 4484 852 4554 52'.)
877 4484 1116 4541 Ardebat
1137 4501 1201 4540 ea
1230 4496 1551 4556 tempestate
1570 4489 1752 4543 omnis
1770 4487 1985 4560 Belgica
2009 4491 2148 4545 coti-
2179 4471 2224 4526 Ῑ)
2248 4485 2431 4541 videre
2487 4485 2632 4540 bona
2691 4484 2911 4540 Domini
2962 4485 3021 4540 in
3049 4495 3193 4541 terra
3242 4487 3577 4541 viventium.
3618 4484 3813 4552 Adeplus

550 4574 992 4632 dianabellorum
1023 4579 1305 4633 instantia.
1331 4578 1511 4652 [Erum
1559 4579 1932 4654 VitaK.]Nam
1948 4583 2145 4654 regalis

550 4667 947 4741 dignitas,qua
973 4688 1004 4725 a
1020 4669 1272 4726 Meroveo
1296 4687 1423 4744 rege
1444 4674 1940 4743 sumpseratinitia,
1956 4675 2008 4729 in
2032 4674 2148 4730 Hi1-

550 4758 799 4815 dericum
822 4776 1004 4833 regem
1032 4762 1126 4833 qui
1150 4763 1313 4832 jussu
1360 4762 1622 4835 Stephani
1668 4765 1901 4823 Romani
1924 4767 2145 4838 pontifi-

550 4850 633 4907 cis
652 4852 915 4909 detonsus
935 4862 991 4910 et
1025 4855 1081 4909 in
1113 4857 1511 4912 monasterium
1534 4866 1722 4915 trusus
1739 4869 1845 4929 est,
1870 4870 2143 4930 porrecta,

551 4944 645 4999 illo
667 4943 721 4998 in
744 4950 986 5017 tempore
1016 4948 1221 5004 nullius
1242 4949 1445 5022 vigoris
1465 4961 1603 5019 erat,
1628 4968 1729 5008 nec
1761 4953 2055 5025 quicquam
2087 4955 2143 5010 in

552 5052 612 5092 se
639 5046 836 5107 prater
865 5038 1026 5095 inane
1060 5042 1204 5114 regis
1250 5044 1579 5099 vocabulum
1622 5044 1961 5116 praferebat.
1997 5045 2143 5117 Opes

551 5129 754 5199 quippe
796 5138 853 5186 et
888 5132 1165 5188 redituum
1206 5132 1505 5203 allluentia,
1554 5136 1707 5209 regni
1738 5138 2143 5195 administratio
2193 5199 2197 5203 ,

549 5235 652 5279 scit
674 5222 880 5291 omnia,
907 5240 1032 5295 qua
1052 5225 1136 5280 vel
1159 5226 1308 5282 domi
1346 5230 1432 5285 vel
1462 5227 1599 5287 foris
1627 5230 1837 5301 agenda
1866 5246 1931 5287 ac
1955 5231 2146 5301 dispo—
2178 5260 2183 5265 -

548 5314 731 5370 nenda
764 5325 962 5388 erant,
992 5332 1160 5389 penes
1194 5316 1480 5389 prafectos
1522 5322 1733 5393 palatii,
1777 5323 1872 5394 qui
1908 5324 2146 5395 majores

550 5407 749 5466 domus
773 5408 1117 5479 dicebantur,
1140 5412 1454 5469 manebant.
1496 5412 1616 5482 Qua
1660 5414 2044 5486 prafectorum
2073 5416 2146 5471 li-

551 5501 732 5557 centia
760 5502 934 5559 crevit
971 5519 1188 5560 morum
1233 5505 1544 5573 insolentia,
1601 5508 1837 5565 adolevit
1884 5509 2142 5565 domino—

549 5604 677 5647 rum
711 5591 950 5649 crudelis
967 5595 1231 5667 potentia,
1266 5610 1367 5652 nec
1408 5595 1583 5653 defuit
1621 5597 1846 5667 invidia,
1871 5615 1995 5670 qua
2014 5615 2142 5669 pes-

2250 4579 2468 4633 tandem
2503 4578 2796 4633 clericatus
2827 4579 3116 4646 honorem,
3153 4579 3363 4649 accepit
3387 4595 3420 4634 a
3455 4580 3702 4634 Domino
3752 4575 3818 4628 be-

2248 4674 2636 4738 nedictionem,
2681 4680 2737 4727 et
2779 4671 3214 4726 misericordiam
3276 4687 3308 4727 a
3359 4671 3477 4726 Deo
3533 4674 3812 4729 salutarem.

2248 4763 2540 4820 Cotidiano
2577 4763 2850 4834 siquidem
2879 4772 3143 4834 provectu
3177 4764 3293 4819 ibat
3321 4764 3389 4819 de
3415 4765 3637 4821 virtute
3658 4764 3711 4818 in
3734 4761 3817 4813 rit-

2251 4867 2442 4925 tutem,
2476 4857 2644 4912 latam
2678 4865 2732 4912 et
2757 4856 3057 4926 spatiosam
3077 4855 3226 4911 viam
3260 4871 3386 4927 qua
3412 4856 3582 4913 ducit
3611 4855 3680 4911 ad
3706 4866 3818 4907 mor-

2250 4958 2362 5005 tem
2397 4950 2651 5016 horrens,
2674 4957 2851 5003 artam
2876 4957 2932 5003 et
2954 4956 3245 5019 angustam
3297 4963 3409 5019 qua
3463 4949 3590 5003 itur
3615 4946 3684 5003 ad
3707 4953 3841 5019 asin‘

2243 5059 2504 5115 sequens,
2536 5041 2760 5097 conﬁxit
2786 5041 2985 5096 timore
3039 5040 3136 5096 Dei
3168 5056 3366 5097 carnes
3427 5057 3598 5108 suas,
3626 5034 3841 5107 mortiﬁq

2244 5152 2380 5192 cans
2403 5135 2649 5192 membra
2715 5149 2818 5189 sua
2867 5149 2994 5188 eum
3048 5132 3208 5189 viriis
3262 5142 3317 5189 et
3353 5129 3841 5209 concupiscentiis“

2246 5228 2443 5300 spiritu
2489 5226 2802 5293 ambulans,
2830 5225 3101 5281 desideria
3125 5224 3311 5281 carnis
3360 5241 3478 5282 non
3539 5216 3841 5298 ρει-σάθης(

2247 5319 2641 5376 misericordia
2683 5318 2941 5389 operibus
2970 5318 3217 5385 studens,
3251 5318 3455 5389 vigiliis
3517 5329 3581 5376 et
3633 5314 3823 5393 jejuniis

2250 5428 2453 5484 corpus
2489 5412 2754 5483 affligens,
2784 5411 3018 5467 orationi
3046 5410 3334 5478 insistens,
3368 5411 3726 5469 meditationi
3758 5409 3841 5495 iam

2250 5506 2517 5573 serviens,
2542 5520 2705 5561 aures
2728 5503 2800 5560 ab
2839 5503 3119 5559 auditione
3144 5503 3289 5560 mala
3324 5519 3631 5575 coercens,
3670 5500 3841 5591 oculati

2250 5616 2283 5656 a
2311 5599 2552 5655 vanitate
2579 5605 2855 5671 avertens,
2905 5597 3042 5653 odor
3083 5597 3264 5654 bonus
3312 5595 3424 5654 Deo
3457 5597 3525 5654 in
3559 5597 3715 5655 omni
3732 5595 3841 5648 loca

1864 5686 2097 5743 VARUE
2140 5686 2543 5751 LECTIONES.

622 5776 696 5810 ³¹⁹
721 5777 777 5832 in
805 5776 1064 5852 margine,
1576 5774 1583 5789 ⁴
1688 5781 1727 5807 ⁸

2150 5844 2163 5852 ⁵
2179 5837 2278 5875 ’μετ’
2322 5852 2332 5870 ι

2193 5880 2304 5908 5.;4.‘
