3932 6298
113 326 186 381 ill
1286 312 1702 371 CHRONICON.

110 454 203 495 esse
218 444 462 506 satagens,
485 444 547 486 es
568 442 731 485 suum
759 442 789 483 a
818 426 1165 498 multiloquio
1188 427 1273 484 vel
1301 429 1619 500 vaniloquio
1649 431 1701 490 Α

108 525 382 589 utstodiens,
401 535 589 577 manus
621 518 692 575 ab
717 518 869 574 omni
889 533 1118 574 munere
1140 519 1422 574 excutiens
1438 562 1453 587 ,
1482 534 1621 575 con-

108 621 250 677 silium
267 627 493 687 opusque
515 626 676 668 suum
711 610 780 666 ad
808 609 983 666 Deum
1031 626 1248 682 semper
1269 621 1627 681 convertens,

107 714 148 766 in
169 708 295 767 omni
347 714 468 761 actu
516 718 617 761 suo
677 702 798 770 Dei,
859 717 973 758 non
1024 716 1183 759 suam
1227 704 1456 775 gloriam
1478 721 1619 776 que-

107 820 219 859 ιειιε.

188 891 382 947 Vivebat
403 889 591 946 studiis
620 889 934 947 adolescens
953 889 1138 961 justus
1163 891 1216 945 in
1243 891 1384 959 istis,

181 983 442 1040 Ordinibus
473 984 644 1039 sacris
664 983 1001 1054 respondens
1028 984 1274 1040 moribus
1298 983 1456 1054 aptis.

153 1074 259 1130 Post
289 1075 379 1129 hec
405 1074 471 1129 ad
510 1074 716 1145 majora
741 1075 1135 1142 conscendens,
1184 1075 1492 1146 presbiterii
1522 1076 1623 1130 ho—

103 1168 452 1224 noremelectns
475 1168 703 1239 accepit,
748 1167 1080 1239 justiﬁcatus
1108 1168 1360 1239 optinuit.
1407 1169 1622 1224 Consti-

104 1259 235 1315 tuitur
258 1259 426 1330 itaque
455 1259 701 1315 unanimi
742 1275 995 1327 assensu,
1040 1261 1304 1315 electione
1348 1260 1619 1328 omnium,

102 1359 239 1405 rector
263 1358 313 1405 et
340 1350 471 1405 abba
500 1350 746 1406 ecclesiae
775 1349 950 1406 sancti
982 1347 1184 1416 Vitoni,
1220 1365 1385 1420 quam
1415 1357 1471 1404 et
1500 1358 1621 1405 stu—

101 1441 168 1495 dio
186 1442 451 1512 spiritualis
473 1441 720 1498 exercitii
748 1449 804 1498 et
828 1442 993 1498 rebus
1012 1442 1405 1513 temporalibus
1427 1441 1620 1497 melio-

100 1543 250 1600 ratam,
298 1533 534 1604 exemplo
580 1541 636 1588 et
690 1533 938 1590 doctrina
987 1534 1058 1589 ad
1105 1533 1277 1589 divini
1324 1531 1621 1588 famulatus

99 1641 289 1682 amorem
315 1628 576 1683 accendit.
612 1626 738 1682 Fuit
759 1628 914 1683 enim
950 1627 1259 1682 humilitate
1287 1625 1617 1697 praecipuus,-

97 1718 274 1773 caritate
319 1717 575 1784 diﬁusus,
630 1717 918 1788 prudentia
975 1716 1264 1784 mirabilis,
1326 1716 1620 1772 sobrietate

99 1807 345 1877 laudabilis,
366 1809 581 1879 justitia
607 1809 858 1881 insignis,
903 1807 1225 1865 fortitudine
1263 1809 1616 1880 spectabilis;

97 1908 136 1953 et
170 1900 274 1955 licet
307 1909 526 1957 cunctos
571 1900 834 1973 dignitate
885 1900 1235 1971 praecelleret,
1276 1909 1394 1957 erat
1436 1909 1620 1957 tamen

96 1990 343 2047 obedientia
396 1992 612 2049 cunctis
663 1992 946 2060 subditus,
1013 1992 1277 2063 patientia
1332 1992 1618 2063 probatus,

95 2077 227 2135 forma
264 2080 425 2138 factus
476 2082 630 2154 gregi
673 2096 742 2138 ex
782 2082 998 2148 animo,
1050 2090 1111 2137 ut
1152 2082 1209 2137 in
1255 2098 1323 2138 eo
1371 2084 1622 2140 subditus

94 2172 274 2242 quisque
314 2182 649 2245 agnosceret,
702 2189 874 2245 quam
938 2174 1042 2229 sibi
1098 2174 1316 2229 vivendi
1370 2183 1621 2230 normam

94 2276 354 2322 assumeret.
401 2266 527 2323 Haec
574 2267 643 2323 de
683 2282 751 2323 eo
805 2266 953 2323 fama
1004 2268 1209 2339 ubique
1257 2267 1483 2335 ferebat,
1532 2268 1625 2325 hic

94 2370 236 2413 rumor
271 2360 504 2416 omnium
556 2360 616 2415 in
668 2376 768 2416 ore
798 2361 1096 2426 continuus
1146 2368 1303 2428 erat;
1360 2360 1622 2418 Madelvei

94 2451 222 2517 pietas
255 2453 469 2525 ejusque
500 2453 753 2525 probitas
795 2454 1066 2511 lustrabat
1103 2456 1330 2524 patrias,
1383 2454 1626 2524 replebat

93 2540 264 2609 plateas,
286 2544 403 2600 edes
427 2545 684 2615 pulsabat
704 2545 994 2616 palatinas.
1043 2544 1140 2601 llis
1162 2545 1622 2616 praecurrentibus

92 2638 246 2694 muniis
265 2648 581 2697 cunctorum
606 2641 751 2697 votis
779 2641 837 2695 in
876 2640 1198 2711 pontiﬁcatu
1239 2639 1459 2711 eligitur
1500 2638 1624 2694 Vir-

92 2728 297 2787 dunensis
322 2734 489 2789 urbis.
520 2733 681 2801 Quod
712 2733 842 2788 licet
889 2733 1087 2788 timore
1122 2730 1218 2787 Dei
1250 2731 1445 2801 plenus
1470 2731 1619 2786 omni

90 2820 317 2877 tonanlme
341 2824 611 2894 rejecerit,
639 2833 863 2894 totoque
882 2822 1081 2878 adnisu
1108 2820 1621 2886 recusaverit,mul—

90 2917 225 2965 torum
249 2922 412 2970 tamen
444 2915 721 2971 sententia
750 2913 849 2969 Dei
897 2915 1070 2986 gratia
1098 2912 1437 2983 prwcedcnte
1482 2927 1621 2983 pra:-

90 3002 230 3072 raluit,
250 3022 310 3061 ac
329 3024 428 3062 una
450 3008 589 3064 cieri
605 3008 902 3079 populique
922 3006 1216 3062 concordia
1234 3006 1618 3077 episcoporum

87 3091 242 3159 judicio
270 3098 453 3171 dignus
500 3100 559 3155 in
615 3100 914 3156 cbatbedra
958 3098 1254 3170 pontiﬁcali
1311 3099 1616 3165 exaltatur,

87 3180 396 3243 benedictione
420 3192 696 3258 ﬁrmatur,
724 3190 983 3247 unctione
1006 3200 1274 3247 sacratur.
1292 3188 1473 3262 (Gesta
1496 3206 1612 3260 app.

88 3271 220 3347 Heu.)
250 3278 473 3352 Regebat
520 3291 656 3338 tunc
686 3281 991 3340 Romanam
1031 3284 1333 3340 aceclesiam
1382 3283 1616 3354 Stepha-

87 3380 164 3422 nus
201 3375 467 3441 secundus,
496 3374 730 3432 Francis
757 3391 887 3432 vero
921 3377 1330 3449 principabatur
1353 3377 1616 3450 Pippinus

82 3456 219 3516 Caroli
243 3463 440 3522 Tuditis
478 3468 654 3535 filius,
696 3483 764 3523 ex
795 3469 1004 3540 majore
1031 3470 1228 3527 domus
1269 3479 1324 3526 et
1358 3469 1616 3541 praefecto

84 3548 223 3613 palatii
260 3570 346 3609 rex
384 3558 750 3626 constitutus,
790 3574 821 3614 a
854 3575 966 3630 quo
994 3558 1422 3632 Cbrodegandns
1451 3561 1612 3628 abba,

81 3637 143 3690 “ir
182 3647 404 3717 egregius
449 3659 505 3705 et
554 3651 815 3707 omnibus
863 3650 1172 3708 eﬂerendus
1197 3653 1507 3723 praeconiis,
1557 3654 1612 3709 in

82 3730 235 3795 palatio
261 3738 459 3805 praefati
494 3741 685 3796 Caroli
716 3743 983 3809 nutritus,
1025 3743 1253 3815 ejusque
1297 3744 1612 3801 referenda-

79 3819 181 3890 τίιιεν
220 3828 280 3883 ab
306 3830 420 3901 ipso
455 3842 511 3888 et
550 3832 781 3890 Francis
824 3836 1082 3892 omnibus
1134 3838 1340 3893 electus
1379 3836 1611 3893 Romam

81 3912 235 4001 Ψίεδιιε
274 3930 369 3989 est,
415 3932 477 3979 ut
520 3925 872 3996 prmlibatum
908 3925 1246 3998 Stephanum
1297 3946 1494 4001 papam
1543 3931 1612 3987 ad

78 4000 250 4073 Gallias,
305 4024 363 4069 ut
410 4026 744 4073 cunctorum
792 4028 920 4075 vota
972 4021 1323 4091 anhelabant,
1359 4000 1612 4080 evocaret

79 4090 165 4185 (fol.
197 4101 326 4173 55');
361 4109 509 4177 quod
534 4117 595 4164 et
623 4108 751 4165 fecit
778 4129 791 4164 :
825 4127 856 4167 a
884 4127 995 4183 quo
1016 4114 1261 4168 etiamin
1297 4116 1609 4185 pontiﬁcem

77 4182 298 4251 Hettensis
324 4201 614 4267 ecclesiae,
653 4212 868 4259 astante
897 4220 1023 4277 rege
1062 4214 1118 4261 et
1158 4182 1382 4277 populo,
1416 4222 1610 4265 conse-

77 4291 232 4372 tj'atus,
252 4291 466 4357 pallium
483 4295 795 4365 promeruit
806 4311 933 4351 cum
948 4298 1170 4353 nomine
1186 4300 1604 4372 archiepiscopi.

73 4366 189 4464 Quod
206 4381 354 4437 etiam
377 4386 713 4455 quibusdam
751 4386 1031 4446 Mettensis
1059 4392 1317 4448 aeeclesiae
1356 4366 1607 4464 praesuli-

73 4461 148 4519 bus
166 4471 427 4543 aliquoties
456 4494 787 4535 concessum
833 4480 1005 4538 fuisse
1040 4482 1258 4556 legitur,
1290 4461 1390 4556 pro
1420 4486 1605 4541 multi-
1636 4490 1680 4545 D

72 4561 189 4648 lnoda
212 4571 501 4627 vastatione
546 4570 887 4629 Trevirensis
929 4576 1121 4632 matris
1162 4577 1440 4644 ecclesiae,
1486 4594 1609 4648 quae

70 4645 162 4707 licet
197 4661 473 4727 primatum
516 4666 781 4736 petitione
834 4662 1053 4723 Helenae
1103 4670 1305 4741 reginae
1357 4686 1388 4724 a
1436 4645 1609 4725 beatae

70 4752 292 4809 memoria:
326 4772 465 4827 papa
531 4756 797 4815 Silvestro
838 4774 935 4830 per
977 4774 1177 4830 corpus
1214 4760 1430 4817 Mathiie
1476 4778 1609 4833 apo—

71 4840 332 4915 stolietpcr
358 4850 619 4905 baculum
665 4851 811 4905 beati
840 4851 985 4906 Petri
1031 4853 1319 4922 acceperit,
1366 4855 1510 4924 quod
1554 4863 1609 4909 et

71 4925 116 4978 ab
152 4933 350 5005 antiquo
405 4939 744 5009 possidebat,
797 4940 926 5010 quia
981 4941 1073 4995 ubi
1130 4951 1254 4996 ante
1308 4942 1596 4998 adventum

71 5013 234 5079 Domini
282 5029 335 5083 in
401 5032 588 5102 capite
648 5031 1053 5102 provinciarum
1124 5034 1382 5103 primates
1444 5045 1602 5092 erant

73 5106 200 5179 ίθὲπω
220 5122 565 5189 secularium,
593 5123 662 5178 ad
683 5139 824 5195 quos
850 5123 1235 5196 confugiebant
1256 5141 1355 5196 pro
1374 5141 1600 5197 oppres-

73 5198 260 5265 sionibus
288 5214 369 5268 vel
404 5215 696 5285 injustitiis
741 5216 835 5286 qui
872 5216 939 5271 ad
975 5217 1155 5271 aulam
1205 5217 1595 5287 imperatorum

74 5292 298 5368 tonfugere
329 5318 440 5359 non
476 5315 730 5375 poterant
753 5307 837 5362 vel
884 5307 1084 5378 quibus
1114 5309 1442 5378 permissum
1483 5328 1593 5367 non

74 5392 162 5449 Erat,
186 5389 305 5458 ipsis
338 5396 393 5449 in
420 5396 562 5452 locis
590 5399 820 5468 apostoli
843 5408 897 5454 et
920 5400 1110 5455 beatus
1134 5416 1271 5471 papa
1316 5400 1588 5469 Clemens,

76 5480 103 5523 ιι
140 5479 281 5538 refert
326 5486 525 5543 beatus
587 5506 874 5547 successor
920 5491 1040 5562 ejus
1090 5508 1227 5563 papa
1275 5493 1589 5561 Anacletus,

75 5568 342 5634 mtimebas
360 5581 447 5635 vel
472 5580 755 5651 primates,
791 5584 885 5655 qui
913 5600 1077 5639 unam
1122 5583 1355 5640 formam
1403 5594 1590 5643 tenent

1653 1777 1696 1832 Β

1646 3143 1687 3201 C

2154 303 2335 367 ἦρε

1742 314 1967 371 —-—L-lB.
1998 314 2038 371 1.
2154 313 2190 347 ’κ
2242 342 2249 349 ι
2297 314 2335 367 ‘i
3224 313 3329 371 ibi

1724 427 1851 484 licet
1877 429 2095 484 diversa
2137 425 2250 482 sint
2291 426 2536 496 nomina,
2565 428 2701 501 legis
2731 430 2931 489 divinae
2955 434 3086 505 poni
3110 443 3165 491 et
3193 452 3318 494 esse

1718 518 2043 590 jusserunt;
2081 527 2264 573 tamen
2291 519 2366 574 ita
2400 521 2679 578 multoties
2715 525 2952 593 peccatis
2975 527 3318 599 exigentibus

1723 611 1908 666 attrita
1965 610 2087 678 fuit,
2146 619 2207 666 ut
2253 627 2320 667 ea
2374 621 2600 669 vacante
2649 612 2994 673 Mettensium
3054 621 3318 690 praesules

1724 703 2131 774 metropolitani
2180 702 2536 776 fungerentur
2576 705 2753 762 cilicio
2780 716 2835 763 et
2863 710 3145 783 dignitate.
3180 712 3316 768 Tul-

1618 819 1623 825 ο
1723 792 1965 849 lensibus
1983 809 2200 865 quoque
2221 804 2451 864 praeerat
2466 795 2618 853 Godo
2638 801 2981 857 venerandus
3001 804 3319 874 episcopus,

1723 884 1818 955 qui
1858 885 2259 941 immunitatem
2290 886 2525 943 civitatis
2551 896 2605 943 et
2634 893 3103 961 recuperationem
3153 896 3316 952 Char»-

1725 982 1902 1030 tarum
1936 976 2060 1047 igne
2093 987 2543 1048 consumptarum
2593 981 2739 1051 apud
2789 982 3077 1052 praefatum
3126 1003 3311 1060 regem

1720 1065 2013 1139 Pippinum
2044 1084 2160 1125 sua‘
2181 1070 2476 1141 adquisivit
2497 1073 2778 1129 :ecclesize.

1794 1160 1939 1216 Inter
1988 1162 2091 1217 hos
2144 1162 2337 1218 beatus
2392 1161 2700 1220 Madelveus
2749 1166 3014 1223 virtutum
3064 1171 3313 1229 radiabat

1722 1254 1939 1322 decore,
1962 1264 2017 1311 et
2041 1256 2358 1326 dignitatem
2390 1256 2757 1326 pontificalem
2781 1260 3050 1316 bonorum
3078 1278 3308 1333 operum

1722 1348 2026 1405 adornabat
2078 1350 2273 1404 nitore.
2328 1348 2486 1416 Quod
2539 1348 2809 1416 cilicium,
2860 1354 3110 1421 quamvis
3158 1358 3311 1413 rudis

1722 1442 1994 1511 acceperit
2030 1450 2293 1513 tempore,
2329 1450 2492 1513 aptus
2532 1442 2764 1498 accessit
2796 1452 3013 1498 assueta
3050 1446 3312 1504 bonitatis

1722 1534 1987 1589 ubertate.
2017 1533 2257 1591 instabat
2285 1534 2783 1605 praedicationibus,
2822 1535 3074 1590 ﬁrmabat
3101 1538 3310 1607 plebem

1720 1623 2210 1693 benedictionibus,
2241 1626 2505 1682 incitabat
2535 1627 2603 1682 ad
2637 1627 2865 1682 meliora
2895 1628 3069 1684 sacris
3095 1638 3315 1684 exorta-

1722 1715 1984 1773 tionibus.
2011 1716 2167 1785 Quod
2187 1718 2417 1774 docebat
2434 1719 2637 1786 verbis,
2661 1719 3004 1774 monstrabat
3025 1721 3309 1790 exemplis.

1721 1807 1853 1864 Erat
1883 1817 2013 1865 tunc
2053 1809 2247 1867 civitas
2288 1810 2408 1881 ipsa
2447 1810 2810 1866 insectatione
2839 1809 3122 1866 barbarica
3158 1811 3315 1869 bellis

1719 1903 1926 1971 attrita,
1959 1903 2334 1960 obsidionibus
2364 1903 2610 1975 fatigata,
2638 1903 3043 1959 calamitatibus
3084 1904 3311 1973 repleta.

1722 1995 1944 2066 Templa
1978 1995 2073 2051 Dei
2100 1996 2159 2051 in
2182 2011 2249 2052 ea
2275 1997 2503 2067 polluta,
2536 1996 2850 2051 sanctuaria
2885 2003 3099 2063 exusta,
3148 1995 3316 2050 mini-

1721 2089 1885 2146 steria
1915 2090 2138 2157 violata,
2165 2090 2338 2147 cilicia
2383 2091 2579 2146 diurna
2625 2090 2709 2145 vel
2751 2098 3016 2146 nocturna
3049 2090 3310 2162 neglecta.
3389 2093 3395 2101 '

1721 2181 1917 2238 Clerici
1951 2183 2043 2240 alii
2086 2182 2279 2255 fugati,
2315 2182 2539 2253 quidam
2574 2181 2774 2249 necati,
2805 2181 2902 2252 qui
2937 2189 3317 2236 remanserant

1724 2276 1894 2331 multa
1922 2284 2240 2347 paupertate
2260 2274 2483 2343 addicti,
2529 2274 2651 2346 plus
2694 2272 2933 2344 propriis
2961 2288 3057 2328 seu
3081 2272 3315 2328 terrenis

1723 2382 1889 2436 quam
1939 2366 2232 2422 celestibus
2273 2365 2567 2421 studebant
2611 2361 2864 2435 negotiis.
2916 2361 3030 2417 Hoc
3062 2371 3314 2431 respectu

1723 2456 1808 2510 vir
1848 2456 2066 2510 Domini
2098 2470 2289 2511 amaro
2317 2470 2444 2511 cum
2491 2464 2639 2510 esset
2673 2453 2879 2521 animo,
2922 2452 3108 2522 posuit
3162 2466 3315 2521 spem

1723 2561 1879 2600 suam
1925 2546 1981 2600 in
2029 2544 2263 2601 Domino
2309 2546 2555 2601 clamans
2604 2543 2682 2599 illi
2731 2543 2925 2613 spiritu
2971 2541 3260 2597 humiliato
3294 2560 3312 2594 :

1674 2646 1687 2661 '
1728 2635 1922 2691 Omnia
1966 2654 2084 2707 qua:
2128 2638 2301 2707 fecisti
2350 2636 2520 2703 nobis,
2574 2634 2818 2700 Domine,
2864 2634 2921 2687 in
2960 2649 3079 2687 vero
3104 2631 3314 2702 judicio

1723 2729 1930 2799 fecisti;
1966 2730 2092 2799 quia
2131 2729 2459 2799 peccavimus
2497 2728 2593 2780 tibi
2629 2735 2681 2780 et
2728 2725 2996 2779 mandatis
3053 2726 3159 2778 tuis
3211 2741 3316 2778 non

1721 2820 2043 2876 obedivimus
2065 2819 2231 2891 (Dan.
2258 2835 2341 2886 ut,
2367 2818 2479 2889 51).
2513 2815 2615 2871 Cui
2642 2831 2771 2871 mox
2797 2814 3091 2871 Dominus:
3118 2813 3315 2868 Inuera

1724 2930 1823 2980 me,
1856 2913 2053 2984 inquit,
2088 2913 2145 2965 in
2177 2913 2265 2966 die
2300 2909 2683 2976 tribulationis,
2710 2924 2896 2963 eruam
2932 2916 2980 2961 te
3005 2915 3061 2962 et
3092 2906 3314 2961 honori-

1721 3006 1907 3076 ﬁcabis
1945 3022 2025 3059 me
2079 3004 2254 3076 (Psal.
2287 3019 2436 3069 ηις,
2472 3002 2583 3072 15).
2625 3002 2697 3055 At
2739 3000 2828 3055 ille
2869 3000 3064 3054 humili
3113 3014 3310 3070 prece:

1722 3098 1863 3154 Deus
1902 3112 2067 3165 meus,
2100 3095 2466 3151 misericordia
2496 3110 2632 3161 mea,
2669 3101 2725 3147 tu
2755 3109 2808 3147 es
2845 3092 3110 3163 refugium
3142 3108 3315 3147 meum

1720 3209 1753 3245 a
1801 3190 2148 3245 tribulatione
2185 3205 2304 3261 qua
2343 3186 2693 3242 circumdedit
2740 3201 2840 3252 me,
2876 3184 3138 3239 exultatio
3176 3200 3313 3251 mea,

1717 3299 1839 3337 erue
1859 3299 1939 3337 me
1954 3299 1993 3336 α
2019 3281 2471 3357 σειραηιάαηεὲὸιιε
2501 3295 2580 3333 me
2610 3278 2872 3350 angustiis
2890 3288 2938 3331 et
2959 3276 3193 3347 ﬁliorum
3219 3291 3315 3328 nc-

1718 3375 2051 3430 cessitatibus
2066 3373 2240 3445 (Psal.
2255 3372 2487 3444 xnrﬂ).
2501 3370 2611 3426 Nec
2637 3385 2812 3437 mora,
2826 3369 3129 3425 consolatio
3140 3384 3207 3423 ex
3218 3382 3313 3422 ore

1718 3468 1974 3524 Veritatis
1996 3466 2147 3523 affuit
2164 3487 2175 3522 :
2190 3465 2454 3533 Primum,
2469 3464 2742 3535 inquiens,
2764 3463 2965 3535 querite
2981 3478 3195 3534 regnum
3213 3459 3312 3514 Dei

1715 3570 1766 3615 et
1782 3560 2265 3631 justitiamejus,et
2286 3559 2463 3613 omnia
2485 3558 2805 3628 adjiciantur
2824 3554 3199 3628 vobis(1lfattlt.
3231 3570 3308 3619 vr,

1716 3652 1822 3722 55)
1873 3650 1999 3724 (fol.
2043 3651 2165 3723 54).
2222 3649 2375 3705 Tunc
2418 3648 2508 3704 ille
2564 3646 3026 3719 gratulabundus.
3083 3644 3309 3698 Auditui

1716 3760 1851 3810 meo,
1900 3744 1995 3811 ait,
2046 3742 2291 3808 Domine,
2349 3739 2502 3795 dabis
2547 3739 2803 3811 gaudium
2857 3746 2908 3792 et
2950 3738 3201 3804 letitiam,
3257 3746 3310 3791 et

1713 3835 2024 3891 exultabant
2051 3851 2172 3889 ossa
2207 3833 2492 3888 humiliata
2523 3831 2698 3902 (Psal.
2717 3847 2768 3898 ι,
2809 3829 2917 3901 10).
2950 3829 3152 3885 Gressu
3175 3844 3308 3901 ergo

1714 3928 1874 3984 celeri
1900 3926 2205 3983 aaeclesiam
2230 3924 2472 3992 intravit,
2502 3924 2713 3979 ‘clerum
2742 3922 3114 3993 populumque
3139 3923 3311 3979 advo-

1712 4012 1875 4088 ca'vit,
1894 4021 2101 4091 judicia
2141 4020 2238 4075 Dei
2263 4034 2390 4074 vera
2418 4017 2676 4083 innotuit,
2722 4016 2956 4071 erimina
2977 4015 3062 4070 vel
3084 4024 3307 4086 peccata

1712 4113 2032 4168 alterutrum
2082 4112 2331 4167 conﬁteri
2367 4110 2602 4177 monuit,
2655 4108 2867 4165 fructus
2914 4093 3109 4180 dignos
3153 4110 3307 4180 ι)εηί-

1710 4205 1897 4260 tentia:
1926 4204 2103 4259 facere
2123 4203 2317 4268 suasit,
2355 4202 2658 4257 mcclesiam
2688 4200 3055 4271 frequentare,
3096 4202 3306 4257 oratio-

1710 4297 1873 4353 nibus
1917 4313 2044 4353 cum
2086 4295 2327 4350 lacrimis
2375 4295 2727 4361 incumbere,
2777 4295 2966 4351 laudes
3017 4294 3114 4350 Dei
3176 4313 3303 4353 cum

1710 4390 1927 4447 silentio
1955 4398 2010 4444 et
2040 4387 2341 4443 reverentia
2390 4387 2599 4454 audire,
2632 4380 2980 4443 'elemosinas
3008 4403 3106 4457 pro
3141 4404 3305 4458 posse

1704 4486 1935 4541 libenter
1993 4485 2144 4551 dare,
2200 4482 2626 4553 hospitalitatem
2681 4481 2802 4537 sine
2859 4482 3301 4536 murmuratione

1710 4590 1950 4643 servare,
1976 4573 2357 4629 discordantes
2400 4579 2526 4626 ante
2566 4572 2700 4627 solis
2730 4587 2991 4627 occasum
3015 4571 3082 4626 ad
3110 4586 3302 4641 pacem

1709 4666 1915 4733 redire,
1952 4680 2140 4735 pacem
2177 4662 2370 4719 falsam
2412 4677 2523 4717 non
2552 4663 2703 4730 dare,
2748 4663 3052 4734 gehennam
3086 4662 3296 4727 timere,

1706 4759 1876 4813 vitam
1903 4766 2163 4812 aeternam
2209 4771 2428 4827 sperare
2449 4755 2704 4826 praecepit
2728 4761 2783 4808 et
2801 4752 3005 4807 docuit.
3057 4750 3298 4806 Clericos

1708 4850 1904 4905 deinde
1930 4850 2255 4921 regulariter
2279 4849 2479 4914 vivere,
2532 4848 2733 4917 septies
2775 4845 2831 4899 in
2856 4844 2944 4899 die
2969 4844 3156 4899 laudes
3185 4842 3296 4900 Deo

1707 4942 1909 5010 dicere,
1945 4951 2000 4997 et
2032 4950 2198 4997 noctu
2236 4941 2304 4997 ad
2329 4940 2698 4997 confitendum
2727 4938 2804 4992 illi
2849 4952 3071 5008 surgere
3107 4939 3296 4994 incele-

1704 5034 1923 5089 siastica
1945 5033 2817 5103 sanetioneinstituit,victumque
2832 5032 2939 5087 illis
2960 5032 3293 5088 cotidianum

1702 5125 1769 5181 de
1788 5126 2044 5196 propriis,
2070 5134 2231 5196 prout
2248 5126 2445 5196 potuit,
2468 5124 2758 5179 ordinavit.

1774 5217 1951 5291 [Εικιι.
2004 5217 2128 5272 Vita
2176 5216 2276 5290 K.]
2312 5215 2534 5272 Curiam
2589 5216 2794 5270 interea
2845 5215 2997 5281 adiit,
3038 5214 3287 5285 Pippino,

1701 5311 1795 5381 qui
1824 5326 1890 5364 ex
1921 5309 2243 5364 auctoritate
2276 5306 2534 5379 Stephani
2561 5323 2714 5378 papae
2735 5322 2801 5362 ex
2826 5306 3081 5378 przefecto
3104 5307 3290 5376 palatii

1701 5419 1795 5458 rex
1827 5404 1898 5434 ’⁸⁸
1924 5403 2257 5458 constitutus
2296 5403 2493 5469 fuerat,
2521 5403 2832 5458 vastitatem
2876 5401 3028 5456 urbis
3058 5399 3284 5455 calami-

1694 5505 1970 5565 tatemque
1990 5494 2163 5565 plebis
2184 5510 2347 5564 quam
2374 5495 2663 5566 regendam
2689 5501 3003 5563 susceperat
3024 5492 3283 5558 innotuit,

1694 5586 2071 5658 auxiliumque
2111 5587 2181 5642 ab
2215 5601 2281 5643 eo
2317 5602 2384 5643 ex
2429 5587 2598 5645 reuali
2625 5586 2912 5654 largitione
2937 5587 3006 5619 ²²⁷
3032 5585 3284 5672 quaesivit

1284 5678 1518 5736 VARUS
1557 5678 1849 5738 LECTION
1859 5679 1961 5734 ES.
2040 5694 2043 5695 '

108 5750 164 5781 ω
192 5771 248 5812 ⁸³
273 5777 322 5831 1)-
361 5780 457 5822 rex
487 5782 545 5837 ι).
579 5783 624 5824 ε.
701 5771 772 5804 ²²τ
811 5771 1101 5829 traditione
1146 5790 1403 5844 superscr.
1445 5773 1527 5829 vel
1566 5773 1855 5846 largitione
1886 5789 1948 5848 _c.

671 5852 793 5860 ..α-ι...
