3932 6298
548 317 657 374 N3
712 370 713 375 η

1542 300 1845 362 ancoras
1876 256 2172 359 ABBATIS
2208 298 2783 361 FLAVINIACENSIS

3731 310 3815 370 Ml

550 443 607 490 et
623 427 876 502 optinuit.
890 421 1423 497 (Bsn'r.)Collatione
1444 420 1712 492 siquidem
1732 417 1971 474 ﬁdelium
1990 430 2141 489 quae-
2168 422 2215 482 Α
2242 418 2529 475 Postremo
2557 432 2668 475 non
2697 427 2782 476 est
2808 417 3076 477 reveritus
3104 417 3257 490 ipsos
3288 421 3643 493 episcopams
3685 424 3822 485 ιιίείς

553 525 685 580 dam
728 518 933 594 praedia
982 516 1240 587 suscepit.
1288 511 1588 568 Wasnaum
1620 510 1830 566 scilicet
1854 524 1951 565 seu
1978 507 2142 563 War-

553 614 723 671 nunci
769 621 1000 677 cortem,
1032 606 1428 664 Ramisbatium
1477 605 1664 672 etiam,
1693 604 1909 674 aliaque
1947 617 2142 673 quam—

482 774 483 777 η
553 707 814 779 plurima,
863 708 988 775 quae
1033 700 1198 757 cartis
1240 713 1408 753 manu
1449 696 1670 768 propria
1708 695 1959 761 inseruit,
2005 709 2144 766 quas

552 797 700 870 regis
729 796 924 852 anulus
949 790 1223 848 roboravit
1265 797 1320 844 et
1362 787 1609 844 mcclesia
1655 785 2016 842 Virdunensis
2039 801 2143 841 ex-

555 898 690 946 tunc
716 904 826 944 non
871 884 1072 940 amisit.
1107 880 1246 953 (F01.
1278 879 1394 952 57.)
1430 879 1654 936 Civibus
1692 887 1954 951 praeterea
1998 876 2146 949 regis

555 975 922 1035 muniﬁcentia
966 987 1079 1028 non
1117 970 1313 1039 defuit,
1366 971 1574 1026 clerum
1617 970 1939 1037 lzetiﬁcavit,
1972 968 2145 1024 eccle-

554 1067 694 1123 siam
706 1064 934 1130 ornavit,
946 1072 1295 1117 remuneratu
1303 1077 1356 1115 m
1371 1076 1478 1132 pou
1485 1060 1522 1115 ti
1528 1060 1681 1115 licem
1692 1059 1945 1131 gaudenti
1957 1056 2147 1129 populi

555 1144 625 1191 ’ν
646 1154 1051 1226 repraesentavit
1075 1154 1169 1208 “9.
1193 1151 1412 1225 (BERT.)
1440 1150 1607 1207 Multa
1628 1158 1811 1206 autem
1823 1157 1999 1217 erant,
2023 1164 2146 1220 quae

549 1264 675 1305 eum
703 1263 833 1321 erga
866 1247 1044 1318 ipsam
1089 1246 1395 1303 mcclcsiam
1436 1245 1768 1317 diligendam
1820 1258 2147 1315 promoven—

549 1341 676 1396 dam
711 1348 769 1396 et
815 1339 1183 1410 ampliandam
1230 1338 1529 1394 accendere
1573 1338 1864 1404 debebant,
1896 1336 2146 1392 videlicet

548 1432 823 1504 Pepponis
842 1430 1087 1502 episcopi
1112 1431 1166 1486 in
1191 1429 1451 1487 Karolum
1475 1430 1725 1486 Tuditem
1748 1437 1959 1500 patrem
1979 1444 2141 1485 suum

550 1523 1245 1594 amorprofusus,gratuita
1272 1522 1565 1579 ﬁdelitaset
1584 1523 1640 1577 in
1667 1531 1910 1593 tempore
1921 1521 2145 1578 seditio-

551 1614 642 1668 nis
664 1621 853 1669 contra
876 1613 1249 1671 Raimfredum
1267 1613 1605 1670 Francorum
1621 1614 1942 1685 principem,
1966 1614 2149 1686 ipsius

552 1701 738 1758 Karoli
763 1705 1041 1772 aemulum,
1066 1704 1299 1761 indivisa
1323 1705 1530 1762 laboris
1556 1713 1610 1761 et
1628 1706 1855 1776 periculi
1873 1705 2142 1762 subeundi

551 1794 812 1864 dualitas,
833 1812 933 1867 pro
961 1812 1073 1867 quo
1094 1797 1256 1852 etiam
1282 1798 1425 1853 idem
1451 1797 1632 1869 Peppo
1654 1798 1824 1853 multa
1850 1813 2141 1869 perpessus
2172 1777 2215 1835 Β

551 1897 636 1945 est
662 1888 907 1945 adversa.
957 1889 1063 1945 Sed
1114 1890 1372 1960 quiddam
1404 1906 1533 1947 eum
1560 1891 1852 1962 specialius
1876 1892 1945 1947 ad
1974 1892 2146 1948 dilec-

549 1977 779 2046 tionem,
805 1979 1320 2052 redintegrationem
1367 1990 1424 2038 et
1468 1998 1813 2040 communem
1855 1984 2142 2040 tuitionem

550 2071 799 2126 omnium
832 2073 1188 2129 ecclesiarum
1216 2074 1451 2145 impulit,
1492 2077 1638 2146 quod
1665 2092 1774 2132 non
1803 2077 1873 2133 ab
1901 2093 1962 2134 re
1993 2078 2143 2135 vide-

551 2171 645 2219 tur
692 2163 749 2218 in
798 2165 1019 2221 laudem
1067 2165 1234 2237 hujus
1287 2167 1462 2237 patris
1512 2168 1690 2224 nostri
1712 2169 1841 2225 huic
1876 2170 2147 2240 opusculo

550 2255 851 2333 innectere,
901 2256 971 2312 ad
1017 2258 1491 2328 comprimendum
1547 2267 1817 2316 tumorem
1851 2277 2040 2333 regum
2088 2271 2143 2319 et

549 2347 862 2421 principum
886 2358 1064 2417 terrae,
1099 2359 1154 2405 et
1196 2360 1257 2406 ut
1293 2351 1599 2408 evidentius
1644 2362 1993 2425 agnoscatur,
2020 2370 2142 2426 qua:

549 2438 719 2497 fuerit
747 2457 913 2497 causa
942 2442 1299 2499 desolationis
1329 2442 1670 2500 Trevirensis
1702 2453 1759 2500 et
1783 2444 2144 2502 Virdunensis

546 2532 813 2589 ecclesia).

618 2625 770 2697 (Chr.
809 2625 1049 2697 Divion.)
1113 2626 1218 2694 Qui
1264 2627 1431 2700 igitur
1474 2627 1751 2700 hystorias
1799 2629 2050 2700 legerunt
2087 2639 2145 2686 et

544 2725 792 2772 veterum
843 2718 1045 2788 scripta
1101 2719 1409 2786 rimantur,
1473 2720 1641 2790 hujus
1690 2719 1876 2776 Karoli
1928 2721 2144 2780 Tuditis

547 2817 706 2866 actus
726 2816 782 2864 et
807 2809 993 2880 praelia
1013 2818 1303 2877 noverunt,
1334 2809 1435 2881 qui
1451 2810 1572 2866 ideo
1596 2809 1822 2867 Tudites
1840 2813 2143 2883 appellatus

545 2906 650 2967 est,
683 2900 830 2969 quod
864 2909 948 2956 est
992 2902 1221 2957 malleus
1252 2900 1413 2969 fabri,
1444 2903 1574 2972 quia
1602 2903 1746 2958 sicut
1770 2905 1969 2961 malleo
2012 2906 2140 2960 uni-

547 3005 709 3045 versa
730 2990 1036 3046 tunduntur
1054 2991 1407 3060 ferramenta,
1435 2993 1511 3049 ita
1542 2994 1658 3064 ipse
1678 2996 1937 3051 contrivit
1956 2997 2141 3052 omnia

2242 512 2393 578 dare,
2422 511 2730 568 fautoribus
2748 510 3002 568 videlicet
3037 513 3156 569 suis
3182 521 3238 569 et
3264 516 3675 584 consentaneis,
3702 519 3819 577 adeo

2242 612 2305 659 ut
2337 604 2839 675 archiepiscopatus
2860 603 3240 661 Trevirensem
3271 614 3326 660 et
3355 605 3689 664 Remensem
3711 608 3819 666 llilo

2242 694 2466 765 quidam
2502 702 2731 750 tonsura
2779 695 3044 761 clericus,
3091 696 3359 766 moribus,
3392 698 3586 754 habitu
3622 708 3677 755 et
3715 711 3823 758 actu

2243 786 2592 860 iureligiosus
2650 790 2840 862 laycus
2869 832 2885 859 ,
2947 789 3122 845 multo
3194 797 3440 861 tempore
3494 793 3822 862 pessundans

2243 878 2561 948 obtinuerit,
2598 878 2959 937 Viennensem
2985 897 3207 952 quoque
3228 891 3284 937 et
3307 882 3513 938 multos
3531 882 3681 939 alios
3720 886 3818 955 epi-

2245 980 2509 1042 scopatus
2543 988 2641 1044 per
2680 982 2856 1029 terras
2896 973 3165 1042 diversas,
3191 983 3253 1029 ut
3289 975 3549 1047 hystoriae
3576 976 3821 1040 referunt,

2243 1064 2586 1134 possiderent
2618 1066 2765 1135 laici,
2789 1074 2844 1122 et
2864 1082 2961 1138 per
2982 1082 3206 1122 manum
3238 1067 3434 1122 laicam
3464 1068 3730 1123 investiti.
3775 1068 3822 1123 Si

2244 1156 2340 1226 qui
2364 1165 2527 1212 erant
2548 1159 2811 1230 episcopi,
2852 1167 2949 1214 aut
2972 1158 3027 1214 ei
3059 1159 3287 1215 omnino
3319 1158 3605 1228 favebant,
3638 1170 3730 1215 aut
3751 1177 3829 1217 res

2243 1250 2641 1308 :ecclesiasticze
2683 1252 3099 1322 diripiebantur,
3142 1259 3238 1307 aut
3263 1260 3409 1308 certe
3442 1252 3554 1309 illis
3586 1253 3824 1308 obeunti-

2242 1341 2348 1398 bus
2381 1343 2437 1398 in
2461 1343 2643 1399 locum
2669 1344 2890 1398 illorum
2930 1344 3237 1416 neophytus
3264 1344 3515 1415 quilibet,
3568 1346 3663 1401 vel
3705 1361 3827 1416 quos

2242 1434 2523 1491 canonica:
2550 1435 2865 1492 sanctiones
2892 1450 3002 1491 non
3024 1435 3314 1507 recipiunt,
3342 1436 3827 1493 substituebantur.

2242 1524 2327 1581 Ab
2378 1527 2484 1583 hac
2525 1536 2708 1583 autem
2767 1527 3075 1598 direptione
3120 1528 3315 1585 civitas
3348 1528 3440 1584 illa
3481 1528 3831 1600 quantulum-

2242 1634 2478 1691 cumque
2522 1620 2784 1677 immunis
2827 1629 2967 1688 erat,
3020 1637 3146 1692 qua:
3190 1620 3239 1676 ei
3268 1619 3496 1698 favebat
3515 1621 3615 1676 vel
3650 1621 3826 1693 quasi

2243 1712 2574 1782 adjutorium
2622 1713 2935 1784 praebebat;
2973 1713 3064 1768 cui
3091 1713 3240 1768 enim
3265 1713 3655 1778 -innitebatur,
3699 1713 3828 1768 illam

2242 1816 2339 1872 per
2366 1817 2690 1873 sesuosque
2746 1818 2778 1857 a
2828 1817 2888 1857 se
2942 1802 3167 1873 suisque
3215 1803 3490 1858 tuebatur.
3548 1802 3699 1859 llinc
3739 1814 3830 1866 est,

2242 1894 2389 1964 quod
2422 1894 2564 1950 inter
2588 1897 2907 1950 innumeras
2929 1910 3070 1966 quas
3097 1895 3399 1962 attriverat,
3436 1894 3827 1951 Virdunensem

2240 1994 2488 2058 tempore
2545 1986 2827 2058 Pepponis
2877 1987 3120 2058 episcopi
3173 1987 3392 2059 prtediis
3452 1988 3617 2043 auxit
3645 2031 3661 2055 ,
3719 1989 3829 2058 quia

2200 2114 2204 2118 Α
2241 2078 2424 2150 Peppo
2457 2079 2653 2146 isdem,
2698 2087 2762 2134 ut
2808 2079 3062 2149 superius
3092 2079 3323 2135 relatum
3354 2088 3458 2145 est,
3511 2080 3574 2135 in
3606 2089 3831 2151 tempore

2240 2171 2604 2229 dissensionis
2628 2180 2683 2228 et
2710 2171 2963 2243 partibus
2987 2171 3107 2243 ejus
3138 2169 3274 2227 favit
3306 2181 3361 2227 et
3401 2170 3740 2229 familiarius
3767 2174 3829 2227 illi

2241 2265 2485 2321 servivit.
2509 2262 2899 2323 Verumtamen
2929 2264 3023 2319 illo
3047 2262 3333 2332 defuncto,
3357 2263 3489 2335 quid
3519 2265 3664 2321 alia!
3679 2266 3829 2336 patie-

2240 2357 2460 2425 bantur,
2492 2357 2683 2412 eadem
2705 2371 2923 2428 quoque
2942 2364 3165 2427 experta
3186 2364 3288 2412 est.
3325 2355 3383 2410 ln
3412 2363 3637 2412 tantum
3669 2366 3830 2412 autem

2241 2448 2494 2505 vastitate
2514 2447 2740 2520 praefata
2770 2447 3113 2503 Trevirensis
3142 2448 3460 2518 metropolis
3495 2448 3705 2505 amicta
3724 2447 3831 2513 fuit,

2241 2547 2304 2595 ut
2348 2556 2450 2611 pro
2496 2539 2822 2596 multimoda
2858 2539 2987 2610 ejus
3014 2538 3325 2594 calamitate
3348 2547 3405 2595 et
3422 2540 3832 2597 conculcatione

2241 2639 2471 2686 vacante
2497 2646 2561 2686 ea
2590 2630 3015 2687 Mediomatricre
3043 2629 3282 2686 civitatis
3314 2630 3579 2697 praesules
3601 2640 3831 2701 postmo-

2240 2720 2373 2776 dum
2406 2720 2767 2793 fungerentur
2792 2720 3187 2791 archiepiscopi
3219 2720 3482 2792 dignitate
3509 2731 3570 2777 et
3601 2722 3833 2777 nomine.

2242 2808 2435 2883 [Ano.}
2464 2809 2693 2866 Vastata
2738 2821 2960 2882 quoque
2996 2817 3052 2865 et
3079 2810 3341 2880 dissipata
3375 2809 3739 2882 Lugdunensi
3786 2819 3833 2864 et

2242 2904 2538 2962 Viennensi
2578 2905 2882 2976 provincia,
2929 2904 3140 2975 aliquot
3185 2904 3345 2961 annis
3401 2903 3521 2959 sine
3569 2905 3835 2975 episcopis

2242 3003 2476 3067 utraque
2523 2994 2626 3051 fuit
2672 2994 2939 3051 :ecclesia.
2988 2994 3274 3050 Wiliarius
3305 2995 3455 3049 enim
3488 2994 3830 3061 Viennensis,

548 3094 719 3151 regna
747 3078 852 3135 sibi
876 3079 1077 3136 vicina.
1100 3080 1207 3136 Per
1231 3081 1302 3135 27
1330 3082 1476 3136 enim
1499 3098 1675 3139 annos
1700 3084 1902 3154 quibus
1938 3086 2143 3155 princi-
2170 3127 2215 3189 C
2245 3086 2342 3157 qui
2386 3087 2748 3142 Austroberto
2796 3095 3185 3154 successerat,
3223 3087 3414 3143 videns
3474 3086 3836 3144 Viennensem

546 3178 737 3241 patum
767 3170 1003 3240 optinuit
1026 3172 1128 3227 sub
1151 3172 1370 3243 regibus
1400 3171 1704 3246 Dagoberto
1720 3174 1961 3250 iuniore,
1989 3176 2142 3233 Chil-

549 3259 758 3330 perico,
800 3258 1154 3329 Theoderico,
1202 3260 1465 3330 Clotario,
1508 3262 1856 3321 Childeberto
1882 3273 1936 3321 et
1960 3265 2143 3324 Hilde-

546 3351 667 3407 rico
715 3352 850 3423 (50),
885 3362 1178 3425 postquam
1232 3354 1298 3409 de
1350 3371 1517 3412 manu
1570 3356 1871 3414 Raimfredi
1915 3361 2141 3432 majdris

547 3444 746 3501 domus
772 3445 828 3500 in
862 3461 1031 3517 regno
1055 3445 1390 3503 Francorum
1421 3464 1518 3519 per
1542 3450 1715 3505 multa
1742 3451 1883 3508 bella
1906 3455 2138 3511 eundem

547 3534 915 3606 principatum
956 3538 1197 3605 sustulit,
1230 3546 1381 3594 tanta
1424 3540 1576 3597 clade
1617 3542 1811 3598 omnia.
1829 3559 2001 3615 regna
2034 3546 2139 3602 sibi

547 3626 748 3695 vicina,
802 3628 858 3682 id
909 3636 996 3683 est
1043 3628 1359 3697 Saxoniam,
1418 3631 1745 3703 Bawariam,
1802 3634 2137 3693 Provintiam

547 3733 725 3788 usque
754 3717 1077 3789 Massiliam,
1125 3719 1478 3778 Wasconiam
1507 3723 1860 3798 Frigiamque
1885 3730 2141 3786 contrivit

547 3818 603 3864 et
631 3808 1032 3879 Alemanniam,
1061 3821 1123 3868 ut
1147 3814 1332 3870 multa:
1357 3816 1600 3873 ecclesia:
1623 3833 1808 3889 usque
1828 3820 1886 3875 in
1912 3821 2138 3879 hodier—

546 3916 683 3957 num
711 3903 855 3960 diem
879 3904 1271 3962 desolationem
1323 3908 1408 3963 sui
1437 3907 1639 3964 factam
1666 3911 1769 3967 sub
1796 3927 1863 3967 eo
1895 3912 2137 3986 lugeant,

546 4001 603 4049 et
649 3995 1015 4069 tribulationis
1068 3999 1241 4069 ipsius
1310 4000 1676 4057 calamitatem
1732 4003 2024 4061 obliterare
2082 4006 2138 4063 in

546 4101 609 4143 se
637 4088 787 4143 nulla
808 4098 1077 4146 vetustate
1105 4093 1453 4163 praevaleant.
1471 4093 1612 4163 (Fol.
1638 4094 1770 4167 57’.)
1796 4095 1977 4152 Tanta.
1989 4097 2137 4154 enim

543 4179 866 4248 profusione
893 4182 1214 4239 thesaurum
1240 4186 1407 4242 totius
1445 4187 1608 4243 erarii
1635 4188 1837 4258 publici
1867 4190 2135 4261 dilapida-

543 4281 636 4329 tus
689 4279 791 4341 est,
842 4281 992 4329 tanta
1013 4275 1161 4332 dedit
1207 4276 1492 4345 militibus,
1529 4294 1670 4351 quos
1717 4280 1988 4337 soldurios
2021 4282 2141 4355 (5|)

539 4366 727 4421 vocari
755 4382 876 4423 mos
908 4368 1163 4439 optinuit,
1215 4372 1310 4441 qui
1355 4386 1424 4426 ex
1466 4372 1723 4428 omnibus
1751 4373 1941 4429 mundi
1968 4374 2136 4443 parti-

2245 3178 2547 3234 aacclesiam
2582 3178 2900 3234 indecenter
2922 3178 3202 3233 humiliari
3236 3178 3308 3233 ob
3347 3178 3563 3234 cladem
3618 3177 3834 3233 Sarace-

2244 3284 2444 3325 norum
2512 3268 2861 3341 Septimanize
2911 3278 2970 3326 et
3020 3269 3319 3327 Viennensi
3377 3278 3432 3325 et
3484 3269 3839 3343 Lugdunensi

2242 3360 2528 3432 provintiis
2555 3362 2978 3429 imminentium,
3001 3362 3171 3435 laycis
3200 3361 3462 3432 sacrilege
3510 3370 3572 3416 et
3613 3362 3835 3417 barbare

2242 3466 2333 3507 res
2355 3466 2540 3507 sacras
2562 3452 2959 3521 obtinentibus,
2996 3453 3186 3509 relicto
3211 3452 3530 3524 episcopatu
3564 3462 3837 3509 monaste-

2242 3543 2385 3603 rium
2414 3544 2743 3617 Agaunense
2767 3546 3010 3617 expetiit,
3054 3547 3148 3602 ubi
3191 3557 3246 3602 et
3267 3546 3435 3601 vitam
3470 3547 3833 3602 venerabilem

2241 3635 2417 3702 duxit,
2450 3645 2501 3691 et
2530 3637 2636 3692 hoc
2655 3624 2984 3709 in‘tempore
3016 3636 3279 3709 Stephani
3310 3653 3465 3709 papze
3498 3639 3601 3709 qui
3634 3638 3838 3695 Zacha-

2240 3725 2343 3783 riae
2383 3738 2744 3784 successerat.
2778 3728 2939 3785 Rexit
2962 3740 3145 3786 autem
3173 3738 3298 3803 post
3317 3746 3445 3785 eum
3470 3729 3837 3786 Viennensem

2241 3820 2529 3877 ecclesiam
2556 3820 2887 3890 Bertericus,
2924 3823 3012 3879 cui
3035 3824 3301 3880 successit
3324 3821 3551 3879 Paulus.
3624 3867 3640 3882 .

2312 3910 2584 3968 Defuncto
2614 3912 2799 3984 itaque
2823 3929 2890 3970 eo
2914 3923 2969 3970 et
2997 3914 3228 3971 Parisiis
3256 3917 3491 3986 sepulto,
3539 3923 3596 3970 et
3634 3914 3838 3985 princi-

2239 4012 2427 4076 patum
2469 4005 2773 4077 majoratus
2798 4007 2996 4064 domus
3030 4007 3284 4079 Pippino,
3328 4007 3496 4064 fratre
3526 4006 3834 4078 spiritualia

2238 4099 2471 4154 terrenis
2498 4097 2838 4169 praeferente,
2880 4101 2998 4156 solo
3020 4101 3234 4171 adepto,
3281 4100 3635 4171 postmodum
3672 4099 3835 4154 etiam

2240 4189 2422 4246 studio
2448 4205 2553 4247 suo
2573 4198 2627 4246 et
2652 4190 2886 4247 Romani
2914 4192 3190 4264 pontiﬁcis
3233 4208 3495 4260 assensu,
3542 4201 3603 4247 ut
3627 4191 3833 4247 dictum

2238 4288 2342 4347 est,
2385 4281 2442 4335 in
2495 4296 2676 4353 regem
2705 4283 2943 4350 elevato,
2981 4282 3127 4339 Deus
3167 4283 3292 4354 pius
3321 4283 3513 4356 multis
3563 4298 3695 4337 eum
3735 4281 3837 4335 sibi

2238 4371 2537 4445 obligatum
2567 4375 2846 4432 beneficiis
2876 4376 3067 4431 volens
3092 4384 3148 4431 et
3177 4376 3343 4431 minis
3390 4384 3621 4441 terrere,
3661 4383 3725 4429 ut
3754 4372 3827 4427 di-

541 4455 647 4513 bus
676 4473 843 4513 causa
871 4469 1099 4529 questus
1143 4461 1212 4516 ad
1255 4477 1382 4518 eum
1429 4465 1850 4531 concurrebant,
1895 4480 2132 4535 quorum
2164 4473 2415 4535 Dsceret
2454 4481 2674 4537 sperare
2718 4468 2775 4523 in
2819 4466 2967 4536 Deo,
2995 4483 3108 4523 non
3155 4482 3491 4539 przesumere
3534 4467 3605 4522 de
3651 4480 3737 4531 se,
3783 4472 3835 4518 et

542 4565 716 4619 genus
744 4549 1004 4606 infestum
1034 4560 1089 4608 et
1116 4553 1426 4623 improbum
1455 4563 1700 4626 tempore
1732 4557 1855 4628 ejus
1902 4560 2137 4629 sumpsit

543 4638 795 4708 iuicium,
838 4650 900 4696 ut
923 4657 1033 4698 non
1077 4643 1130 4698 ei
1177 4645 1451 4701 suffecerit
1489 4647 1784 4704 thesaurus
1814 4650 1994 4721 regni,
2021 4666 2134 4706 non

542 4731 1182 4805 depraedatiourbium,
1236 4752 1350 4795 non
1407 4740 1747 4815 multimpdze
1797 4742 2133 4799 vastationes

543 4839 839 4896 regnorum
863 4836 1198 4896 exterarum,
1230 4845 1341 4885 non
1365 4832 1659 4902 expoliatio
1682 4833 2054 4889 {ecclesiarum
2082 4844 2139 4891 et

544 4919 1028 4989 monasteriorum,
1075 4922 1432 4978 non'tributa
1472 4924 1899 4993 provinciarum.
1951 4926 2135 4984 Ausus

542 5014 630 5069 est
654 5008 823 5063 etiam
872 5010 965 5066 ubi
1019 5013 1120 5068 hec
1163 5012 1500 5080 defecerunt,
1554 5023 1732 5071 terras
1758 5016 2132 5073 :ecclesiarum

516 5098 807 5169 ,diripere,
879 5110 934 5156 et
987 5117 1082 5159 cas
1138 5104 1547 5163 comilitonibus
1614 5107 1722 5163 illis
1774 5109 2125 5180 ,contradere.

2236 4564 2296 4610 ut
2349 4558 2766 4614 succedentibus
2818 4560 3098 4630 prosperis
3162 4559 3549 4615 recordaretur
3618 4555 3830 4612 Domini

2234 4649 2332 4706 Dei
2382 4652 2492 4719 sui,
2544 4667 2646 4708 nec
2692 4653 2856 4708 vellet
2913 4652 3119 4707 imitari
3174 4661 3407 4723 patrem,
3489 4666 3656 4722 quem
3706 4663 3832 4704 con~

2236 4743 2416 4799 stabat
2478 4744 2853 4800 tecclesiarum
2925 4744 3112 4801 sitisse
3181 4738 3564 4800 confusionein
3592 4786 3608 4811 ,
3652 4741 3832 4813 posito

2236 4849 2305 4889 eo
2352 4834 2496 4904 apud
2552 4832 2975 4890 Aurelianorum
3035 4833 3228 4890 urbem
3255 4874 3285 4901 ,.
3336 4833 3472 4904 quid
3529 4848 3657 4904 erga
3718 4829 3831 4884 lia-

2235 4926 2414 4981 rolum
2444 4934 2725 4997 ageretur,
2757 4941 2881 4997 quae
2923 4926 2975 4980 ei
3002 4940 3214 4981 merces
3252 4933 3534 4980 tantorum
3579 4924 3829 4995 laborum

2232 5027 2762 5088 recompensaretur,
2791 5019 3049 5085 ostendit,
3081 5032 3191 5073 non
3229 5017 3298 5073 ad
3322 5016 3594 5083 defuncti,
3626 5023 3683 5070 ut
3726 5026 3827 5067 ve-

2233 5125 2440 5177 remur,
2472 5108 2844 5181 refrigerium,
2865 5111 2959 5166 sed
2984 5110 3052 5167 ad
3063 5108 3481 5166 aediﬁcationem
3508 5104 3829 5165 viventium.

1848 5266 2091 5325 VARle
2124 5260 2528 5326 LECTIONES.

684 5377 754 5408 ’³⁸
791 5376 872 5432 ita
903 5395 948 5433 c.
1029 5380 1098 5412 "9
1137 5378 1298 5436 Verte
1324 5380 1391 5436 111
1418 5380 1550 5439 folia
1579 5393 1635 5438 et
1664 5382 1819 5455 quod
1837 5381 1929 5438 hic
1956 5382 2110 5438 deest
2136 5383 2356 5455 requiro
2381 5384 2484 5440 sub
2512 5358 2617 5457 hoc
2642 5382 2801 5456 signo
2830 5400 2885 5436 υ.

2053 5515 2265 5575 NOTAE

606 5592 722 5701 ἴδο)
752 5627 938 5701 Neque
962 5626 1361 5697 Childebertus,
1384 5645 1563 5701 neque
1586 5630 1926 5689 Childericus
1946 5630 2129 5687 Caroli

538 5700 779 5775 tempore
803 5700 845 5756 F
848 5700 1142 5759 raucorum
1168 5718 1323 5776 reges
1346 5700 1587 5757 fuerunt.

2312 5630 2424 5704 (3|)
2460 5631 2505 5687 A
2532 5630 2857 5702 Germanico
2879 5629 3015 5699 sold,
3043 5625 3397 5699 stipendium.
