3932 6298
130 413 215 471 us
357 392 361 396 ”
1310 423 1727 488 CHRONICON.
1747 416 1819 474 "—'
1843 433 1972 492 LIB.
2001 420 2045 493 ιζ

3246 453 3363 511 {tu

129 527 236 635 Erat
264 526 315 581 in
339 525 525 635 eadem
565 529 700 635 urbe
735 532 1031 608 episcopus
1063 537 1368 600 Eucherius
1403 545 1539 620 (52),
1585 548 1666 603 vi-
1693 548 1740 607 Α
1766 566 1915 606 crum
1939 555 2075 624 ejus,
2105 555 2382 613 intueatur
2414 577 2536 615 ossa
2559 564 2752 634 patris,
2788 552 2929 620 etes:
2948 580 3007 620 eo
3042 569 3180 635 quod
3207 570 3349 627 inve;-

130 630 184 675 t'e
204 618 465 675 honestate
492 621 801 692 laudabilis,
835 643 1054 685 morum
1091 633 1360 703 probitate
1391 618 1664 708 spectabi-

130 712 201 779 lis,
240 710 319 766 cui
361 711 652 770 celebranti
700 718 998 779 missarum
1049 724 1372 797 sollempnia
1422 728 1541 800 ipso
1576 732 1665 789 die

127 803 308 874 pascha:
327 805 451 862 dum
484 807 697 864 sederet
728 810 785 865 in
826 812 1029 871 throno
1078 818 1395 888 pontiﬁcali,
1434 831 1490 879 et
1530 825 1663 881 sub-

128 893 347 964 repsisset
372 896 421 950 ei
453 899 735 970 cogitatio,
785 917 1023 973 quantos
1048 908 1265 967 labores
1294 928 1394 983 pro
1435 916 1664 975 tuitione

127 996 168 1043 et
190 988 513 1058 ampliatione
546 994 700 1065 regni
753 994 988 1056 Karolus
1035 1003 1407 1077 sustinuisset,
1458 1020 1662 1080 quanta

127 1079 275 1150 praelia
301 1080 565 1151 praeliatus
595 1096 764 1157 esset,
795 1094 1075 1161 quomodo
1096 1106 1221 1166 post
1244 1106 1394 1156 tanta
1421 1079 1661 1173 pericula

126 1188 230 1241 pace
252 1174 440 1243 potitus
464 1186 628 1246 esset,
659 1189 715 1235 et
760 1182 817 1237 in
847 1199 981 1254 pace
1022 1187 1189 1244 vitam
1236 1191 1466 1264 ﬁnisset,
1502 1198 1661 1269 cujus

127 1280 243 1321 nunc
267 1266 399 1323 ﬁlius
433 1272 586 1341 regni
619 1273 831 1332 honore
855 1277 1095 1337 donatus
1120 1295 1297 1353 esset,
1330 1289 1460 1344 dum
1496 1266 1661 1349 tacita

122 1360 405 1430 cogitatione
433 1361 645 1421 felicem
675 1367 882 1426 diceret
927 1380 1040 1431 tam
1064 1380 1359 1449 prosperis
1390 1386 1661 1443 successi-

126 1450 205 1506 bus
233 1453 393 1508 virum
419 1497 436 1522 ,
483 1456 589 1514 hac
630 1460 684 1515 ei
722 1461 1055 1535 cogitatione
1099 1469 1385 1530 ﬂuctuanti
1432 1492 1660 1537 somnus

124 1544 355 1616 paulisper
385 1549 593 1619 allusit,
619 1561 676 1609 et
708 1565 900 1627 raptus
925 1557 980 1614 in
1010 1576 1240 1620 excessu
1274 1569 1473 1627 mentis
1494 1586 1660 1643 ange-

124 1636 298 1738 licoqne
323 1640 483 1697 ductu
517 1645 589 1700 ad
634 1647 874 1705 tribunal
908 1651 1117 1712 Judicis
1144 1657 1343 1716 ductus
1375 1661 1492 1733 (fol.
1541 1636 1655 1738 5'8),

124 1728 166 1782 in
193 1741 432 1787 conventu
461 1735 558 1791 illo
591 1740 801 1797 caelesti
845 1743 1187 1804 dulcedinem
1219 1728 1466 1811 melodia:
1496 1728 1659 1827 spiri;

121 1821 252 1918 tualis
274 1825 488 1894 audivit,
518 1838 575 1884 et
608 1830 677 1885 ad
712 1841 920 1890 tantam
966 1838 1196 1899 visionis
1221 1821 1655 1918 magnitudinem

1768 645 1903 697 nerit
1925 646 2091 715 ﬁdem
2115 648 2275 719 faciet
2316 652 2484 707 verbis
2521 655 2645 709 tuis.
2689 654 2913 713 Dixerat
2942 658 3063 727 hec,
3092 670 3147 716 et
3173 673 3349 719 sacen-

1765 733 1866 790 dos
1912 737 2078 794 ductu
2125 741 2370 813 angelico
2397 743 2454 798 in
2483 759 2544 800 se
2571 750 2823 803 reversus
2865 749 3166 821 obstupuit.
3202 752 3350 810 Lau-

1764 824 2009 898 dansque
2043 828 2212 886 Deum
2256 840 2309 889 et
2352 836 2709 907 magniﬁcans
2750 838 2955 908 judicia
2984 843 3106 913 ejus
3132 844 3345 900 incom-

1763 920 2153 988 prehensibilia
2182 930 2237 980 et
2278 925 2683 1000 investigabiles
2712 929 2830 986 vias
2857 931 2997 1001 ejus,
3046 935 3347 992 missarum

1763 1013 2064 1084 solempnia
2097 1016 2350 1088 explevit,
2374 1018 2571 1076 dehinc
2594 1022 2709 1094 regi
2743 1030 2797 1079 et
2820 1024 3193 1095 optimatibus,
3222 1042 3344 1100 qua

1761 1105 1972 1161 viderat
1991 1116 2045 1163 et
2066 1108 2336 1193 audierat,
2371 1111 2647 1181 quomodo
2670 1114 2738 1168 ad
2760 1114 2877 1171 hazc
2902 1115 3130 1172 videnda
3162 1126 3217 1173 et
3246 1135 3346 1174 au-

1762 1197 1959 1255 dienda
1992 1201 2419 1271 cogitationibus
2449 1203 2568 1260 suis
2602 1205 2875 1264 adductus
2903 1208 3002 1276 sit,
3046 1211 3340 1266 enarravit.

1761 1288 1867 1347 Pro
1896 1307 1960 1347 eo
1986 1308 2207 1365 quoque
2230 1282 2348 1352 hac
2368 1295 2487 1352 visa
2509 1297 2773 1366 asseruit,
2805 1307 2867 1354 ut
2891 1300 2941 1355 ei
2975 1301 3235 1371 prodesse
3260 1301 3346 1357 in-

1762 1381 1969 1451 ciperet
1990 1398 2133 1453 pena
2158 1386 2353 1455 patris,
2392 1394 2447 1442 et
2473 1387 2711 1443 disceret
2735 1404 2843 1445 non
2859 1389 3343 1461 blasphemare'”,

1761 1488 1863 1529 nec
1888 1475 2110 1545 rapinas
2140 1479 2554 1550 concupiscere,
2580 1497 2683 1537 nec
2701 1482 2756 1536 in
2792 1481 3078 1552 iniquitate
3102 1499 3341 1554 sperare,

1760 1574 1814 1620 et
1866 1566 1994 1622 licet
2023 1569 2307 1627 aflluerent
2339 1571 2391 1628 ei
2425 1572 2647 1642 divitiae,
2691 1589 2803 1629 non
2847 1574 2929 1630 eis
2978 1576 3219 1632 studeret
3251 1593 3345 1633 cor

1761 1675 2054 1733 apponere,
2093 1666 2221 1736 quia
2251 1675 2494 1737 potestas
2535 1666 2633 1723 Dei
2666 1678 2751 1724 est
2782 1677 2837 1725 et
2863 1668 3097 1725 Domino
3126 1671 3343 1727 miseri-

1759 1753 1964 1821 cordia,
1997 1762 2058 1809 ut
2089 1757 2281 1812 reddat
2306 1758 2603 1830 unicuique
2627 1759 2784 1831 juxta
2813 1776 2978 1832 opera
3001 1777 3121 1818 sua.
3151 1761 3339 1834 Pippi-

1760 1860 1866 1901 nus
1907 1845 2092 1917 itaque
2135 1849 2224 1904 his
2267 1851 2471 1907 auditis
2498 1850 2611 1908 Deo
2640 1852 2814 1925 magis
2861 1868 2927 1909 ac
2953 1854 3131 1924 magis
3180 1855 3347 1927 coepit

122 1912 301 2013 iterabat
321 1925 559 1988 stupens.
592 1920 881 1995 Cogitabat
920 1939 1104 1987 autem
1126 1942 1181 1989 et
1211 1912 1383 2004 ibi,vsi
1411 1939 1551 1996 inter
1592 1943 1657 1997 il-
1688 1928 1733 1984 Β
1758 1912 2266 2009 devotus—existere,
2307 1945 2618 2001 sacerdotes
2636 1912 2905 2013 venbrari,
2935 1945 3211 2002 aecclesias
3240 1946 3343 2001 ho-

122 1999 184 2057 los
213 2004 472 2066 distinctos
518 2012 807 2072 beatorum
849 2021 1143 2090 spirituum
1175 1999 1329 2084 cetus
1369 2031 1653 2092 dominum

121 2096 250 2152 totius
276 2097 509 2159 Francia;
540 2113 598 2161 et
620 2115 833 2177 patrem
856 2114 1006 2184 regni
1031 2114 1291 2175 Karolum
1318 2122 1500 2180 videre
1525 2142 1655 2198 pos-

120 2197 197 2251 set,
223 2194 539 2291 cumtacitis
567 2199 691 2269 ejus
729 2204 1154 2274 cogitationibus
1188 2194 1667 2291 respondens—qui

120 2281 406 2355 praesidebat,
450 2290 519 2345 ad
545 2290 731 2348 locum
761 2296 853 2351 ubi
884 2297 1117 2358 Karolus
1143 2281 1481 2379 servabatur,
1525 2281 1652 2368 duci

120 2384 212 2471 eum
239 2380 492 2471 prtecepit.
546 2382 760 2445 Ductus
800 2389 985 2462 itaque
1014 2401 1099 2450 est
1127 2396 1181 2451 in
1209 2397 1506 2471 infernum,
1557 2404 1651 2462 ubi

118 2462 214 2519 dum
236 2468 546 2530 miserorum
570 2478 788 2537 animas
814 2485 1136 2544 continuato
1167 2498 1221 2545 et
1249 2492 1543 2551 inedicibili
1566 2496 1652 2552 in-

119 2556 234 2656 ﬁnito
251 2578 455 2637 quoque
483 2573 739 2630 cruciatu
774 2577 1007 2649 tabidas,
1030 2584 1365 2656 squalentes,
1395 2596 1450 2644 et
1478 2589 1650 2647 nimio

118 2645 298 2709 horrore
328 2660 611 2719 sordentes
644 2666 956 2739 miraretur,
989 2672 1119 2729 dum
1146 2692 1413 2747 penarum
1448 2697 1647 2752 genera

118 2754 305 2834 paveret,
325 2749 446 2806 dum
470 2755 539 2810 ad
574 2759 857 2818 terriﬁcos
880 2765 1096 2823 sonitus
1119 2768 1279 2827 fletus
1306 2781 1359 2829 et
1394 2749 1649 2834 stridoris

117 2830 309 2936 dentium
339 2856 494 2900 suum
513 2848 634 2918 jam
669 2854 830 2922 quasi
860 2855 1064 2915 oblitus
1085 2872 1232 2920 esset
1259 2864 1542 2936 Karolum,
1565 2870 1646 2925 vi-

115 2923 174 2978 dit
195 2944 299 2986 eum
319 2933 370 2990 in
396 2943 689 3000 tormentis
716 2948 959 3016 positum
986 2955 1147 3024 quasi
1182 2956 1236 3011 in
1283 2961 1464 3017 medio
1501 2963 1645 3036 ignis

117 3025 265 3116 rotari,
308 3038 359 3085 et
395 3048 541 3091 nunc
574 3038 799 3108 quidem
841 3042 966 3116 igne
996 3049 1214 3116 torreri,
1245 3066 1393 3109 nunc
1415 3025 1645 3113 stridere

118 3110 272 3213 frigore
294 3121 516 3194 glaciali,
551 3144 704 3186 nunc
742 3132 810 3189 de
836 3134 958 3207 igne
997 3141 1379 3199 ascendentem
1424 3146 1481 3201 in
1523 3148 1641 3220 gla-

114 3202 176 3258 cie
191 3214 390 3283 versari,
426 3234 578 3276 nunc
610 3237 743 3281 vero
771 3226 841 3282 ab
876 3229 1041 3300 aquis
1077 3240 1295 3289 erutum
1322 3202 1643 3308 ignitosuva-

118 3310 238 3405 Fores
271 3319 518 3375 repetere.
570 3312 900 3377 Miserabilis
935 3337 1120 3380 rerum
1157 3324 1365 3384 facies!
1414 3329 1507 3389 Ille
1546 3335 1641 3405 qui

117 3392 239 3456 paulo
256 3406 367 3455 ante
392 3402 702 3474 imperabat
728 3408 992 3481 Francize,
1025 3417 1118 3487 qui
1146 3418 1403 3478 dominus
1420 3392 1626 3483 diceba-

113 3488 182 3535 tur
214 3496 367 3559 teme,
406 3498 499 3566 qui
535 3498 717 3556 victor
757 3503 1004 3575 urbium,
1044 3521 1333 3581 superator
1375 3518 1638 3589 gentium,

114 3580 395 3648 conquisitor
430 3605 752 3663 regnorum,
784 3605 845 3652 ut
882 3615 1037 3656 suam
1070 3580 1357 3674 ainpliaret
1378 3580 1640 3680 'potesta;

114 3676 193 3722 tem
215 3680 366 3732 totum
388 3681 748 3743 tribulaverat
776 3690 986 3759 orbem,

115 3798 617 3910 §IE§EI.£![‘!?"3!“i.S~
645 3840 786 3893 quas
810 3829 1076 3910 stringere
1098 3852 1208 3892 non
1225 3840 1380 3910 valet
1401 3843 1601 3910 amnis.

183 3878 192 3886 ε
257 3882 266 3892 ι
414 3871 617 3889 ,,,-___-_,
647 3871 785 3893 Ἰν...
810 3871 1076 3902 “unum...
1098 3871 1208 3892 ιιυιι
1243 3871 1380 3897 vanu.
1401 3871 1601 3910 aluum,

114 3871 416 3952 Stringituret
431 3891 629 3962 glacie,
656 3909 935 3967 nequeunt
963 3918 1128 3973 quam
1152 3909 1362 3967 solvere
1384 3912 1634 3971 flammae.

108 4005 213 4066 Clin
230 4015 330 4075 haec
362 4037 489 4095 ergo
518 4042 712 4083 secum
734 4030 938 4088 tacitus
966 4036 1279 4107 miraretur,
1307 4050 1363 4099 et
1393 4046 1524 4114 quid
1550 4064 1637 4103 re-

111 4113 202 4196 fum
231 4122 359 4167 esset
382 4118 583 4175 anxius
623 4136 812 4178 secum
844 4127 1104 4195 volveret,
1149 4131 1345 4188 ductor
1373 4113 1462 4192 ille
1501 4155 1636 4196 suus

111 4190 331 4259 hcrentem
357 4223 477 4265 eum
514 4212 709 4271 videns
735 4235 748 4270 :
774 4215 930 4286 Ecce,
975 4220 1173 4291 inquit,
1204 4227 1469 4296 cogitatus
1512 4232 1633 4286 tui:

108 4298 193 4396 ετῗε
210 4293 264 4347 de
290 4315 385 4367 quo
423 4307 739 4363 anxiabaris
765 4312 823 4364 in
855 4312 1012 4367 domo
1042 4293 1281 4376 Domini;
1336 4320 1464 4377 Vide
1505 4326 1633 4396 quid

109 4380 237 4488 valeat
260 4395 411 4449 neuti
429 4409 758 4470 potentatus,
784 4406 961 4475 aspice
987 4409 1114 4479 quid
1134 4413 1322 4482 possit,
1352 4417 1480 4486 quid
1504 4380 1631 4488 por-

1759 2046 1978 2101 norare,
2007 2041 2062 2088 et
2089 2034 2145 2089 in
2186 2036 2388 2115 quibus
2407 2036 2579 2093 Deum
2605 2054 2635 2093 a
2659 2045 2814 2107 patre
2842 2053 2945 2094 suo
2971 2039 3237 2095 didicerat
3261 2037 3347 2094 of-

1756 2121 1971 2179 fensum
2002 2124 2196 2194 fuisse,
2236 2129 2305 2183 ab
2353 2128 2439 2183 his
2468 2144 2527 2185 se
2572 2129 2825 2185 studebat
2858 2139 2975 2187 toto
3004 2132 3130 2188 nisu
3160 2139 3345 2190 custo-

1755 2214 1892 2271 dire.
1927 2215 1998 2272 Ut
2021 2229 2205 2295 autem
2226 2220 2377 2276 venit
2397 2219 2692 2289 Parisium,
2725 2223 3076 2293 sepulchrum
3109 2224 3250 2295 ejus,
3277 2224 3345 2279 de

1754 2321 1865 2376 quo
1897 2308 2155 2363 manabat
2180 2293 2316 2365 odor
2341 2310 2671 2381 sulphureas
2701 2309 2854 2367 fumo
2877 2310 3104 2380 mixtus,
3141 2312 3344 2383 aperiri

1752 2401 2026 2471 praecepit,
2054 2403 2416 2471 praesentibus
2439 2403 2709 2475 episcopis
2742 2412 2797 2460 et
2821 2404 3178 2475 optimatibus
3202 2403 3338 2460 suis.

1755 2490 1893 2563 (Fol.
1928 2493 2060 2565 58’.)
2076 2493 2234 2562 Quod
2258 2496 2352 2552 ubi
2377 2506 2625 2568 apertum
2647 2498 2942 2566 est,vident
2968 2498 3149 2570 ignem
3176 2505 3232 2552 et
3255 2496 3341 2551 fu-

1750 2600 1902 2640 mum
1940 2587 2293 2643 tenebrosum
2335 2596 2390 2644 et
2435 2588 2707 2657 foetidum,
2758 2590 3021 2660 reliquias
3060 2589 3339 2659 absumpti

1751 2681 2019 2751 corporis,
2049 2682 2402 2752 sepulchrum
2426 2700 2647 2756 quoque
2664 2686 2740 2741 ita
2764 2684 2917 2741 fumo
2938 2694 2989 2752 et
3012 2685 3136 2756 igne
3159 2685 3340 2756 nigre—

1752 2769 1979 2839 factum,
2021 2781 2080 2830 ut
2108 2783 2354 2844 patenter
2395 2775 2621 2831 daretur
2664 2775 2892 2847 intelligi
2936 2792 3125 2831 veram
3166 2774 3339 2832 fuisse

1746 2864 2014 2920 visionem
2044 2866 2376 2935 sacerdotis,
2404 2867 2553 2939 gravi
2590 2867 2745 2923 illum
2770 2869 2912 2940 apud
2942 2866 3146 2924 inferos
3174 2865 3339 2939 poena

1747 2970 1871 3011 esse
1901 2957 2213 3027 multatum,
2241 2959 2401 3030 cujus
2426 2975 2627 3031 corpus
2652 2961 2707 3015 in
2746 2961 3037 3031 sepulchro
3072 2959 3209 3016 tanti
3238 2976 3338 3017 no-

1751 3046 1920 3103 vitate
1959 3048 2213 3104 miraculi
2244 3048 2319 3104 ita
2349 3048 2547 3107 fuisset
2593 3051 2718 3123 igne
2749 3052 3047 3123 sulphureo
3075 3066 3337 3107 consum-

1746 3146 1920 3208 ptum.
1955 3140 2189 3197 Grandis
2239 3141 2369 3199 hinc
2420 3143 2647 3199 obortus
2676 3152 2760 3200 est
2795 3153 2973 3202 terror
3003 3143 3117 3216 regi
3149 3152 3205 3200 et
3234 3159 3337 3215 po-

1746 3234 1895 3302 pulo,
1927 3234 2149 3306 grandis
2167 3236 2403 3292 adolevit
2426 3237 2681 3293 omnibus
2703 3252 2831 3309 erga
2865 3235 3145 3293 Christum
3175 3245 3230 3292 et
3248 3252 3338 3293 sa-

1747 3326 1997 3381 cerdotes
2030 3326 2153 3397 ejus
2181 3327 2418 3395 devotio,
2470 3328 2557 3398 pia
2601 3335 2719 3382 erat
2742 3327 3001 3384 omnibus
3030 3328 3177 3383 circa
3213 3343 3327 3381 mo-

1745 3416 1984 3473 nasteria
2016 3427 2069 3475 et
2104 3419 2381 3477 aacclesias
2424 3420 2816 3475 restaurandas
2857 3419 3156 3475 contentio.
3196 3417 3338 3475 Hinc

1742 3513 1831 3561 est“
1854 3507 2001 3579 quod
2035 3502 2092 3562 in
2134 3516 2379 3580 tempore
2407 3509 2527 3580 ejus
2558 3518 2638 3565 tot
2665 3510 3018 3564 inveniuntur
3042 3508 3345 3581 pontiﬁces.

1742 3615 1930 3655 arnore
1953 3599 2160 3656 Christi
2205 3600 2498 3668 ferventes,
2531 3601 2647 3671 qui,
2677 3608 2861 3671 optata
2884 3615 3019 3671 pace
3058 3600 3250 3671 potiti,
3279 3608 3335 3656 ct

1742 3692 1887 3763 regis
1916 3692 2214 3750 amicitiam
2255 3693 2461 3761 nancti,
2487 3693 2750 3749 tecclesiis
2779 3692 3159 3749 restaurandis
3184 3693 3332 3748 invi-

1741 3783 2004 3855 gilabant,
2045 3783 2294 3842 fovendis
2341 3786 2707 3858 curandisque
2761 3786 3053 3842 animabus
3107 3801 3329 3857 operam

1740 3875 1963 3944 dabant,
1994 3878 2124 3948 quia
2156 3879 2223 3934 de
2257 3887 2408 3935 tanta
2436 3879 2811 3950 oppressione,
2841 3895 2955 3950 qua
2993 3879 3327 3950 premeban-

1739 3978 1831 4024 tur
1848 3967 2094 4027 ccclesize
2130 3987 2228 4042 per
2266 3972 2508 4043 majores
2536 3971 2754 4039 domus,
2787 3987 2978 4042 pacem
3005 3980 3060 4027 et
3089 3969 3329 4042 quietem

1739 4076 1798 4117 se
1847 4062 2246 4133 aliquantulum
2315 4065 2619 4135 optinuisse
2674 4063 3000 4136 gaudebant.
3060 4062 3341 4136 Diligebat.

1738 4154 1885 4207 enim
1910 4155 2110 4210 aﬁ‘ectu
2137 4156 2495 4212 devotissimo
2524 4172 2717 4212 omnes
2739 4154 2956 4211 Domini
2990 4156 3329 4222 sacerdotes,

1737 4254 1790 4301 et
1822 4246 1932 4302 illis
1961 4248 2287 4318 promptiori
2323 4248 2657 4303 subdebatur
2687 4248 3012 4304 humilitatis
3037 4249 3328 4319 obsequio,

1736 4351 1878 4406 quos
1909 4337 2135 4393 vidisset
2173 4353 2270 4408 per
2310 4337 2487 4393 cilicia
2519 4337 2737 4408 pietatis
2776 4338 3143 4407 proximiorcs
3187 4338 3335 4395 Deo-

1734 4427 1880 4484 inter
1904 4445 2045 4499 quos
2070 4428 2289 4484 beatum
2315 4428 2652 4486 Madclvcum
2685 4437 2837 4486 tanto
2857 4429 3199 4501 propensiori
3224 4444 3323 4485 co-

998 4476 1007 4479 -
1134 4476 1144 4480 -
1309 4476 1319 4482 .
1364 4476 1375 4486 .
1504 4476 1515 4488 .
1906 4476 1919 4484 .
1947 4476 2044 4484 ..η
2070 4476 2289 4484 ..ν-η...
2315 4476 2652 4486 manu“...
2686 4476 2834 4486 πων
2857 4476 3199 4501 rerum-
3229 4476 3285 4485 --

110 4476 263 4595 Eam"
292 4486 355 4538 ad
386 4492 514 4560 quid
538 4496 723 4550 tendat
744 4498 929 4554 mum“
951 4503 1306 4574 Ρνίπείραειιδ.
1341 4507 1479 4566 Ecce
1515 4510 1631 4568 Ka-
1732 4519 1835 4576 luit
1861 4476 2168 4577 delvotionis
2198 4521 2415 4590 all‘ectu,
2448 4529 2657 4595 quanto
2695 4537 2819 4577 eum
2858 4521 3077 4578 cultiori
3118 4522 3322 4578 mentis

107 4563 216 4621 ratus
233 4577 453 4651 ρήηεερ,
470 4627 487 4652 ’

111 4670 410 4784 “angitque
448 4702 668 4784 tumuit,
694 4704 780 4784 cui
798 4721 1001 4784 semper
1032 4709 1245 4784 subdita
1269 4716 1484 4784 mansit,

109 4752 306 4870 “"32:
326 4778 452 4870 221a
470 4769 601 4852 jura
632 4772 800 4870 dedit,
827 4752 935 4860 qui
947 4795 1047 4833 sua
1061 4783 1249 4870 cuique
1274 4784 1420 4853 tulit,

186 4834 306 4881 retur
319 4834 571 4907 ﬂaminis,
603 4834 901 4901 wternus'ei
926 4860 1101 4905 manet
1130 4834 1288 4923 ignis,

46 4987 58 5005 ,
104 4930 197 4994 quia
231 4951 505 5015 postposuit
551 4953 856 5027 Dominum,
904 4977 997 5016 nec
1040 4964 1319 5022 abhorruit
1355 4972 1625 5041 confusio-

104 5035 188 5134 tifm
230 5036 590 5134 crcfesiarnm.
656 5047 871 5106 Nuncia
922 5053 1035 5109 [nec
1080 5055 1312 5128 Pippino
1350 5035 1464 5133 regi
1506 5064 1621 5134 ﬁlio

1662 4637 1707 4692 Ι)
1733 4612 2016 4668 nobilitate
2059 4613 2281 4670 Christo
2317 4615 2425 4671 Deo
2458 4615 2722 4671 adhercre
2756 4615 3032 4687 cognovit,
3063 4624 3320 4671 ornatum

1733 4703 2001 4771 moribus,
2023 4704 2229 4760 bonum
2252 4706 2554 4773 doctorem,
2586 4706 2761 4777 pium,
2788 4706 3188 4774 rationabilem,
3215 4706 3325 4762 ba-

1732 4794 1951 4851 bentem
1977 4796 2120 4854 ﬁlios
2154 4798 2209 4853 in
2253 4800 2404 4854 omni
2428 4800 2674 4867 bonitate
2698 4798 2802 4855 sibi
2847 4797 3118 4868 subditos,
3154 4814 3317 4871 para-

1730 4894 1843 4942 tum
1868 4889 2126 4945 omnibus
2154 4891 2379 4945 reddere
2400 4892 2668 4947 rationem
2703 4891 2771 4946 de
2798 4906 2883 4958 ea,
2916 4906 3039 4962 quae
3069 4890 3123 4946 in
3156 4893 3315 4952 nobis

1724 4989 1956 5050 est,spe.
1987 4979 2126 5052 (Fol.
2153 4981 2302 5053 58b.)
2328 4980 2478 5038 Licet
2502 4991 2683 5037 autem
2711 4982 2764 5035 in
2790 4984 3188 5040 restauratione
3208 5002 3315 5043 tec-

1730 5074 2022 5130 clesiarum
2058 5075 2161 5130 hac
2182 5075 2249 5130 de
2283 5091 2451 5130 causa
2486 5075 2779 5155 aliquando
2811 5076 3054 5133 studiose
3078 5078 3315 5135 desuda-

1152 5126 1194 5128 η
1404 5126 1425 5133 ,
1506 5126 1517 5134 ,
2060 5126 2158 5130 π,
2187 5126 2244 5130 _-
2291 5126 2451 5130 me---
2812 5126 3053 5133 om---"
3081 5126 3286 5135 nu-..

102 5126 278 5241 ψέξαι
308 5129 472 5188 disc“
500 5153 602 5192 ⁷⁸οη
628 5143 915 5211 δηρετδὶνθ,
963 5163 1056 5202 nec
1100 5165 1311 5219 sperare
1345 5153 1402 5207 in
1427 5154 1626 5212 incerto
1728 5166 1890 5232 verit,
1914 5174 2097 5222 tamen
2130 5174 2278 5222 tanta
2312 5177 2430 5223 erat
2456 5168 2585 5222 mali
2625 5150 2818 5238 moles,
2856 5177 3009 5226 tanta
3038 5171 3311 5241 cupidita-

131 5221 353 5241 .....-_-_-_s
482 5228 495 5241 .
528 5230 540 5241 .
609 5230 645 5241 ..
745 5234 757 5241 .
867 5235 897 5241 _

133 5205 142 5214 -
172 5209 181 5219 .
211 5212 222 5223 ,
691 5203 701 5211 ¹
902 5203 913 5211 ’
1126 5203 1137 5219 Ι
1169 5203 1176 5204 '
1240 5203 1266 5204 ⁷⁷
1287 5203 1302 5206 ⁷
1346 5203 1399 5207 ⁷⁷⁷
1429 5203 1622 5212 """"
1737 5203 1890 5232 *ιιι-ί,
1917 5203 2097 5222 ιαιυυιι
2130 5203 2278 5222 ιιιιιιηι
2312 5203 2430 5223 υιιιυ
2459 5203 2585 5222 ΙῑΙιιιι
2625 5203 2818 5238 ωυιῦο,
2859 5203 3009 5226 tanta
3038 5203 3311 5241 ιιιγιυιια-

103 5203 378 5333 imarum.
405 5228 495 5280 διά
522 5230 577 5282 in
601 5230 826 5288 υυηιίηο
854 5235 987 5305 θεον
1010 5241 1101 5310 qui
1123 5251 1294 5312 ροιεδι
1319 5253 1368 5299 ετ
1390 5248 1623 5302 ("limam
1728 5258 1798 5313 tis
1826 5259 2027 5327 rabies,
2055 5267 2116 5314 ut
2157 5274 2334 5331 usque
2364 5259 2432 5314 ad
2458 5258 2642 5315 Karoli
2676 5259 2857 5333 Magni
2887 5270 3136 5333 tempora
3159 5263 3313 5317 mali-

101 5303 310 5398 (ίςοφκε
339 5317 539 5375 mittere
558 5324 612 5378 in
636 5325 945 5395 gehennam.
990 5331 1144 5398 Quod
1170 5338 1217 5390 si
1250 5336 1347 5392 tibi
1374 5355 1478 5394 non
1509 5358 1622 5396 cre-

1725 5347 1829 5403 cici
1868 5348 2033 5420 hujus
2057 5350 2337 5405 duraverit
2359 5350 2630 5421 pernicies
2653 5362 2961 5421 vetcrnosa,
2989 5353 3121 5409 dum
3163 5354 3311 5425 quod

134 5386 143 5396 .
221 5398 231 5407 ,
636 5386 658 5395 -
994 5386 1032 5398 ,υ
1173 5386 1213 5390 η
1374 5386 1478 5394 η-.-
1509 5386 1592 5396 ν.-
1725 5386 1829 5403 ων.
1868 5386 2033 5420 an“...
2057 5386 2337 5405 “unus...
2362 5386 2630 5421 γωιηωυο
2662 5386 2961 5421 manus“,
2989 5386 3121 5409 υυω
3163 5386 3309 5425 ιιυυυι

102 5386 369 5465 Minidio
392 5409 475 5464 illi
528 5424 584 5468 ut
611 5419 1068 5492 vadatParisius,
1103 5430 1412 5502 operiatque
1440 5435 1622 5505 sepul-
1724 5440 1867 5496 male
1899 5440 2134 5514 quisque
2164 5449 2220 5497 et
2253 5441 2492 5498 indebite
2534 5453 2931 5516 usuroaverat,
2976 5446 3134 5520 pejus
3174 5447 3309 5503 reti-

1303 5558 1539 5619 vAmAz
1580 5565 1985 5627 LECTIONES.
2334 5542 2339 5549 ’

151 5621 204 5654 ⁸³⁸
222 5626 571 5703 blasphemare
593 5659 640 5699 c.

99 5804 241 5931 una?)
259 5812 327 5877 bc
344 5828 690 5896 sequentibus
714 5830 784 5889 cf.
814 5834 1099 5907 epistolam
1126 5837 1508 5911 episcoporum
1532 5750 2234 5937 algeliI‘ﬁoljl._Lttdovicum
2264 5867 2443 5924 regem
2468 5866 2598 5906 ann.
2623 5850 2747 5907 858.
2790 5850 3065 5911 Sirmond.
3088 5854 3297 5911 Concil.

152 5804 225 5865 (εῖῖ
