3932 6298
596 410 701 469 ιω

1576 402 1880 463 HUGONIS
1915 401 2216 468 ABBATIS~
2243 398 2812 468 FLAVINIACENSIS
3747 400 3834 457 με

597 545 726 585 nere
761 527 1061 597 satagebat.
1088 524 1243 581 Unde
1269 538 1392 581 eum
1415 521 1680 578 clamores
1710 521 2079 578 secclesiarum
2102 519 2170 575 ad
2199 521 2247 581 Δ
2276 518 2385 573 ries
2435 525 2614 579 tamen
2664 514 2907 571 veritatis
2950 512 3188 585 quodam
3232 512 3558 585 compendio
3596 526 3835 584 expressa

598 622 779 677 sedem
815 618 1149 683 referrentur
1170 613 1541 685 apostolicam,
1563 620 1618 667 et
1648 612 1717 667 ab
1745 628 1809 668 ea
1832 612 2171 682 requirerent

592 711 883 782 justitiam,
918 709 1191 765 Adrianus
1214 703 1451 776 pontifex
1480 702 1741 758 Karoium
1768 703 2022 775 Magnum
2045 711 2172 758 ante

595 820 797 874 corpus
842 803 991 857 beati
1030 794 1174 853 Petri
1214 796 1568 863 conveniens,
1607 804 1669 851 ut
1698 796 1882 850 omnia
1932 795 2171 865 corrige-

578 905 809 960 rentur,
855 890 1110 962 optinuit.
1152 887 1307 943 Unde
1348 888 1605 943 omnibus
1649 887 2075 957 archiepiscopis
2118 896 2173 940 et

595 986 864 1058 episcopis
890 982 1075 1038 Gallize
1108 980 1259 1036 misit
1298 981 1584 1051 epistolam
1630 996 1798 1050 quam
1843 980 1932 1034 hic
1969 993 2172 1049 ponere

595 1078 955 1142 decrevimus,
979 1074 1393 1130 considerantes
1421 1089 1675 1145 magnam
1699 1073 1754 1127 in
1777 1088 1841 1128 ea
1866 1072 2173 1128 Gallicana-

595 1186 712 1225 rum
729 1167 1103 1223 aecclesiarum
1123 1167 1504 1223 auctoritatem
1526 1166 1793 1223 contineri
1808 1165 1922 1237 (53)
1944 1184 1956 1220 :
1974 1164 2058 1218 Ad
2064 1164 2173 1217 ria-

590 1281 685 1318 nus
725 1264 1003 1333 episcopus
1030 1279 1209 1318 servus
1235 1277 1503 1316 servorum
1543 1259 1671 1328 Dei,
1703 1258 1978 1314 Bertherio
2017 1254 2174 1311 Vien-

590 1357 737 1410 nensi
764 1356 1010 1426 episcopo
1054 1354 1300 1409 salutem.
1344 1353 1580 1407 Dilectus
1602 1360 1651 1407 et
1687 1350 1918 1415 illustris
1948 1366 2010 1404 ac
2043 1346 2171 1404 reli-

588 1447 769 1516 giosus
798 1445 946 1513 ﬁlius
969 1453 1147 1499 noster
1176 1443 1405 1499 Carolus
1426 1459 1517 1497 rex
1547 1451 1595 1496 et
1621 1440 1881 1512 patricius
1907 1438 2175 1493 Romano-

590 1554 731 1602 rum,
756 1537 981 1596 Romam
1011 1538 1174 1603 venit,
1198 1546 1249 1591 et
1279 1535 1476 1606 pascha
1497 1535 1713 1597 Domini
1739 1533 1878 1604 apud
1916 1529 2173 1595 Sanctum

586 1628 818 1689 Petrum
864 1628 1135 1696 nobiscum
1159 1630 1288 1700 egit,
1313 1628 1403 1682 ubi
1432 1629 1570 1682 inter
1591 1627 1701 1682 alia
1728 1626 2024 1681 monuimus
2055 1640 2174 1679 eum

595 1720 659 1773 (te
693 1720 1222 1791 metropolitanorum
1269 1720 1494 1786 honore,
1535 1729 1584 1774 et
1617 1720 1680 1773 de
1725 1716 2027 1773 civitatibus
2057 1730 2176 1787 qua:

594 1807 751 1862 laicis
798 1809 1095 1864 hominibus
1144 1810 1359 1865 tradita:
1390 1819 1575 1875 erant;
1619 1820 1669 1865 et
1697 1811 1823 1882 quia
1857 1808 2173 1880 episcopalis

594 1897 829 1970 dignitas
852 1901 959 1969 fere
983 1916 1075 1972 per
1102 1901 1369 1971 octoginta
1401 1918 1566 1955 annos
1592 1918 1624 1955 a
1648 1900 1875 1955 Francis
1894 1909 2026 1971 esset
2052 1917 2171 1955 con-

596 1990 826 2046 calcata.
856 1991 990 2047 Cum
1028 1993 1139 2049 hare
1166 2002 1219 2047 et
1241 1992 1322 2047 his
1347 1994 1549 2051 similia
1575 1993 1836 2065 gloriosus
1864 2011 1955 2049 rea:
1990 1994 2175 2048 audis-

594 2091 694 2148 set,
739 2085 985 2153 promisit
1030 2094 1152 2140 ante
1181 2101 1370 2155 corpus
1405 2085 1545 2140 beati
1582 2084 1734 2139 Petri
1760 2085 2008 2157 apostoli,
2037 2084 2174 2156 quod

594 2177 773 2229 omnia
798 2177 866 2230 ad
894 2178 1313 2237 emendationem
1340 2186 1577 2233 nostram
1612 2179 1864 2237 venirent.
1896 2177 2042 2251 Unde
2064 2178 2178 2249 ρέα-

596 2272 707 2325 cuit
728 2273 900 2340 nobis,
927 2282 985 2327 ut
1015 2274 1255 2327 omnibus
1283 2275 1690 2345 archiepiscopis
1717 2283 1767 2329 et
1791 2274 2046 2344 episcopis
2080 2292 2178 2328 au-

600 2364 901 2417 ctoritatem
923 2363 1225 2419 litterarum
1252 2373 1555 2420 nostrarum
1590 2366 1935 2433 mitteremus,
1962 2376 2018 2419 ut
2040 2366 2176 2420 sicut

550 2510 555 2517 κ
599 2453 836 2523 antiquis
856 2454 1148 2525 privilegiis
1175 2455 1400 2526 singula:
1432 2456 1850 2527 metropolitanw
1873 2456 2023 2511 urbes
2051 2458 2175 2528 fun-

599 2544 742 2599 data:
760 2554 909 2613 sunt,
937 2547 1014 2600 ita
1043 2536 1309 2615 maneant,
1343 2558 1403 2602 ut
1424 2548 1613 2604 habeat
1639 2566 1961 2621 unaquaque
1985 2560 2178 2606 metro—
2202 2570 2211 2581 κ

598 2636 734 2705 polis
778 2638 1018 2693 civitates
1062 2638 1165 2693 sibi
1195 2639 1467 2708 subditas,
1504 2657 1634 2712 quas
1667 2642 1848 2697 beatus
1875 2641 1980 2697 Leo
2006 2652 2057 2698 et
2079 2643 2177 2697 alii

597 2729 986 2798 predecessores
1020 2741 1069 2785 et
1104 2749 1427 2788 successores
1459 2732 1625 2804 ipsius
1655 2743 1772 2804 post
1794 2732 2179 2790 Calchidonen-

598 2835 706 2873 sem
746 2821 990 2876 sinodum
1034 2822 1259 2894 singulis
1297 2824 1716 2895 metropolitanis
1756 2825 2026 2881 distinxit.
2067 2826 2177 2880 Nec

584 2922 872 2982 propterea
909 2913 1020 2968 ulla
1056 2914 1360 2986 metropolis
1408 2916 1780 2985 prwjudicium
1826 2919 2084 2988 patiatur,
2130 2919 2179 2973 si

601 3002 766 3056 alicui
792 3004 1251 3076 suﬁ‘raganeorum
1278 3016 1369 3060 aut
1396 3023 1487 3061 nos
1511 3017 1602 3061 aut
1636 3008 1985 3079 prcedecessor
2004 3019 2180 3064 noster

601 3095 911 3169 rogantibus
946 3096 1048 3166 piis
1092 3095 1429 3152 Francorum
1460 3099 1679 3153 ducibus
1724 3099 1948 3171 pallium
1997 3101 2178 3173 largiti

600 3205 803 3247 srunus.
837 3188 948 3243 Nec
983 3189 1130 3249 debet
1153 3190 1395 3246 (ecclesia
1420 3191 1591 3246 ullum
1613 3192 1899 3264 dampnum
1922 3195 2005 3248 sui
2040 3195 2180 3250 ordi-

602 3280 683 3342 nis
710 3280 831 3334 inde
853 3282 1131 3351 sustinere,
1162 3284 1211 3337 si
1246 3300 1339 3353 per
1366 3282 1440 3338 60.
1471 3294 1563 3338 aut
1594 3284 1661 3339 70
1694 3295 1786 3339 aut
1811 3285 1881 3340 80
1909 3296 2036 3341 eteo
2059 3304 2176 3341 am-

582 3371 739 3442 plius
766 3390 930 3435 annos
950 3374 1150 3444 injuria
1173 3392 1615 3448 quorumcumque
1633 3377 1919 3448 pra'sulum
1935 3388 1982 3433 et
2003 3389 2180 3433 vasta-

605 3464 745 3519 tione
786 3465 1135 3531 barbarorum
1164 3467 1476 3538 dignitatem
1505 3470 1778 3539 antiquam
1825 3479 1877 3524 et
1916 3470 2181 3533 Romano-

603 3572 722 3609 rum
753 3557 1055 3612 anlistitum
1081 3558 1341 3628 ﬁrmitate
1376 3560 1681 3633 roboratam
1708 3561 1938 3631 perdidit
1960 3572 2010 3616 et
2038 3562 2178 3633 ami—

599 3647 693 3714 sit,
738 3649 947 3719 quando
996 3650 1285 3705 innumeris
1317 3668 1465 3723 pwue
1504 3653 1655 3706 annis
1704 3652 1803 3707 illa
1839 3654 2033 3723 spiritu
2080 3653 2179 3709 Dei

601 3740 910 3810 disponente
947 3759 1042 3796 usa
1082 3743 1269 3813 fuerit.
1298 3743 1631 3804 Auctoritate
1670 3744 1835 3814 igitur
1863 3744 2000 3809 beati
2030 3744 2180 3800 Petri

603 3832 960 3902 apostolorum
990 3835 1246 3906 principis
1268 3835 1489 3906 singulis
1512 3835 1929 3906 metropolitanis
1962 3837 2180 3907 antiquo

603 3940 748 3977 more
767 3933 1080 3993 potestatem
1108 3942 1261 3981 suam
1288 3927 1635 3997 reddidimus,
1672 3937 1721 3981 et
1748 3927 1920 3998 ﬁlium
1945 3936 2181 3982 nostrum

604 4014 899 4086 gloriosum
947 4025 1006 4075 et
1029 4017 1273 4091 inclitum
1317 4036 1485 4090 regem
1530 4017 1792 4079 Karolum
1827 4028 1949 4075 ante
1994 4036 2180 4090 corpus

606 4108 747 4163 beati
779 4107 926 4162 Petri
967 4109 1088 4164 inde
1112 4111 1435 4185 rogavimus,
1464 4119 1523 4166 ut
1553 4112 1830 4185 antiquam
1869 4112 2181 4183 dignitatem

606 4218 785 4275 omnes
822 4203 1211 4277 metropolitani
1254 4205 1524 4271 haberent.
1557 4203 1685 4260 Ideo
1732 4205 1867 4268 hanc
1903 4203 2182 4275 epistolam

604 4295 943 4365 auctoritatis
974 4304 1169 4353 nostra?
1193 4296 1432 4371 omnibus
1466 4296 1739 4375 misimus,
1772 4311 1933 4368 quam
1960 4303 2018 4368 ut
2046 4302 2097 4361 et
2123 4302 2182 4363 tu

602 4385 819 4442 haberes
859 4388 1140 4457 voluimus,
1176 4397 1234 4443 ut
1273 4397 1323 4442 et
1358 4397 1416 4448 tu
1444 4404 1778 4460 cognosceres
1802 4386 2035 4448 ecclesia:
2077 4394 2183 4440 tum

602 4493 759 4530 suum
782 4477 1140 4548 privilegium,
1167 4477 1305 4549 quod
1328 4495 1360 4531 a
1395 4488 1624 4553 tempore
1646 4477 1786 4530 beati
1810 4492 1962 4546 papa:
1991 4474 2181 4546 Leonis

605 4564 814 4641 habuit,
840 4565 1038 4636 integre
1055 4582 1165 4620 esse
1193 4566 1559 4635 reformatum.
1586 4564 1729 4619 Data
1755 4564 1883 4619 Kal.
1906 4563 2179 4633 Januarii,
2215 4598 2258 4655 υ

604 4659 895 4727 imperante
922 4657 1163 4727 piissimo
1186 4665 1409 4727 augusto
1432 4656 1780 4735 Constantino
1801 4673 1937 4711 anno
1959 4658 2180 4735 decimo,

605 4758 655 4803 ct
682 4767 714 4803 a
754 4747 866 4804 Deo
895 4756 1146 4803 coronato
1166 4748 1407 4823 piissimo
1446 4764 1562 4827 rege
1605 4732 1807 4802 Karolo
1838 4764 1975 4803 atina
2012 4732 2183 4823 primo

605 4841 915 4916 patritiatus
943 4840 1085 4920 ejus.

679 4932 808 4989 Haec
837 4934 1002 5005 igitur
1024 4948 1126 4989 nos
1153 4933 1222 4989 ad
1246 4933 1725 4999 commonitionem
1749 4932 2084 4989 audientium
2114 4932 2182 4998 de

607 5038 739 5095 pace
786 5022 1142 5079 ecclesiarum
1177 5021 1271 5079 Dei
1315 5023 1418 5079 sub
1442 5022 1672 5093 Pippino
1704 5032 1759 5077 et
1792 5022 1991 5078 Karolo
2021 5022 2182 5078 resti-

606 5124 724 5172 tuta
763 5115 966 5185 dixisse
1009 5114 1256 5172 sufﬁciat.
1289 5113 1474 5186 Neque
1507 5115 1653 5170 enim
1685 5115 1737 5170 id
1763 5115 2006 5169 additum
2029 5114 2179 5185 operi

607 5208 739 5263 huic
759 5207 816 5262 in
840 5206 1000 5262 laude
1025 5206 1197 5277 patris
1220 5206 1394 5262 nostri
1420 5206 1671 5262 ﬁdelibus
1694 5205 2036 5262 fastidiosum
2060 5221 2182 5276 spe-

606 5314 823 5380 ramus,
844 5299 900 5353 in
932 5313 1042 5381 quo
1069 5298 1176 5378 etsi
1202 5313 1381 5381 sermo
1403 5298 1570 5357 nichil
1596 5298 1840 5354 conferat
1873 5297 2064 5371 gratie,
2089 5313 2179 5354 se-

2271 609 2568 679 plurimum
2603 605 2981 663 instructionis
3010 604 3259 662 conferat
3283 606 3351 643 ⁸³¹
3404 648 3411 651 .

2343 721 2485 793 (Fel.
2513 720 2627 791 54.)
2651 720 2824 791 igitur
2853 720 3110 776 sacerdos
3130 714 3367 774 eximius
3387 718 3725 791 episc0ptum
3751 734 3839 790 μδ

2271 814 2460 870 storali
2505 813 2870 869 sollicitudine
2903 812 3193 879 circuiens,
3230 812 3507 867 secclesias
3546 811 3605 865 in
3657 811 3865 881 quibus

2271 920 2383 960 non
2428 913 2586 959 erant
2630 903 2769 959 locis
2820 904 3097 969 extruxit,
3143 902 3357 959 dirutas
3396 902 3487 957 vel
3526 901 3840 956 inveteratas

2270 996 2615 1063 restauravit,
2643 995 2947 1051 ministeria
2973 995 3156 1051 divina
3184 994 3475 1061 ordinavit,
3498 993 3688 1063 plebes
3713 993 3840 1047 salu-

2270 1088 2378 1143 tari
2411 1087 2658 1144 doctrina
2679 1087 2935 1155 edocens,
2956 1095 3009 1141 et
3041 1087 3335 1157 episcopali
3360 1085 3742 1141 benedictione
3762 1100 3841 1139 sa-

2272 1180 2460 1249 crique
2479 1178 2755 1234 crismatis
2780 1178 3036 1233 unctione
3069 1178 3425 1233 conﬁrmans.
3461 1175 3647 1247 Ipsam
3676 1184 3838 1229 autem

2272 1270 2560 1326 ecclesiam
2601 1269 2746 1325 beati
2778 1267 2984 1337 Vitoni,
3010 1268 3100 1325 cui
3136 1278 3263 1324 ante
3291 1275 3606 1339 perceptam
3642 1267 3841 1337 poetili-

2272 1370 2428 1418 catus
2475 1362 2707 1432 gratiam
2748 1367 2935 1431 pastor
2974 1369 3029 1415 et
3077 1369 3258 1416 rector
3305 1359 3597 1414 institutus
3642 1357 3839 1421 fuerat,

2273 1462 2424 1510 tanta
2457 1468 2673 1523 semper
2691 1452 2982 1508 dilectione
3005 1451 3175 1507 coluit
3196 1460 3251 1506 et
3271 1451 3542 1521 provexit,
3580 1458 3646 1505 ut
3669 1464 3839 1504 curam

2274 1545 2393 1615 ejus
2421 1545 2585 1599 etiam
2616 1552 2836 1615 sumpto
2875 1544 3193 1614 episcopatu
3226 1558 3339 1597 non
3370 1542 3698 1606 dimitteret,
3727 1542 3839 1610 quin

2274 1636 2465 1708 potius
2497 1637 2648 1691 omni
2679 1652 2800 1692 eam
2841 1636 3129 1695 conamine
3162 1643 3217 1691 et
3257 1633 3459 1690 divinis
3498 1631 3839 1690 famulatibus

2274 1729 2542 1784 illustrem
2586 1728 2839 1796 reddidit,
2873 1727 3093 1799 pradiis
3132 1741 3352 1798 quoque
3373 1735 3432 1782 et
3447 1725 3839 1781 aecclesiasticis

2276 1820 2603 1876 utensilibus
2638 1820 2956 1891 ampliavit,
3001 1820 3073 1877 ob
3119 1820 3588 1890 praedecessorum
3633 1833 3838 1873 suorum

2276 1911 2481 1967 ibidem
2501 1912 2899 1982 qttiescentium
2944 1912 3165 1968 beatam
3200 1911 3548 1977 memoriam,
3585 1926 3619 1964 a
3659 1910 3839 1980 quibus

2274 2018 2375 2063 nec
2399 2018 2629 2073 corpore
2655 2018 2756 2059 nec
2783 2002 2978 2074 spiritu
3000 2002 3217 2058 volebat
3236 2001 3498 2073 disjungi,
3527 2000 3627 2056 sed
3657 2001 3712 2055 in
3738 2001 3839 2055 loco

2274 2094 2480 2166 requiei
2504 2110 2696 2150 eorum
2717 2095 2942 2165 optabat
2968 2093 3312 2165 consepeliri.
3344 2091 3502 2148 Dedit
3518 2107 3657 2163 ergo
3684 2092 3837 2147 eidem

2274 2187 2533 2244 aecclesia:
2562 2187 2629 2242 de
2670 2202 2772 2243 suo
2798 2187 3022 2257 proprio
3048 2185 3283 2245 Raberei
3325 2192 3541 2242 cortem
3573 2185 3691 2255 (δι)
3731 2200 3836 2238 cum

2275 2279 2602 2349 appenditiis
2642 2294 2744 2349 pro
2781 2278 3143 2334 tumulatione
3187 2277 3274 2333 sui
3318 2277 3612 2347 corporis,
3661 2284 3715 2331 et
3751 2277 3836 2330 alia

2274 2371 2555 2440 perplura,
2597 2380 2655 2426 ut
2701 2370 2939 2427 ostendit
2986 2370 3300 2433 chartarum
3346 2369 3568 2433 notitia.
3629 2369 3837 2437 Quidam

2275 2463 2439 2518 etiam
2475 2462 2654 2519 Sartio
2676 2463 2895 2519 nomine
2916 2463 2984 2518 ad
3017 2471 3262 2517 extrema
3285 2461 3532 2528 veniens,
3561 2469 3622 2516 et
3648 2461 3700 2515 in
3718 2460 3836 2514 atrio

2277 2553 2513 2624 praefatae
2553 2554 2812 2610 mcclesiae
2838 2568 2897 2609 se
2926 2553 3143 2624 sepeliri
3166 2553 3505 2623 deposcens,
3528 2560 3836 2608 testamenta

2278 2643 2422 2699 facto
2445 2644 2619 2714 ipsam
2659 2644 2962 2699 azcclesiam
2988 2644 3061 2709 de
3079 2643 3243 2703 rebus
3271 2643 3413 2710 suis,
3434 2658 3591 2713 quas,
3614 2642 3835 2713 posside-

2277 2736 2370 2791 bat
2393 2737 2444 2789 in
2468 2752 2607 2806 pago
2631 2734 2993 2803 Virdunense,
3016 2735 3071 2790 in
3104 2735 3228 2793 loco
3256 2734 3351 2805 qui
3373 2734 3584 2799 dicitur
3607 2722 3709 2801 Ex,
3730 2748 3834 2804 pro-

2277 2835 2397 2897 pter
2421 2827 2645 2881 fluvium
2680 2827 2926 2897 ejusdem
2970 2827 3209 2883 nominis
3234 2827 3434 2891 ibidem
3476 2827 3834 2887 decurrentem

2280 2917 2415 2988 (53),
2438 2918 2693 2973 heredem
2719 2917 2976 2985 instituit,
3002 2926 3064 2972 ut
3084 2918 3279 2973 exinde
3301 2925 3525 2982 sanctus
3553 2915 3775 2985 Vjtonus
3791 2923 3836 2969 et

2280 3008 2370 3063 hic
2398 3016 2550 3079 pater
2575 3016 2761 3064 noster
2781 3006 3681 3081 beatusbladelveusepiscopuset
3695 3005 3832 3069 abba,

2280 3102 2643 3172 custodesque
2671 3101 2845 3157 sancti
2866 3101 3113 3171 corporis
3133 3100 3360 3155 heredes
3381 3106 3572 3157 essent
3591 3097 3833 3169 perpetui.

2282 3194 2421 3267 (F01.
2453 3195 2585 3266 54’.)
2613 3194 2785 3265 Cujus
2811 3194 3118 3264 exemplum
3141 3201 3407 3264 sequutus
3428 3201 3483 3247 et
3519 3192 3664 3247 beati
3685 3190 3836 3261 patris

2281 3289 2448 3359 hujus
2489 3303 2677 3344 amore
2701 3288 2899 3344 ductus
2934 3286 3295 3353 Grimbertus,
3326 3300 3618 3357 possessor
3655 3294 3709 3339 et
3735 3284 3834 3352 ipse

2281 3378 2435 3435 fundi
2470 3379 2643 3450 ipsius
2671 3389 2724 3434 et
2744 3379 3058 3435 hereditarii
3086 3378 3232 3450 juris
3272 3378 3568 3448 particeps,
3591 3374 3832 3448 quidquid

2280 3471 2338 3526 in
2381 3471 2572 3527 eodem
2614 3470 2736 3527 loco
2777 3471 3132 3542 possidebat,
3173 3471 3413 3526 basilicze
3458 3470 3635 3525 sancti
3672 3467 3832 3522 Yitoni

2284 3562 2615 3619 condonavit
2653 3563 2709 3617 in
2752 3562 2980 3630 mansis,
3028 3562 3256 3632 campis,
3299 3561 3436 3616 oleis
3481 3560 3619 3632 (56),
3663 3560 3832 3630 pratis.

2280 3656 2519 3726 pascuis,
2560 3654 2817 3722 concisis,
2841 3653 3013 3721 silvis,
3040 3654 3199 3727 aquis
3224 3666 3604 3724 aquarumque
3623 3651 3832 3711 exitibus

2280 3754 2334 3802 et
2363 3745 2705 3802 decursibus.
2741 3743 2847 3812 Qui
2885 3744 3082 3800 exinde
3122 3744 3471 3815 postmodum
3504 3743 3742 3814 precaria
3764 3740 3831 3793 fa-

2282 3846 2391 3904 cta,
2418 3851 2508 3892 res
2542 3836 2690 3907 ipsas
2712 3850 2745 3891 a
2772 3837 2937 3892 beato
2966 3836 3085 3891 viro
3104 3836 3228 3906 jure
3249 3834 3603 3890 beneﬁciaria
3633 3832 3829 3902 recepit.

2281 3926 2632 3982 denominato
2656 3941 2825 3982 censu
2864 3925 3053 3996 viginti
3079 3925 3343 3979 librarum
3374 3923 3481 3978 olei
3509 3923 3731 3994 singulis
3749 3937 3829 3974 an-

2282 4017 2369 4078 nis
2388 4016 2445 4071 in
2479 4015 2774 4082 festivitate
2807 4016 2982 4071 sancti
3019 4013 3197 4069 Vitoni
3238 4014 3307 4068 ad
3337 4012 3635 4067 luminaria
3665 4010 3829 4066 πατιε-

2283 4108 2379 4165 sise
2402 4108 2542 4178 ejus,
2583 4108 2640 4163 in
2665 4124 2773 4178 qua
2809 4108 3090 4178 preciosus
3116 4106 3259 4161 idem
3288 4103 3579 4161 confessor
3619 4103 3831 4173 requies

2283 4200 2381 4267 cit,
2406 4200 2724 4270 praescripto
2764 4202 2930 4255 etiam
2973 4199 3180 4269 spacio,
3213 4212 3324 4268 quo
3364 4194 3827 4252 sanctuseadebe-

2283 4301 2369 4348 ret
2396 4292 2681 4348 meliorata
2708 4292 2966 4363 recipere.
2995 4290 3153 4358 Quod
3189 4298 3579 4345 testamentum
3603 4284 3830 4359 precari:

2284 4383 2476 4440 beatus
2516 4382 2761 4454 pontifex
2806 4391 2860 4439 et
2904 4383 3041 4438 abba
3094 4380 3417 4437 auctoritate
3471 4395 3572 4434 sua
3628 4375 3829 4433 ﬁrmavit

2284 4491 2431 4531 anno
2466 4475 2626 4546 tertio
2666 4474 2819 4547 regni
2840 4472 3197 4545 Karlomanni
3216 4472 3311 4544 qui
3333 4470 3438 4525 fuit
3467 4469 3638 4525 frater
3675 4464 3828 4523 Κεῖοξὶ

2285 4566 2484 4638 Magni,
2510 4567 2598 4622 die
2624 4565 2848 4621 Kalend.
2872 4564 2999 4619 Julii
3024 4579 3170 4619 anno
3193 4564 3261 4618 ab
3283 4563 3391 4617 inc.
3414 4560 3580 4616 Dom.
3614 4559 3731 4625 770,
3758 4556 3826 4608 in-

2287 4659 2524 4715 dictione
2544 4658 2598 4713 8.
2622 4657 2877 4723 Ceterum
2903 4656 3197 4729 Aquitania
3226 4653 3533 4710 sanctitatis
3562 4652 3679 4722 ejus
3703 4661 3828 4703 acce—

2287 4749 2367 4820 pit
2394 4749 2685 4822 magnalia,
2717 4750 2868 4805 illius
2887 4765 3014 4819 sepe
3037 4747 3314 4820 gressibus
3336 4746 3597 4810 lustrata,
3626 4738 3828 4797 tau-imis

2288 4830 2491 4912 rigata,
2528 4842 2791 4903 doctrinis
2818 4840 3095 4906 roborata,
3128 4848 3184 4894 et
3222 4836 3505 4892 miraculis
3544 4834 3826 4907 gloriﬁcan-

2291 4931 2508 5005 (Benr.)
2541 4931 2649 4988 Res
2677 4933 2894 5004 quippe,
2919 4948 3057 5003 quas
3096 4928 3459 4986 Virdunensis
3499 4926 3734 4984 tecclesia
3749 4936 3830 4975 an-

2285 5023 2517 5094 tiquitus
2552 5015 2620 5077 in
2651 5024 2772 5098 ipsa
2800 5024 3018 5095 regione
3052 5006 3316 5094 possedit,
3341 5019 3654 5091 frequenter
3669 5014 3828 5075 visita-

2289 5112 2402 5182 bat,
2433 5122 2489 5169 et
2519 5112 2668 5169 Vitas
2698 5128 2794 5169 seu
2837 5114 3101 5169 miracula
3134 5112 3596 5184 praedecessorum
3635 5115 3827 5177 suorum

2290 5209 2609 5285 pontiﬁcum
2633 5223 2820 5267 secum
2846 5206 3078 5274 ferebat,
3103 5214 3162 5260 nt
3196 5219 3293 5275 per
3316 5202 3535 5257 illorum
3557 5198 3733 5263 merita

2290 5300 2413 5356 illas
2448 5284 2675 5357 liberius
2705 5299 3026 5376 possideret,
3068 5296 3154 5354 vel
3201 5293 3532 5380 pagensibus
3566 5282 3828 5361 dominam

1889 5412 2120 5468 VARIA‘.
2154 5410 2562 5470 LECTIONES.

678 5513 741 5544 ’θ’
770 5510 1059 5565 Revertere
1084 5509 1151 5565 ad
1179 5506 1478 5580 posteriora
1507 5515 1561 5565 et
1588 5506 1738 5585 quod
1759 5504 2014 5587 dimisisti
2044 5510 2224 5575 repete
2246 5520 2293 5557 c.
2329 5504 2385 5557 in
2422 5521 2592 5574 marg.

2108 5595 2339 5667 Nam.

831 5689 1005 5772 Mansi
1045 5698 1081 5744 t.
1123 5687 1238 5756 ΧΠ,
1268 5705 1317 5759 p.
1348 5688 1469 5744 8i7.

704 5762 772 5815 54
835 5760 1114 5815 Rtecourt.

835 5760 1126 5840 Biecourt.
1202 5830 1213 5840 .

681 5832 799 5904 (55)
830 5831 1043 5898 Axona,
1075 5839 1134 5885 ut
1165 5830 1394 5885 videtur.

2362 5686 2478 5758 (56)
2520 5686 2671 5758 010a,
2702 5699 2872 5758 germ.
2900 5683 3039 5751 esch,
3067 5690 3223 5738 terra:
3244 5677 3426 5751 portio
3453 5669 3659 5732 aralvili.
3684 5659 3824 5722 loss's

2291 5755 2377 5815 vel
2405 5755 2623 5829 sepibus
2655 5755 2884 5812 inclusa.
