3932 6298
158 379 243 435 H9

1376 376 1794 435 CHRONICON.
1817 412 1888 421 —
1909 379 2037 436 LIB.
2062 377 2103 434 I.

3268 389 3374 447 150

158 491 326 558 carior,
359 489 597 561 subjecto
610 467 778 546 esset
804 467 1084 546 humilior.
1122 468 1371 547 Fuei'unt
1393 500 1575 546 autem
1607 506 1696 547 res
1726 492 1772 549 Α
1796 490 2034 549 dictione
2057 500 2113 546 et
2140 490 2288 558 data,
2317 484 2431 548 exit
2455 507 2633 549 novus
2665 493 2867 570 hospes
2896 494 2953 550 in
2980 493 3169 555 cordis
3183 497 3371 557 letitia.

158 586 290 641 istae:
317 583 521 637 abbatia
548 581 720 637 sancti
762 582 1005 638 Amantii
1045 582 1101 637 in
1135 581 1367 638 Rotenia
1408 582 1544 638 urbe
1574 582 1688 655 (57)

157 689 261 731 cum
283 672 628 743 appendiciis,
667 673 833 730 ﬁscus
859 675 1026 730 etiam
1062 675 1249 753 regius
1292 674 1689 743 Maderniacus,

156 777 199 823 et
217 766 337 822 alius
356 765 663 822 Puliniacus
683 767 927 835 nomine,
947 767 1137 823 donati
1162 767 1490 823 servitorum
1516 768 1690 824 sancti

156 857 275 914 Petri
303 869 351 914 et
385 860 558 914 sancti
598 856 785 914 Vitoni‘
823 860 1019 917 usibus
1061 861 1238 932 ipsius
1266 861 1411 917 beati
1450 861 1692 916 Amantii

155 952 399 1024 largitione
420 950 551 1023 (58).

211 1043 331 1114 (Fol.
354 1044 419 1099 54
446 1043 705 1115 inmarg.)
733 1043 894 1099 Anno
918 1060 1050 1100 vero
1077 1045 1437 1102 ordinationis
1461 1061 1575 1103 suae
1603 1046 1693 1115 I5,

155 1137 231 1207 qui
257 1144 365 1191 erat
388 1136 491 1191 ine.
523 1134 681 1191 Dom.
716 1136 839 1203 765,
877 1137 1055 1192 delata
1090 1146 1221 1193 sunt
1245 1138 1315 1193 ab
1344 1139 1478 1192 urbe
1518 1136 1694 1192 Roma

157 1244 233 1298 per
254 1228 597 1283 venerabilem
627 1228 1045 1301 Grodegandum
1072 1229 1393 1286 Mettensem
1427 1228 1696 1300 archiepi-

156 1334 345 1390 scopum
392 1335 618 1391 corpora
669 1330 983 1377 sanctorum
1029 1322 1313 1395 Gorgonii,
1362 1321 1595 1378 Naboris
1641 1330 1697 1377 et

154 1408 354 1478 Nazarii,
382 1427 411 1466 a
439 1428 759 1469 successore
788 1412 1048 1485 Stephani
1073 1415 1246 1471 Paulo
1269 1431 1407 1486 papa
1430 1415 1535 1471 sibi
1555 1430 1694 1471 con-

157 1518 280 1558 cessa
328 1518 465 1558 nono
513 1514 747 1575 papatus
781 1506 866 1561 sui
919 1523 1094 1574 anno,
1139 1516 1194 1563 et
1248 1508 1500 1578 sequenti
1550 1523 1695 1561 anno

158 1604 346 1665 uterque
373 1595 604 1651 decessit
628 1612 660 1651 a
682 1599 868 1653 seculo
898 1598 1195 1669 indictione
1229 1599 1440 1670 quinta,
1480 1606 1535 1654 et
1558 1598 1697 1654 Cro-

157 1686 391 1757 dcgandus
414 1687 467 1741 in
496 1689 855 1757 monasterio,
883 1691 1031 1761 quod
1061 1690 1259 1746 Gorzia
1288 1691 1510 1758 dicitur,
1549 1692 1693 1761 quod

157 1777 247 1846 ipse
268 1787 658 1847 construxerat,
691 1783 993 1838 tumulatus
1032 1792 1347 1851 veneratur,
1376 1784 1469 1839 ubi
1509 1789 1695 1855 postea

157 1870 349 1939 positum
368 1880 447 1927 est
468 1887 672 1943 corpus
692 1874 869 1930 sancti
895 1874 1154 1947 Gorgonii
1176 1891 1322 1931 anno
1344 1886 1467 1947 post
1488 1876 1697 1932 obitum

156 1960 250 2029 ejus
273 1969 471 2031 quarto,
523 1963 780 2019 videlicet
826 1980 973 2020 anno
1016 1966 1085 2022 ab
1113 1966 1220 2023 inc.
1253 1967 1411 2022 Dom.
1439 1967 1563 2036 768,
1611 1983 1699 2023 re-

157 2053 402 2121 gnantibus
418 2054 528 2125 jam
559 2064 690 2126 post
715 2055 1006 2128 Pippinum
1030 2058 1156 2114 ﬁliis
1181 2059 1301 2129 ejus
1328 2058 1698 2115 Karlomanno

156 2153 197 2197 et
218 2146 387 2202 Carolo
412 2147 651 2218 (Transi.
683 2149 977 2221 Gargonii?
1001 2149 1084 2206 Cf.
1121 2151 1319 2207 Annal.
1358 2151 1693 2223 Fuldenses).

210 2236 329 2307 (Fol.
354 2240 478 2312 Μ’.)
496 2240 642 2296 Dum
665 2242 830 2314 igitur
857 2242 1144 2314 multiplici
1164 2244 1426 2301 virtutum
1446 2244 1699 2317 flagraret

156 2330 403 2397 desiderio,
454 2334 652 2389 incidit
694 2335 745 2390 ei
799 2336 1059 2407 cogitatio
1103 2338 1171 2393 ad
1215 2338 1529 2409 sepulcrum
1573 2338 1698 2394 vitae

158 2422 373 2494 principis
412 2423 839 2482 Jherosolimam
881 2444 1107 2500 pergere
1135 2431 1556 2502 peregrinando.
1595 2430 1697 2487 Fe-

158 2514 335 2570 stinavit
362 2516 540 2587 itaque
581 2518 811 2589 implere
845 2520 1157 2577 voluntaria
1190 2522 1510 2591 exibitione,
1549 2525 1697 2594 quod

159 2615 301 2662 mente
326 2611 563 2681 concepit
595 2611 778 2667 divina
805 2611 1183 2682 inspiratione.
1228 2613 1479 2686 Dumque
1510 2617 1565 2671 in
1601 2618 1699 2673 ad-

159 2699 505 2758 ministratione
540 2704 757 2760 itineris
783 2705 1095 2760 necessaria
1131 2723 1348 2777 queque
1393 2709 1697 2778 praeviden-

158 2799 242 2858 tur,
272 2793 572 2864 principalis
624 2797 869 2853 aecclesia
904 2798 1145 2868 peccatis
1190 2799 1534 2871 exigentibus
1574 2800 1698 2872 igne

159 2885 529 2953 apprehenditur
585 2904 650 2946 ac
720 2887 961 2946 seviente
1032 2891 1288 2949 incendio
1347 2893 1698 2949 succenditur

160 2974 357 3058 [seu].

211 3113 493 3192 Iarbantur
514 3120 730 3192 plebes,
757 3122 1021 3178 tolluntur
1039 3123 1107 3178 ad
1132 3123 1321 3179 ethera
1346 3140 1529 3192 voces,

212 3185 343 3244 Unus
370 3189 423 3243 in
446 3185 586 3247 urbe
611 3185 789 3261 doler,
814 3194 1126 3251 communis
1155 3195 1364 3251 civibus
1388 3185 1602 3251 horror.

1724 3205 1770 3269 C

160 3296 281 3356 Tunc
305 3319 446 3361 mens
493 3305 762 3362 Madelvei
815 3308 869 3363 in
919 3309 1137 3365 diversa
1185 3309 1416 3380 rapitur,
1472 3309 1700 3380 spiritus

159 3393 386 3464 anxiatur,
411 3414 623 3470 corque
651 3394 924 3457 turbatur.
960 3401 1223 3457 Tamdem
1254 3403 1311 3457 in
1341 3419 1400 3459 se
1422 3418 1698 3470 reversus,

160 3482 371 3557 illiusque
394 3506 609 3547 memor
623 3494 929 3563 proverbii:
956 3493 1077 3549 Non
1106 3504 1185 3550 est
1208 3512 1428 3566 magnus
1452 3513 1702 3567 magnum

157 3584 313 3641 putans
345 3582 477 3651 quod
506 3592 675 3637 ruunt
728 3583 876 3655 ligna
926 3594 978 3640 et
1025 3585 1252 3657 lapides,
1298 3594 1349 3639 et
1400 3587 1703 3640 moriuntur

160 3671 389 3739 mortales,
434 3676 737 3746 temporale
777 3677 1076 3748 dampnum
1122 3678 1394 3748 patienter
1442 3678 1586 3746 tulit,
1638 3694 1704 3734 ac

162 3759 310 3815 statim
334 3764 386 3818 in
406 3767 688 3822 meliorem
713 3776 918 3824 statum
949 3785 1204 3840 reparare
1226 3768 1491 3825 fabricam
1512 3770 1699 3840 jussit.

160 3846 484 3915 Conventione
498 3876 669 3930 porro
684 3861 824 3921 facta
842 3877 967 3917 cum
990 3862 1312 3931 artiﬁcibus,
1325 3863 1704 3934 deputatisque

161 3946 455 4017 Custodibus,
480 3959 535 4006 et
565 3953 834 4010 ordinatis
855 3955 1183 4010 necessariis
1213 3956 1545 4025 sumptibus,
1576 3970 1705 4010 sua-

160 4033 248 4101 det,
268 4053 504 4107 precatur
534 4044 882 4115 imperatque
929 4062 1069 4117 opus
1108 4047 1371 4102 inchoare
1410 4046 1700 4113 maturius,

161 4127 419 4186 accelerare
442 4134 726 4200 attentius,
750 4136 968 4205 explere
988 4136 1320 4206 diligentius.

214 4235 296 4295 His
321 4242 389 4297 ita
412 4246 628 4302 collatis
659 4246 822 4302 datur
847 4248 1136 4303 alternatio
1166 4248 1329 4304 votis.

255 4349 387 4449 780.)
414 4356 803 4429 Prazparantur
846 4369 1100 4433 sumptus
1156 4377 1223 4417 ac
1271 4361 1519 4417 vehicula
1552 4368 1704 4416 tanto

159 4440 307 4532 itineri
333 4453 660 4523 necessaria,
693 4455 970 4526 eliguntur
1018 4456 1246 4513 comites
1282 4471 1469 4532 amore
1498 4454 1703 4512 Christi

1864 602 2113 681 Eulcitur
2143 604 2354 681 cuneis,
2383 620 2524 681 quos
2545 606 2713 681 nectit
2741 623 2896 667 amor
2914 609 3134 681 pietatis
3165 629 3179 666 :

1864 672 2054 750 Eletus
2078 689 2182 750 ora
2206 672 2417 746 rigant;
2434 676 2708 747 singultus
2730 672 2956 750 pectora
2972 690 3258 750 quassant.

1864 743 1990 821 flet
2003 744 2149 821 pius,
2169 743 2285 815 ipse
2296 762 2510 821 gregem
2527 743 3023 821 prospectans‘ﬁerfe
3035 760 3350 821 sequentem
3358 794 3374 821 ,

1861 813 2162 888 Compulit,
2187 813 2247 870 ut
2273 813 2498 873 redeant
2512 813 2547 883 ;’
2561 818 2638 871 illi
2663 813 2964 874 ferventius
2982 813 3238 888 instant,

1866 882 1974 940 Ora
1996 882 2306 957 manusque
2325 888 2487 956 pedes
2511 882 2806 959 Stringunt,
2828 890 3135 962 mulcetque
3152 882 3376 964 gemen-

1864 1023 2272 1097 Ingeminatur:
2308 1026 2433 1093 Ave,
2469 1025 2644 1095 Salve,
2678 1026 2944 1099 Felixque
2976 1030 3164 1086 valeto.
3235 962 3375 1035 “es;

1794 1137 2007 1210 Vixque
2050 1149 2174 1212 post
2224 1141 2342 1197 haec
2392 1141 2579 1197 multis
2623 1142 2877 1213 precibus
2927 1143 3147 1214 elapsus
3189 1161 3383 1202 eorum

1795 1231 2069 1299 manibus,
2099 1234 2304 1287 iterum
2330 1231 2511 1287 ﬁrmat
2531 1247 2627 1287 eos
2642 1232 3133 1302 benedictionibus,
3150 1251 3381 1293 monens
3483 1292 3486 1295 .

1794 1327 1851 1376 et
1872 1319 2172 1390 deprecans
2218 1320 2508 1376 sollicitius
2555 1320 2758 1376 divinis
2797 1321 3080 1394 invigilare
3120 1324 3383 1389 cultibus,

1796 1427 1859 1467 ac
1885 1411 2194 1467 animarum
2221 1413 2453 1468 salutem
2483 1427 2713 1483 querere
2734 1414 3079 1483 propensius.
3115 1413 3206 1470 Sic
3242 1423 3385 1471 tam-

1795 1504 1921 1560 dem
1982 1520 2078 1560 eos
2132 1505 2528 1560 commendans
2586 1503 2840 1572 Domino,
2891 1505 3141 1577 graditur
3188 1521 3385 1578 aggere

1795 1594 2034 1666 publico,
2089 1595 2261 1652 fretus
2312 1596 2408 1652 Dei
2442 1596 2667 1652 auxilio.
2701 1594 2892 1667 Itaque
2930 1612 3154 1653 emensa
3198 1598 3384 1652 nativa

1799 1683 1973 1741 Gallia
2006 1694 2131 1756 post
2158 1702 2354 1757 aspera
2390 1702 2455 1742 ac
2487 1687 2646 1742 devia
2683 1687 2902 1758 Alpium
2939 1685 3135 1741 itinera
3178 1687 3388 1756 excepit

1799 1792 1926 1832 eum
1952 1776 2127 1844 Italia,
2171 1778 2449 1834 deducens
2482 1777 2715 1833 Romam
2750 1779 3123 1848 apostolorum
3162 1778 3383 1846 limina;

1732 1856 1773 1916 Β
1803 1868 1897 1924 ubi
1931 1884 2029 1939 per
2049 1869 2265 1925 diversa
2296 1878 2600 1942 martyrum
2629 1869 2896 1925 cimiteria
2921 1886 3158 1940 querens
3181 1870 3387 1925 oratio-

1800 1976 1932 2014 num
1972 1960 2281 2031 juvamina,
2337 1961 2679 2031 pernoctavit
2732 1962 3046 2034 vigiliarum
3099 1962 3387 2030 instantia,

1799 2050 2146 2121 frequentius
2168 2052 2314 2107 beati
2338 2051 2487 2108 Petri
2514 2053 2762 2109 revisens
2784 2054 3041 2109 oratoria.
3073 2052 3392 2109 Presidebat

1798 2158 1865 2200 eo
1892 2151 2133 2215 tempore
2157 2143 2419 2200 Romanae
2443 2146 2689 2201 ecclesiae
2723 2145 3019 2214 Adrianus,
3053 2146 3139 2200 vir
3168 2154 3391 2216 aposto-

1798 2235 1959 2303 licus,
2001 2235 2093 2292 cui
2147 2236 2444 2293 nunciatus
2488 2246 2573 2293 est
2619 2237 2930 2294 Madclveus
2980 2238 3391 2294 sacratissimus

1797 2329 2142 2400 peregrinus.
2174 2328 2416 2402 Benigne
2442 2338 2527 2387 est
2564 2330 2633 2386 ab
2662 2346 2728 2386 eo
2749 2339 3058 2401 susceptus,
3102 2329 3392 2402 benignius

1797 2419 1990 2476 diebus
2027 2420 2214 2477 multis
2257 2430 2524 2490 retentus,
2570 2421 2959 2493 benignissime
2992 2422 3218 2493 probata
3269 2421 3391 2492 ejus

1798 2516 2076 2572 voluntate
2131 2531 2258 2572 cum
2318 2517 2617 2585 apostolica
2668 2515 3047 2571 benedictione
3100 2515 3393 2573 dimissus.

1798 2607 2175 2680 Pretergressa
2200 2623 2331 2680 ergo
2359 2606 2573 2662 Nursia:
2603 2606 2905 2677 provincia,
2925 2599 3165 2677 suscepit
3189 2620 3391 2662 novum

1799 2698 2074 2769 hospitem
2102 2698 2423 2768 Campania,
2476 2714 2641 2768 quem
2688 2698 2883 2753 exinde
2928 2699 3173 2769 amplexa
3208 2706 3294 2752 est
3333 2697 3392 2752 in

1799 2789 2055 2862 Gargano
2079 2790 2393 2861 archangeli
2417 2789 2684 2846 :ecclesia.
2710 2790 2882 2861 Cujus
2904 2806 3004 2861 pro
3040 2789 3252 2845 foribus
3291 2789 3394 2843 ali-

1799 2883 2022 2954 quant-is
2073 2882 2354 2938 excubans
2400 2882 2676 2950 noctibus,
2734 2882 3081 2939 confortatur
3132 2883 3394 2954 angelicis

1800 2974 2296 3041 consolationibus,
2330 2974 2675 3035 cxhiiaratur
2711 2975 2912 3031 divinis
2950 2975 3389 3031 revelationibus.

1798 3066 2210 3122 Prestolabatur
2237 3082 2363 3122 eum
2397 3067 2642 3139 gaudens
2670 3066 2923 3137 Appulia,
2952 3067 3208 3137 vulgante
3240 3066 3396 3129 fama.

1800 3159 1920 3231 ejus
1945 3159 2252 3215 sanctitatis
2285 3159 2550 3230 insignia;
2584 3175 2747 3230 quem
2774 3169 2834 3215 ut
2860 3159 3012 3226 vidit,
3044 3158 3238 3214 mirata
3260 3175 3394 3230 pro-

1803 3252 2060 3308 clamavit
2083 3268 2209 3307 cum
2235 3251 2528 3308 Psalmista
2557 3271 2568 3305 :
2603 3251 2753 3306 Sicut
2786 3252 3085 3306 audivimus
3111 3252 3189 3307 ita
3224 3260 3273 3307 et
3318 3254 3369 3307 vi
3396 3280 3400 3294 τ

1801 3347 1975 3401 dimus
2008 3345 2181 3418 (Psal.
2216 3362 2382 3413 x1.vu,
2420 3345 2498 3414 9).
2533 3344 2666 3400 Post
2689 3345 2905 3402 diversa
2930 3353 3112 3400 autem
3138 3345 3390 3399 locorum

1801 3439 2123 3494 diverticula
2149 3439 2369 3509 pontica
2399 3436 2512 3510 (59)
2542 3437 2845 3509 ingreditur
2870 3438 3073 3493 littora.
3104 3435 3242 3493 Hinc
3274 3445 3394 3492 tur-

1802 3536 1911 3592 bidi
1964 3536 2251 3591 imminent
2298 3533 2519 3601 fluctus,
2552 3532 2843 3604 procellosi
2889 3538 3186 3588 occurrunt
3228 3527 3395 3600 spiri-

1803 3637 1914 3685 tus.
1957 3627 2282 3698 Suscipiunt
2318 3626 2656 3682 Madelveum
2706 3623 3017 3696 pontiﬁcem
3048 3622 3397 3694 peregrinum

1803 3722 1913 3777 vita
1943 3721 2281 3792 religiosum,
2318 3719 2631 3775 innocentia
2671 3718 2994 3792 gloriosum.
3046 3714 3149 3771 Dat
3169 3716 3394 3771 naulum

1806 3817 2044 3889 navigio,
2075 3816 2303 3873 credens
2350 3832 2410 3873 se
2437 3816 2607 3872 maris
2653 3815 2917 3887 periculo,
2966 3821 3158 3885 pastus
3194 3811 3398 3871 caelesti

1806 3908 2096 3965 sacriﬁcio.
2150 3906 2460 3962 Protelatur
2509 3907 2785 3980 navigatio
2830 3907 3131 3967 multorum
3180 3903 3393 3967 dierum

1806 3998 2100 4055 curriculo.
2128 3997 2301 4054 Instat
2326 4000 2583 4055 sacerdos
2607 3998 3106 4071 praedicationibus,
3139 3995 3410 4052 infamat-

1806 4101 2003 4149 nautas
2028 4092 2294 4149 doctrinis
2330 4093 2686 4148 salutaribus.
2723 4093 3009 4149 Continuis
3045 4092 3258 4162 jejuuat
3284 4090 3399 4145 die-

1806 4184 1928 4253 bus,
1954 4186 2157 4257 vigiliis
2179 4192 2467 4255 pernoctat
2496 4192 2552 4238 et
2578 4185 2940 4239 orationibus.
2964 4182 3103 4238 Cum
3147 4198 3276 4238 vero
3310 4182 3400 4238 die

1806 4271 2045 4348 quadam
2120 4286 2403 4332 assuetum
2463 4285 2646 4332 nauta:
2700 4276 3054 4331 concinerent
3124 4276 3394 4342 celeuma,

1808 4367 2237 4439 garrulitateque
2258 4376 2660 4438 perstreperent
2690 4367 2927 4432 nautica,
2958 4373 3252 4435 tempestas
3280 4367 3398 4423 ori-

1810 4466 1901 4516 tur
1928 4460 2235 4531 repentina.
2264 4459 2431 4517 Navis
2460 4467 2643 4516 autem
2668 4458 2862 4515 mediis
2884 4458 3197 4530 jactabatur
3216 4458 3397 4515 ﬂucti-

159 4529 409 4636 lit-liventes,
442 4543 498 4599 in
525 4548 807 4618 prosperis
848 4548 1105 4616 humiles,
1131 4550 1186 4604 in
1224 4529 1468 4606 adversis
1511 4548 1700 4605 fortes.
1736 4579 1782 4633 ι)
1809 4552 1937 4621 bus,
1965 4529 2192 4624 suisque
2221 4553 2537 4609 solvebatur
2559 4552 2933 4625 compagibus.
2961 4551 3218 4608 Turbatis
3255 4567 3396 4608 cun-

160 4622 300 4700 (ῖθθσ)
327 4631 498 4691 Favor
527 4640 933 4709 metropolitani
960 4624 1521 4711 queritur,assensus
1548 4657 1704 4696 com-
1738 4622 1777 4633 u
1807 4654 2022 4702 ctorum
2052 4622 2275 4713 animis,
2300 4646 2480 4702 ablata
2518 4662 2614 4718 spe
2642 4622 2858 4714 salutis,
2889 4646 3007 4701 sola
3037 4645 3262 4701 suberat
3282 4643 3397 4700 for-

158 4723 532 4786 provincialium
585 4733 970 4804 episcoporum
1014 4732 1238 4805 petitur,
1295 4749 1396 4789 nec
1453 4740 1702 4804 negatur.

159 4809 272 4877 (Fel.
299 4818 420 4893 55‘.)
459 4822 773 4881 Tristantur
823 4827 979 4882 tamti
1007 4827 1076 4857 ’δ’
1119 4826 1397 4897 comparis
1435 4827 1701 4894 absentia,

159 4898 360 4965 lelantur
414 4914 481 4970 de
535 4917 657 4988 ejus
716 4917 966 4989 justitia,
1030 4928 1328 4989 precantur
1386 4919 1465 4973 illi
1514 4921 1707 4980 adesse

159 4991 330 5056 Christi
378 5010 762 5078 prazsentiam,
828 5028 938 5067 non
988 5011 1177 5067 defore
1241 5010 1480 5083 Spiritus
1532 5017 1709 5071 sancti

161 5090 376 5176 gratiam.
420 5098 861 5159 Benedictionem
903 5112 1099 5175 rogant
1118 5104 1315 5176 rogati,
1350 5105 1588 5161 salutant
1615 5122 1707 5163 sa-

159 5174 306 5239 lutati.
358 5186 558 5247 Eorum
600 5194 821 5251 demum
858 5174 1088 5251 consilio
1127 5174 1413 5252 ordinatur
1453 5199 1705 5269 ecclesia,

161 5280 539 5338 commendatur
579 5285 735 5357 plebs
784 5287 1098 5343 commissa.
1144 5284 1236 5345 Sic
1279 5296 1497 5361 accepta
1538 5290 1707 5345 bene-

1806 4739 1955 4794 mido
1978 4739 2192 4795 mortis.
2219 4739 2358 4811 (Fol.
2397 4740 2531 4812 55’.)
2574 4740 2728 4796 Tunc
2770 4739 2969 4811 praesul
3020 4737 3395 4808 beatissimus,

1807 4845 1917 4885 non
1947 4840 2095 4886 sorte
2120 4832 2365 4888 detectus
2392 4832 2539 4887 velut
2566 4831 2731 4888 Jonas
2757 4831 3040 4903 fugitivus,
3069 4831 3165 4887 sed
3188 4833 3396 4888 sancti-

1810 4931 1918 4978 tate
1944 4924 2302 4996 conspicuus,
2339 4924 2428 4980 cui
2456 4924 2721 4995 probatus
2764 4923 2979 4980 Domini
3021 4939 3234 4992 servus,
3264 4941 3399 4980 voce

1812 5015 2061 5070 omnium
2112 5025 2337 5088 rogatus
2387 5017 2571 5086 pulsat
2616 5017 2807 5072 cmlum
2856 5016 3207 5089 singultibus,
3239 5025 3400 5073 vocat

1815 5106 2097 5163 Christum
2139 5109 2450 5180 gemitibus.
2489 5108 2619 5165 Ilico
2640 5108 2829 5165 caalum
2858 5109 2975 5181 ejus
3007 5109 3185 5181 patuit
3214 5108 3398 5180 preci-

1813 5199 1939 5268 bus,
1970 5208 2026 5256 et
2069 5202 2247 5257 oratio
2293 5201 2361 5255 ad
2403 5216 2670 5271 supernos
2714 5201 2958 5274 pervenit
2993 5202 3233 5258 auditus.
3284 5199 3398 5258 Nec

1812 5305 1993 5360 mora,
2017 5293 2161 5350 aeris
2181 5293 2450 5350 serenitas
2471 5295 2745 5377 marisque
2770 5296 2913 5356 redit
2934 5293 3301 5368 tranquillitas
3331 5308 3402 5362 ac

1403 5402 1639 5460 vanum
1669 5404 2098 5485 ‘LECTIONES.

220 5480 280 5515 ’³⁸
312 5487 384 5542 ita
410 5492 591 5549 codex.

1654 5588 1886 5647 ΝΟΤᾸΞ.

222 5661 321 5797 ἓῦἵ)
351 5668 585 5730 Rhodez.

246 5734 323 5797 58)
357 5740 510 5797 Anno
554 5746 585 5797 9

170 5734 323 5850 “$38)
357 5740 510 5825 Anno
554 5745 706 5828 952,.
740 5746 959 5830 demum
1010 5747 1373 5820 Berengarius
1416 5750 1707 5833 episcopus

279 5821 492 5850 umnam
529 5813 832 5850 Vllnnunnna
878 5820 1016 5850 ιυυ...
1074 5820 1321 5850 nun-mlum
1367 5820 1404 5850 α
1477 5821 1703 5850 Anus-nu

209 5803 834 5899 irdu'nensis‘Vitonianis
878 5820 1019 5874 bona
1067 5803 1324 5889 quietiam
1352 5803 1708 5876 iSfAiuaittii

1808 5683 2016 5823 ξὲἓριδιξῗι
2049 5681 2302 5753 donavit,
2340 5698 2507 5756 quam
2554 5684 2669 5759 ipse
2710 5681 2875 5758 Hugo
2905 5659 3054 5744 infra.
3089 5659 3400 5746 inttextum

1880 5822 1997 5896 (59)
2032 5822 2070 5878 l.
2096 5839 2145 5879 e.
2181 5824 2414 5882 marina.
