3932 6298
515 316 619 373 151

1533 313 1836 372 llUGONlS
1871 315 2165 374 ABBATIS
2200 319 2771 377 FLAVINIACENSIS

3685 327 3783 386 552

514 428 826 489 animorum
860 427 1195 498 jocunditas.
1230 428 1358 484 ln'Je
1397 428 1715 485 Bizanteum
1754 431 1986 488 letantes
2018 441 2099 488 te-
2129 435 2258 493 Ain
2296 445 2471 500 ortum
2512 454 2687 505 suum,
2712 446 2765 496 et
2808 437 3046 497 comedat
3085 437 3320 508 fructum
3359 453 3635 511 pomorum
3662 457 3783 497 suo-

515 530 757 580 uuerunt
789 530 1031 593 portum.
1057 521 1718 591 Constantinopolitanum
1763 523 1818 577 in
1854 524 1960 580 illis
1986 525 2102 581 die-

516 616 621 673 bus
671 602 891 688 regebat
940 613 1226 685 imperium
1270 610 1664 670 Constantinus
1713 631 1840 671 cum
1890 615 2103 687 llyrene

517 719 713 775 matre,
743 709 800 763 in
835 706 1004 767 rebus
1028 704 1234 767 bellicis
1258 712 1538 772 strenuus,
1570 706 1624 761 in
1644 707 1883 763 cultibus
1905 708 2104 764 divinis

513 799 924 856 devotissimus.
974 796 1070 852 Hic
1102 795 1379 866 accipiens
1400 796 1614 868 justum
1658 799 1944 855 advenisse
1986 798 2101 855 Ma-

514 893 784 959 delveum,
819 903 1060 962 querere,
1097 896 1153 943 et
1193 888 1309 945 suis
1352 891 1739 960 conspectibus
1773 901 2101 962 prtesentare

513 985 771 1055 praecepit
795 979 1156 1043 inventum.A
1185 996 1297 1051 quo
1322 982 1496 1036 multa
1519 982 1749 1039 audiens
1783 984 1934 1038 utilia
1958 1000 2090 1040 sum.

513 1093 621 1148 que
662 1074 821 1135 saluti
864 1072 1130 1143 proﬁeua,
1178 1081 1239 1128 ut
1281 1089 1388 1144 pro.
1423 1091 1481 1130 se
1524 1074 1620 1130 Dei
1663 1076 2097 1132 misericordiam

513 1181 670 1220 orare
698 1164 1019 1234 dignaretur
1046 1179 1209 1235 prece
1250 1164 1490 1235 quesivit
1519 1166 1849 1231 humillima,
1888 1167 2100 1237 precio—

509 1270 678 1325 suque
703 1255 753 1310 ei
780 1254 1017 1311 offerens
1042 1255 1258 1322 exenia,
1281 1270 1404 1327 qtae
1429 1255 1521 1311 ille
1543 1258 1869 1328 contempsit
1890 1258 2098 1325 omnia,

508 1355 706 1418 optatae
729 1348 833 1405 via:
862 1348 1075 1405 dimisit
1098 1336 1229 1403 eum
1253 1332 1378 1403 cum
1408 1347 1732 1403 reverentia.
1777 1348 1948 1415 Quem
1973 1347 2102 1405 Gre-

505 1439 590 1494 cia
620 1440 902 1511 excipiens
922 1439 1292 1511 peregrinum,
1323 1439 1518 1494 mirata
1542 1448 1625 1495 est
1646 1440 1790 1495 inter
1815 1455 1946 1496 suos
1963 1441 2099 1514 phy-

504 1532 823 1603 l030phum,
878 1541 1035 1588 extra
1080 1546 1214 1587 suos
1271 1531 1656 1602 the050phum.
1711 1531 1843 1587 Erat
1899 1532 2099 1602 quippe

505 1639 635 1680 vere
672 1624 911 1693 sapiens,
950 1632 1142 1694 potens
1184 1623 1240 1679 in
1286 1623 1454 1679 verbo
1503 1632 1557 1678 et
1583 1624 1852 1679 doctrina.
1884 1622 1960 1679 De
2003 1638 2098 1679 ore

505 1719 627 1787 ejus
679 1715 1007 1789 procedebat
1052 1716 1180 1783 mel,
1230 1716 1459 1771 dulcedo
1512 1716 1689 1771 mellis
1722 1716 1910 1788 lingua
1954 1715 2093 1786 ejus,

502 1805 670 1873 favus,
706 1808 977 1864 distillans
1020 1808 1166 1876 labia
1213 1807 1353 1879 ejus,
1388 1823 1454 1869 ex
1498 1808 1785 1864 dulcedine
1830 1807 2100 1869 sermonis

508 1901 759 1971 praebens
805 1900 1018 1955 cunctis
1052 1900 1367 1955 incendium
1414 1900 1639 1956 amoris.
1689 1900 1980 1957 Descendit
2021 1900 2101 1955 in-

507 2001 657 2047 terea
697 1989 973 2062 Ephesum
1015 2006 1177 2046 orare
1219 1991 1287 2046 ad
1335 1989 1602 2047 Johannis
1643 1991 1883 2062 theologi
1917 1991 2100 2061 sepul-

502 2086 717 2151 chrum,
732 2084 825 2139 ubi
836 2084 1025 2140 cli'udit
1040 2085 1337 2140 multarum
1350 2084 1421 2139 ﬂu
1430 2085 1576 2140 mina
1599 2100 1846 2155 precum,
1861 2084 2099 2139 circum-

502 2176 685 2232 ferens
701 2175 770 2231 1η
793 2178 1020 2248 principi
1026 2194 1054 2232 ο
1068 2186 1182 2232 erat
1206 2177 1430 2233 Verbum
1446 2176 1628 2248 (Joan.
1644 2178 1765 2249 1,1),
1781 2178 2028 2233 recolens
2047 2186 2102 2232 et

506 2269 746 2325 edocens
782 2268 1008 2323 Verbum
1037 2285 1163 2337 caro
1189 2269 1394 2340 factum
1423 2267 1616 2341 (Ibid.,
1648 2269 1757 2341 14).
1806 2267 1934 2324 Inde
1977 2284 2102 2340 per-

501 2361 655 2429 venit
692 2359 924 2431 Joppen,
955 2360 1189 2418 diversis
1219 2361 1320 2416 via:
1342 2360 1603 2432 periculis
1639 2360 1964 2433 perquirens
2010 2369 2098 2416 tu-

502 2453 660 2522 nicas
705 2461 760 2508 et
798 2462 1001 2519 vestes,
1049 2453 1379 2509 elemosinas
1420 2452 1717 2519 Dorcadis,
1766 2461 2102 2524 stupensque

503 2561 631 2601 cum
660 2544 823 2600 Petro
865 2545 1095 2599 linteum
1126 2553 1366 2616 quatuor
1395 2545 1566 2599 initiis
1593 2546 1661 2601 de
1682 2545 1812 2600 cmlo
1842 2544 2103 2601 summis-

430 2692 442 2706 ,
502 2654 649 2707 sum,
682 2637 875 2709 jussus
906 2636 964 2692 in
992 2652 1059 2693 eo
1084 2646 1326 2697 mactare
1367 2637 1739 2709 quadrupedia
1788 2647 1843 2693 et
1886 2636 2101 2707 reptilia

501 2740 664 2786 terra:
710 2730 768 2786 in
798 2729 1220 2787 mortiﬁcatione
1260 2730 1562 2796 vieiorum,
1618 2746 1681 2786 ac
1725 2730 2097 2795 manducare,

502 2821 712 2878 fructus
737 2823 935 2894 dignos
987 2821 1323 2893 pmnitentia:
1364 2820 1616 2877 faciendo
1671 2820 1813 2893 (.lct.
1864 2837 1941 2886 1x,
1992 2820 2096 2887 59;

501 2930 558 2980 x,
592 2913 702 2985 ll).
734 2913 1162 2983 Apprehendens
1203 2921 1330 2984 post
1388 2914 1489 2970 hec
1537 2912 1959 2969 llierosolimam
2004 2912 2099 2968 diu

504 3007 898 3074 desideratam,
929 3015 983 3063 et
1007 3007 1122 3077 jam
1172 3007 1579 3078 concupiscenti
1613 3007 1801 3062 animo
1837 3007 2100 3073 oblatam,

504 3097 754 3153 introivit
770 3097 826 3152 in
851 3097 1203 3153 tabernacula
1225 3096 1366 3169 ejus,
1387 3113 1611 3153 omnem
1635 3098 1819 3153 locum
1846 3107 2098 3154 sanctum

504 3188 610 3243 ﬁde
634 3195 689 3247 et
704 3202 891 3243 amore
919 3186 1296 3258 frequentans,
1313 3189 1407 3260 qui
1427 3196 1510 3244 est
1534 3204 1699 3259 super
1720 3189 1902 3245 omnia
1926 3188 2097 3245 Deum

503 3278 562 3357 in
592 3280 670 3335 eis
719 3280 979 3347 adorans,
1019 3282 1330 3351 sepulcrum
1366 3280 1499 3338 Jesu
1540 3281 1807 3338 Nazareni
1850 3284 2098 3341 cruciﬁxi

503 3372 861 3443 lacrimarum
906 3372 1082 3428 imbre
1124 3373 1213 3430 die
1241 3374 1441 3430 cotidie
1473 3374 1680 3448 rigans,
1708 3374 2098 3448 Christumque

503 3473 880 3534 resurgentem
920 3479 951 3520 a
987 3473 1162 3521 morte
1190 3466 1502 3537 glorilicans
1544 3476 1599 3523 et
1631 3467 1887 3524 adorans.
1941 3467 2096 3525 Nun-

503 3555 684 3612 ciatur
715 3556 923 3612 interea
960 3558 1286 3628 patriarchae
1332 3558 1593 3628 Eusebio,
1617 3560 1712 3632 qui
1740 3569 1983 3631 tempore
2006 3562 2098 3618 illo

503 3658 753 3706 sanctam
784 3650 1126 3721 gubernabat
1154 3651 1460 3707 zecclesiam
1505 3652 1675 3724 Syon,
1718 3652 1978 3710 Madelvei
2007 3670 2097 3710 re-

502 3740 872 3813 verentissimi
901 3757 1031 3813 erga
1064 3742 1347 3798 Christum
1375 3743 1614 3811 devotio,
1641 3743 1787 3801 circa
1813 3745 1933 3800 loca
1970 3761 2098 3801 san-

503 3844 593 3893 eta
633 3835 835 3893 diurna,
878 3832 1267 3907 frequentatio,
1311 3836 1460 3907 jugis
1508 3838 1871 3907 pernoctatio,
1917 3836 2099 3893 carnis

502 3926 741 3998 propria:
788 3927 1108 4000 maceratio.
1166 3925 1266 3983 Hic
1314 3928 1480 3999 igitur
1513 3929 1600 3984 his
1642 3929 1845 3985 auditis
1887 3946 2100 3986 moram

503 4017 618 4090 pati
668 4016 922 4073 nesciens
969 4018 1026 4074 in
1072 4019 1377 4095 querendo,
1422 4020 1705 4075 inventum
1757 4022 2103 4092 amplectitur

505 4108 791 4175 continuo,
837 4109 1071 4185 miratus
1112 4108 1166 4163 in
1192 4124 1259 4164 eo
1284 4109 1496 4165 vultum
1527 4102 2100 4182 angelicum,”sermo-

509 4215 636 4253 nem
670 4200 998 4269 modestum,
1026 4201 1214 4256 mitem
1251 4217 1524 4273 gressum,
1558 4202 1805 4261 habitum
1846 4220 2103 4261 reveren-

506 4294 660 4363 dum.
686 4292 819 4370 Post
845 4294 945 4351 hec
971 4294 1277 4370 introduxit
1301 4310 1427 4356 eum
1451 4296 1508 4365 in
1534 4296 1759 4365 domum
1774 4297 1967 4365 matris
1989 4312 2104 4353 suae

503 4394 559 4441 et
586 4386 640 4440 in
676 4387 991 4461 cubiculum
1023 4388 1306 4458 genitricis
1344 4404 1477 4455 sure,
1505 4396 1560 4443 et
1594 4388 1741 4444 dedit
1767 4389 1817 4444 ei
1844 4390 2103 4459 poculum

504 4494 572 4533 ex
614 4478 745 4533 vino
781 4480 1024 4548 condito,
1056 4462 1127 4534 iet
1162 4488 1407 4534 mustum
1437 4480 1709 4535 malorum
1752 4490 2104 4551 granatorum

508 4569 690 4644 (Cant.
716 4586 837 4637 vni,
860 4569 938 4641 2).
975 4569 1226 4641 Cumque
1263 4586 1390 4625 eum
1434 4570 1668 4635 retinere
1694 4572 1957 4644 cogitaret
1985 4573 2103 4638 die-,-

510 4663 615 4717 bus
646 4660 773 4716 vitae
804 4677 919 4718 suae
964 4661 1245 4730 omnibus,
1280 4662 1609 4719 revelatione
1649 4672 1735 4720 est
1774 4662 1957 4720 divina
1984 4681 2103 4720 am-

514 4753 782 4820 monitus,
815 4769 883 4809 ne
904 4749 1142 4826 prdpriis
1174 4755 1418 4812 intentus
1441 4755 1674 4811 aliorum
1703 4756 1969 4814 invideret
1995 4759 2103 4814 uti-

508 4844 778 4912 litatibus,
813 4862 920 4901 neu
958 4847 1124 4903 vellet
1150 4847 1352 4902 habere
1393 4849 1761 4919 peregrinum,
1802 4866 1964 4921 quem
2008 4868 2103 4907 su-

512 4933 796 5004 spirabant
818 4936 914 4991 lilii
942 4947 1154 5009 patrem
1178 4939 1575 5014 evangelicum.
1591 4939 1729 5011 (Fol.
1755 4941 1997 5015 56.)Hoc
2017 4951 2102 5011 to,-

515 5025 700 5081 nitruo
739 5029 1044 5097 perculsus,
1077 5031 1215 5086 dixit
1244 5032 1311 5087 ad
1340 5047 1468 5087 eum
1510 5016 1901 5090 tremebundus
1931 5053 1943 5090 :
2008 5035 2105 5090 Vo-

511 5119 739 5173 luntatis
765 5136 893 5174 mea:
917 5121 1041 5192 fuit,
1070 5122 1239 5192 frater
1269 5125 1362 5193 mi,
1393 5133 1441 5178 te
1464 5142 1497 5178 α
1541 5141 1621 5179 me
1664 5142 1914 5196 umquam
1964 5126 2103 5181 nolle

510 5213 789 5282 separari;
830 5213 921 5266 sed
969 5215 1095 5284 quia
1134 5215 1244 5270 Deo
1289 5218 1562 5288 nequimus
1603 5217 1783 5285 reniti,
1828 5228 2100 5287 revertere,

513 5303 705 5359 dilecte
728 5305 819 5372 mi,
853 5306 1094 5377 egredere
1121 5318 1169 5362 et
1192 5309 1279 5363 abi
1312 5319 1429 5379 post
1458 5311 1681 5383 vestigia
1715 5328 1967 5383 gregum;
1999 5329 2100 5383 pa-

504 5413 592 5452 sce
620 5396 779 5451 Itedos
811 5407 928 5453 tuos
948 5398 1111 5469 juxta
1140 5400 1481 5457 tabernacula
1508 5412 1809 5474 pastorum,
1846 5420 1973 5475 cape
1999 5420 2097 5459 no-

510 5490 591 5544 bis
622 5489 799 5561 vulpes
847 5490 1121 5562 parvulas,
1165 5510 1286 5564 qua:
1323 5494 1684 5549 demetiuntur
1724 5496 1923 5550 cineas.
1990 5493 2097 5550 Sub

510 5580 700 5636 umbra
734 5582 881 5637 illius
906 5600 1059 5655 quem
1088 5585 1402 5640 desiderasti
1429 5586 1568 5653 sede,
1599 5589 1689 5657 qui
1717 5588 2015 5642 introduxit
2052 5596 2101 5642 te

508 5673 568 5730 in
590 5674 779 5730 cellam
806 5676 1091 5743 vinariam,
1123 5679 1385 5733 ordinavit
1408 5679 1529 5733 inte
1554 5680 1849 5744 caritatem,
1874 5678 2096 5750 fulciens

511 5776 559 5820 te
587 5768 831 5841 ﬂoribus,
865 5771 1071 5843 stipans
1101 5780 1148 5827 te
1185 5771 1361 5842 malis,
1394 5788 1455 5825 ac
1495 5772 1664 5827 veniat
1702 5772 1926 5826 dilectus
1975 5782 2094 5829 tuus

2204 542 2354 592 rum;
2387 525 2498 580 leva
2526 526 2639 596 ejus
2674 525 2770 581 sub
2819 527 2994 597 capite
3036 536 3147 594 tuo,
3179 537 3231 582 et
3278 527 3502 584 dextera
3526 531 3646 600 ejus
3672 548 3782 585 am-

2198 616 2441 688 plexetur
2463 627 2535 674 te.
2565 617 2662 675 His
2691 619 2854 675 dictis
2883 619 3078 693 [Βειιτ.
3112 617 3228 692 12.]
3249 621 3546 677 multorum
3585 624 3784 693 pretio-

2202 725 2292 766 sas
2322 718 2639 766 sanctorum
2669 711 2935 782 reliquias
2966 711 3199 768 eﬂ‘erens
3222 728 3349 767 cum
3371 714 3543 770 calice
3574 716 3785 771 cristul-

2197 799 2312 855 lino
2326 816 2489 871 opere
2512 801 2744 859 miriﬁco
2767 803 2981 873 sculpto
3001 803 3052 859 ei
3077 803 3296 874 optulit,
3319 804 3548 862 dicens:
3576 807 3782 877 Accipe,

2201 908 2231 946 ο
2258 910 2378 947 care
2408 910 2576 963 meus,
2597 894 2694 950 hoc
2719 896 2892 949 mutui
2921 897 3120 949 amoris
3145 897 3357 967 pignus.
3388 896 3609 952 Annuat
3635 898 3785 954 Cari-

2199 993 2311 1040 stus
2325 985 2582 1040 Dominus
2599 987 2681 1040 Itis
2703 1005 2765 1042 ac
2779 987 2994 1058 reliquis
3006 989 3208 1042 sanctis
3232 989 3723 1060 intervenientibus,
3734 1002 3784 1045 ut

2200 1077 2391 1131 iterum
2426 1094 2519 1133 nos
2548 1079 2818 1133 videamus
2840 1096 2961 1134 cum
2981 1080 3180 1151 gaudio
3208 1081 3266 1136 in
3286 1080 3608 1137 cmlestibus.
3639 1082 3787 1139 Tam-

2198 1169 2322 1226 dem
2346 1186 2443 1226 ora
2468 1188 2668 1228 manus
2696 1173 2998 1243 oculosque
3034 1174 3361 1229 alterutrum
3383 1176 3784 1246 exosculantes,

2198 1261 2342 1319 bona
2372 1279 2745 1335 prosperaque
2769 1264 2874 1321 sibi
2906 1265 3292 1337 imprecantes,
3322 1268 3393 1323 ab
3431 1268 3677 1325 invicem
3706 1270 3785 1325 di-

2196 1353 2302 1410 visi
2327 1363 2455 1411 sunt
2480 1355 2692 1413 ﬂentes.
2732 1357 3045 1413 Madelveus
3078 1358 3266 1430 itaque
3289 1361 3648 1430 sepulchrum
3690 1361 3786 1418 Do-

2198 1446 2333 1501 mini
2356 1446 2646 1519 locumque
2666 1449 3025 1517 ascensionis,
3049 1450 3145 1506 ubi
3166 1459 3436 1508 steterunt
3449 1453 3622 1524 pedes
3642 1455 3780 1525 ejus,

2198 1538 2398 1594 iterum
2433 1540 2743 1612 iterumque
2785 1542 3033 1606 revisens
3059 1558 3125 1602 ac
3163 1543 3510 1614 deosculans,
3546 1547 3787 1603 nativum

2200 1633 2378 1699 solum
2437 1635 2677 1691 revisere
2720 1635 3039 1691 deliberavit
3095 1636 3339 1708 gaudens
3396 1649 3451 1694 et
3513 1640 3784 1707 exultans,

2198 1724 2371 1781 Deum
2402 1725 2459 1780 in
2504 1726 2838 1797 adjutorium
2870 1742 3032 1783 suum
3060 1726 3341 1785 intendere
3368 1739 3564 1800 petens
3610 1740 3669 1787 et
3704 1747 3787 1787 ex-

2201 1832 2388 1873 orans.
2420 1817 2551 1874 lnde
2574 1820 2738 1891 longo
2765 1834 2830 1874 ac
2878 1820 3034 1875 vario
3074 1821 3262 1877 labore
3305 1821 3525 1878 itineris
3548 1823 3789 1879 redditus

2201 1919 2286 1967 est
2317 1910 2522 1967 ﬁnibus
2544 1911 2758 1981 patriis.
2796 1910 3021 1983 Recepit
3052 1914 3316 1969 alunnum
3347 1915 3455 1973 leta
3483 1917 3653 1972 tellus
3673 1917 3788 1973 Gal-

2200 2004 2326 2072 lica,
2339 2003 2580 2060 occurrit
2600 2004 2809 2075 pastori
2832 2004 2941 2062 leta
2974 2005 3129 2076 plebs
3146 2003 3449 2062 Virduniea
3477 2027 3490 2063 :
3517 2006 3788 2065 Lreteutar

2202 2095 2320 2151 cadi
2350 2104 2399 2151 et
2422 2095 2625 2150 exultet
2651 2105 2814 2165 terra,
2840 2112 2949 2153 vox
2977 2108 3245 2154 consonat
3268 2099 3477 2155 urbana
3513 2103 3608 2157 vel
3633 2103 3789 2158 rusti~

2201 2204 2360 2244 cana.
2398 2187 2602 2244 Fluunt
2629 2188 2870 2244 lacrima:
2903 2189 3102 2261 gaudio
3135 2190 3335 2263 plena),
3358 2191 3585 2260 madent
3617 2193 3787 2247 hetitia

2202 2297 2373 2352 gente,
2418 2287 2721 2337 coronatur
2762 2280 2975 2349 civitas,
3025 2282 3235 2351 plateas
3276 2283 3446 2353 replet
3508 2284 3785 2356 hylaritas,

2201 2370 2477 2427 teeclesias
2510 2370 2849 2442 jocunditas.
2882 2368 3138 2426 Pontifex
3177 2371 3431 2443 egregius
3457 2370 3559 2427 Dci
3597 2374 3785 2429 auxilio

2200 2460 2391 2530 fultus,
2420 2470 2737 2517 sanctorum
2781 2459 3032 2531 reliquiis
3069 2461 3367 2539 honustus,
3401 2462 3577 2519 intrat
3606 2464 3783 2529 accie-

2203 2553 2344 2609 siam
2389 2553 2642 2622 devotus,
2692 2560 2816 2608 orat
2867 2551 3166 2621 Dominum
3210 2569 3445 2624 corpore
3483 2562 3643 2628 terrae
3670 2571 3786 2627 pro-

2202 2651 2429 2700 stratus.
2456 2643 2810 2715 Consurgens
2839 2642 3209 2714 episcopalem
3241 2645 3494 2717 ascendit
3512 2646 3784 2721 thronum,

2203 2735 2406 2791 salutat
2444 2735 2654 2790 elerum
2709 2749 2775 2789 ac
2820 2734 3106 2804 populum,
3155 2734 3293 2791 dans
3340 2736 3613 2812 omnibus.
3649 2738 3787 2809 pacis

2203 2826 2480 2897 osculum,
2498 2826 2803 2899 adjungens
2835 2826 3228 2884 benedictionis
3253 2828 3622 2899 signaculum.
3666 2820 3673 2831 ⁸

2273 2962 2521 3046 Quisque
2560 2978 2661 3046 sua
2689 2962 2906 3046 repetit,
2937 2963 3181 3046 sacraria
3211 2964 3413 3046 praesul
3452 2966 3661 3046 adivit,

2273 3032 2505 3105 Pignera
2544 3032 2825 3105 deposuit,
2854 3042 2980 3105 post
3002 3033 3104 3089 hec
3123 3032 3232 3105 sua
3256 3042 3399 3089 tecta
3430 3032 3655 3095 subivit.

2277 3103 2505 3176 Singula
2536 3103 2829 3176 perquirit,
2856 3103 2903 3176 si
2928 3119 3056 3174 pax,
3089 3103 3137 3159 si
3165 3104 3276 3159 vita
3308 3106 3585 3174 salubris;

2273 3174 2469 3247 Omnia
2498 3174 2621 3247 quae
2641 3174 2818 3230 voluit
2843 3174 2962 3247 fore
2986 3190 3253 3247 prospera
3280 3176 3541 3245 protinus
3572 3175 3738 3245 audit,

2272 3244 2379 3303 Ore
2408 3244 2729 3318 Deo'gratcs
2759 3246 3044 3317 persolvit,
3064 3244 3520 3316 pectorelaudes.

2198 3359 2426 3416 Postera
2463 3360 2551 3416 die
2594 3360 2828 3416 lustrata
2874 3375 3035 3416 novat
3075 3359 3339 3417 mcclesiae
3386 3359 3629 3429 fabrica,
3679 3361 3785 3417 lau-

2199 3460 2326 3515 data
2380 3459 2653 3515 artiﬁcum
2713 3458 3031 3527 industria',
3091 3466 3446 3514 remunerata
3507 3459 3784 3514 custodum

2198 3554 2476 3627 diligentia
2506 3597 2523 3623 ,
2597 3555 2817 3610 ordinat
2879 3562 3096 3626 tempus
3145 3555 3233 3610 vel
3305 3555 3453 3611 diem
3508 3570 3785 3611 consecra-

2199 3647 2334 3703 tioni
2401 3647 2637 3703 habilem
2669 3689 2685 3716 ,
2760 3647 2975 3704 cunctis
3051 3640 3316 3719 religione
3401 3648 3779 3704 venerabilem.

2200 3738 2334 3808 Quae
2358 3740 2452 3795 ubi
2491 3739 2693 3807 illuxit,
2732 3739 2937 3810 praesul
2978 3754 3106 3795 cum
3152 3739 3328 3795 sacris
3362 3740 3651 3795 ordinibus
3683 3755 3776 3795 tec-

2201 3831 2508 3889 clesiastico
2551 3831 2662 3886 ritu
2706 3832 2965 3887 omnibus
3012 3831 3257 3887 exterius
3310 3831 3655 3903 interiusque
3690 3832 3783 3887 rite

2200 3925 2466 3996 peractis,
2525 3923 2790 3995 reliquias
2842 3923 3361 3981 Jherosolimitanas
3403 3925 3462 3979 in
3504 3924 3781 3996 principali

2203 4017 2392 4073 absida
2422 4017 2558 4074 locis
2606 4017 2865 4088 congruis
2899 4017 3287 4073 venerabiliter
3321 4018 3634 4073 collocavit.
3668 4018 3778 4087 (ib.)

2203 4107 2337 4175 Qua:
2357 4124 2486 4163 vero
2515 4109 2571 4163 in
2598 4107 2897 4179 antiquiori
2927 4107 3082 4164 fuere
3107 4108 3383 4181 azcclesia,
3428 4109 3488 4163 in
3539 4118 3688 4179 parte
3709 4108 3780 4161 al-

2205 4199 2340 4254 taris
2363 4199 2553 4255 dextra
2580 4199 2636 4254 in
2677 4200 2855 4269 cripta
2888 4199 3247 4255 subterranea
3290 4199 3550 4256 decenter
3575 4212 3779 4268 compo-

2206 4291 2334 4348 suit.
2389 4290 2519 4347 Erat
2565 4299 2749 4347 autem
2801 4291 2892 4348 hic
2944 4292 3147 4362 przesul
3199 4291 3557 4347 beatissimus
3611 4289 3779 4348 studio

2206 4384 2474 4455 castitatis
2514 4385 2775 4451 mundus,
2800 4384 3145 4439 abstinentiae
3169 4383 3371 4439 robore
3395 4384 3633 4453 validus,
3658 4382 3776 4437 doc-

2133 4510 2180 4570 D
2211 4478 2368 4535 trina:
2423 4480 2657 4550 dapibus
2705 4479 2982 4549 refertus,
3045 4479 3323 4550 patientia:
3380 4478 3776 4552 longanimitate

2210 4569 2455 4646 humilis,
2515 4570 2863 4647 auctoritatis
2908 4568 3229 4626 fortitudine
3283 4578 3523 4638 erectus,
3578 4566 3775 4640 pietatis

2210 4663 2385 4735 gratia
2444 4663 2715 4733 benignus
2741 4703 2758 4729 ,
2821 4662 3051 4733 justitia:
3125 4662 3417 4717 severitate
3487 4660 3769 4717 districtus.

2210 4754 2349 4826 (Fol.
2377 4754 2509 4823 56‘.)
2536 4754 2640 4822 Qui
2652 4755 2914 4826 pastorali
2946 4754 3315 4811 sollicitudine
3344 4753 3494 4826 gregi
3529 4753 3633 4809 sibi
3666 4765 3772 4806 ere

2207 4844 2323 4909 dito
2348 4846 2660 4918 invigilans,
2684 4847 2822 4901 alios
2844 4846 3085 4902 emlestis
3111 4846 3375 4901 doctrinae
3396 4845 3583 4901 verbis
3608 4841 3770 4899 erudi-

2207 4938 2308 5017 vit,
2334 4939 2538 5014 multos
2561 4938 2831 5012 religiosa:
2857 4938 2983 5017 vita:
3008 4936 3272 5007 exemplis
3301 4934 3607 5002 roboravit,
3630 4930 3773 5004 pluri-

2207 5015 2328 5086 mos
2350 5045 2571 5101 quoque
2598 5030 2668 5084 ab
2691 5028 2844 5093 omni.
2870 5015 3252 5085 intirmitatum
3285 5027 3539 5083 molestia
3559 5020 3767 5088 curavit,

2206 5122 2473 5194 quosdam
2522 5121 2690 5187 etiam
2727 5136 2757 5175 a
2798 5119 3138 5175 demoniacis
3184 5118 3470 5189 spiritibus
3522 5112 3766 5175 liberavit,

2207 5208 2575 5282 omnibusque
2600 5210 2878 5280 exemplar
2899 5218 2954 5264 et
2986 5209 3269 5280 speculum
3292 5208 3467 5264 totius
3487 5199 3768 5263 sanctitatis

2207 5321 2266 5362 se
2293 5303 2545 5376 prinbuit.
2586 5301 2913 5358 Imminente
2953 5316 3086 5357 vero
3133 5300 3491 5357 resolutionis
3517 5314 3628 5354 suae
3651 5306 3766 5351 tem—

2204 5412 2359 5468 pore,
2402 5411 2529 5453 cum
2565 5393 2915 5466 cognovisset
2950 5393 3283 5449 revelatione
3309 5392 3496 5448 divina
3534 5406 3592 5447 se
3627 5400 3765 5443 mun-

2207 5488 2367 5544 danis
2413 5487 2757 5543 liberandum
2805 5486 3162 5553 tumultibus,
3210 5485 3268 5539 in
3304 5485 3551 5541 ecclesia
3589 5483 3641 5537 in
3669 5491 3764 5549 qua

2209 5583 2520 5638 adoleverat
2550 5580 2829 5636 cotidiano
2860 5579 3125 5635 virtutum
3155 5586 3439 5649 provectu,
3487 5576 3573 5632 cui
3606 5572 3763 5645 primo

2206 5683 2395 5746 pastor
2420 5682 2475 5731 et
2504 5681 2685 5729 rector
2718 5671 3025 5738 institutus,
3055 5668 3123 5726 d'c
3143 5686 3255 5743 qua
3289 5669 3457 5725 etiam
3483 5669 3548 5723 ad
3566 5661 3759 5737 pontiﬁ~

2166 5796 2172 5802 -
2207 5769 2351 5824 cium
2379 5775 2663 5840 promotus
2695 5765 2819 5836 fuit,
2848 5765 3141 5847 sepultura:
3186 5779 3300 5822 sua:
3346 5763 3527 5820 locum
3568 5752 3754 5826 delt-git-
