3932 6298
99 373 178 426 153
1319 361 1646 421 CHRONKX

1776 399 1845 406 —
1869 365 1998 423 LIB.
2027 367 2068 422 1.

3238 375 3332 432 (51

95 489 216 541 Licet
241 483 380 539 enim
404 482 652 538 omnium
683 481 1056 537 :ecclesiarum
1083 479 1365 535 insudaret
1390 479 1643 534 utilitati-
1675 483 1723 541 Α
1752 482 2020 548 moribus,
2054 490 2107 538 et
2136 483 2206 537 ab
2237 483 2358 554 ipso
2381 484 2890 554 prtecellentissimo
2942 499 3069 557 rege
3115 484 3316 542 Karolo

96 599 194 646 ous,
240 580 376 633 hanc
428 586 611 632 tamen
667 592 778 647 pra:
822 575 1079 630 cmnibus
1133 574 1271 630 locis
1315 573 1490 629 sacris
1527 582 1650 643 post

96 673 313 742 primam,
336 685 458 740 qua:
481 668 636 724 sedes
663 675 744 724 est
769 665 1322 737 episcopalis,coluit,
1347 664 1648 734 ampliﬁca-

95 768 170 833 vit,
213 776 261 820 et
307 765 573 836 provexit.
610 762 767 830 Quod
803 763 968 817 etiam
999 776 1190 816 omnes
1219 762 1649 832 praedecessores

93 860 191 927 ejus
215 857 399 912 fecisse
431 857 716 922 novimus,
748 864 933 924 utpote
969 854 1064 924 qui
1095 854 1336 925 exceptis
1361 854 1649 925 perpaucis

92 963 259 1002 omnes
283 948 334 1000 in
359 963 423 1002 ea
447 947 633 1002 sedem
661 946 864 999 habent
887 944 1267 1015 requietionis.
1299 944 1522 1014 Accepit
1546 945 1650 1000 hoc

91 1040 328 1111 privilegii
364 1040 572 1095 donum
609 1037 856 1094 aacclesia
887 1037 1006 1107 ipsa
1042 1053 1074 1091 a
1104 1037 1264 1091 beato
1293 1044 1446 1107 patre
1466 1036 1649 1093 debito

91 1149 198 1187 cum
242 1133 446 1186 honore
495 1130 830 1185 nominando
879 1127 1164 1196 Sanctino,
1217 1143 1320 1184 suo
1361 1127 1649 1184 fundatore

93 1226 348 1294 primoque
404 1223 720 1279 Christianae
774 1221 1054 1293 religionis
1107 1230 1161 1276 et
1208 1221 1448 1276 nominis
1505 1221 1649 1292 apud

92 1317 243 1385 ipsam
293 1317 484 1372 urbem
537 1315 782 1381 doctore,
831 1323 891 1368 ut
922 1321 1044 1383 post
1072 1321 1303 1368 matrem
1344 1313 1647 1369 tecclcsiam

94 1410 190 1478 ipsa
231 1402 370 1465 esset
408 1418 573 1479 caput
600 1409 846 1463 omnium
885 1406 1246 1462 Virdunensis
1274 1407 1509 1463 diocesis
1538 1421 1646 1462 tec-

94 1504 376 1571 clesiarum,
401 1520 434 1557 a
459 1519 568 1573 qua
603 1513 657 1558 et
690 1511 865 1558 mater
885 1502 1130 1558 tecclesia
1159 1503 1280 1572 ipsa
1310 1501 1647 1558 subsistendi

94 1595 361 1666 accepisset
410 1595 637 1650 inicium
685 1614 698 1650 :
747 1611 870 1666 qua:
897 1595 1062 1649 etiam
1103 1602 1188 1649 est
1229 1594 1299 1649 ab
1329 1594 1558 1656 antiquo
1579 1593 1648 1649 ab

94 1688 204 1756 ipsis
232 1688 438 1742 scilicet
462 1688 738 1742 nascentis
766 1687 1026 1742 azcclesize
1074 1685 1388 1757 primordiis
1433 1686 1650 1742 cimete-

95 1781 212 1833 tium
233 1780 611 1850 episcoporum
649 1788 702 1834 et
745 1779 1081 1850 reliquorum
1112 1779 1351 1834 fidelium
1393 1779 1648 1834 christia-

95 1885 282 1924 norutn.
302 1868 461 1936 Quod
487 1869 828 1941 privilegium
860 1871 934 1924 ita
957 1870 1259 1940 permansit
1286 1878 1340 1925 et
1367 1878 1649 1940 permanet

95 1961 473 2028 inconvulsum,
507 1970 568 2016 ut
608 1961 664 2015 in
707 1978 770 2016 ea
801 1960 915 2015 fere
965 1975 1160 2016 omnes
1206 1960 1452 2031 ejusdem
1494 1959 1647 2016 urbis

93 2053 346 2122 pontifices
366 2055 620 2126 legantur
639 2054 837 2110 divinis
863 2053 1032 2125 aptati
1065 2053 1322 2121 servitiis,
1353 2054 1644 2121 tonsorati,

94 2145 274 2211 nutriti,
302 2146 500 2212 edocti,
543 2146 871 2212 consecrati,
919 2152 1143 2216 excepta
1183 2145 1300 2215 ipsa
1330 2145 1649 2200 inunctione

93 2237 385 2305 pontificalis
415 2237 716 2308 dignitatis,
737 2253 902 2308 quam
928 2245 1146 2292 constat
1173 2251 1296 2292 esse
1331 2235 1526 2292 matris
1547 2251 1649 2291 tec-

93 2330 259 2395 t-lesiae,
283 2338 335 2384 et
356 2328 721 2401 frequentius,
752 2330 847 2400 qui
884 2329 939 2384 in
966 2345 1030 2384 ea
1061 2328 1234 2384 functi
1263 2337 1394 2384 sunt
1433 2328 1648 2384 abbatis

93 2420 386 2491 tllici0,pr0
413 2421 679 2475 virtutum
706 2421 889 2476 studio
929 2421 1244 2476 intronizati
1281 2421 1392 2480 sint
1414 2419 1471 2474 in
1509 2419 1648 2475 solio

91 2512 369 2582 episcOpali.
403 2511 470 2566 Et
500 2513 698 2566 merito
740 2521 1037 2567 veneratur
1068 2513 1138 2567 ab
1183 2512 1443 2567 omnibus
1491 2511 1648 2567 locus

92 2601 178 2667 ille,
217 2603 408 2657 merito
453 2602 746 2673 expetitur,
784 2603 982 2658 merito
1017 2603 1283 2674 diligitur,
1313 2619 1477 2672 quem
1509 2619 1646 2673 apex

93 2703 224 2748 tante
246 2695 528 2762 dignitatis
549 2697 771 2763 attollit,
801 2695 931 2766 quia
957 2696 1063 2751 etsi
1094 2697 1198 2762 eis,
1243 2695 1341 2766 qui
1375 2695 1468 2750 illo
1516 2710 1646 2749 ora-

92 2786 176 2839 turi
197 2788 542 2855 conveninnt,
567 2789 660 2858 qui
691 2788 801 2843 Deo
827 2788 962 2843 inihi
1000 2788 1359 2855 famulantur,
1391 2788 1485 2858 qui
1523 2803 1648 2843 eor-

91 2898 196 2950 p'na
234 2899 331 2937 sua
379 2883 452 2937 ob
504 2891 824 2940 sanctorum
874 2883 1180 2952 patrocinia
1228 2883 1339 2938 illic
1385 2881 1646 2937 tumulari

90 2984 367 3042 precantur,
397 2975 597 3031 desunt
625 2975 768 3030 bona
800 2975 1076 3044 adquisita
1099 2991 1195 3045 per
1217 2975 1497 3042 meritum,
1537 2974 1648 3030 suf-

92 3065 219 3121 tirere
258 3075 510 3137 possunt,
540 3082 664 3138 qua:
691 3083 722 3122 a
751 3067 854 3122 loci
882 3065 1174 3122 fundatore
1197 3077 1394 3123 sancto
1431 3068 1647 3125 Sancti-

1751 573 1880 644 quia
1916 582 1971 628 et
2001 590 2308 646 congruum
2331 585 2471 644 erat,
2503 585 2565 631 ut
2593 593 2758 647 quem
2788 575 3056 632 Dominus
3086 576 3316 646 perfude

1750 673 1838 720 rat
1878 667 2074 737 gratia,
2111 668 2180 722 ab
2220 668 2478 724 omnibus
2517 678 2813 724 amaretur.
2863 666 3127 724 Studebat
3159 669 3322 724 omni-

1750 759 1853 816 bus
1887 775 1985 830 per
2010 760 2195 815 omnia
2224 762 2458 831 placere,
2515 777 2624 817 non
2662 777 2728 816 eo
2778 763 2960 830 modo,
2985 779 3096 834 quo
3122 764 3339 834 placent

1751 852 2090 919 hominibus,
2114 868 2350 923 quorum
2369 853 2514 909 Deus
2534 854 2823 924 dissipabit
2844 869 2992 922 ossa,
3014 864 3075 910 ut
3089 856 3337 926 replean—

1752 955 1841 1000 tur
1864 944 2189 1002 confusione
2218 945 2286 1000 ab
2311 945 2680 1016 indignatione
2699 947 2839 1017 ejus,
2857 947 2952 1002 sed
2971 948 3064 1002 illo
3083 963 3193 1019 quo
3221 964 3336 1004 omo

1749 1035 1914 1092 nibus
1957 1051 2055 1107 per
2099 1035 2282 1091 omnia
2322 1036 2568 1106 placebat
2601 1037 2911 1108 apostolus,
2945 1054 3054 1093 non
3095 1055 3335 1109 querens

1749 1129 1896 1200 quod
1927 1129 2032 1186 sibi
2057 1137 2204 1184 esset
2225 1128 2379 1197 utile,
2419 1129 2514 1184 sed
2539 1131 2685 1200 quod
2712 1132 2918 1200 multis,
2958 1141 3018 1188 ut
3059 1133 3194 1189 salvi
3233 1134 3334 1189 tle-

1749 1229 1889 1277 rent.
1926 1220 2052 1277 Ideo
2081 1221 2225 1277 bona
2253 1221 2591 1278 conscientia
2617 1223 2796 1278 dicere
2827 1232 3040 1294 poterat
3065 1225 3332 1280 auditori-

1749 1313 1854 1367 bus
1885 1313 2000 1368 suis
2031 1329 2158 1368 cum
2187 1313 2379 1368 eodem
2411 1314 2661 1384 apostolo
2715 1331 2728 1369 :
2785 1313 3090 1370 Imitatum
3120 1317 3222 1370 mei
3250 1333 3334 1370 es-

1751 1415 1888 1473 tote,
1929 1406 2067 1459 sicut
2088 1415 2138 1460 et
2159 1423 2252 1477 ego
2288 1405 2488 1462 Christi
2521 1405 2574 1479 (I
2602 1405 2725 1463 Cor.
2782 1423 2856 1475 tv,
2882 1406 2981 1474 16;
3007 1424 3084 1474 xx,
3118 1408 3192 1478 l),
3236 1410 3331 1478 qui

1750 1503 1940 1573 utique
1961 1503 2176 1558 volebat
2205 1503 2325 1558 sine
2347 1502 2647 1558 offensione
2681 1517 2802 1558 esse
2829 1502 3089 1558 mcclesiae
3115 1502 3230 1570 Dei,
3255 1503 3331 1558 ita

1750 1596 1957 1651 scilicet
2018 1595 2428 1666 temperandam
2481 1596 2682 1651 docens
2729 1595 3222 1661 conversationem,
3265 1611 3334 1649 ne

1749 1688 1874 1759 quis
1911 1690 1967 1742 in
1989 1703 2053 1742 ea
2079 1687 2397 1743 scandalum
2429 1695 2706 1758 pateretur
2726 1687 2814 1742 ³⁸⁸.

1823 1780 1962 1853 (Fol.
1991 1781 2106 1852 58.)
2135 1779 2242 1836 Sed
2267 1781 2399 1851 quid
2423 1796 2525 1837 nos
2559 1781 2616 1835 in
2646 1781 2805 1835 laude
2828 1780 2948 1851 ejus
2981 1787 3334 1849 temptamus,

1750 1874 1898 1944 quod
1929 1889 2039 1928 non
2062 1872 2364 1928 sufﬁcimus
2392 1873 2701 1943 explicare?
2735 1871 2853 1943 Ipse
2877 1871 3025 1927 enim
3055 1872 3176 1926 laus
3215 1871 3336 1941 ejus

1746 1974 1852 2031 est,
1879 1966 1975 2036 qui
2011 1966 2067 2020 in
2104 1965 2312 2022 sanctis
2335 1965 2452 2021 suis
2481 1964 2772 2020 laudabilis
2792 1973 2894 2019 est.
2925 1967 3046 2031 Quo
3078 1979 3208 2034 ergo
3233 1980 3336 2020 nos
3421 1983 3426 1988 ’

1745 2057 1897 2114 ducit
1921 2057 2138 2114 oratio?
2178 2058 2321 2125 Quid
2358 2073 2542 2114 moras
2564 2057 2934 2113 innectimus?
2957 2057 3098 2124 Quid
3121 2057 3334 2112 felicem

1746 2149 1868 2220 ejus
1895 2165 1926 2205 e
1952 2150 2163 2206 mundo
2198 2150 2494 2206 transitum
2533 2149 2800 2220 replicare
2833 2149 3134 2204 tricamus?
3179 2148 3339 2203 Adsit

1747 2243 1864 2314 ipse
1886 2244 2045 2300 nobis
2071 2245 2359 2315 propitius,
2385 2253 2445 2300 ut
2473 2245 2634 2316 digna
2659 2243 2763 2300 fari
2792 2245 3100 2311 valeamus,
3132 2243 3340 2312 aspirct

1745 2337 1902 2392 cordi
1932 2346 2122 2392 nostro
2150 2337 2363 2394 meritis
2391 2338 2512 2408 ejus
2547 2337 2786 2408 Spiritus
2807 2345 3031 2392 sanctus
3053 2345 3106 2391 et
3134 2335 3338 2390 nostris

1746 2428 2070 2484 infundatur
2102 2430 2430 2485 visceribus.
2463 2428 2722 2486 Dicamus
2759 2429 2965 2500 itaque,
2994 2428 3142 2499 quod
3171 2427 3336 2483 dede-

1746 2523 1818 2576 rit
1855 2523 1970 2592 ipse
1991 2523 2057 2578 de
2078 2539 2188 2594 quo
2214 2523 2512 2594 loquimur,
2542 2533 2597 2579 et
2637 2522 2915 2594 quomodo
2938 2521 3004 2577 de
3033 2521 3240 2576 mundo
3267 2520 3335 2574 ad

1745 2613 2050 2682 Christum,
2069 2616 2157 2671 cui
2181 2617 2410 2671 devotus
2432 2615 2712 2682 servierat,
2738 2613 3075 2686 migraverit,
3103 2613 3340 2668 breviter

1747 2705 2090 2776 indagemus.
2108 2707 2417 2762 Advenerat
2439 2707 2554 2777 jam
2577 2715 2791 2775 tempus
2813 2703 3169 2759 resolutionis
3193 2703 3336 2773 ejus,

1746 2809 1800 2856 ct
1837 2799 2030 2854 beatus
2050 2798 2166 2869 ipse
2194 2798 2262 2853 ad
2289 2797 2581 2869 quemdam
2606 2795 2870 2867 episcopii
2907 2794 3138 2849 fundum
3158 2803 3341 2861 trans-

1746 2893 1885 2948 ierat
1925 2906 2091 2946 causa
2133 2888 2634 2946 consecrandarum
2704 2886 3102 2951 ecclesiarum,
3132 2885 3225 2939 ubi
3251 2893 3336 2939 ta-

1747 2993 1869 3040 ctus
1905 2981 2242 3054 digladiabili
2286 2989 2434 3037 sorte
2463 2989 2702 3048 naturae,
2751 2979 2864 3036 acri
2924 2977 3091 3050 ccepit
3121 2976 3340 3048 fatigari

1746 3078 1954 3134 dolore.
1991 3074 2035 3131 Ο
2059 3076 2303 3144 beatum,
2337 3089 2372 3130 ο
2395 3089 2521 3130 vere
2552 3073 2786 3142 felicem,
2817 3072 2913 3144 qui
2943 3072 3123 3128 sciens
3156 3070 3342 3125 immi~

93 3172 174 3223 no,
218 3176 244 3213 a
293 3161 502 3216 sanctis
559 3160 696 3215 inibi
755 3159 1168 3237 quiescentibus
1220 3161 1643 3234 praestabuntur,

1749 3187 1877 3227 nere
1901 3169 2166 3224 transitus
2195 3168 2282 3224 sui
2336 3167 2503 3233 diem,
2549 3165 2867 3221 fatiscentes
2917 3173 3072 3220 artus
3106 3163 3330 3235 spiritui

94 3261 240 3308 tamen
285 3264 448 3325 prout
479 3255 614 3310 ﬁdes
659 3255 958 3324 petentium
997 3255 1312 3310 merebitur.
1344 3255 1646 3310 Attestatur

94 3345 195 3400 huic
221 3359 416 3403 nostrae
444 3347 817 3418 astipulationi
843 3347 1030 3402 domni
1061 3347 1290 3402 Bertarii
1317 3348 1645 3403 memorabi-

94 3436 146 3491 lis
166 3440 585 3510 antiquitas,qui
616 3451 934 3496 sanctorum
962 3439 1390 3496 Virdunensium
1420 3440 1644 3510 pontifi—

95 3545 194 3584 cum
217 3542 331 3587 acta
360 3533 653 3602 replicans,
687 3533 930 3588 basilicae
955 3547 1175 3602 quoque
1203 3533 1369 3603 hujus
1399 3533 1647 3588 meminit

96 3622 135 3674 in
163 3624 261 3680 htcc
289 3626 456 3680 verba
487 3624 680 3698 (Βειιτ.
708 3626 763 3697 4)
793 3642 806 3677 2
845 3624 1109 3692 Basilica,
1135 3625 1412 3696 inquiens,
1454 3626 1511 3679 in
1539 3642 1645 3696 qua

93 3717 299 3782 pradicli
355 3719 587 3790 episcopi
640 3719 991 3790 requiescunt,
1031 3727 1108 3772 est
1145 3719 1201 3772 in
1245 3719 1440 3773 Iwnore
1475 3720 1646 3774 sancti

94 3803 213 3861 Petri
240 3818 564 3875 constructa,
595 3817 646 3862 et
675 3808 828 3863 habet
852 3808 1140 3863 multorum
1168 3811 1533 3881 episcoporum
1564 3827 1647 3865 se-

93 3901 296 3972 pulchra,
335 3914 387 3959 et
438 3911 654 3974 propter
695 3903 791 3958 hoc
839 3903 1068 3958 multum
1115 3921 1150 3958 a
1197 3903 1442 3974 ﬁdelibus
1493 3921 1644 3959 vene-

95 3993 247 4048 renda.

147 4084 264 4152 (Fol.
316 4088 436 4157 57.)
465 4085 606 4142 Huic
632 4103 763 4159 ergo
793 4089 914 4143 loco
949 4089 1142 4144 beatus
1167 4087 1476 4143 Madelveus
1501 4103 1646 4145 anno

94 4174 188 4228 vita:
213 4192 318 4232 suae
349 4178 686 4248 penultimo,
716 4178 865 4233 dono
915 4177 1216 4234 Tcuthardi
1249 4178 1318 4210 ’³³
1347 4179 1648 4248 adquisivit

94 4279 161 4317 res
185 4270 442 4336 quasdam
467 4269 605 4325 sitas
636 4269 694 4323 in
723 4268 1060 4326 Virdunensi
1097 4286 1258 4342 pago,
1292 4271 1414 4326 loco
1441 4269 1538 4341 qui
1562 4270 1648 4325 di-

93 4356 204 4410 citur
233 4359 444 4417 Oﬂ'cliui
482 4362 678 4429 curtis,
706 4372 761 4418 et
807 4363 865 4417 in
913 4363 1022 4419 ﬁne
1054 4363 1418 4432 Bettiliniaca,
1455 4363 1512 4418 in
1538 4365 1648 4419 line

91 4466 272 4522 quoque
294 4455 592 4521 Virelinse,
621 4473 759 4526 quas
787 4457 933 4512 idem
957 4456 1308 4512 Teuthardus
1332 4473 1364 4512 a
1400 4457 1645 4528 genitore

1747 3263 1951 3320 servire
1977 3262 2222 3333 cogebat,
2237 3261 2440 3315 bonam
2472 3260 2618 3314 hanc
2642 3259 2909 3314 virtutum
2939 3273 3167 3313 suarum
3200 3273 3338 3311 con--

1747 3355 2169 3411 summationem
2195 3352 2540 3420 existimans,
2563 3353 2612 3408 si
2643 3352 2699 3406 in
2721 3360 2835 3406 tam
2858 3351 2969 3422 pio,
2995 3359 3105 3404 tam
3138 3349 3341 3404 celebri

1748 3449 1842 3504 Dei
1873 3448 2095 3504 servitio
2133 3446 2463 3517 expenderet
2509 3445 2657 3516 quod
2698 3444 2970 3515 reliquum
3008 3450 3126 3498 erat
3153 3441 3329 3496 attriti

1747 3541 1992 3611 corporis
2019 3540 2239 3595 virium.
2274 3539 2500 3595 Fecerat
2540 3539 2726 3609 itaque
2761 3537 2904 3593 votis
2931 3536 3087 3593 satis.
3132 3535 3344 3590 Conse-

1747 3619 1920 3688 cravit
1943 3646 2182 3702 namque
2208 3629 2314 3685 vici
2353 3629 2500 3686 illius
2537 3628 2834 3695 aecclesias,
2885 3634 2941 3682 et
2999 3625 3343 3681 consecratio

1748 3725 1866 3796 ipsa
1893 3725 2042 3797 viget
2087 3739 2266 3795 usque
2308 3725 2364 3778 in
2408 3723 2738 3778 hodiernum
2785 3722 2952 3777 diem.
2989 3720 3166 3775 Tanta
3193 3717 3339 3773 enim

1747 3827 1866 3874 erat
1908 3827 2041 3874 tunc
2069 3826 2124 3873 et
2163 3835 2308 3874 nunc
2333 3825 2417 3873 est
2441 3817 2743 3872 auctoritas
2771 3815 2874 3870 viri
2905 3814 3101 3879 sancti,
3131 3821 3191 3868 ut
3219 3812 3342 3866 nul-

1748 3911 1836 3966 lus
1859 3913 2242 3980 episcoporum
2274 3908 2526 3980 quamvis
2553 3915 2777 3963 sanctus
2800 3948 2814 3972 ,
2837 3905 3090 3976 quamvis
3131 3903 3338 3973 justus,

1748 4003 2221 4059 consecrationem
2271 4003 2444 4072 ipsam
2493 4000 2754 4055 reiterare
2798 3999 2883 4054 vel
2932 3998 3205 4052 inmutare
3236 4011 3340 4050 au-

1747 4095 1892 4163 deat,
1933 4096 2027 4151 sed
2062 4095 2318 4166 perennis
2343 4102 2427 4149 est
2447 4093 2590 4163 apud
2612 4100 2842 4148 cunctos
2864 4101 2994 4146 tunc
3016 4090 3160 4145 facta
3188 4088 3342 4144 dedi-

1748 4185 1912 4253 catio,
1938 4194 1993 4240 et
2029 4185 2135 4240 erit
2163 4183 2568 4254 perpetualiter.
2607 4181 2744 4235 Tota
2773 4181 2940 4253 igitur
2974 4179 3127 4246 urbe,
3169 4179 3344 4233 immo

1748 4286 1862 4335 tota
1911 4277 2134 4348 regione
2164 4283 2377 4329 astante
2412 4284 2468 4328 et
2497 4274 2564 4328 ad
2595 4273 2823 4326 verbum
2867 4272 2981 4326 oris
3029 4271 3150 4341 ejus
3200 4286 3338 4339 pen-

1747 4371 1929 4437 dente,
1958 4383 2268 4424 sermonem
2297 4365 2424 4422 fecit
2446 4365 2704 4422 omnibus
2731 4364 2798 4418 de
2829 4364 2947 4434 ipso
2978 4361 3119 4418 festo
3144 4362 3340 4416 accele-

1749 4463 1866 4529 siat,
1883 4472 1937 4518 ct
1961 4461 2089 4532 quia
2111 4458 2529 4530 praesentialiter
2552 4457 2751 4512 ibidem
2769 4464 2992 4510 sanctus
3018 4461 3337 4510 sanctorum

94 4559 171 4597 suo
199 4546 473 4603 Gunthero
510 4549 615 4604 sibi
645 4549 864 4606 relictas
907 4549 1032 4620 jure
1076 4550 1394 4620 possidebat
1427 4549 1646 4604 heredi-
1675 4541 1723 4596 Π
1747 4552 2048 4619 advenerit,
2081 4550 2294 4607 cunctis
2320 4547 2680 4613 adnuntiavit,
2713 4555 2877 4616 atque
2899 4561 2968 4601 ne
2995 4542 3338 4600 consecratio

93 4642 203 4691 tario
227 4640 275 4694 in
301 4641 485 4707 terris,
514 4641 743 4707 mansis,
768 4642 998 4710 campis,
1029 4642 1222 4710 pratis,
1259 4642 1500 4711 pascuis,
1540 4641 1640 4696 sil-

92 4726 180 4793 vis,
215 4732 367 4801 aquis
411 4747 794 4802 aquarumque
840 4733 1164 4788 decursibus
1188 4774 1203 4800 ,
1259 4740 1315 4787 et
1355 4731 1640 4788 basilicam

92 4823 231 4874 sancti
268 4822 487 4878 Martini
531 4823 590 4877 in
622 4824 739 4894 ipsa
784 4824 914 4879 villa
970 4822 1313 4879 Bettiliniaca
1356 4824 1468 4896 (60)
1505 4841 1642 4880 con-

91 4922 334 4984 structam,
373 4935 500 4990 qua:
539 4918 747 4984 omnia,
786 4917 932 4975 sicut
957 4917 1195 4973 habebat
1215 4926 1272 4972 et
1300 4918 1638 4989 possidebat,

91 5015 245 5062 sancto
264 5008 463 5067 Vitono
483 5017 538 5065 et
559 5009 690 5066 huic
714 5009 856 5079 patri
876 5016 1071 5065 nostro
1095 5010 1240 5066 idem
1263 5011 1500 5066 contulit
1523 5026 1643 5081 per-

90 5100 334 5160 p3tualiter
361 5102 694 5172 possidenda
712 5118 858 5158 anno
886 5102 995 5158 inc.
1022 5102 1177 5158 Dom.
1211 5103 1314 5159 775
1341 5103 1654 5159 indictione-

94 5185 158 5250 Η,
195 5204 447 5264 regnante
501 5194 702 5250 Karolo
733 5194 930 5266 Magno
958 5212 1106 5250 anno
1134 5197 1288 5268 regni
1325 5197 1446 5266 ejus
1471 5196 1524 5262 8,
1552 5199 1642 5253 die

92 5276 252 5339 fildus
299 5285 643 5354 Novembris,
697 5288 754 5342 in
807 5287 926 5358 ipsa
975 5288 1184 5344 scilicet
1239 5289 1642 5360 sollempnitate

92 5378 232 5431 sancti
256 5382 425 5450 patris
451 5382 630 5438 nostri
651 5380 856 5438 Vitoni.

145 5463 454 5541 Diligebatur
494 5483 678 5529 autem
707 5474 777 5528 ab
820 5473 1080 5530 omnibus
1126 5474 1296 5532 totius
1329 5476 1482 5547 regni
1528 5477 1641 5548 pri-

1720 4643 2107 4713 .reiteraretur
2150 4640 2450 4712 prohibuit.
2489 4637 2734 4694 Tandem
2770 4637 3028 4692 omnibus
3058 4633 3336 4698 valedixit,

1750 4751 2024 4806 suumque
2074 4735 2281 4790 exitum
2328 4732 2602 4788 maturius
2649 4730 2949 4785 affuturum
2991 4727 3260 4799 praedixit.
3291 4725 3338 4782 0

1749 4837 1993 4898 quantus
2015 4827 2070 4882 in
2097 4842 2232 4883 voce
2264 4827 2368 4882 hac
2403 4827 2585 4881 luctus
2611 4823 2882 4886 omnium,
2931 4837 3055 4892 qua:
3097 4820 3337 4891 suspiria

1744 4921 2032 4992 juvenum,
2056 4919 2248 4990 quanti
2275 4919 2510 4991 gemitus
2529 4917 2859 4973 dolentium!
2879 4913 2944 4969 Et
2963 4914 3090 4984 quis
3112 4929 3221 4968 non
3243 4913 3337 4968 lle-

1749 5023 1852 5082 ret,
1885 5013 1980 5069 ubi
2009 5022 2198 5070 tantus
2225 5013 2310 5070 vir
2341 5027 2502 5069 suum
2534 5027 2565 5065 a
2593 5009 2794 5065 saeculo
2823 5007 3122 5062 nunciabat
3145 5021 3337 5062 exces-

1749 5108 1907 5164 sum?
1948 5105 2086 5173 Quis
2114 5122 2174 5162 se
2214 5105 2494 5160 cohiberet
2519 5118 2551 5156 a
2586 5099 2851 5166 lacrimis,
2885 5098 2978 5154 ubi
3024 5106 3175 5152 tanta
3218 5108 3338 5152 erat

1747 5199 2033 5256 destitutio
2073 5199 2321 5254 omnium
2373 5197 2428 5251 in
2476 5192 2725 5250 absentia
2759 5191 2894 5246 tanti
2918 5186 3337 5261 fpatris‘llgitur
3377 5225 3382 5229 ~

1749 5303 2016 5349 consueta
2063 5292 2256 5348 salutis
2300 5291 2628 5345 documenta
2689 5284 2960 5356 replicans
3016 5295 3188 5351 seque
3228 5279 3337 5337 illis

1746 5386 2160 5451 commendans,
2193 5382 2449 5439 omnibus
2478 5379 2774 5446 benedixit,
2812 5386 2866 5433 et
2897 5384 2956 5431 ut
2994 5372 3203 5432 domini
3238 5371 3332 5426 Dei

1747 5485 2191 5535 memorarentur
2216 5473 2542 5542 ammonuit,
2579 5479 2632 5528 et
2657 5471 2738 5528 sic
2769 5471 2982 5540 expleto
3018 5466 3196 5525 ofﬁcio
3231 5463 3304 5520 do

1339 5567 1576 5623 VARle
1617 5569 2022 5626 LECTIONES.

96 5649 143 5678 ⁸³³
161 5657 433 5713 t'cuchardi
459 5674 598 5714 corr.
637 5660 910 5718 tcuthardi
934 5679 980 5715 ε.

1065 5661 1132 5695 ²τδ
1167 5660 1326 5719 Verte
1349 5660 1392 5716 Il
1419 5661 1545 5720 folia
1581 5672 1636 5718 et
1667 5663 1889 5734 require
1934 5662 2226 5724 sequentia
2253 5661 2357 5742 sub
2381 5661 2487 5720 hoc
2516 5661 2670 5733 signo
2702 5659 2819 5715 cod.

1583 5754 1818 5814 NOTAE.

149 5817 246 5888 (60)¹
277 5819 596 5880 Bettinvillc.
