3834 6304
132 405 227 463 157

1417 399 1831 460 CHRONICON.
1861 433 1931 443 —-
1958 401 2087 459 LIB.
2118 401 2160 459 ῐ.

3256 417 3362 476 158

130 535 269 577 mm
298 500 421 589 ejus
448 506 633 574 divina
654 514 939 573 miracula.
966 515 1034 572 Et
1061 517 1189 588 quia
1214 517 1301 588 pia
1323 516 1418 573 Dei
1452 518 1687 573 clemen-
1715 522 1763 577 Α
1787 517 2015 585 dunum,
2039 533 2160 588 qua:
2187 518 2291 574 sita
2326 517 2380 573 in
2408 520 2643 579 confinio
2668 521 2935 584 Neustria:
2961 539 3013 586 et
3039 528 3361 601 Austrasizc,

127 614 193 668 tia
241 611 389 666 illum
437 625 468 664 a
518 624 689 679 puero
736 609 806 664 ab
852 610 1002 664 omni
1050 609 1459 680 inquinamento
1504 610 1686 666 carnis

126 704 298 770 abluit,
325 710 669 771 mentemque
691 701 811 771 ejus
843 701 1155 757 castificans
1185 701 1255 755 ab
1284 701 1536 756 illusione
1564 700 1685 755 dia-

125 794 283 849 bolica
302 800 550 864 potenter
590 791 849 859 defendit,
881 791 1038 862 isque
1065 792 1169 848 sibi
1199 792 1404 847 mundo
1426 793 1589 847 corde
1632 802 1687 848 et

123 894 261 940 casto
295 898 524 954 corpore
560 883 798 951 servivit,
830 882 950 952 ejus
987 892 1111 953 post
1143 883 1349 938 obitum
1381 883 1684 938 evidentius

124 974 490 1030 manifestavit.
516 971 587 1029 Ut
607 974 753 1029 enim
780 974 955 1044 ipsius
981 990 1138 1030 mens
1159 975 1414 1029 inviolata
1440 975 1681 1043 libidine,

123 1067 185 1119 ita
209 1080 332 1120 raro
351 1067 557 1120 mansit
580 1065 895 1135 incorrupta
921 1066 1223 1136 putredine.
1259 1066 1537 1136 Siquidem
1558 1083 1684 1122 cum

123 1157 413 1227 sepulcrum
447 1156 567 1228 ejus
603 1157 894 1213 cotidianis
936 1158 1200 1213 virtutum
1244 1157 1462 1213 ﬂoreret
1500 1159 1685 1230 prodi-

122 1250 210 1320 giis
235 1257 287 1303 et
325 1248 536 1304 crebris
571 1249 899 1319 pOpulorum
940 1248 1379 1321 frequentaretur
1418 1250 1681 1318 excubiis,

112 1348 220 1395 erat
247 1348 422 1394 tamen
465 1340 628 1394 situm
661 1340 1021 1411 negligentius
1062 1357 1228 1411 quam
1274 1342 1451 1412 poscit
1491 1342 1685 1398 debita:

118 1430 465 1485 venerationis
500 1432 701 1486 cultus.
736 1430 916 1498 Quare
948 1433 1173 1503 dignum
1207 1433 1363 1487 duxit
1393 1442 1520 1489 tunc
1547 1442 1685 1488 tem-

118 1521 248 1592 poris
298 1522 592 1592 episcopus
641 1524 929 1594 clerusque
976 1525 1155 1581 omnis
1185 1533 1240 1580 et
1278 1527 1510 1596 populus
1551 1527 1684 1582 illud

117 1625 304 1670 mutare
360 1616 665 1672 decentius.
718 1615 1035 1672 Presidebat
1081 1633 1148 1673 eo
1195 1628 1437 1689 tempore
1490 1617 1683 1673 Virdu-

118 1706 251 1762 nensi
279 1706 528 1763 ecclesiae
554 1707 868 1763 Berhardus
894 1708 1205 1779 episcopus,
1254 1710 1339 1764 vir
1381 1710 1682 1765 catholicus

115 1805 160 1851 et
178 1798 453 1869 religiosus
474 1807 530 1854 et
548 1800 604 1853 in
630 1798 735 1855 fide
764 1808 951 1856 sancta
983 1801 1478 1870 nomiuatissimus,
1511 1802 1681 1873 impe—

114 1898 249 1944 rante
276 1889 539 1945 Lotbario
565 1890 827 1947 Ludovici
849 1890 932 1947 Pii
966 1892 1100 1959 filio,
1130 1893 1289 1964 cujus
1323 1910 1550 1966 regnum
1577 1893 1680 1949 fuit

114 1978 244 2034 ltalia
267 1996 390 2036 cum
427 1982 566 2037 urbe
587 1981 760 2038 Roma
793 1992 848 2039 et
875 1991 1029 2055 parte
1050 1984 1297 2041 Francia:
1330 2002 1496 2057 quam
1529 1985 1679 2043 Mosa

114 2080 158 2125 et
179 2070 390 2129 Rhenus
415 2074 565 2129 inter
588 2090 648 2131 se
686 2075 968 2131 claudunt.
995 2075 1152 2143 Quod
1181 2093 1329 2144 cum,
1370 2078 1450 2133 uti
1476 2078 1681 2134 delibe-

112 2171 336 2217 raverant
381 2163 610 2230 animo,
653 2172 926 2219 certarent
953 2164 1155 2220 eﬂosso
1207 2165 1432 2236 implere
1488 2182 1677 2223 sarco-

114 2251 285 2324 phago,
331 2254 524 2310 subito
555 2254 664 2311 illis
709 2254 1091 2311 inestimabilis
1132 2263 1350 2312 ostensa
1398 2266 1483 2312 est
1514 2256 1673 2312 visio.

112 2342 227 2398 Nam
274 2345 461 2401 ablato
508 2346 784 2417 sepulchri
832 2347 1158 2417 cooperculo
1179 2388 1194 2415 ,
1246 2347 1430 2402 vidtnt
1449 2348 1680 2404 cadaver

114 2446 217 2491 ante
241 2436 307 2491 40
341 2453 527 2494 annos
554 2438 872 2495 defunctum
912 2439 1061 2495 velut
1100 2438 1369 2494 viventem
1401 2440 1676 2495 hominem

113 2538 432 2599 soporatum,
492 2532 727 2587 can'dore
769 2532 1008 2587 liliorum
1052 2531 1138 2586 vel
1180 2532 1379 2587 rubore
1422 2547 1676 2588 rosarum

113 2618 387 2688 perfusum,
413 2623 571 2678 nulla
610 2624 824 2678 macula
850 2638 949 2678 nec
972 2623 1156 2693 aliquo
1183 2624 1377 2678 mortis
1411 2624 1567 2696 signo
1597 2624 1677 2680 fe-

114 2710 293 2766 datum.
323 2712 448 2781 Quo
480 2714 600 2770 viso
627 2715 912 2782 miraculo,
938 2715 1213 2786 odoreque
1233 2713 1439 2785 perfusi
1466 2715 1678 2772 suavis-

114 2801 250 2871 simo,
278 2814 549 2875 ceperunt
578 2804 707 2861 ﬂere
728 2821 839 2876 prae
860 2807 1076 2878 gaudio,
1102 2808 1451 2879 levantesque
1475 2823 1676 2878 corpus

113 2897 262 2951 sancti
284 2913 409 2952 cum
430 2899 739 2954 reverentia
763 2908 818 2954 et
847 2900 1041 2970 jubilo,
1067 2901 1123 2956 in
1154 2910 1455 2971 praeparato
1493 2909 1674 2957 trans-

114 2997 294 3055 ponunt
346 2990 661 3059 mausoleo,
714 2992 807 3047 ubi
839 3001 1040 3047 extunc
1089 3000 1347 3061 operatur
1394 2991 1673 3060 divinitas,

114 3087 420 3150 cunctosque
449 3079 553 3136 Dei
587 3082 841 3137 medetur
868 3083 1061 3152 pietas.
1112 3081 1335 3153 Sopitur
1376 3084 1556 3140 omnis
1600 3083 1674 3139 ibi

1788 608 2074 678 utrobique
2111 609 2411 665 incursioni
2445 612 2811 683 diripientium
2851 621 3027 688 patuit
3053 630 3108 677 et
3133 626 3356 696 rapinae.

1785 697 2011 754 Duravit
2030 702 2131 757 hec
2154 703 2378 760 vastitas
2399 720 2496 775 per
2515 721 2690 763 annos
2714 711 3038 781 complures,
3062 730 3094 770 a
3116 723 3360 788 tempore

1785 791 1990 846 scilicet
2039 792 2355 851 Theoderici
2402 805 2453 852 et
2508 798 2768 870 principis
2818 800 3070 874 Ebroini,
3122 823 3357 879 quorum

1783 882 2024 939 bestialis
2057 892 2111 938 et
2142 902 2248 940 non
2287 887 2524 943 humana
2557 892 2762 946 saevitia
2808 897 3099 953 maculavit
3129 916 3356 974 regnum

1783 972 2118 1029 Francorum
2155 978 2417 1048 sanguine
2456 995 2740 1049 procerum
2769 992 2822 1039 ct
2850 996 3159 1058 magnatum
3183 972 3358 1064 usque

1784 1064 1852 1119 ad
1879 1067 2175 1122 secundum
2201 1066 2423 1139 Pippini
2436 1072 2577 1142 regis
2601 1088 2825 1144 annum,
2855 1092 2964 1149 quo
2978 1079 3259 1139 institutus
3272 1094 3358 1140 est

1784 1172 1815 1212 a
1846 1157 2120 1229 Stephano
2139 1176 2278 1230 papa
2309 1177 2405 1217 rex
2433 1161 2788 1235 Francorum,
2814 1169 2954 1225 sicut
2980 1179 3033 1226 et
3053 1175 3353 1243 prmdcccs-r

1784 1264 1878 1305 sor
1906 1251 2025 1320 ejus
2056 1252 2349 1309 Zacharias
2395 1257 2777 1326 constituerat,
2813 1261 2907 1331 qui
2938 1262 3040 1318 fuit
3077 1281 3253 1321 annus
3288 1267 3358 1322 ab

1784 1341 1891 1398 inc.
1917 1342 2073 1399 Dom.
2103 1345 2225 1401 754.
2256 1344 2408 1402 Tunc
2436 1348 2670 1418 primum
2701 1351 2945 1409 discussa
2975 1356 3203 1429 caligine
3229 1359 3358 1412 hor-

1781 1434 1958 1491 ribilis
1979 1437 2235 1505 turbinis,
2256 1453 2396 1493 nova
2416 1440 2511 1495 lux
2535 1441 2666 1496 oriri
2687 1443 2802 1499 visa
2827 1453 2911 1499 est
2936 1445 3230 1502 Galliarum
3259 1464 3357 1518 po—

1782 1526 1944 1596 pulis,
1979 1537 2033 1584 et
2066 1529 2268 1598 plebes,
2308 1546 2429 1602 qua:
2461 1533 2717 1590 carebant
2749 1544 2987 1607 pastore,
3016 1553 3173 1592 suum
3208 1555 3357 1609 qua!-

1781 1635 1890 1689 que
1935 1622 2180 1677 certatim
2223 1640 2445 1695 rapere;
2484 1642 2592 1698 quo
2639 1644 2785 1683 anno
2829 1630 3228 1688 inthronizatus
3272 1643 3358 1690 est

1782 1710 1873 1766 hic
1892 1712 2085 1768 beatus
2109 1716 2433 1771 auctoritate
2458 1715 2716 1788 Stephani
2736 1736 2888 1790 papae
2900 1729 2954 1776 et
2975 1719 3185 1792 Pippini
3208 1723 3358 1793 prin-

1783 1802 1918 1872 cipis
1949 1802 2127 1859 laude.
2157 1803 2295 1859 Dum
2327 1822 2458 1879 ergo
2476 1808 2679 1864 referat
2706 1811 2944 1877 cronica,
2984 1813 3115 1883 quid
3140 1811 3301 1868 fuerit
3325 1829 3355 1868 a

1711 1872 1753 1931 Β
1782 1902 2026 1965 tempore
2047 1893 2261 1965 Pippini
2289 1872 2686 1971 quivAnsegiso
2717 1909 2870 1958 ortus
2898 1872 3155 1957 Karolum
3188 1903 3356 1959 Tudi-

1779 1994 1887 2042 tem
1933 1987 2138 2056 genuit,
2192 2004 2369 2060 usque
2416 1989 2483 2044 ad
2530 1989 2715 2045 Karoli
2758 2000 3019 2063 tempora,
3073 2000 3358 2050 teneamus

1779 2091 1984 2130 annum
2013 2077 2082 2132 ab
2115 2078 2223 2134 inc.
2262 2078 2420 2135 Dom.
2454 2079 2577 2147 712,
2608 2097 2717 2153 quo
2744 2082 2936 2140 beatus
2969 2085 3058 2142 hic
3088 2097 3249 2144 natus
3275 2100 3359 2145 est

1778 2165 2075 2222 indictione
2098 2168 2183 2236 15,
2206 2177 2260 2226 et
2290 2170 2369 2226 sic
2407 2173 2771 2243 computando
2807 2176 3159 2234 ascendentes
3194 2168 3359 2235 habe-

1777 2258 1958 2314 bimus
1981 2260 2129 2330 ipsos
2158 2278 2353 2332 annos,
2382 2266 2583 2336 quibus
2615 2265 2875 2338 Pippinus
2910 2270 3229 2339 supervixit,
3259 2285 3355 2325 an-

1778 2366 1881 2407 nos
1905 2353 2068 2407 etiam
2103 2354 2196 2422 27,
2229 2357 2427 2426 quibus
2472 2357 2704 2415 Karolus
2729 2361 2964 2431 Optinuit
2991 2363 3355 2433 principatum

1776 2451 1902 2512 post
1932 2453 2163 2514 patrem,
2194 2461 2289 2500 sex
2312 2448 2473 2503 etiam
2510 2451 2709 2521 quibus
2746 2452 2838 2506 lilii
2875 2453 2994 2523 ejus
3032 2450 3357 2510 Karloman-

1777 2547 1884 2587 nus
1909 2541 1965 2588 et
1991 2532 2254 2604 Pippinus
2279 2545 2403 2606 post
2430 2553 2555 2594 eum
2596 2540 2858 2596 dominati
2894 2551 3023 2598 sunt
3050 2545 3358 2600 communi-

1780 2633 1881 2693 ter,
1917 2635 2157 2696 quatuor
2196 2644 2416 2700 quoque
2453 2633 2654 2701 quibus
2693 2644 2818 2689 ante
2849 2636 3161 2692 unctionem
3206 2638 3357 2694 solus

1776 2718 2142 2788 principatum
2180 2722 2452 2790 optinuit,
2473 2724 2654 2793 ipsum
2689 2726 2853 2779 etiam
2886 2742 3113 2794 annum,
3153 2746 3264 2799 quo
3299 2732 3356 2786 in

1777 2824 1960 2880 regem
1983 2810 2223 2867 elevatus
2252 2820 2354 2880 est,
2383 2823 2438 2869 et
2463 2816 2543 2870 sic
2569 2822 2839 2871 summam
2865 2821 3079 2875 numeri
3102 2823 3357 2893 colligen-

1776 2907 1859 2956 tes
1883 2902 2222 2959 inveniemus
2253 2906 2401 2975 quod
2432 2906 2504 2962 45
2530 2907 2708 2964 aetatis
2748 2924 2861 2965 sua:
2902 2927 3047 2967 anno
3070 2929 3358 2971 consecra-

1779 3002 1866 3049 tus
1893 2994 1963 3049 sit
1987 2996 2251 3052 electione
2285 3013 2541 3068 superna,
2568 3015 2635 3056 eo
2656 3002 2862 3058 scilicet
2895 3019 3063 3073 anno,
3094 3022 3203 3077 quo
3229 3007 3358 3079 Pip—

1775 3085 1939 3156 pinus
1972 3102 2067 3142 rcx
2092 3089 2424 3146 constitutus
2448 3107 2480 3146 a
2515 3107 2653 3163 papa
2690 3103 2789 3149 est.
2816 3093 2955 3152 Hinc
2988 3097 3189 3154 iterum
3221 3116 3358 3156 enu-

113 3167 647 3245 intirmitas,‘fugatur
674 3174 910 3240 caecitas,
945 3174 1173 3245 erigitur
1201 3174 1462 3241 curvitas,
1509 3175 1673 3230 robo—
1699 3207 1744 3270 ϐ
1776 3179 1998 3234 meratis
2018 3195 2069 3234 a.
2102 3180 2169 3235 15
2186 3181 2387 3251 quibus
2409 3191 2598 3252 postea
2624 3182 2888 3255 Pippinus
2914 3189 3064 3245 solus
3089 3193 3354 3263 regnavit,

114 3269 240 3314 ratur
266 3265 540 3330 debilitas,
565 3266 822 3321 omnibus
845 3265 1091 3320 redditur
1123 3264 1347 3320 sanitas.

173 3350 325 3409 liabet
341 3356 464 3425 jam
501 3356 694 3411 beatus
727 3353 957 3411 Vitonus
984 3355 1041 3409 in
1064 3356 1211 3411 caelis
1235 3356 1445 3411 socium
1474 3364 1528 3410 et
1547 3371 1672 3411 con-

112 3442 277 3512 civem,
304 3463 475 3517 quem
524 3446 717 3507 habuit
751 3447 1046 3517 aliquando
1091 3447 1147 3501 in
1187 3447 1350 3502 terris
1388 3447 1668 3503 alumnum

112 3541 155 3588 et
190 3534 430 3597 devotum
468 3551 865 3592 successorem.
904 3535 1243 3607 Conjunctus
1272 3546 1355 3591 est
1385 3537 1589 3594 sanctis
1614 3536 1671 3592 in

111 3624 272 3695 gloria,
295 3627 504 3698 quibus
526 3627 757 3687 devotus
787 3627 1009 3683 servivit
1031 3627 1087 3682 in
1117 3628 1220 3688 hac
1240 3627 1351 3684 vita
1374 3629 1667 3685 laboriosa.

111 3716 383 3781 Queramus
404 3727 469 3775 Ct
500 3734 603 3775 nos
621 3734 748 3775 eum
776 3728 1067 3790 patronum
1101 3728 1156 3775 ει
1180 3728 1440 3787 tutorem,
1470 3728 1671 3777 etcum

111 3807 304 3879 reliquis
358 3810 575 3867 sanctis
621 3809 773 3880 pium
819 3810 964 3879 apud
1018 3808 1189 3865 Deum
1233 3810 1670 3880 intercessorem,

111 3912 247 3967 quem
272 3900 581 3956 meruimus
630 3898 832 3954 habere
864 3899 1140 3957 doctorem
1171 3906 1225 3959 et
1257 3900 1500 3955 veritatis
1528 3916 1661 3971 prae-

111 4002 293 4048 conem.
330 3991 448 4049 lllic
470 4007 600 4064 ergo
624 3991 837 4063 positus
873 4005 975 4047 nos
1006 3990 1094 4046 hic
1131 4000 1356 4052 orantes
1394 3992 1669 4061 exaudiat,

113 4087 298 4136 tueatur
326 4092 382 4138 et
415 4092 688 4154 protegat,
725 4093 779 4138 et
816 4099 955 4155 quos
992 4083 1155 4138 habet
1186 4083 1241 4137 in
1270 4084 1431 4139 terris
1461 4084 1671 4154 suppli-

113 4184 185 4245 αξξ
209 4183 570 4242 veneratorcs,
603 4175 844 4245 optineat
870 4191 999 4231 suos
1017 4174 1073 4237 in
1096 4176 1225 4231 cells
1263 4173 1379 4230 fore
1398 4175 1668 4235 concives.

109 4304 113 4322 .
152 4242 302 4342 ᾔτει.
335 4275 455 4347 60.)
491 4274 549 4330 Si
591 4242 721 4348 ergo
749 4276 914 4348 hujus
950 4278 1094 4332 beati
1119 4277 1223 4332 viri
1257 4277 1454 4333 ductus
1487 4292 1673 4334 amore

111 4363 315 4436 diligens
361 4369 544 4423 lector
590 4368 889 4425 studiosius
933 4369 1083 4439 cupit
1123 4369 1422 4436 addiscere,
1468 4385 1578 4439 quo
1614 4369 1671 4424 in

113 4463 326 4526 tempore
355 4468 525 4517 natus
552 4476 728 4530 quove
757 4461 829 4515 sit
854 4461 921 4517 ad
959 4461 1331 4531 episcopatum
1362 4468 1665 4530 promotus,

1773 3279 1828 3325 et
1856 3270 1890 3325 8
1912 3272 2073 3327 annis
2093 3273 2244 3343 regni
2268 3272 2451 3349 Karoli
2469 3316 2485 3343 ,
2514 3276 2643 3346 quia
2672 3276 2728 3331 in
2755 3293 2903 3335 nono
2928 3280 3017 3337 hic
3044 3282 3233 3339 beatus
3254 3285 3356 3339 ho-
3446 3326 3465 3340 .

1771 3364 1972 3418 minem
2018 3366 2187 3431 exuit,
2229 3382 2355 3421 cum
2390 3368 2660 3424 obsideret
2714 3369 2948 3427 Karolus
2994 3373 3353 3432 Tharovisam

1771 3454 1937 3510 italiae
1965 3457 2174 3525 urbem,
2214 3458 2551 3516 inveniemus
2591 3463 2736 3532 quod
2772 3464 2841 3518 54
2882 3467 3229 3535 pontificatus
3266 3472 3353 3526 sui

1772 3562 1916 3602 anno
1943 3563 2039 3619 per
2063 3550 2131 3581 ’³⁷
2162 3549 2419 3619 perituris
2440 3552 2660 3609 celestia
2689 3563 2744 3610 et
2766 3564 2967 3612 aeterna
2988 3568 3354 3643 commutatis,

1770 3640 1826 3695 in
1847 3641 2098 3712 proximo
2122 3643 2381 3714 epiSCOpii
2405 3643 2594 3713 fundo,
2618 3648 2715 3718 qui
2737 3649 2939 3705 dicitur
2966 3649 3262 3722 Novavilla,
3286 3640 3355 3709 ad

1773 3730 2064 3788 Dominum
2092 3734 2423 3807 migraverit,
2450 3739 2485 3793 4
2529 3738 2714 3797 Nonas
2745 3739 3015 3810 Octobris,
3041 3745 3215 3801 aetatis
3241 3762 3356 3803 sua;

1773 3839 1824 3878 a.
1851 3824 1940 3892 68,
1977 3824 2272 3883 indictione
2319 3829 2407 3897 15,
2457 3841 2646 3902 epacta
2679 3833 2779 3902 28,
2819 3850 2965 3890 anno
3008 3837 3355 3906 pontificatus

1770 3916 1995 3974 Adriani
2026 3935 2179 3990 papa:
2210 3922 2322 3994 (61)
2358 3934 2532 3993 sexto,
2556 3927 2625 3983 ab
2645 3927 2754 3985 inc.
2790 3927 2944 3984 Dom.
2974 3945 3025 3985 a.
3059 3929 3181 3999 777,
3211 3929 3356 3987 Con-

1772 4011 1999 4066 stantini
2042 4021 2096 4067 et
2141 4012 2326 4071 [renes
2366 4021 2734 4089 temporibus,
2775 4036 2923 4078 anno
2970 4024 3120 4095 regni
3161 4040 3354 4080 eorum

1772 4112 1947 4171 sexto,
1982 4120 2094 4161 uno
2122 4117 2247 4163 ante
2285 4111 2571 4180 septimam
2600 4115 2870 4185 synodum
2904 4133 3068 4172 anno.
3098 4116 3239 4189 Ergo
3270 4117 3352 4173 fe-

1771 4195 1846 4249 lix
1874 4194 2133 4252 Madelvei
2155 4208 2330 4267 ortus,
2362 4201 2570 4258 felicior
2590 4205 2716 4262 vita:
2739 4223 2958 4275 cursus,
3001 4208 3353 4266 felicissimus

1770 4284 1875 4340 fuit
1916 4301 2167 4354 occasus,
2202 4300 2495 4359 praestante
2531 4292 2657 4349 Jesu
2692 4297 2896 4353 Christi
2942 4300 3114 4371 gratia
3151 4302 3239 4358 cui
3269 4311 3355 4360 est

1771 4377 1948 4432 honor
1970 4386 2026 4432 et
2048 4379 2216 4448 gloria
2239 4381 2294 4436 in
2329 4384 2636 4440 seculorum
2662 4388 2864 4445 secula.
2892 4390 3086 4447 Amen.

1846 4466 1985 4540 (Fol.
2043 4468 2175 4540 60’.)
2230 4471 2454 4543 (Chron.
2493 4474 2639 4548 Div.)
2685 4478 2845 4536 Anno
2900 4482 3065 4554 igitur
3121 4484 3191 4539 ab
3239 4484 3349 4542 inc.

110 4558 222 4616 quot
245 4553 401 4616 annis
424 4561 555 4610 ante
587 4554 958 4624 episcopatum
983 4554 1069 4608 vel
1100 4562 1234 4623 quot
1274 4555 1329 4608 in
1357 4554 1671 4623 episcopatu
1704 4561 1748 4616 D
1774 4560 1931 4615 Dom.
1974 4560 2100 4629 751,
2134 4561 2395 4633 Pippinus
2423 4583 2519 4622 rex
2561 4568 2785 4629 intravit
2810 4553 3261 4645 Langobardiam,
3297 4586 3354 4659 et

112 4640 301 4712 vixerit,
342 4655 398 4703 et
431 4662 546 4717 quo
573 4646 848 4701 hominem
889 4645 1119 4711 exuerit,
1170 4654 1347 4700 teneat
1390 4647 1669 4703 cronieam

110 4735 419 4791 memorialis
441 4736 583 4807 ejus,
611 4744 666 4790 et
693 4736 774 4791 sic
802 4752 898 4805 per
917 4736 1325 4794 succedentium
1349 4736 1452 4792 sibi
1478 4753 1668 4808 regum

110 4830 156 4873 et
184 4821 548 4880 Romanorum
583 4825 898 4896 pontificum
943 4833 1184 4896 tempora
1210 4827 1356 4897 quod
1380 4828 1559 4897 querit
1586 4828 1671 4882 in-

111 4915 283 4971 veniet.
318 4917 572 4973 Relatum
602 4928 684 4974 est
726 4919 1000 4989 superius,
1030 4921 1176 4991 quod
1204 4928 1331 4975 ante
1363 4920 1665 4977 ordinatio-

112 5021 216 5061 nem
235 5010 350 5080 ejus
377 5027 476 5080 per
498 5011 666 5066 multa
687 5011 899 5067 dierum
922 5012 1194 5068 curricula
1220 5012 1428 5083 absque
1448 5021 1668 5082 pastore

111 5096 249 5156 fuerit
268 5103 420 5172 plebs
454 5103 771 5159 Virduniea.
809 5103 928 5159 Non
955 5106 1101 5161 enim
1141 5107 1353 5162 sinebat
1385 5106 1670 5176 praefecto-

111 5202 235 5257 rum,
258 5194 350 5261 qui
377 5204 434 5249 et
466 5195 703 5265 majores
732 5195 928 5251 domus
960 5196 1297 5263 dicebantur,
1331 5196 1572 5266 improba
1605 5198 1671 5252 li-

110 5279 265 5333 tentia
309 5283 584 5340 ecclesias
637 5284 713 5340 uti
765 5285 1015 5340 libertate
1056 5285 1304 5355 propria,
1353 5302 1478 5341 cum
1523 5288 1671 5356 ipsas

111 5380 304 5441 quoque
332 5373 499 5430 urbes
521 5374 748 5435 nimium
772 5375 1061 5445 attriverit,
1082 5376 1320 5436 maxime
1343 5384 1523 5432 tamen
1547 5374 1670 5432 Vir-

1775 4651 2085 4722 Stephanus
2116 4670 2255 4724 papa
2284 4672 2536 4715 reversus
2563 4670 2649 4716 est
2670 4661 2916 4719 Romam.
2936 4664 3096 4722 Anno
3136 4652 3355 4740 quoque

1772 4744 1840 4799 ab
1865 4745 1975 4801 inc.
2010 4745 2168 4801 Dom.
2203 4747 2305 4802 760
2337 4752 2572 4819 perrexit
2600 4752 2945 4810 Wasconiam
2965 4799 2980 4824 ,
3005 4766 3060 4812 et
3094 4774 3241 4815 anno
3263 4777 3353 4817 se-

1772 4839 1960 4906 quenti
1990 4855 2115 4894 cum
2160 4839 2287 4895 filiis
2326 4841 2490 4898 Karlo
2512 4852 2567 4899 et
2601 4844 3353 4920 KarlomannO’Aquitaniam

1771 4937 1826 4982 et
1853 4926 2122 4986 Bituricas
2149 4932 2310 5002 cepit.
2334 4932 2497 4989 Anno
2519 4935 2639 5002 762,
2665 4936 2861 4992 iterum
2884 4938 2982 4994 ivit
3002 4940 3353 5011 Aquitaniam

1771 5026 1826 5072 et
1846 5022 2175 5089 conquisivit
2196 5021 2515 5080 Lemovicas
2536 5026 2832 5083 civitatem.
2857 5029 3103 5102 Cumque
3124 5035 3353 5105 septima

1771 5109 1890 5164 vice
1912 5109 2003 5165 illo
2025 5113 2129 5167 iret
2154 5129 2249 5183 per
2281 5113 2547 5171 Viennam
2576 5120 2858 5187 transitus,
2886 5121 3160 5180 Berterico
3182 5141 3246 5180 ex
3271 5126 3356 5182 fa-

1775 5201 1940 5257 mulis
1977 5204 2220 5260 ecclesiaa
2241 5205 2616 5275 episcopatum
2637 5208 2999 5269 Viennensem
3026 5216 3189 5271 dedit.
3223 5216 3355 5274 Post

1774 5290 1892 5347 haec
1931 5308 2077 5348 anno
2105 5294 2175 5349 ab
2203 5294 2313 5351 inc.
2339 5296 2496 5352 Dom.
2536 5298 2639 5355 768
2693 5302 2829 5358 obiit
2858 5304 2891 5359 8
2916 5304 3035 5360 Kal.
3080 5304 3351 5374 Octobris,

1771 5389 1826 5437 et
1854 5384 2044 5440 eodem
2069 5403 2234 5456 armo,
2260 5388 2349 5445 die
2390 5389 2643 5450 videlicet
2668 5398 2935 5467 sequenti,
2960 5400 3111 5456 uncti
3137 5408 3267 5457 sunt
3294 5401 3354 5456 in

1393 5509 1626 5568 VARIIE
1661 5513 2060 5577 LECTIONES.

168 5593 228 5627 ³³¹
249 5595 325 5651 ita
346 5613 397 5652 c.

1583 5674 1817 5734 NOTAE.

173 5728 582 5854 l(“6'12"ﬁdﬁrianus
625 5759 750 5817 inde
790 5761 858 5817 ab
909 5778 958 5818 a.
1001 5763 1120 5835 772,
1170 5765 1567 5826 Constantinus
1612 5777 1668 5831 ct
1695 5767 1849 5831 lrene
1896 5768 1965 5827 ab
2006 5785 2057 5826 a.
2089 5769 2191 5828 780
2242 5772 2503 5831 sederunt
2546 5773 2789 5833 svnodus
2814 5774 3030 5835 Nicacna
3054 5794 3199 5854 anno
3248 5780 3353 5837 787

114 5818 355 5895 celebrata
383 5836 485 5885 est.

2648 5876 2667 5898 α’

2628 5904 2711 5930 οὲ.-
