3834 6304
121 322 202 377 IGI
1150 323 1157 329 '
1368 311 1784 371 CIIRONICON.
1807 343 1877 355 ——
1907 311 2039 368 LIB.
2068 312 2109 368 I-.

3271 324 3375 382 162

115 449 207 489 non
233 430 329 486 fuit
351 443 522 485 ausus
554 429 942 500 imperatorem
973 426 1177 483 videre.
1210 426 1312 483 Sed
1343 437 1531 497 postea
1560 444 1590 482 a
1618 428 1681 482 ti-
1711 432 1757 489 Α
1781 435 1843 481 ut
1866 442 1992 482 cum
2017 434 2163 482 esset
2190 435 2349 482 antea
2373 442 2633 499 magnum
2660 439 2715 485 et
2737 429 2900 500 forte,
2929 433 3155 505 duplum
3179 437 3256 494 illi
3286 441 3389 496 adv

112 529 187 584 liis
230 525 465 583 ecclesia:
502 525 678 595 ipsius
713 540 898 579 coram
939 525 1188 595 principe
1224 534 1369 580 recte
1410 535 1674 598 purgatus

111 618 228 673 adiit
268 616 410 671 illius
452 614 825 686 praesentiam,
856 621 913 669 et
961 614 1017 669 in
1064 615 1258 670 diebus
1296 614 1673 686 cjus'ecclesia

109 710 199 767 sibi
221 724 323 764 non
356 707 533 763 solum
566 722 677 762 non
708 706 1023 778 adquisivit,
1063 708 1158 763 sed
1196 716 1251 762 et
1278 708 1514 779 perdidit
1553 710 1675 779 'plu-

108 801 245 857 rima.
273 798 493 855 Diﬂicile
519 799 668 854 enim
707 806 811 866 est,
838 806 899 853 ut
926 799 1072 855 bono
1111 801 1474 855 terminentur
1503 802 1670 868 exitu,

106 909 208 965 qua
233 893 389 949 .nalis
407 900 537 947 sunt
553 891 807 947 inchoata
832 892 1137 963 principiis.
1162 892 1367 948 Probat
1390 894 1491 949 hec
1511 895 1671 949 ruina

106 1002 190 1041 sua
233 982 592 1040 Virdunensis
640 983 858 1051 civitas,
902 1001 1025 1055 qua:
1075 984 1312 1039 turrium
1353 1001 1672 1040 murorum-

104 1093 195 1149 que
224 1075 650 1131 “'solidissimo
696 1076 926 1143 ambitu,
973 1084 1164 1147 utpote
1202 1076 1401 1147 lapide,
1446 1078 1671 1149 plumbo

105 1169 334 1241 ferroque
378 1179 637 1225 conserto
680 1170 914 1235 munita,
951 1170 1095 1224 unde
1139 1177 1194 1224 et
1243 1185 1442 1225 nomen
1475 1172 1670 1226 sartita

103 1270 188 1329 est,
222 1271 278 1317 ut
307 1269 603 1317 vocaretur
625 1260 758 1317 urbs
801 1259 1116 1329 Clavorum,
1141 1278 1240 1332 pro
1270 1263 1470 1318 tuenda
1502 1262 1671 1321 Italici

103 1354 245 1425 hujus
275 1352 635 1408 instabilitate
655 1361 711 1407 et
730 1362 952 1423 experta
975 1353 1548 1409 intidelitateaCarolo
1570 1356 1667 1410 de-

102 1455 302 1512 structa,
328 1461 480 1501 nunc
505 1444 743 1517 ingentis
766 1452 976 1500 tantum
1174 1447 1244 1478 ’“
1280 1445 1498 1517 praefert
1531 1447 1673 1503 iudi-

100 1538 168 1593 cia
188 1547 237 1593 et
259 1538 345 1592 vix
373 1537 557 1609 aliqua
587 1537 1278 1608 antiquaillius-tirmitatis
1300 1539 1668 1607 retinet...’”,

100 1629 304 1685 edocens
334 1645 531 1685 omnes
554 1644 656 1685 suo
690 1630 783 1684 tali
830 1628 1154 1698 infortunio,
1188 1647 1311 1702 quae
1349 1630 1445 1687 Dei
1487 1641 1615 1688 sunt
1639 1648 1671 1688 a

99 1721 191 1778 Deo
221 1738 338 1778 esse
365 1723 686 1794 quaerenda.
732 1721 917 1779 Sensit
967 1724 1134 1779 etiam
1186 1739 1283 1779 rex
1332 1724 1671 1782 insensibilis

1777 517 1995 572 diderit.
2023 517 2250 573 Colebat
2283 534 2397 591 prce
2429 521 2686 578 omnibus
2716 524 2892 581 sacris
2913 526 3051 583 locis
3070 530 3373 589 :ecclesiam

1777 611 1953 665 sancti
1984 610 2130 667 Petri
2156 613 2300 683 apud
2334 610 2590 681 Romam,
2619 615 2707 669 cui
2747 616 2913 672 etiam
2936 619 3109 675 multa
3140 625 3374 681 contulit

1777 703 1832 757 in
1862 720 1998 760 auro
2024 714 2077 761 et
2097 715 2344 778 argento.
2369 707 2452 763 Ad
2473 708 2578 764 hoc
2600 724 2814 780 semper
2837 712 3129 783 laboravit,
3156 724 3214 771 ut
3239 717 3372 773 urbs

1776 794 2023 851 Romana
2046 814 2147 855 suo
2168 799 2355 855 labore
2375 801 2543 855 veteri
2573 802 2801 873 polleret
2822 808 3176 876 auctoritate;
3202 826 3369 881 quam

1776 905 1904 944 cum
1948 898 2103 946 tanto
2152 907 2339 947 amore
2381 890 2870 966 diligeret,‘quater
2889 904 3099 954 tantum
3125 901 3178 955 in
3219 902 3371 956 omni

1776 989 2019 1052 tempore
2046 983 2329 1055 regiminis
2352 984 2437 1040 sui
2472 986 2565 1040 illo
2598 987 2717 1042 ivit.
2750 987 2929 1061 [ΕιΝιι.
2948 990 3067 1045 Vita
3091 991 3192 1066 K.]
3219 992 3371 1049 Nun-

1777 1073 1921 1128 ciato
1952 1075 2055 1129 sibi
2084 1076 2311 1131 Adriani
2339 1075 2571 1132 Romani
2601 1081 2875 1149 pontificis
2912 1084 3064 1137 obitu
3096 1084 3168 1138 ita
3196 1086 3367 1155 flevit,

1776 1175 1840 1215 ac
1863 1160 1911 1215 si
1934 1160 2158 1218 fratrem
2189 1163 2871 1223 karissimumamisisset.

1847 1243 1987 1315 (Fol.
2018 1245 2133 1319 60')
2157 1247 2401 1304 Domnus
2422 1247 2702 1305 Manasses
2726 1268 2925 1323 corpus
2946 1256 3119 1310 sancti
3136 1256 3401 1330 Prejeeti‘

1776 1338 2036 1408 martyris
2071 1354 2103 1393 a
2151 1337 2413 1396 Volovico
2448 1340 2687 1397 delatum
2742 1342 3139 1403 Flaviniacensi
3184 1349 3370 1404 intulit

1774 1430 2054 1496 tecelesiai,
2086 1447 2252 1501 quam
2281 1433 2339 1486 in
2386 1433 2597 1489 honore
2648 1436 2823 1489 sancti
2852 1435 2996 1492 Petri
3027 1446 3083 1493 et
3121 1440 3369 1509 ejusdem

1776 1519 2033 1593 martyris
2064 1520 2406 1579 fundaverat.
2438 1523 2699 1595 Exceptio
2723 1527 2843 1597 ejus
2871 1544 2967 1582 \‘lll
2989 1527 3115 1583 Idus
3135 1528 3371 1586 Novem-

1775 1609 1894 1666 bris
1909 1612 2236 1668 celebratur.
2256 1612 2357 1670 Hic
2367 1615 2609 1670 obtinuit
2617 1618 2760 1687 apud
2775 1617 3206 1674 Karlomannum
3229 1621 3369 1694 (65),

1775 1712 1839 1759 ut
1866 1705 1921 1759 in
1951 1704 2281 1762 Corbiniaco
2313 1708 2441 1763 villa
2485 1710 2832 1765 cenobiolum
2866 1720 3231 1768 construeret.
3249 1712 3370 1787 (Se-

97 1814 367 1884 perniciem
424 1815 562 1870 tam;
595 1814 905 1883 infortunii,
946 1824 1008 1871 ιη
1048 1831 1158 1871 non
1203 1817 1386 1872 minor
1425 1818 1516 1873 hic
1562 1818 1670 1873 nisi
1704 1802 1745 1861 Β
1774 1799 1879 1853 ries
1914 1799 2035 1854 abb.
2099 1800 2284 1873 Flav.)
2336 1800 2487 1857 Obiit
2540 1804 2612 1858 55
2652 1821 2797 1860 anno
2844 1805 3207 1862 ordinationis
3252 1822 3368 1862 suae

96 1906 203 1976 quia
238 1908 651 1977 praemeditatus
691 1908 977 1964 accederet
1004 1908 1202 1976 hostis,
1247 1925 1415 1979 quam
1460 1909 1667 1965 dudum

96 1996 361 2054 Yandalica
390 1999 580 2070 pestis.
609 1998 676 2055 Et
708 1999 934 2069 merito;
972 2016 1098 2055 nam
1133 2000 1203 2055 ab
1245 2001 1379 2073 ipsis
1414 2000 1540 2057 ﬁdei
1575 2018 1671 2057 ru-

93 2089 318 2147 dimentis
364 2107 543 2163 usque
576 2091 645 2148 ai
678 2100 895 2173 tempus
924 2093 1055 2148 illud
1083 2109 1302 2165 semper
1338 2094 1391 2149 in
1430 2092 1526 2151 Dei
1564 2111 1673 2151 no-

94 2183 216 2239 mine
249 2184 529 2255 pontificis
553 2185 725 2241 valuit
752 2186 947 2243 electio
977 2187 1111 2243 cieri
1144 2197 1198 2244 et
1225 2189 1435 2260 populi,
1459 2198 1513 2245 et
1542 2189 1589 2246 si
1612 2190 1667 2246 in

92 2275 392 2345 quibusdam
423 2277 699 2349 principes
726 2279 981 2352 leguntur
999 2279 1236 2337 favorem
1260 2290 1315 2337 ct
1335 2297 1665 2339 consensum

92 2357 406 2438 praestitisse,
431 2386 704 2441 nusquam
738 2380 920 2428 tamen
952 2372 1205 2429 feruntur
1226 2374 1549 2430 electionem
1573 2392 1665 2431 ve-

94 2459 234 2515 tuisse
277 2461 560 2532 pontitieis
596 2462 909 2531 ordinandi,
959 2473 1056 2520 aut
1090 2464 1291 2522 factam
1336 2466 1663 2523 iumutasse.

93 2549 316 2622 Sepultus
358 2561 446 2610 est
496 2554 551 2608 in
587 2555 815 2610 ecclesia
853 2553 1067 2611 Sancta:
1101 2554 1288 2611 Maria:
1329 2567 1456 2613 ante
1493 2558 1664 2615 altare

91 2645 235 2698 sancti
262 2643 433 2700 Petri.
477 2644 523 2698 Α
560 2646 869 2701 vastatione
912 2655 1093 2702 autem
1128 2647 1281 2703 urbis
1326 2646 1659 2717 Virdunicaz,

92 2748 191 2802 qua:
211 2734 348 2790 facta
371 2745 459 2791 est
483 2752 514 2791 a
541 2734 801 2793 Yandalis
830 2754 1005 2808 usque
1027 2737 1093 2793 ad
1117 2738 1511 2794 desolationem
1542 2740 1663 2811 ejus

90 2821 258 2880 factam
307 2827 416 2882 sub
462 2826 665 2882 Karolo
709 2829 1039 2901 colliguntur
1088 2830 1216 2886 anni
1258 2830 1371 2887 fere
1414 2832 1540 2888 580.
1586 2832 1663 2889 De

90 2917 283 2985 quadris
313 2927 500 2975 autem
538 2919 815 2991 lapidibus
842 2923 1038 2978 dirutte
1066 2923 1303 2979 civitatis
1330 2923 1660 2996 Aquisgrani

90 3010 264 3079 capella
294 3021 579 3067 exstructa
605 3023 707 3069 est.

151 3100 330 3175 [Βειιτ.
361 3090 481 3178 Ιδη
521 3103 651 3161 Post
674 3105 833 3178 cujus
869 3117 1101 3163 mortem
1125 3108 1403 3180 elegerunt
1425 3108 1528 3165 sibi
1560 3109 1662 3164 ele-

1770 1889 1914 1947 Non.
1935 1890 2289 1962 Novembris;
2322 1896 2412 1950 cui
2435 1897 2704 1952 successit
2724 1897 3055 1954 Adalbcrtus
3082 1900 3168 1954 vir
3196 1915 3367 1955 vene-

1771 1985 1978 2041 randus
2004 2000 2150 2042 anno
2188 1986 2255 2041 9A
2287 1986 2495 2056 Karoli,
2522 1998 2577 2045 et
2602 1990 2635 2045 5
2664 2006 2811 2046 anno
2842 1992 3210 2050 ordinationis
3251 2010 3373 2051 suae

1769 2077 2025 2145 decessit,
2054 2088 2110 2134 et
2138 2080 2189 2136 ei
2220 2083 2488 2137 successit
2517 2081 2719 2151 Zacho,
2749 2092 2806 2139 et
2832 2095 3033 2155 quarto
3065 2101 3210 2141 anno
3239 2103 3364 2143 mo-

1768 2170 1940 2238 ritur;
1973 2179 2029 2241 et
2056 2171 2183 2228 huic
2202 2172 2507 2231 Alchuinus
2538 2176 2838 2233 succedens
2870 2179 2900 2231 7
2932 2194 3078 2234 anni
3124 2180 3281 2249 obiit,
3309 2193 3365 2237 et

1768 2263 1848 2319 sic
1875 2264 1946 2318 '55
1974 2280 2121 2320 anno
2174 2265 2390 2337 imperii
2420 2267 2604 2324 Karoli
2633 2269 2872 2325 domnus
2900 2271 3234 2342 Apollinaris
3269 2288 3373 2329 or-'

1765 2356 1988 2412 dinatur
2033 2358 2205 2414 abbas
2246 2359 2392 2416 dono
2439 2361 2807 2433 imperatoris.
2848 2362 2949 2421 llic
2982 2365 3154 2436 etiam
3194 2367 3365 2422 abba-

1765 2449 1897 2505 tiam
1930 2450 2317 2508 Divionensem
2353 2463 2407 2509 et
2442 2453 2802 2513 Reo‘mensem
2833 2459 2993 2525 rexit,
3018 2466 3074 2513 et
3098 2460 3361 2516 ecclesias

1762 2544 1985 2599 easdem
2032 2546 2483 2615 possessionibus
2531 2549 2717 2616 auxit,
2760 2558 3076 2605 sanctorum
3115 2552 3359 2623 reliquiis

1764 2634 2098 2704 honestavit,
2137 2640 2413 2709 prmcipue
2445 2650 2627 2696 tamen
2663 2641 3132 2698 Flaviniacensem
3164 2660 3360 2714 prove-

1764 2726 1844 2781 xit
1866 2736 1922 2782 et
1940 2730 2111 2784 auxit.
2142 2729 2289 2785 Obiit
2319 2732 2493 2801 pridie
2525 2732 2643 2787 Kal.
2672 2734 2903 2804 °Aprilis
2940 2750 2991 2789 a.
3035 2735 3103 2790 12
3143 2736 3359 2806 imperii

1764 2818 2046 2878 Ludovici.
2103 2822 2355 2880 Interfuit
2415 2827 2648 2881 concilio
2701 2827 3039 2900 Aquisgrani
3090 2830 3278 2885 habito
3323 2831 3358 2886 4

1763 2926 1909 2966 anno
1951 2911 2214 2970 Ludovici
2252 2915 2520 2987 ejusdem,
2577 2926 2632 2972 et
2672 2928 2796 2989 post
2824 2920 2859 2973 2
2886 2935 3061 2975 annos
3090 2921 3360 2977 successit

1768 3002 1993 3076 Vigilius
2032 3007 2231 3077 abbas,
2283 3024 2335 3063 a.
2389 3010 2456 3064 M
2503 3009 2785 3067 Ludovici.
2846 3011 3034 3086 [Auo.]
3080 3012 3359 3070 Viennen-

1764 3111 1879 3151 sem
1911 3106 2043 3153 tunc
2078 3101 2342 3170 temporis
2374 3102 2662 3159 ecclesiam
2700 3102 2895 3173 Ursus,
2934 3105 3358 3178 Lugdunensem

90 3168 170 3249 mg
193 3205 241 3251 ει
261 3168 500 3267 ρορυιηέ
525 3168 846 3269 σρίεροιξηηι
871 3199 937 3253 (ιε
969 3198 1113 3270 regis
1141 3168 1344 3269 palvauo
1370 3214 1519 3253 anno
1554 3197 1659 3254 διδ
1762 3187 1881 3243 Ade
1916 3190 2157 3261 regebat.
2192 3168 2339 3248 ⁷Ροει
2383 3193 2629 3249 Adonem
2680 3168 2969 3253 Hilduinus
3014 3168 3185 3271 nepos
3237 3202 3357 3272 ejus

90 3286 461 3357 Austrannum,
485 3300 765 3345 cautorem
794 3290 991 3362 ipsius,
1013 3290 1193 3345 virum
1220 3300 1529 3356 strenuum,
1563 3305 1660 3344 cu-

87 3376 165 3447 jus
184 3380 444 3436 industria
473 3380 776 3438 Bracenscs
807 3382 1185 3454 negociatorcs
1216 3382 1461 3453 ejusdem
1486 3382 1661 3438 cccle-

90 3470 169 3526 size
193 3473 380 3528 ditioni
430 3474 638 3530 redacti
684 3483 833 3531 sunt.
876 3474 944 3529 Et
981 3475 1071 3530 hic
1095 3473 1365 3545 superfuit
1397 3489 1574 3530 annos
1603 3474 1657 3530 5.

90 3557 348 3634 Requievit
375 3574 560 3621 autem
593 3549 739 3622 anim
772 3568 840 3622 ab
864 3567 974 3623 ine.
1001 3566 1157 3622 Dom.
1184 3567 1309 3634 819,
1333 3576 1388 3622 et
1413 3567 1659 3638 sepultus

90 3653 136 3708 in
164 3656 381 3714 basilica
410 3659 587 3715 sancti
617 3658 764 3715 Petri
794 3660 1026 3732 apostoli
1076 3676 1203 3716 cum
1243 3659 1661 3732 prmdecessori-

90 3745 177 3803 bus
206 3752 337 3807 suis.
892 3824 900 3835 η

148 3841 354 3910 (Chron.
394 3842 544 3915 Div.)
599 3843 926 3916 Susceptum
969 3861 1100 3917 ergo
1129 3844 1334 3900 bellum
1380 3860 1411 3899 a
1457 3843 1659 3901 Karolo

90 3942 254 3990 eoutra
280 3934 529 3991 Saxones
556 3952 653 4006 per
680 3936 750 3991 55
781 3952 955 3992 annos
982 3938 1190 4008 majore
1219 3937 1460 4007 dampno
1486 3935 1661 3991 Saxo-

90 4040 201 4080 num
232 4044 395 4099 quam
431 4027 770 4085 Francorum
815 4037 1027 4101 gestum
1054 4038 1157 4084 est.
1192 4027 1450 4084 Videntes
1481 4027 1659 4083 Saxo-

90 4130 171 4172 nes
213 4121 355 4190 quod
390 4122 647 4177 resistere
680 4137 791 4176 non
836 4130 1107 4193 poterant,
1156 4136 1345 4192 pacem
1392 4128 1657 4191 petentes,

89 4205 336 4278 baptizata
375 4220 461 4267 est
497 4213 790 4269 multitudo
837 4229 1051 4269 eorum.
1091 4212 1250 4267 Anno
1286 4226 1418 4284 ergo
1448 4212 1517 4266 ab
1548 4212 1656 4268 inc.

90 4298 225 4357 Dom.
251 4303 352 4358 780
378 4305 527 4360 venit
554 4303 787 4361 Karolus
829 4306 883 4360 in
910 4305 1205 4361 Saxoniam
1234 4305 1287 4359 in
1314 4304 1434 4361 loco
1455 4304 1554 4376 qui
1571 4319 1662 4357 vo-

88 4401 224 4447 catur
245 4393 659 4461 Patrisbronna,
687 4405 743 4452 et
768 4397 841 4453 ibi
871 4397 1063 4452 habuit
1087 4398 1346 4469 placitum
1374 4412 1657 4468 magnum,

87 4490 133 4535 et
153 4484 218 4538 ibi
246 4497 623 4544 convenerunt
662 4488 909 4546 Saxones
942 4490 1011 4545 ad
1060 4490 1415 4561 baptismum,
1454 4488 1660 4545 ditione

1763 3278 2183 3351 Lugdunensem
2231 3286 2520 3341 ecclesiam
2569 3289 2854 3358 paululum
2903 3308 3012 3347 non
3068 3295 3357 3367 episcopus

1762 3376 1957 3443 tenuit,
1996 3385 2051 3432 et
2090 3377 2393 3434 abscedens
2434 3378 2640 3436 Lirinis
2680 3384 2986 3439 monachus
3029 3384 3209 3441 factus
3250 3397 3357 3442 est.

1761 3464 1893 3522 Post
1923 3485 2086 3539 quem
2107 3468 2527 3541 Lugdunensem
2558 3474 2862 3530 mcelcsiam
2897 3475 3200 3533 LaiJradus
3234 3495 3358 3536 sus-

1764 3559 1908 3630 cepit
1952 3561 2148 3616 bonori
2197 3564 2277 3618 rei
2314 3563 2548 3635 publicae
2607 3567 2792 3636 utilis;
2834 3566 3197 3624 Viennensem
3228 3586 3363 3626 vero

1763 3649 1971 3706 Vulferi
2003 3652 2270 3711 Bavarius
2300 3657 2441 3712 rexit
2476 3673 2531 3712 a.
2570 3658 2657 3726 ll,
2695 3658 2783 3714 cui
2822 3669 3090 3715 successu
3120 3660 3357 3716 Bernar-

1760 3743 1885 3799 dus.
1910 3743 2216 3803 Laidradus
2240 3764 2371 3804 vero
2411 3750 2467 3804 in
2502 3750 2659 3806 initio
2698 3751 2914 3822 imperii
2949 3752 3212 3809 Ludovici
3250 3754 3357 3808 im-

1759 3835 2030 3904 peratoris
2057 3835 2451 3895 Sucssioneuse
2473 3843 2864 3897 monasterium
2883 3844 3058 3913 petiit,
3076 3852 3131 3899 et
3154 3845 3208 3899 in
3238 3846 3363 3900 loco

1762 3925 1881 3996 ejus
1903 3927 2227 4000 Agobardus
2245 3932 2596 3988 substituitur
2617 3933 2861 4004 ejusdem
2887 3937 3135 3992 ecclesia:
3149 3939 3364 4009 corepi-

1762 4034 1981 4092 scopus,
2010 4025 2387 4082 consentiente
2414 4026 2744 4096 imperatore
2772 4035 2827 4083 et
2858 4030 3007 4084 omni
3039 4031 3358 4086 Gallicano-

1761 4129 1882 4168 rum
1921 4115 2298 4187 episcoporum
2331 4118 2561 4190 synodo.
2601 4117 2758 4186 Quod
2805 4122 3028 4192 quidam
3064 4122 3365 4181 defendere

1759 4206 2035 4274 volentes,
2074 4208 2327 4265 dixerunt
2369 4227 2495 4266 eum
2532 4227 2562 4266 a
2597 4212 2774 4266 tribus
2816 4214 3088 4283 episcopis
3129 4215 3183 4269 in
3231 4217 3367 4273 sede

1760 4295 2111 4370 Lugdunensi
2131 4301 2357 4371 jubentc
2387 4302 2659 4359 Laidrado
2686 4303 2859 4360 fuisse
2888 4304 3220 4361 ordinatum.
3258 4307 3361 4363 llic

1762 4390 1929 4464 igitur
1954 4394 2277 4466 Agobardus
2307 4406 2361 4451 et
2383 4395 2695 4454 Bernardus
2718 4395 3047 4455 Viennensis
3073 4400 3215 4470 apud
3249 4399 3381 4485 Lu;

1760 4485 2016 4542 dovieum
2060 4488 2323 4558 accusati,
2354 4489 2587 4547 desertis
2634 4492 2907 4561 ecclesiis,
2950 4492 3003 4546 in
3047 4491 3257 4548 Italiam
3289 4492 3362 4548 ad

88 4589 115 4627 τι
144 4592 258 4648 rege
283 4581 482 4650 posita,
506 4589 569 4635 ut
606 4580 647 4635 F
651 4582 804 4638 rauci
827 4590 882 4638 et
911 4581 1158 4638 Saxones
1185 4596 1328 4636 unus
1349 4587 1538 4636 essent
1557 4596 1656 4651 po-
1691 4574 1734 4589 "
1761 4574 2102 4633 Clotharium
2139 4595 2198 4635 se
2246 4581 2624 4651 contulerunt;
2664 4582 2761 4639 sed
2796 4583 3087 4657 agentibus
3115 4584 3219 4656 piis
3249 4583 3361 4639 im-

88 4669 249 4735 palus.
287 4671 509 4730 Duobus
537 4676 721 4746 itaque
748 4676 950 4747 praaliis
974 4677 1054 4730 ita
1076 4674 1298 4731 contriti
1324 4681 1454 4730 sunt
1481 4672 1657 4730 Saxo-

89 4774 193 4827 nes,
222 4772 283 4819 ut
307 4766 537 4823 ulterius
561 4783 739 4839 neque
766 4784 947 4841 regem
958 4774 1339 4839 provocarent,
1364 4782 1542 4838 neque
1568 4782 1658 4822 ve-

89 4855 239 4914 nienti
280 4863 534 4919 resistere
573 4866 858 4920 auderent.
896 4864 1091 4926 Plures
1133 4872 1316 4920 tamen
1347 4864 1558 4920 uobile3
1586 4879 1654 4919 co

89 4942 214 5000 bello
236 4953 544 5024 consumpti
572 4964 721 5010 sunt.

148 5036 300 5095 Anno
322 5042 421 5098 788
480 5042 800 5116 Hispaniam
842 5063 1136 5121 aggressus
1167 5047 1272 5103 sibi
1299 5044 1559 5112 subdidit,
1599 5052 1655 5099 et

89 5124 426 5199 Britanniam.
448 5137 555 5194 Per
581 5141 944 5214 quadraginta
967 5143 1115 5198 enim
1146 5150 1202 5197 et
1229 5149 1434 5211 septem
1458 5152 1654 5205 annos,

90 5220 273 5288 quibus
309 5231 577 5302 regnavit,
609 5232 686 5288 ita
720 5234 999 5305 ampliavit
1037 5232 1378 5289 Francorum
1401 5245 1658 5302 regnum,

1760 4672 2128 4741 peratoribus,
2167 4682 2396 4745 uterque
2435 4676 2617 4731 sedem
2660 4693 2818 4733 suam
2859 4677 3083 4746 recepit.
3131 4675 3195 4731 Et
3233 4687 3361 4748 post

1760 4779 1968 4834 paucos
2004 4780 2179 4822 annos
2208 4766 2532 4839 Agobardus
2579 4771 2722 4840 apud
2759 4770 3068 4825 Sanctonas
3104 4768 3158 4823 in
3188 4786 3358 4842 expe-

1760 4856 1965 4913 ditione
1993 4859 2144 4931 regia
2172 4859 2513 4932 defungitur.
2546 4860 2855 4918 Bernardus
2877 4878 3097 4935 quoque
3127 4862 3281 4931 obiit,
3305 4872 3363 4920 et

1760 4948 2088 5022 Agylmarus
2125 4953 2499 5009 substituitur.
2532 4953 2727 5009 Amolo
2767 4972 2989 5027 quoque
3026 4956 3361 5030 Lugdunen-

1761 5058 1876 5099 sem
1911 5047 2286 5118 episcopatum
2321 5047 2584 5116 suseepit,
2610 5047 2769 5117 cujus
2804 5051 3102 5107 auctoritas
3122 5060 3176 5106 et
3200 5065 3360 5106 amor

1761 5135 1949 5193 Karoli
1984 5155 2117 5210 erga
2159 5155 2284 5195 eum
2321 5141 2552 5195 multum
2577 5141 2753 5197 valuit
2773 5153 2961 5199 saneto
2989 5160 3138 5216 papa:
3161 5143 3361 5213 Leoni,

1762 5238 1825 5285 ut
1848 5231 1966 5302 ipse
1995 5233 2102 5289 hoc
2135 5241 2370 5290 testatur
2394 5233 2452 5289 in
2479 5234 2710 5306 cpistola
2732 5237 2799 5293 ad
2826 5253 2954 5294 cum
2983 5239 3172 5295 missa.

1394 5366 1631 5424 VARUE
1670 5364 2078 5422 LECTIONES.

149 5469 218 5505 ’“
244 5491 413 5534 vocem
429 5480 949 5553 excisamsupplevi.
1023 5481 1093 5515 '“
1128 5479 1493 5537 munitionis?
1565 5480 1635 5513 '“
1665 5479 1932 5553 vestigia?

1628 5592 1830 5649 ἰΟΤΛΕ.

1628 5592 1639 5602 ’
1691 5594 1734 5648 Τ
1814 5633 1830 5649 .

303 5677 601 5776 Εειεὶητιει
621 5686 801 5746 Caroli
829 5686 977 5760 regis
1011 5686 1137 5776 data
1153 5702 1310 5767 anno
1347 5688 1502 5763 regni
1551 5592 1858 5746 ὃῖἓιοίξίο
1884 5694 1940 5745 et
1983 5687 2128 5746 loco.
2176 5686 2468 5761 Planeher,
2493 5687 2731 5747 Histoire
2771 5688 2838 5746 de
2886 5687 3205 5763 Bourgogue
3237 5698 3278 5749 t.
3307 5690 3359 5762 ι,

92 5756 312 5814 mum
328 5769 383 5825 P:
402 5756 460 5820 54

1798 5786 1807 5817 ἱ
1884 5800 1890 5815 ι
