3834 6304
502 278 613 341 163

1492 287 1796 346 IIUGONIS
1830 288 2126 345 ABBATIS
2158 287 2730 345 FLAVINIACENSIS

3641 299 3720 359 lli-l

578 410 717 487 (FoI.
752 406 867 480 61.)
895 405 1076 480 (Gesta
1103 422 1158 476 ρ.
1187 404 1251 459 II.
1273 422 1291 471 ;
1316 402 1509 460 Chron.
1546 401 1701 476 Div.)
1740 400 2093 458 Successerat
2120 407 2166 464 Α
2190 416 2409 473 quoque
2446 402 2682 458 decessit
2716 415 2863 457 anno
2892 403 2962 458 ab
2992 402 3101 459 inc.
3134 403 3291 460 Dom.
3323 406 3445 487 8I5,
3469 412 3615 469 etatis
3634 430 3723 473 sua

503 512 632 575 post
660 501 963 557 Adrianum
1007 499 1064 553 in
1088 495 1406 568 pontificatu
1436 492 1684 549 Romano
1713 492 1825 550 Leo
1851 509 1998 549 anno
2024 493 2094 548 ah

507 594 885 652 incarnatione
895 589 1109 646 Domini
1124 587 1245 653 796,
1259 586 1351 657 qui
1365 585 1503 641 sedit
1516 585 1569 639 in
1589 585 1780 641 eadem
1794 586 1922 641 sede
1933 602 2001 640 an
2009 586 2093 641 nis

506 674 599 755 22,
623 685 907 741 mensibus
919 681 1175 750 5,diebus
1202 679 1284 733 I5.
1314 675 1471 732 Hunc
1491 675 1727 732 Romani
1753 678 1953 732 letania
1977 693 2094 732 ma-

502 778 625 850 jore
664 784 886 847 captum
926 771 1109 828 multis
1142 768 1396 825 allectum
1422 768 1669 839 injuriis,
1699 767 1870 823 erutis
1893 768 2088 835 oculis,

506 869 695 943 lingua
724 873 1021 938 amputata,
1050 876 1196 917 anno
1219 860 1376 915 Dom.
1403 860 1617 915 incarn.
1652 859 1755 915 799
1805 859 1967 915 ﬁdem
2006 875 2093 915 re-

511 962 596 1031 gis
626 961 916 1031 implorare
944 954 1345 1025 compulerunt.
1400 949 1588 1025 [And]
1634 945 1835 1008 Missus
1861 951 2007 1007 enim
2034 952 2091 1007 in

506 1052 775 1118 custodia,
817 1064 913 1119 per
964 1062 1185 1102 murum
1222 1055 1385 1102 noctu
1430 1043 1642 1116 aufugit
1681 1044 1750 1099 ad
1804 1042 2090 1100 ecclesiam

509 1146 678 1203 sancti
703 1143 881 1210 Petri;
906 1142 1032 1198 inde
1066 1158 1098 1197 a
1128 1140 1358 1196 Francis
1404 1138 1687 1209 Spoletum
1717 1137 2003 1206 deductus,
2027 1153 2093 1194 ac

503 1239 722 1293 demum
749 1235 818 1291 ad
840 1234 1243 1290 Palabronnam
1257 1231 1557 1287 honoriﬁce
1586 1247 1617 1286 a
1643 1246 1769 1302 rege
1780 1239 2087 1301 susceptus,

501 1338 705 1384 etcum
735 1328 947 1383 honore
989 1326 1220 1381 Romam
1256 1334 1340 1381 est
1365 1325 1650 1379 remissus.
1690 1322 1908 1395 (Chron.
1942 1322 2089 1393 Div.)

502 1420 612 1476 Hec
635 1419 738 1475 fuit
760 1435 924 1475 causa
951 1419 1128 1474 ultimi
1157 1418 1419 1473 adventus
1448 1416 1630 1472 Karoli
1660 1414 1891 1471 Romam
1922 1416 1989 1471 ad
2012 1430 2093 1471 re-

499 1514 808 1585 parandum
827 1512 1088 1568 :ecclesiae
1112 1519 1336 1577 statum,
1351 1510 1445 1565 ubi
1468 1518 1640 1563 totum
1657 1508 1854 1564 hiemis
1875 1516 2091 1578 tempus

502 1604 702 1676 exegit,
759 1620 871 1675 quo
905 1605 960 1659 in
996 1611 1239 1674 tempore
1273 1602 1619 1673 imperatoris
1647 1609 1703 1656 et
1738 1600 1956 1672 augusti
1984 1614 2083 1655 no-

503 1712 631 1753 men
667 1696 967 1766 assumpsit
998 1711 1049 1750 a.
1081 1694 1203 1761 799,
1231 1694 1342 1749 ind.
1380 1693 1433 1760 8,
1468 1693 1612 1764 quod
1642 1692 1834 1763 primis
1854 1692 2088 1748 multum

504 1790 725 1860 quidem
751 1796 1032 1843 aversatus
1066 1795 1169 1843 est.
1196 1783 1383 1859 [Ano.]
1413 1784 1551 1840 Tum
1580 1784 1767 1839 habita
1801 1784 2090 1855 questione

503 1881 572 1937 de
604 1880 704 1947 eis,
752 1880 847 1951 qui
877 1879 1112 1935 Leonem
1147 1894 1341 1949 papam
1382 1878 1457 1932 ita
1501 1877 1789 1932 inhoneste
1822 1885 2091 1932 tractave—

503 1981 647 2037 rant,
672 1982 727 2027 et
747 1972 1068 2042 deponendo
1099 1971 1645 2037 contumeliaverant,
1672 1977 1733 2023 ut
1769 1985 1892 2024 reos
1919 1968 2091 2038 maje-

504 2067 661 2122 statis
685 2066 859 2136 capite
886 2064 1202 2136 plectendos
1226 2063 1414 2134 jussit.
1446 2061 1556 2117 Pro
1586 2062 1786 2132 quibus
1807 2060 1930 2131 pius
1954 2075 2090 2130 pon-

506 2156 635 2211 tifex
665 2156 993 2221 intercessit,
1017 2163 1071 2209 et
1090 2170 1186 2209 rex
1220 2153 1301 2209 eis
1323 2153 1493 2207 vitam
1526 2160 1580 2206 et
1610 2151 1855 2207 membra
1888 2149 2088 2221 perdo-

505 2248 689 2315 navit;
728 2247 784 2301 in
812 2247 1039 2302 exilium
1075 2252 1258 2298 tamen
1285 2251 1414 2298 sunt
1436 2241 1609 2296 missi.

574 2339 734 2393 Anno
762 2338 832 2393 al)
852 2338 959 2391 inc.
980 2334 1133 2389 Dom.
1164 2333 1291 2401 805,
1315 2333 1614 2403 imperator
1633 2330 1959 2402 legationem
1989 2328 2090 2385 Ro-

504 2446 652 2485 mam
674 2429 825 2484 misit
851 2429 917 2483 de
947 2425 1267 2497 inquirenda
1310 2424 1559 2489 veritate,
1600 2424 1667 2490 si,
1710 2432 1766 2477 ut
1790 2421 2085 2489 ferebatur,

506 2522 733 2594 sanguis
761 2519 967 2575 Christi
991 2520 1044 2574 in
1081 2517 1303 2572 Mantua
1334 2515 1530 2571 fuisset
1567 2516 1841 2570 iuventus.
1874 2513 1992 2582 Qua
2021 2514 2118 2570 de'

505 2630 675 2669 causa
706 2612 818 2668 Leo
849 2612 905 2666 in
937 2606 1224 2665 Franciam
1249 2608 1418 2675 venit,
1452 2623 1615 2678 quem
1648 2608 1943 2678 imperator
1978 2604 2086 2661 Re-

503 2714 719 2759 morum
746 2702 961 2758 civitate
986 2708 1323 2771 susceptum,
1363 2700 1599 2754 natalem
1626 2697 1843 2753 Domini
1873 2713 1998 2754 cum
2020 2712 2086 2752 co

504 2796 772 2851 celebrem
795 2790 970 2861 duxit,
999 2801 1053 2848 et
1073 2792 1335 2847 donatum
1362 2791 1617 2845 maximis
1645 2790 1967 2845 muneribus
1990 2804 2087 2859 per

504 2885 791 2941 Bavariam
832 2885 912 2939 ire
964 2883 1237 2938 volentem
1298 2880 1493 2937 deduci
1551 2879 1680 2935 fecit
1739 2895 1915 2950 usque
1978 2877 2087 2933 Ra-

504 2993 762 3140 ηῗὲἒὲ
799 3065 958 3120 Anno
998 3065 1066 3118 ab
1102 3063 1208 3118 inc.
1242 3060 1399 3116 Dom.
1447 3060 1552 3115 806
1582 3058 1759 3116 delata
1803 3068 1931 3116 sunt
1963 3075 2086 3115 cor-

504 3176 639 3231 pora
663 3166 717 3213 et
747 3172 871 3212 ossa
904 3155 1076 3212 sancti
1110 3152 1352 3225 Cipriani
1381 3170 1413 3208 a
1433 3152 1762 3224 Carthagine
1784 3167 1909 3208 cum
1956 3153 2084 3208 reli-

504 3252 651 3322 quiis
679 3247 1086 3305 Scillitanorum
1120 3255 1443 3319 martyrum,
1480 3244 1691 3315 Sperati
1722 3254 1776 3300 et
1808 3246 2087 3301 sociorum

504 3344 646 3414 ejus,
667 3351 721 3399 et
742 3340 991 3415 Lugduni
1010 3341 1066 3397 in
1088 3339 1320 3397 ecclesia
1343 3340 1517 3395 sancti
1541 3337 1808 3405 Johannis
1832 3337 2089 3410 Baptistae

506 3444 766 3599 po:
809 3524 982 3598 Ann.)
1022 3524 1180 3581 Anno
1209 3524 1279 3580 ab
1320 3524 1428 3579 inc.
1473 3519 1630 3577 Dom.
1680 3520 1785 3576 8l0
1824 3520 2087 3593 Pippinus

504 3618 674 3674 Italiae
696 3634 788 3675 rex
821 3617 1152 3690 defungitur,
1194 3616 1250 3671 in
1278 3610 1437 3688 cujus
1459 3627 1627 3687 regno
1655 3613 1889 3670 Karolus
1914 3615 2086 3670 filium
2112 3691 2122 3701 ο

506 3713 627 3783 ejus
651 3710 985 3767 Bernardum
1011 3718 1260 3780 nepotem
1297 3724 1458 3764 suum
1481 3706 1784 3775 substituit,
1812 3716 1867 3762 et
1903 3722 2087 3779 regem

506 3802 764 3874 appellari
794 3802 1097 3857 constituit.

578 3893 740 3948 Anno
778 3894 847 3949 ab
886 3894 994 3949 ine.
1043 3892 1201 3948 Dom.
1242 3891 1349 3947 813
1390 3890 1612 3963 quidam
1648 3890 1715 3947 de
1754 3891 2088 3962 primoribus

508 3986 883 4041 Romanorum
942 3984 1396 4056 eonspiraverunt
1443 3984 1500 4038 in
1562 3984 1841 4039 interitum
1892 3983 2088 4040 Leonis

506 4094 679 4149 papae,
712 4078 806 4149 qui
838 4077 1216 4148 comprehensi
1240 4077 1399 4148 jussu
1436 4076 1582 4133 illius
1623 4074 1895 4132 interfecti
1936 4084 2083 4132 sunt.

508 4169 711 4225 Exacto
760 4186 891 4225 vero
938 4178 1171 4240 papatns
1221 4170 1307 4225 sui
1358 4184 1503 4224 anno
1541 4169 1633 4223 21°
1678 4184 1802 4224 cum
1853 4169 2088 4239 graviter

505 4272 825 4336 argrotaret,
879 4263 1111 4319 Romani
1157 4264 1381 4319 collecta
1428 4278 1594 4317 manu
1637 4261 1823 4318 omnia
1862 4260 2083 4333 praedia,

505 4374 627 4429 quae
670 4358 728 4412 in
770 4358 1003 4429 singulis
1035 4357 1317 4413 civitatum
1361 4355 1651 4411 territoriis
1697 4356 1911 4409 noviter
1950 4370 2085 4409 con-

2114 3123 2155 3179 C

2194 508 2246 547 a.
2292 492 2378 559 72,
2425 493 2577 564 regni
2608 493 2698 559 47,
2734 494 2769 550 5
2805 493 2924 548 Kal.
2971 493 3279 564 Februarii,
3311 507 3365 553 et
3407 508 3489 577 est
3524 506 3724 573 sepultus

2192 585 2521 656 Aquisgrani
2564 586 2768 656 palatio
2807 586 2862 640 in
2893 587 3160 656 ecclesia,
3189 603 3352 659 quam
3385 590 3497 661 ipse
3530 594 3723 651 aediﬁca-

2192 685 2362 733 verat.
2396 676 2676 733 Successit
2707 677 3017 735 Ludovicus
3039 690 3402 751 cognomento
3430 681 3570 750 Pius,
3590 695 3637 741 et
3654 703 3726 757 per

2193 782 2368 823 annos
2414 767 2486 823 25
2520 784 2720 840 magno
2769 769 3143 826 moderamine
3192 772 3332 828 rexit
3372 772 3657 845 imperium,
3686 789 3729 834 ct

2192 858 2443 916 hostibus
2464 859 2680 916 fortiter
2704 862 2967 917 resistens
2988 871 3239 934 potenter
3258 880 3353 920 eos
3374 868 3575 922 terruit.

2262 950 2440 1024 [Eum
2477 952 2644 1026 Ann.]
2683 952 2844 1009 Anno
2879 955 2983 1009 816
3011 956 3148 1011 obiit
3176 954 3287 1011 Leo
3320 973 3478 1028 papa,
3500 968 3551 1014 et
3577 975 3727 1017 succe-

2191 1043 2327 1099 dens
2373 1043 2684 1116 Stephanus
2731 1048 2983 1117 sequenti
3009 1063 3156 1105 anno
3189 1050 3344 1118 obiit,
3389 1052 3477 1108 cui
3509 1056 3727 1111 successit

2191 1134 2491 1193 Paschalis.

2262 1227 2423 1283 Anno
2457 1219 2563 1282 817
2598 1221 2909 1285 Ludovicus
2955 1218 3249 1285 concilium
3280 1231 3470 1287 habuit
3495 1233 3557 1289 de
3594 1236 3726 1290 abba-

2192 1321 2338 1377 tibus
2378 1330 2432 1376 et
2472 1314 2779 1389 monachis,
2825 1322 2918 1377 ubi
2973 1320 3223 1378 interfuit
3264 1322 3585 1394 Apollinaris
3619 1329 3727 1385 abba

2190 1410 2642 1479 Flaviniacensis,
2672 1421 2727 1468 ct
2751 1413 2887 1466 obiit
2907 1411 3033 1467 826.

2261 1502 2387 1575 (Ep.
2422 1502 2665 1575 Hincm.)
2703 1505 2863 1560 Anno
2887 1504 3061 1575 ipsius
3101 1505 3290 1561 domni
3322 1505 3570 1565 Ludovici
3604 1508 3649 1576 8,
3675 1510 3729 1565 ab

2190 1596 2400 1653 incarn.
2427 1597 2584 1653 Dom.
2601 1597 2728 1664 825,
2742 1606 2908 1655 natus
2933 1607 3018 1655 est
3035 1599 3085 1654 ei
3108 1600 3254 1656 ﬁlius
3276 1599 3509 1657 Karolus
3533 1603 3581 1657 in
3599 1602 3728 1658 Fran-

2190 1686 2481 1743 eonofurth
2512 1688 2714 1760 palatio
2757 1704 2924 1757 novo,
2961 1698 3016 1745 et
3055 1690 3130 1744 ibi
3167 1691 3452 1747 ordinatus
3490 1702 3569 1748 est
3592 1694 3728 1763 pridie

2122 1762 2164 1817 Β
2190 1776 2317 1832 Idus
2338 1776 2486 1832 Junii
2517 1776 2699 1849 Drogo
2729 1776 2915 1833 Karoli
2953 1774 3133 1851 Magni
3156 1771 3321 1846 filius,
3351 1789 3406 1836 et
3425 1781 3577 1838 datus
3596 1762 3664 1838 est
3689 1784 3726 1837 ei

2189 1867 2537 1939 episcopatus
2570 1867 2851 1935 Metensis,
2887 1876 2942 1923 et
2984 1867 3284 1924 Humberto
3323 1872 3629 1941 praecentori
3655 1888 3728 1942 pa-

2188 1961 2304 2016 latii
2343 1962 2681 2033 episcopium
2707 1961 2980 2019 Meldense
3007 1963 3268 2018 traditum
3293 1972 3401 2020 est.
3430 1963 3529 2031 Qui
3548 1958 3728 2021 invenit

2190 2052 2246 2107 in
2272 2053 2389 2124 ipsa
2411 2054 2658 2110 tecclesia
2680 2054 3165 2125 quaterniunculos
3199 2055 3267 2111 de
3298 2057 3413 2111 vita
3434 2058 3596 2112 sancti
3621 2056 3727 2111 San-

2190 2143 2342 2211 ctini,
2380 2144 2474 2200 sed
2498 2144 2655 2200 valde
2687 2145 2974 2201 contritos.
3005 2142 3209 2201 Eodem
3232 2161 3383 2201 anno
3413 2147 3468 2202 in
3503 2147 3727 2202 territorio

2190 2232 2456 2303 Tullensi,
2482 2236 2611 2292 villa
2635 2235 3080 2305 Commarciaco,
3114 2238 3294 2308 puella
3330 2239 3554 2294 sabbato
3577 2249 3727 2295 sancto

2188 2337 2313 2399 post
2363 2338 2641 2400 acceptam
2690 2329 3133 2386 communionem
3186 2330 3443 2401 jejunare
3488 2332 3650 2402 etrapit,
3687 2343 3727 2386 et

2190 2432 2301 2479 tres
2342 2439 2517 2479 annos
2552 2425 2763 2494 absque
2786 2424 2965 2480 omnis
2988 2422 3095 2479 cibi
3124 2432 3179 2479 et
3220 2431 3387 2495 potus
3434 2426 3726 2496 perceptione

2188 2531 2537 2586 permanens,
2560 2530 2611 2569 a.
2638 2514 2742 2569 826
2768 2515 2965 2570 iterum
2990 2515 3323 2570 manducare
3348 2516 3525 2586 cos-pit.
3550 2516 3723 2587 (Chron.

2189 2607 2336 2677 Div.)
2381 2605 2581 2663 Habuit
2610 2606 2919 2663 Ludovicus
2960 2615 3016 2662 et
3053 2607 3191 2663 alios
3221 2613 3337 2663 tres
3374 2606 3531 2673 tilios,
3564 2605 3726 2661 Lotha-

2188 2698 2353 2768 rium,
2392 2696 2730 2755 Ludovicum
2753 2709 2807 2754 et
2835 2697 3147 2769 Pippinum,
3176 2707 3230 2754 et
3250 2713 3317 2753 ex
3352 2698 3458 2753 alia
3492 2712 3642 2753 uxore
3653 2696 3723 2766 ju-

2189 2792 2420 2859 niorem,
2454 2807 2617 2862 quem
2641 2788 2882 2846 diximus
2913 2790 3192 2846 Carolum.

2260 2882 2439 2955 [Εικιι.
2469 2882 2638 2954 Ann.]
2697 2883 2855 2938 Anno
2895 2882 3001 2936 824
3044 2881 3328 2938 Paschalis
3361 2898 3496 2953 papa
3535 2879 3666 2945 obiit,
3688 2888 3728 2933 et

2189 2974 2467 3047 Eugenius
2517 2976 2822 3043 successit,
2878 2983 2932 3030 et
2976 2975 3152 3030 tribus
3190 2975 3357 3030 annis
3403 2974 3726 3029 administrate

2189 3066 2505 3137 pontificatu
2536 3066 2808 3135 Romano,
2855 3066 3143 3122 Valentino
3184 3066 3374 3123 sedem
3409 3066 3627 3137 leliquit,
3656 3062 3725 3132 qui

2187 3159 2375 3214 eodem
2399 3174 2586 3214 mense
2607 3159 2761 3227 obiit,
2789 3168 2843 3214 et
2864 3156 3158 3229 Gregorius
3183 3153 3251 3212 IV
3274 3159 3558 3221 successit.
3583 3155 3726 3228 (Gesta

2187 3266 2240 3320 p.
2272 3247 2363 3319 Β.)
2393 3245 2544 3304 Sedit
2571 3265 2622 3304 a.
2660 3249 2744 3306 49.
2790 3249 2878 3321 (A.
2912 3247 3076 3303 Fuld.
3103 3249 3229 3316 853,
3261 3248 3417 3321 854.)
3442 3247 3601 3319 Hujus
3622 3255 3727 3300 tem-

2188 3356 2338 3411 pore,
2368 3353 2426 3395 ut
2468 3341 2522 3395 in
2555 3340 2735 3397 Gestis
2756 3340 3093 3397 Francorum
3121 3340 3345 3428 legitug,
3380 3341 3661 3397 Ludovicus
3684 3338 3725 3391 in

2187 3431 2470 3487 Elisatiam
2500 3432 2775 3503 profectus
2802 3434 3221 3490 occurrentibus
3245 3433 3322 3489 ibi
3357 3433 3482 3489 tiliis
3505 3434 3606 3489 suis
3630 3447 3727 3486 cum

2188 3524 2413 3596 praefato
2438 3523 2701 3597 Gregorio
2736 3525 2986 3581 Romano
3008 3525 3285 3596 pontiﬁce,
3324 3525 3531 3598 judicio
3560 3525 3727 3595 episco-

2188 3634 2385 3690 porum
2425 3634 2625 3675 nomen
2654 3619 2907 3689 deposuit
2939 3627 2995 3674 et
3031 3618 3097 3674 ad
3124 3619 3484 3690 penitentiam
3511 3616 3726 3690 agendam

2187 3710 2467 3780 aliquanto
2495 3719 2740 3781 tempore
2761 3712 3007 3780 privatus
3032 3720 3087 3766 et
3114 3711 3366 3767 inclusus
3387 3709 3644 3767 victitavit.

2263 3801 2449 3875 [An0.]
2490 3802 2650 3857 Anno
2678 3802 2784 3858 828
2808 3819 2932 3857 cum
2955 3803 3135 3859 omnis
3165 3812 3412 3874 potestas
3440 3803 3727 3858 Francorum

2187 3895 2271 3951 Pii
2315 3895 2577 3952 Ludovici
2626 3896 2807 3952 studio
2848 3901 3072 3952 vacaret
3112 3896 3246 3963 otio,
3290 3898 3511 3968 quidam
3560 3902 3724 3949 tantam

2187 3988 2317 4044 boni
2343 4004 2495 4059 spem
2531 3986 2600 4020 ’“
2631 4004 2739 4044 non
2767 3987 3023 4055 ferentes,
3067 4003 3296 4043 uxorem
3329 3985 3650 4059 imperatoris
3676 3982 3727 4036 ab

2188 4081 2308 4152 ejus
2334 4081 2503 4136 latere
2536 4081 2592 4135 in
2622 4079 2973 4151 Aquitaniam
3003 4080 3106 4136 sub
3140 4081 3394 4136 custodia
3432 4080 3662 4150 dirigunt.
3693 4073 3727 4127 Α

2187 4188 2314 4245 rege
2357 4188 2577 4244 quoque
2620 4174 2910 4229 universus
2948 4174 3184 4244 populus
3227 4173 3489 4229 deficiens
3523 4172 3584 4227 ad
3618 4168 3727 4223 ﬁlios

2186 4262 2306 4336 ejus
2335 4280 2394 4321 se
2424 4264 2706 4320 transtulit
2736 4282 2749 4319 :
2793 4265 2910 4335 ipse
2946 4264 3205 4320 custodia:
3236 4266 3470 4320 traditus
3496 4271 3589 4329 est,
3621 4272 3726 4314 uxor

2186 4357 2306 4427 ejus
2339 4356 2524 4411 itidem
2560 4357 2819 4412 custodiae
2864 4358 3173 4427 mancipata
3202 4366 3319 4424 est;
3360 4357 3456 4412 sed
3496 4364 3617 4409 nutu
3654 4347 3724 4403 Dei

497 4458 798 4516 etruxerat,
861 4450 1042 4519 primo
1103 4448 1399 4519 diripiunt,
1453 4448 1647 4502 deinde
1708 4452 2080 4501 concremant.
2115 4465 2160 4525 ι)
2186 4457 2309 4518 post
2332 4455 2416 4503 tot
2460 4445 2525 4479 “7
2558 4447 2788 4503 adversa
2831 4463 3091 4517 prospera
3124 4447 3447 4511 succedunt,
3481 4443 3643 4516 pOpuli
3675 4437 3726 4493 ad

504 4538 654 4606 Quos
682 4537 965 4609 prohibuit
987 4538 1056 4591 ab
1096 4537 1309 4607 incepto
1346 4536 1656 4591 Bernardus
1686 4534 1855 4590 Italiae
1883 4551 2000 4603 rex,
2032 4545 2086 4591 et

504 4630 697 4684 eodem
720 4642 866 4681 anno
891 4626 1025 4680 obiit
1040 4625 1188 4695 papa
1210 4624 1339 4679 Leo.

579 4719 798 4789 (Chron.
828 4717 974 4789 Div.)
1002 4716 1259 4772 Extremo
1289 4716 1413 4771 vita;
1451 4731 1564 4771 suae
1586 4723 1829 4786 tempore
1858 4731 2085 4788 congre-

506 4811 646 4883 gatis
673 4810 920 4866 omnium
950 4810 1288 4865 Francorum
1331 4808 1684 4879 primoribus,
1722 4806 2082 4864 Hludoviculn

505 4904 678 4959 ﬁlium
714 4920 875 4959 suum
898 4912 1208 4959 consortem
1254 4902 1405 4974 regni
1434 4910 1488 4957 et
1520 4901 1817 4971 imperialis
1842 4901 2083 4958 nominis

506 4993 635 5049 fecit
648 4993 923 5061 heredem,
942 4993 1197 5064 imposito
1209 4992 1505 5063 capitiejus
1515 4990 1835 5047 diademate.
1853 4990 2071 5064 [Ben'r].

506 5085 628 5155 Quo
673 5088 730 5143 in
758 5097 1002 5158 tempore
1043 5085 1369 5143 Herilandus
1405 5085 1649 5156 suscepit
1685 5084 2085 5141 Virdunensem

505 5177 904 5249 episcopatum,
939 5176 1022 5231 vir
1056 5176 1288 5231 multum
1330 5176 1560 5248 simplex
1590 5184 1644 5230 et
1677 5175 1821 5230 ultra
1860 5175 2086 5230 modum

506 5268 790 5337 inﬁmus;
819 5276 876 5324 et
894 5267 986 5323 hic
1011 5266 1236 5337 expletis
1261 5267 1316 5321 in
1344 5268 1659 5337 episcopatu
1686 5266 1845 5322 annis
1876 5266 1929 5332 7,
1954 5267 2091 5322 obiit

505 5362 699 5434 Aquis,
727 5368 784 5417 et
814 5360 1022 5417 relatus
1057 5359 1200 5425 inde,
1231 5359 1475 5429 sepultus
1515 5366 1601 5413 est
1622 5359 1780 5428 juxta
1821 5359 2090 5413 Anstran-

506 5477 639 5517 num
668 5462 724 5517 in
742 5460 968 5517 basilica
992 5458 1167 5515 sancti
1193 5458 1395 5513 Vitoni.
1431 5457 1648 5530 (Chron.
1682 5456 1829 5529 Div.)
1855 5455 2088 5513 Karolus

2183 4539 2538 4612 penitentiam
2585 4539 2654 4572 m
2710 4547 3132 4606 convertuntur,
3190 4540 3373 4609 ipsum
3432 4539 3488 4593 in
3538 4532 3725 4607 pristino

2182 4630 2355 4702 gradu
2384 4638 2703 4686 revocantes
2744 4630 3062 4695 sublimant,
3092 4628 3187 4684 lilii
3220 4629 3439 4684 nunciis
3473 4626 3638 4682 missis
3657 4635 3725 4674 vc-

2183 4723 2329 4777 niam
2354 4721 2619 4795 flagitant,
2635 4731 2866 4777 matrem
2893 4723 3177 4778 reducunt.
3194 4718 3473 4795 [Reciso]
3494 4712 3724 4772 Clothario

2179 4816 2295 4887 jam
2331 4816 2648 4886 imperatori
2691 4824 2751 4870 ut
2784 4824 2938 4870 extra
2980 4815 3046 4849 ’δ’
3103 4814 3317 4869 Italiam
3361 4815 3469 4869 nisi
3499 4820 3634 4882 patre
3653 4806 3724 4875 ju-

2186 4909 2347 4963 bente
2387 4923 2493 4961 non
2530 4907 2851 4978 procederet
2882 4908 2952 4939 "°
2979 4907 3254 4978 principes
3296 4907 3574 4976 imperant.
3602 4893 3724 4967 Quod

2185 5001 2371 5055 divina
2392 5001 2461 5032 ’“
2502 5000 2703 5071 pietate
2738 5009 2794 5056 et
2825 5000 2998 5072 gratia
3025 4998 3232 5055 factum
3269 5007 3355 5055 est
3384 4999 3509 5069 quia
3550 4996 3649 5065 ipse
3672 4988 3724 5020 "'

2190 5090 2487 5160 imperator
2526 5090 2582 5144 in
2633 5091 2988 5161 sequentibus
3026 5090 3234 5161 judicio
3281 5090 3640 5160 episcoporum
3674 5076 3726 5134 ad

2189 5181 2553 5253 penitenciam
2589 5180 2976 5237 reconciliatus
3014 5188 3118 5235 est.
3162 5179 3288 5235 Fuit
3320 5189 3502 5237 autem
3542 5178 3629 5230 hcc
3653 5171 3726 5224 de-

2183 5276 2350 5347 jectio
2372 5276 2443 5307 ¹⁸³
2464 5274 2704 5330 maxima
2726 5289 2794 5329 ex
2826 5282 2980 5345 parte
3010 5271 3152 5329 facta
3177 5288 3279 5345 pro
3308 5268 3614 5328 multimoda
3639 5262 3726 5316 for—

2190 5367 2466 5422 nicatione
2489 5365 2680 5421 Judith
2704 5365 2895 5420 uxoris
2920 5364 3060 5435 ejus.

2260 5458 2482 5532 [83111.]
2520 5460 2680 5514 Anno
2707 5457 2813 5514 859
2867 5457 3163 5514 Lotharius
3189 5458 3377 5513 relicta
3407 5451 3620 5510 Francia
3639 5444 3724 5498 Ita-

1757 5568 1993 5625 VARIE
2033 5569 2327 5627 LECTION
2334 5573 2438 5630 ES.

579 5668 649 5701 ’“
682 5668 840 5726 bonis
886 5665 1161 5737 suppleri.
1216 5664 1284 5698 “7
1308 5680 1363 5735 p.
1394 5672 1435 5719 t.
1472 5680 1523 5719 a.
1571 5662 2223 5737 supplevi.__"f'_peniten
2250 5664 2523 5737 _supplevi.
2600 5666 2669 5700 ’δ’
2705 5674 2765 5722 ut
2789 5674 2942 5722 extra
2970 5664 3165 5721 deleta.
3244 5664 3313 5697 ’⁸ο
3335 5652 3719 5734 procederem:-

503 5737 690 5799 letum.
764 5741 832 5775 ’"
868 5732 1049 5796 divina
1078 5732 1328 5791 deletum:
1399 5737 1468 5769 ¹⁵²
1490 5732 1744 5805 δυρριείυὶ.
1820 5732 1891 5767 ’⁸³
1915 5733 2149 5805 dejectio
2174 5732 2422 5791 delerunt.
2450 5760 2457 5763 -
