3834 6304
548 279 655 339 167

1549 265 1852 325 HUGO'NIS
1885 263 2181 321 ABBATIS
2217 258 2790 323 FLAVINIACENSIS

3652 270 3723 339 lit

550 391 840 451 ecclesiam
879 397 1087 448 sanctae
1122 386 1325 455 Marim,
1366 393 1419 441 et
1458 390 1655 456 magna
1693 398 1762 441 ex
1799 389 1955 454 parte
1999 398 2137 440 cen-
2165 386 2213 446 Α
2239 382 2473 437 nerimus
2502 383 2829 438 unanimiter
2856 382 2912 436 in
2945 382 3001 437 id
3035 382 3228 454 ipsum,
3259 386 3496 455 Oportebit
3529 390 3724 451 decentia

550 489 980 644 s‘rgdltemporc
1019 568 1340 642 praesidebat
1374 565 1599 623 Metensi
1638 564 1899 621 meclesiae
1923 564 2137 619 Adven-

551 665 663 725 tius
698 664 974 738 pontifex,
1011 660 1338 717 Virdunensi
1385 657 1569 726 Hatte,
1628 656 1983 729 Lugdunensi
2025 655 2136 714 Be-

446 798 459 809 -
552 759 779 832 mlgius.
831 756 931 812 Hic
969 752 1145 809 Adoni
1191 750 1489 807 Viennensi
1543 749 1824 821 episcepo,
1876 746 2138 803 Romanae

552 851 800 909 ecclesiae
826 846 1049 912 vicario,
1078 854 1132 900 et
1159 843 1423 899 Nichelae
1458 858 1614 915 papae
1641 856 1740 912 pro
1783 840 1989 896 eisdem
2022 838 2138 909 epi-

559 943 740 1014 scopis
770 936 1082 995 Treverensi
1129 944 1185 992 et
1227 934 1546 991 Coloniensi
1593 933 1705 1007 (65)
1746 931 2010 1003 depositis
2048 931 2138 985 lit-

561 1042 703 1089 teras
729 1029 893 1086 misit.
919 1027 1112 1085 Clerus
1134 1042 1354 1098 quoque
1382 1024 1727 1081 Celeniensis
1750 1024 1926 1079 eidem
1950 1022 2136 1078 itidem

563 1124 710 1181 misit
738 1122 966 1188 litteras;
1003 1135 1127 1191 quae
1171 1120 1441 1174 habentur
1466 1118 1520 1171 in
1557 1116 1827 1188 catalogo.
1872 1115 1978 1170 Sed
2011 1130 2137 1170 eum

548 1231 580 1271 a
621 1215 810 1271 multis
839 1214 1284 1285 perlaberaretur
1323 1211 1541 1266 diverse
1584 1209 1747 1264 modo
1781 1217 1899 1263 tum
1945 1208 2139 1262 timore

546 1307 693 1379 regis
744 1314 861 1362 tum
907 1319 1097 1361 amere
1145 1305 1393 1370 illorum,
1458 1302 1771 1357 nullatenus
1817 1297 2138 1371 persuaderi

547 1416 683 1471 papa
703 1399 902 1470 potuit,
921 1408 981 1453 ut
1002 1403 1460 1453 restaurarentur.
1484 1392 1750 1449 Defuncto
1772 1400 1954 1447 autem
1978 1391 2138 1447 beate

548 1491 815 1546 Nieholae
886 1504 1009 1544 cum
1070 1488 1374 1558 imperante
1439 1485 1719 1541 Ludovico
1778 1484 2140 1541 successisset

550 1580 846 1645 Adrianus,
880 1586 933 1634 et
970 1578 1183 1632 litteras
1218 1577 1459 1632 misisset
1501 1574 1800 1631 Galliarum
1842 1574 2134 1645 episcopis,

551 1681 612 1727 ut
637 1687 743 1726 non
778 1671 916 1726 alios
948 1669 1265 1724 erdinarent
1294 1668 1581 1739 episcopos
1614 1667 1722 1722 nisi
1755 1666 1957 1738 quibus
1993 1681 2136 1737 pra:-

2200 462 2207 467 ’
2234 473 2506 528 emendari
2525 483 2576 529 et
2607 481 2878 546 tamquam
2902 483 3210 529 uenenatum
3229 475 3493 533 elleborom
3513 489 3725 555 autputari,

2236 562 2304 620 Et
2347 572 2474 636 post
2507 581 2685 636 pauca
2722 565 2829 621 hec
2882 565 3246 623 addiderunt:
3281 566 3416 633 Quid
3454 581 3672 643 putamus,
3697 596 3725 633 ει

2237 655 2574 712 beatissimus
2607 675 2748 730 papa
2775 656 3034 713 Nicolaus
3062 659 3120 714 in
3146 659 3327 715 diebus
3353 661 3456 716 suis
3479 666 3682 735 audisset,
3696 681 3727 724 et

2236 744 2294 800 in
2333 746 2530 802 litteris
2577 747 2733 819 quasi
2768 746 2835 801 ab
2878 747 3172 819 apostolica
3215 749 3334 804 sede
3381 752 3608 821 conﬁctis,
3635 761 3729 827 quot

2236 833 2380 906 layci
2413 837 2629 892 comites
2655 852 2757 891 non
2775 838 3137 907 permitterent
3159 839 3216 893 in
3236 839 3521 896 civitatibus
3533 845 3729 916 episcopo:
3794 856 3795 899 ξ

2237 926 2501 995 Ordinari,
2526 927 2630 982 nisi
2658 944 2789 999 quos
2813 927 3070 983 secularis
3091 937 3325 1000 potestas
3344 946 3371 985 e
3395 929 3541 987 latere
3565 951 3641 988 suo
3660 938 3729 989 mi-

2236 1018 2412 1074 sisset.
2453 1018 2597 1084 Quid
2629 1020 2755 1075 inde
2791 1021 3080 1076 scriberet?
3118 1021 3235 1088 Quo
3278 1022 3450 1079 dolore
3480 1030 3731 1083 moueretur?

2239 1109 2443 1176 Quosve
2464 1112 2691 1183 gemitus
2717 1112 2888 1179 daret,
2916 1130 3036 1167 cum
3059 1114 3370 1185 perspiceret
3401 1118 3730 1173 sacratissima

2237 1202 2473 1257 ordinem
2503 1212 2611 1257 tam
2646 1203 2836 1259 illicite
2859 1206 3085 1259 tractari
3108 1213 3160 1260 et
3186 1205 3257 1260 ad
3293 1215 3488 1261 tantum
3510 1209 3630 1278 nefas
3651 1226 3732 1280 pro-
3794 1204 3795 1207 “

2236 1294 2383 1349 silire
2416 1312 2735 1367 quemquam
2774 1313 2986 1364 ausum,
3028 1305 3087 1351 ut
3126 1297 3192 1352 de
3235 1298 3353 1353 sede
3387 1300 3638 1370 apostolica
3659 1311 3731 1355 tan
3794 1338 3795 1345 η

2236 1386 2654 1442 inconvenientia
2683 1396 2733 1442 et
2766 1397 2921 1442 extra
2953 1404 3111 1443 usum
3139 1388 3553 1445 (ecclesiasticum
3583 1394 3732 1446 οπιηὶιο

2236 1475 2505 1532 scriberet.
2540 1476 2700 1534 Tales
2727 1486 2859 1535 tunc
2889 1478 2944 1533 in
2975 1477 3150 1534 Gallia
3178 1488 3336 1535 erant
3355 1480 3587 1551 episcopi.

2311 1567 2590 1641 [Remum]
2625 1570 2787 1625 Anne
2814 1570 2884 1625 ab
2920 1570 3013 1625 inc
3070 1569 3228 1626 Dem.
3275 1571 3379 1627 855
3405 1571 3650 1627 Letharius
3677 1573 3733 1627 di-
3794 1570 3795 1637 ζ

2238 1657 2369 1712 visit
2397 1657 2690 1729 imperium
2731 1659 2858 1715 filiis
2902 1659 3040 1727 suis,
3084 1659 3364 1717 Ludovico
3388 1660 3592 1729 Italiam,
3623 1677 3733 1731 quan
3794 1656 3795 1723 ἦ

549 1762 696 1819 fatus
728 1763 1026 1833 imperator
1048 1761 1424 1832 episcopatum
1447 1759 1788 1826 concederet,
1815 1766 1872 1815 et
1895 1757 2139 1815 ordinari
2172 1748 2218 1809 B
2241 1757 2297 1804 et
2330 1749 2713 1821 imperatorem
2751 1752 3073 1822 appellavit;
3113 1751 3376 1808 Letharie
3409 1769 3606 1825 regnum
3636 1755 3733 1823 quod

548 1854 853 1921 mandaret,
900 1867 1035 1908 nen‘
1060 1858 1459 1908 consenserunt
1496 1850 1837 1906 venerabiles
1873 1848 2136 1920 episcopi,

548 1944 642 2001 sed
690 1943 898 2015 pariter
947 1942 1264 2013 congregati
1317 1940 1513 1997 litteris
1562 1938 1723 1996 factis
1776 1940 2142 1995 communiter

549 2042 938 2107 suggesserunt
984 2049 1159 2105 papae,
1203 2048 1263 2088 se
1302 2033 1518 2088 decreta
1563 2040 1879 2088 sanctorum
1922 2039 2138 2102 patrum

550 2127 777 2182 ﬁdeliter
802 2127 1095 2181 observare
1118 2125 1256 2180 velle
1279 2133 1334 2179 et
1364 2124 1664 2180 secundum
1699 2122 1836 2179 scita
1864 2137 2141 2178 canonum

550 2217 835 2288 episcopos
863 2224 1312 2284 consecraturos;
1350 2232 1584 2287 quarum
1627 2224 1806 2272 textus
1850 2216 1905 2270 in
1946 2215 2136 2270 catha-

550 2310 676 2381 loge
733 2324 1016 2365 sacrarum
1066 2309 1460 2380 scripturarum
1492 2308 1744 2364 habetur.
1785 2307 1925 2379 (Fel.
1978 2306 2138 2378 62b.)

561 2398 795 2469 Scripsit
816 2407 871 2454 et
895 2398 1058 2454 aliam
1088 2399 1371 2470 epistolam
1404 2397 1648 2454 Gerardo
1669 2398 1795 2455 dum
1828 2407 1883 2454 et
1914 2397 2141 2454 Refride

553 2490 744 2548 comiti
789 2500 844 2547 et
887 2491 1144 2547 omnibus
1174 2490 1472 2547 Galliarum
1502 2490 1818 2558 comitibus,
1847 2498 1908 2545 ut
1936 2490 2143 2547 nullius

552 2583 795 2641 hominis
838 2581 1025 2639 favore
1063 2583 1151 2639 vel
1186 2582 1362 2655 gratia
1404 2584 1780 2654 permitterent
1824 2583 1964 2638 alios
1994 2582 2143 2639 vires

550 2674 909 2733 ecclesiastici
955 2675 1164 2731 ordinis
1205 2675 1262 2730 in
1310 2674 1602 2746 episcepiis
1646 2673 1818 2730 totius
1859 2672 2046 2729 Galliae
2088 2680 2145 2729 et

556 2768 886 2845 Burgundiae
909 2782 1237 2824 consecrare
1268 2767 1574 2837 episcopos,
1601 2765 1708 2821 nisi
1737 2781 1879 2837 quos
1900 2764 2141 2821 Ludovi-

548 2876 649 2917 cus
685 2861 980 2930 imperator
1013 2860 1260 2929 jubcret,
1306 2858 1394 2914 cui
1433 2858 1567 2914 satis
1607 2859 1911 2914 luculenter
1943 2866 1998 2914 et
2036 2857 2141 2914 lie-

552 2961 708 3009 neste
762 2952 1126 3008 obviaverunt
1177 2948 1390 3022 prmfati
1449 2950 1788 3006 venerabiles
1842 2948 2138 3004 Galliarum

551 3042 818 3113 episcopi,
847 3042 1059 3098 litteras
1080 3041 1202 3098 illas
1226 3056 1323 3112 per
1342 3040 1505 3095 verba
1527 3039 1741 3112 singula
1764 3040 2138 3107 discutientcs,

2239 1856 2341 1897 suo
2363 1842 2585 1898 nomine
2608 1843 2927 1911 vocabatur,
2949 1852 3005 1899 et
3027 1842 3228 1899 Carolo
3249 1858 3471 1916 regnum
3495 1843 3732 1909 Provinciae,
3794 1828 3795 1903 Ῐ

2238 1941 2402 2005 atque
2435 1934 2716 2005 dispositis
2739 1935 2891 2007 regni
2929 1936 3187 2007 negotiis,
3228 1935 3287 2002 in
3323 1936 3618 1991 monasterio
3637 1935 3734 2006 quod

2238 2023 2463 2082 Prumia
2499 2027 2704 2084 dicitur
2731 2028 3038 2083 monachus
3065 2027 3268 2096 factus,
3300 2028 3439 2084 diem
3463 2028 3627 2085 clausit
3647 2028 3733 2083 ulti-
3794 2024 3795 2095 ξ

2238 2131 2388 2172 mum
2420 2117 2539 2188 ipse
2560 2132 2706 2173 anno
2732 2118 2766 2172 5
2787 2116 2905 2174 Kal.
2933 2115 3208 2174 Octobris.
3794 2114 3795 2173 ἓ

2309 2206 2469 2262 Anne
2503 2206 2608 2262 856
2638 2207 2827 2263 indict.
2868 2208 2904 2263 4
2951 2206 3249 2265 Letharius
3279 2206 3605 2281 Teutbergam
3631 2207 3734 2263 duxit
3794 2200 3795 2215 ¹

2240 2313 2487 2355 uxorem.

2308 2390 2470 2445 Anne
2495 2390 2601 2446 858
2626 2389 2860 2448 Karelus
2901 2408 2998 2448 rex
3040 2391 3347 2450 Provinciae
3378 2393 3601 2461 moritur,
3633 2390 3733 2448 etde

2239 2496 2410 2555 regno
2443 2483 2563 2553 ejus
2598 2484 2740 2540 inter
2778 2484 3103 2542 Letharium
3126 2495 3185 2543 et
3206 2498 3460 2559 patruum
3495 2488 3596 2558 ejus
3616 2485 3733 2540 liam—
3794 2472 3795 2491 ¹

2239 2575 2355 2632 lum
2376 2575 2548 2631 tilium
2572 2576 2833 2634 Ludovici
2860 2577 3003 2635 facta
3025 2588 3109 2636 est
3127 2582 3428 2650 contentio,
3457 2591 3505 2637 et
3523 2580 3733 2636 Letharius

2240 2665 2517 2722 Hucberte
2546 2668 2804 2724 ducatum
2829 2670 2976 2725 dedit
3003 2671 3146 2727 inter
3168 2671 3364 2728 Jurum
3385 2682 3436 2728 et
3461 2681 3656 2728 mentem
3672 2668 3735 2723 lo-

2243 2757 2345 2825 vis,
2382 2756 2510 2827 quia
2532 2773 2778 2814 sororem
2805 2759 2925 2829 ejus
2954 2760 3208 2816 habebat.

2317 2849 2459 2921 (Fel.
2493 2849 2611 2921 62.)
2634 2848 2794 2905 Anno
2815 2851 2887 2906 ab
2910 2850 3019 2907 inc.
3053 2851 3215 2907 Dem.
3250 2853 3357 2908 860
3380 2853 3598 2909 Britones
3618 2850 3735 2904 Fran-

2244 2939 2386 2994 ciam
2421 2941 2706 3010 invadunt,
2747 2951 2935 2998 contra
2985 2958 3127 3015 quos
3174 2946 3407 3002 Carolus
3452 2942 3737 3017 pugnavit,et

2245 3031 2607 3088 Brittanniam
2637 3033 2869 3103 intrans,
2894 3036 3130 3106 turpiter
3155 3037 3339 3094 vietus
3361 3036 3569 3109 aufugit.

551 3142 607 3189 et
640 3134 786 3204 quod
836 3140 1155 3189 sanctorum
1195 3139 1413 3204 patrum
1460 3131 1692 3188 decretis
1730 3145 1986 3199 consona,
2026 3147 2137 3187 non
2166 3114 2211 3175 (ἶ
2311 3122 2471 3178 Almo
2506 3125 2576 3181 ab
2614 3124 2722 3181 inc-
2764 3124 2922 3182 Dom.
2954 3127 3060 3182 862
3086 3143 3184 3184 rex
3208 3129 3507 3186 Brittonum
3547 3136 3652 3183 ιιυω
3676 3122 3737 3177 θεί
3794 3114 3795 3191 ξ

552 3234 739 3282 essent
774 3224 1053 3280 humiliter
1093 3230 1466 3296 suggerentes,
1503 3222 1667 3294 inque
1709 3222 1876 3292 hujus
1906 3237 2136 3293 respon-

553 3318 728 3375 sionis
771 3317 1114 3373 extremitate
1146 3315 1435 3387 epistolam
1462 3330 1617 3386 papa:
1654 3311 1903 3368 Nicbelai
1932 3314 2139 3384 praede-

554 3408 792 3465 cessoris
837 3408 920 3465 sui
958 3409 1369 3475 interserentes,
1401 3422 1566 3477 quam
1609 3407 1678 3462 ad
1713 3406 1984 3476 quendam
2026 3405 2141 3475 epi-

555 3516 783 3572 scopum
802 3500 989 3557 Gallize
1013 3500 1183 3568 misit,
1206 3500 1349 3555 inter
1368 3507 1547 3555 cetera
1570 3499 1637 3554 de
1658 3498 1945 3554 ordinibus
1964 3497 2140 3553 sacris

554 3593 644 3665 pie
668 3600 723 3648 et
764 3592 1101 3648 lucidissime
1131 3590 1444 3662 exprimens
1482 3589 1537 3644 in
1578 3589 1696 3644 haec
1738 3587 1942 3643 verba:
1989 3585 2139 3641 Illud

552 3695 753 3754 autem,
801 3684 970 3755 frater
1014 3682 1313 3749 karissime,
1360 3679 1710 3736 ridiculosum
1754 3680 1958 3746 sonuit,
2001 3677 2140 3750 quod

552 3778 766 3842 apicum
818 3785 1031 3831 tuorum
1075 3774 1316 3847 gerulum
1358 3773 1508 3827 nobis
1562 3771 1955 3839 commendans,
2004 3770 2142 3825 hunc

550 3869 915 3942 presbyterum
939 3885 1050 3923 esse
1072 3866 1299 3923 Gerardi
1322 3865 1551 3921 illustris
1573 3865 1781 3920 comitis
1803 3865 2138 3936 perhibuisti.

564 3958 757 4015 Verum
790 3958 916 4030 quid
945 3959 1041 4013 hoc
1069 3958 1302 4013 scribens
1326 3957 1614 4029 prudentia
1643 3966 1735 4011 tua
1763 3957 1935 4011 dicere
1966 3956 2143 4011 volue-

554 4051 646 4118 rit,
690 4050 770 4105 vel
811 4050 941 4122 quid
992 4066 1151 4121 super
1182 4049 1546 4121 hujuscemodi
1596 4050 1748 4105 verba
1790 4049 2139 4118 intellexeris,

553 4143 748 4214 fateor,
771 4158 864 4197 nos
902 4142 1227 4213 ignoramus.
1263 4141 1540 4215 Numquid
1573 4140 1841 4197 Gerardus
1872 4159 2044 4197 comes
2069 4141 2142 4197 il-

551 4233 665 4288 lum
698 4234 1046 4305 presbiterum
1074 4236 1437 4289 consecravit?
1467 4233 1743 4307 Numquid
1770 4236 1835 4290 de
1870 4236 2038 4306 ipsius
2063 4242 2142 4289 est

550 4324 789 4379 diocesi?
839 4323 941 4379 Ubi
992 4324 1088 4379 hoc
1134 4324 1347 4397 legisti?
1387 4324 1487 4380 Ubi
1535 4324 1632 4380 ltoc
1690 4325 1975 4380 didicisti?
2016 4324 2142 4379 Nisi

550 4417 681 4486 quia
720 4415 1002 4485 presbiteri
1040 4432 1145 4470 non
1173 4398 1475 4487 specialiter
1507 4417 2012 4473 ecclesiaz‘civitatis
2047 4425 2139 4472 aut

2240 3229 2536 3285 percussus
2561 3223 2667 3284 est,
2695 3225 2908 3275 ctanne
2933 3221 3185 3291 sequenti
3209 3221 3479 3278 Brittones
3498 3220 3543 3277 ei
3565 3217 3738 3275 subdun-
3794 3228 3795 3291 ξ

2243 3317 2350 3364 tur.
3314 3366 3325 3379 _

2310 3404 2473 3460 Anno
2505 3404 2575 3460 ab
2629 3405 2737 3461 inc.
2783 3405 2941 3462 Dom.
2974 3406 3082 3463 866
3127 3408 3293 3466 Bello
3327 3404 3737 3466 Normanniamin-
3794 3396 3795 3463 ἡ

2242 3502 2428 3568 travit,
2455 3509 2512 3556 et
2533 3502 2880 3571 postmodum
2903 3493 3219 3575 baptizatus
3268 3506 3526 3562 Robertus
3549 3505 3592 3558 in
3616 3498 3738 3569 bapti-

2243 3602 2418 3648 smate
2451 3593 2632 3649 dictus
2659 3601 2762 3648 est.
3382 3648 3393 3657 ,
3794 3578 3795 3643 ἓ

2315 3682 2783 3755 (Fel.62’.)Anne
2821 3684 2949 3754 868,
2982 3686 3095 3743 ind.
3133 3688 3187 3757 l,
3218 3687 3460 3745 Letharii
3492 3687 3614 3759 regis
3646 3692 3738 3738 um-
3794 3668 3795 3759 ξ

2243 3790 2376 3845 pere
2402 3773 2545 3831 facta
2579 3776 2740 3832 estin
2767 3785 2912 3833 terra
2958 3779 3300 3837 Francorum
3326 3792 3380 3838 et
3407 3781 3572 3857 Gallia:
3588 3787 3631 3834 et
3650 3776 3740 3829 Bur-
3794 3773 3795 3821 ἲ

2243 3866 2460 3937 ςυηόίω
2503 3865 2675 3923 fames
2726 3868 2925 3937 valida,
2971 3879 3027 3926 et
3072 3874 3384 3930 mortalitas
3432 3873 3741 3933 hominum,“

2244 3959 2412 4028 pestis
2457 3959 2776 4015 animalium
2819 3960 2911 4032 (cf.
2944 3963 3049 4018 An.
3105 3963 3164 4019 S.
3216 3965 3518 4037 Columbae).
3563 3962 3665 4030 Qum
3690 3958 3741 4012 sic
3794 3956 3795 4037 ξ

2239 4050 2391 4121 justo
2414 4048 2511 4106 Dei
2547 4051 2756 4121 judicio
2808 4053 2865 4108 in
2905 4057 3171 4126 populum
3209 4059 3437 4125 desevit,
3466 4066 3519 4112 ut
3538 4054 3660 4111 multi
3680 4065 3741 4120 pa-
3794 4048 3795 4097 ἶ

2240 4143 2407 4209 triam
2437 4142 2689 4199 deserere
2729 4152 2784 4200 et
2816 4147 2885 4202 ad
2924 4155 3104 4204 terras
3148 4150 3288 4207 alias
3311 4159 3605 4222 cogerentur
3625 4141 3742 4199 demi-
3794 4158 3795 4161 ‘

2244 4249 2422 4304 grare,
2448 4235 2587 4290 adeo
2608 4244 2671 4290 ut
2697 4238 2882 4294 multm
2913 4241 3076 4297 urbes
3105 4241 3355 4299 Francia:
3377 4258 3495 4298 rare
3515 4237 3741 4294 incoleren-

2246 4334 2337 4381 tur
2356 4326 2681 4384 habitatore.

2318 4418 2456 4492 (Fel.
2489 4419 2813 4492 625.)Anne
2835 4424 2905 4480 ab
2926 4424 3035 4481 inc.
3068 4425 3230 4482 Dom.
3267 4427 3372 4484 864
3397 4421 3742 4483 translatumcst

552 4502 790 4558 ecclesia:
811 4505 1176 4573 possessionis,
1202 4515 1296 4559 aut
1327 4506 1559 4560 martirii
1595 4515 1691 4560 aut
1722 4509 2030 4562 monasterii
2062 4524 2146 4562 sc—
2172 4490 2220 4550 ο
2246 4490 2447 4580 corpus
2475 4490 2680 4569 sancta:
2703 4513 2924 4586 Reginae
2945 4517 3173 4589 virginis
3206 4526 3262 4573 et
3290 4518 3523 4574 martiris
3542 4515 3597 4570 de
3618 4506 3741 4565 Alesi!

555 4593 789 4647 cundum
816 4609 998 4647 sacras
1023 4592 1326 4666 Scripturas
1351 4596 1687 4665 ordinantur,
1713 4607 1792 4653 set
1822 4600 1878 4653 in
1903 4600 2145 4655 domibus

557 4683 823 4739 laicorum
847 4685 1263 4753 constituuntur,
1293 4695 1342 4740 et
1375 4703 1495 4741 cum
1516 4688 1843 4744 secularibus
1868 4690 1999 4745 adeo
2021 4707 2147 4746 con-

558 4785 856 4844 uersentur,
887 4786 946 4832 ut
963 4777 1083 4848 jam
1111 4793 1216 4831 non
1235 4777 1334 4832 Dei
1363 4794 1455 4832 nec
1476 4778 1710 4834 ecclesia
1730 4781 2030 4851 cujuslibet,
2053 4784 2144 4839 sed

558 4868 710 4923 illius
743 4870 953 4924 comitis
978 4877 1027 4927 et
1055 4869 1204 4925 illius
1226 4869 1377 4925 ducis
1404 4887 1515 4926 esse
1547 4871 1825 4939 dicantur;
1852 4873 1931 4929 ita
1960 4884 2019 4929 ut
2042 4876 2149 4937 ima

556 4962 761 5032 pletum
785 4964 857 5017 sit
879 4964 1016 5035 quod
1034 4980 1128 5036 per
1146 4965 1452 5036 prophetam
1475 4965 1676 5021 dicitur
1697 4982 1717 5020 :
1745 4986 1765 5019 ί
1795 4966 1865 5021 Et
1885 4968 1987 5023 erit
2007 4969 2145 5023 sicut

560 5054 807 5127 populus,
847 5056 924 5109 sic
960 5056 1202 5111 sacerdos
1239 5056 1394 5130 (Ose.
1436 5073 1510 5126 tv,
1538 5058 1674 5131 9)-)»
1715 5058 1871 5125 Quod
1916 5061 2144 5132 fortasse

559 5161 727 5201 unum
745 5153 827 5201 est
850 5160 1054 5202 eorum.
1090 5145 1222 5212 Qua:
1241 5164 1362 5202 cum
1382 5148 1444 5203 in
1470 5150 1683 5205 nomine
1710 5150 1928 5205 Domini
1954 5167 2143 5207 conve-

2244 4601 2461 4658 civitate
2505 4604 2649 4674 apud
2690 4604 3062 4663 Flaviniacum
3111 4618 3356 4665 castrum
3388 4625 3479 4665 seu
3510 4595 3740 4662 cenebiuni.

2245 4693 2568 4763 praesidente
2595 4695 2718 4752 loco
2746 4697 2945 4767 eidem,
2977 4699 3136 4769 cujus
3164 4710 3284 4757 erat
3308 4700 3447 4773 juris
3472 4698 3631 4756 civitas
3650 4703 3743 4762 prie-

2245 4782 2378 4852 fata,
2409 4783 2587 4857 Aigile
2612 4788 2829 4856 abbate,
2866 4791 3215 4860 postmodum
3256 4791 3524 4848 Senonum
3548 4778 3743 4848 archielli'

2245 4890 2434 4947 scopo,
2459 4887 2724 4949 regnante
2768 4879 2969 4937 Carolo
3008 4881 3193 4940 Calve.
3219 4883 3322 4940 Hic
3359 4893 3439 4940 est
3478 4879 3600 4952 Aigil
3627 4872 3744 4930 abbas

2247 4971 2695 5042 Flaviniacensis,
2738 4976 2836 5047 qui
2874 4978 3068 5033 cellam
3103 4978 3425 5036 Corbiniaci
3473 4971 3681 5032 instituit,
3709 4970 3745 5017 ct

2248 5064 2535 5121 duodecim
2585 5066 2787 5123 ibidem
2837 5071 3138 5127 monachos
3178 5072 3360 5143 posuit
3407 5068 3530 5143 (66),
3567 5061 3744 5120 anniset

2248 5168 2361 5225 quo
2419 5154 2849 5215 Flaviniacensis
2902 5161 3149 5218 tecclesia
3210 5162 3391 5234 ipsum
3440 5152 3743 5214 Corbieiacum

2067 5285 2299 5344 ΝΟΤιΕ.

633 5369 747 5442 (65)
785 5367 870 5425 Cf.
895 5368 1134 5426 Annales
1153 5366 1452 5438 Hinemari,
1485 5369 1784 5430 Fuldenses
1810 5384 1865 5430 et
1897 5375 2140 5452 Regino-

559 5458 745 5636 ῃῗζὲίὶ)
774 5510 1044 5567 Probatur
1074 5511 1193 5581 ipsa
1215 5511 1623 5569 constitutionis
1652 5514 1835 5571 tabula
1856 5519 1999 5589 apud
2029 5520 2143 5576 Ma-

560 5583 637 5637 btl
661 5597 733 5637 en
774 5582 893 5637 Act.
961 5581 1061 5637 SS.
1111 5580 1247 5637 Suec.
1295 5580 1385 5637 IV.
1417 5584 1474 5637 2.
1518 5600 1573 5637 ι).
1608 5585 1734 5637 240.
1768 5588 1966 5637 ser-ima
1996 5607 2142 5637 anno

560 5583 733 5638 billen
774 5583 893 5638 Act.
961 5583 1061 5637 SS.
1111 5583 1247 5637 Sate.
1295 5583 1385 5650 IV,
1417 5584 1474 5648 2,
1518 5600 1573 5655 p.
1608 5585 1734 5652 240,
1768 5583 1967 5659 scripta
1996 5607 2142 5647 anno

558 5653 666 5734 864
694 5653 954 5737 sequenti.
976 5654 1065 5709 die
1108 5662 1233 5737 post
1266 5653 1655 5737 humatipnem
1671 5660 1914 5737 corporis
1938 5659 2007 5737 _S.
2037 5660 2144 5737 R9-

558 5723 702 5792 gina:
731 5724 987 5797 martyris
1028 5741 1082 5780 χι
1108 5723 1227 5780 Kal.
1276 5723 1448 5796 Ap'il.
1476 5725 1533 5781 In
1556 5727 1744 5784 eodem
1767 5723 1912 5786 enim
1938 5732 2061 5789 loco
2086 5733 2144 5788 in

2246 5381 2503 5459 Avalinse
2534 5397 2629 5459 seu
2658 5380 2992 5459 Nivernense
3022 5386 3283 5459 comitatu
3321 5385 3459 5459 apud
3485 5373 3743 5459 Ammonis}

2248 5454 2354 5508 site
2380 5453 2645 5510 Manassis
2663 5454 2859 5527 abbas,
2871 5464 2942 5527 _ut
2962 5465 3193 5513 testatur
3211 5453 3415 5522 tabula,
3433 5453 3740 5527 monasterium

2247 5532 2566 5579 construere
2590 5525 2824 5580 volebat.
2846 5518 3086 5599 Regina:
3112 5518 3743 5599 translationeradest'jfllﬁlt

2250 5603 2441 5672 auctor
2465 5609 2774 5672 anonymus
2799 5581 2976 5672 apud”
3000 5581 3341 5672 Mabillengl.
3370 5598 3405 5651 Ι.
3432 5581 3741 5672 Eidem

2250 5663 2404 5738 lsaac
2439 5663 2728 5738 episcopus
2751 5663 3116 5738 Lingonensis
3132 5669 3321 5725 altaria
3350 5664 3584 5738 nonnulla
3601 5663 3647 5738 _in
3665 5667 3742 5738 illi"

2251 5732 2487 5793 busdam
2507 5732 2644 5809 pagi
2663 5732 2991 5796 Atterie'nsis
3023 5736 3268 5797 ccclesiis
3312 5738 3398 5794 die
3420 5732 3614 5791 Sabbati
3638 5737 3740 5782 metr
