3834 6304
466 363 571 420 ΠΙ

1467 333 1770 394 IIUUONIS
1809 329 2106 386 ABBATIS
2144 320 2721 382 FLAVINIAGENSIS

462 482 675 540 minent
731 477 961 547 possent
1009 466 1251 529 .hahere,
1290 459 1392 531 ipsi
1450 456 1533 512 fisi
1577 469 1676 510 sua
1734 449 2059 507 auctoritate
2092 463 2135 520 Α
2162 443 2568 546 ορεείι,.(ειι]ιιε.
2596 440 2747 547 fuere
2781 439 2988 547 fratres
3032 438 3346 547 Ludovicus
3372 446 3444 541 .et
3485 435 3736 547 ligonis;
3832 522 3834 527 Ι

2164 535 2406 607 regnavit
2442 532 2604 589 annis
2633 534 2707 601 5;
2741 532 2880 588 obiit
2921 529 3060 587 Non.
3100 530 3419 587 Decembris
3456 530 3600 584 anno
3629 528 3737 595 884,
3832 550 3834 555 ·

472 539 793 643 episcopum
843 561 1249 618 consecrarent.
1294 546 1570 643 Stephano
1610 542 1877 643 successit
1924 539 2061 596 For-

476 633 786 729 uiosuquui
824 653 1080 711 Silvester
1110 644 1173 701 II.
1220 641 1319 698 llic
1356 638 1679 711 Augrimum
1719 634 1791 668 ’⁸⁸
1816 633 2060 729 Linguo:

476 724 728 808 ncnsem—
764 740 1110 806 restauravit,
1165 735 1257 808 qui
1316 730 1576 789 defuncto
1632 726 1930 783 Aureliano
1991 724 2061 756 ²⁸⁹

476 838 830 917 Lugdunensi
856 838 910 893 in
934 835 1055 889 loco
1077 831 1196 902 ejus
1219 825 1572 885 substitutus.
1587 820 1892 877 Formosus
1916 818 2063 917 vices

478 910 608 995 suavs
634 931 905 991 Barnoiuo
940 922 1232 982 Viennensi
1271 917 1547 976 commisit
1567 916 1657 982 ¹⁶⁰,
1706 914 1800 986 qui
1826 912 1926 968 fuit
1951 910 2062 966 fra-

476 1041 560 1087 ter
591 1025 817 1085 Bosonis
869 1019 1032 1093 regis.
1083 1015 1221 1090 (Scr.
1249 1013 1367 1069 abb.
1429 1009 1544 1081 Fli)
1591 1009 1891 1064 Formosus
1925 1020 2062 1076 papa

477 1121 757 1178 Walonem
791 1114 1100 1171 Eduensem
1142 1108 1517 1180 episcopatum
1552 1102 1655 1159 sibi
1688 1099 2062 1155 vendicantem

472 1206 991 1272 excommunicavit,
1021 1201 1280 1274 quoniam
1307 1196 1590 1255 ordinatur
1617 1192 2064 1263 archiepiscopus

472 1299 857 1373 Lugdunensis
884 1313 915 1352 a
952 1295 1235 1366 Stephano
1266 1305 1407 1361 papa
1432 1287 1736 1359 depositus,
1765 1293 1846 1340 set
1876 1299 1905 1338 a
1931 1284 2065 1339 For—

474 1409 629 1452 moso
678 1395 1041 1454 restauratus,
1075 1400 1239 1443 suum
1290 1398 1398 1438 non
1444 1381 1667 1436 haberet
1713 1377 1936 1449 pallium
1967 1391 2065 1432 nec

472 1486 784 1542 restitutam
829 1482 934 1539 sibi
988 1478 1339 1551 dignitatem;
1376 1474 1470 1546 qui
1509 1481 1694 1545 posset
1746 1470 2065 1541 episcopum

475 1574 839 1633 consecrare?
886 1579 939 1627 et
980 1585 1104 1626 cum
1155 1566 1553 1624 contradiceret
1596 1562 2064 1620 consecrationem

476 1666 813 1724 Teutboldus
846 1664 1136 1737 cpiscopus
1178 1675 1245 1717 ex
1287 1668 1441 1731 parte
1471 1671 1642 1729 papze.
1672 1653 2063 1711 Excommuui—

477 1769 633 1816 catus
657 1768 741 1815 est
768 1767 949 1814 autem
986 1765 1209 1827 propter
1247 1751 1534 1808 ecclesiam
1568 1748 1745 1806 sancti
1769 1747 1914 1804 l’etri
1937 1746 2063 1801 Fla-

2163 642 2274 699 quo
2286 643 2430 684 anno
2439 613 2738 683 Normanni
2752 624 3124 696 Durgundiam
3138 624 3391 678 invaseru
3401 632 3478 676 nt.
3488 620 3741 694 [REGIML]

2166 721 2423 787 Karolus,
2467 726 2836 791 cognomento
2868 716 3090 783 Calvus,
3143 714 3298 770 obitu
3332 712 3520 769 fratris
3555 712 3741 778 audito,

2166 813 2376 870 Italiam
2403 811 2650 879 intravit,
2678 811 2772 869 sed
2803 826 2833 864 a
2862 808 3292 864 Karlommanno
3324 814 3519 877 nepote
3542 805 3744 860 territus

2166 905 2325 978 fugit,
2361 913 2416 960 et
2440 903 2631 960 eodem
2663 916 2832 969 anno,
2862 911 2924 957 ut
2963 899 3343 972 praediximus,
3375 899 3485 955 vita
3512 897 3740 953 decessit.

2166 1001 2285 1074 (fol.
2324 1001 2440 1073 65.)
2475 1000 2880 1056 Karlomannus
2901 1000 3037 1055 obiit
3075 997 3246 1053 Nonis
3275 995 3588 1051 Decembris
3622 1009 3744 1050 anno

2166 1093 2292 1160 884,
2323 1101 2377 1147 et
2406 1090 2654 1163 sequenti
2693 1090 2930 1146 Karolus
2976 1090 3276 1160 imperator
3307 1085 3562 1152 ellicitur,
3584 1094 3639 1140 et
3663 1086 3744 1140 hoc

2162 1194 2289 1257 post
2320 1201 2527 1240 annum
2559 1199 2728 1239 unum
2761 1182 3042 1250 defuncto,
3074 1181 3217 1238 alius
3261 1179 3498 1235 Karolus
3528 1181 3742 1251 Simplex

2167 1278 2458 1349 imperium
2507 1276 2832 1347 assumpsit,
2865 1276 2957 1347 qui
2992 1276 3243 1347 regnavit
3277 1273 3347 1328 9.9
3371 1273 3554 1329 anuis.
3581 1272 3744 1328 Ludo-

2165 1368 2320 1423 vicus
2348 1376 2530 1422 autem
2577 1364 2935 1421 Karlomanni
2977 1363 3147 1420 frater
3198 1380 3293 1419 rex
3330 1361 3613 1418 Saxonum
3638 1379 3745 1418 con-

2167 1462 2412 1527 stitutus,
2450 1459 2631 1515 adhuc
2686 1459 2881 1513 eodem
2924 1458 3093 1512 fratre
3127 1457 3342 1512 vivente
3367 1456 3654 1511 llavariam
3679 1457 3745 1509 in-

2169 1552 2349 1608 travit.
2393 1552 2612 1623 (Chron.
2663 1551 2808 1623 Div.)
2836 1552 2997 1607 Anno
3024 1552 3094 1606 ab
3121 1550 3228 1606 ine.
3270 1549 3429 1605 Dom.
3467 1549 3598 1616 88f,
3627 1548 3743 1604 Non.

2168 1646 2306 1718 Aug.
2332 1647 2595 1717 pugnavit
2620 1643 2935 1700 Ludovicus
2957 1644 3103 1699 filius
3125 1642 3388 1699 Ludovici
3405 1645 3552 1715 regis
3576 1653 3747 1698 contra

2169 1754 2411 1812 paganos
2436 1750 2487 1795 cl
2511 1738 2770 1795 contrivit
2801 1737 2871 1770 ’⁸³
2898 1752 2992 1793 cos
3018 1756 3032 1804 ;
3067 1737 3316 1809 regnavit
3346 1746 3533 1792 autem
3565 1739 3743 1791 ann.5.

474 1851 808 1908 viniaceusis
858 1864 1024 1922 quam
1068 1847 1362 1903 invaserat.
1414 1843 1938 1899 Excommunicatus
1982 1849 2061 1896 cst
2099 1837 2138 1894 lt
2169 1831 2447 1906 illectum]
2477 1830 2580 1919 llis.
2607 1832 2823 1888 duobus
2855 1830 3139 1897 fratribus,
3169 1829 3449 1887 Ludovico
3486 1831 3683 1887 scilicet
3705 1842 3745 1883 cl

477 1943 860 2001 etRiehardus
902 1942 1033 2008 dux,
1082 1949 1135 1996 ct
1182 1937 1462 1995 Manasses
1495 1945 1551 1993 et
1592 1934 1927 2006 lngelbertus
1967 1948 2067 2004 pro

476 2036 759 2093 iuvasione
787 2034 1156 2092 mcclesiarum
1191 2040 1246 2088 et
1274 2029 1512 2086 maxime
1536 2027 1870 2083 Eduensium
1894 2038 2069 2095 usque

477 2130 545 2186 ad
589 2124 1047 2189 satisfactionem.
1100 2123 1381 2179 Invenitur
1407 2122 1513 2177 hoc
1566 2121 1618 2175 in
1646 2119 1840 2176 litteris
1868 2117 2067 2189 Aquini

476 2231 605 2277 ante
634 2219 920 2276 Walouem
949 2217 1100 2289 petiti
1131 2226 1185 2273 et
1224 2215 1382 2272 electi
1414 2213 1685 2269 Eduensis
1712 2210 1971 2282 episcopi.
2004 2210 2071 2265 Et

478 2313 752 2370 ’I‘edaldus
791 2311 856 2366 16
885 2310 1004 2366 Kal.
1048 2307 1385 2380 Septembris
1418 2307 1566 2363 dom.
1620 2305 1729 2360 inc.
1763 2303 1867 2359 856
1900 2318 2067 2369 anno,

475 2408 591 2464 ind.
629 2408 703 2474 4;
760 2407 849 2462 cui
914 2402 1182 2462 successit
1234 2402 1387 2457 Isaac
1448 2400 1554 2454 880
1617 2398 1728 2453 ind.
1767 2398 1873 2463 l3;
1926 2406 1978 2451 ct
2020 2397 2068 2452 ei

478 2500 648 2574 chlo
693 2497 959 2556 successit
999 2497 1068 2553 de
1111 2495 1328 2552 abbatia
1352 2490 1751 2549 Flaviniaccusi
1784 2498 2070 2561 promotus

475 2594 533 2650 in
559 2594 878 2664 episcopum
914 2589 1372 2662 ‘Linguonensem
1430 2601 1575 2642 anno
1603 2585 1750 2640 dom.
1801 2584 1909 2639 inc.
1967 2582 2071 2637 880

476 2683 572 2741 iud
643 2685 711 2740 15
753 2683 843 2753 ⁸⁸⁸,
877 2691 933 2739 et
976 2682 1030 2738 ei
1062 2680 1398 2738 Teutbaldus
1442 2679 1533 2746 "3’,
1572 2685 1626 2733 et
1664 2676 1714 2732 ei
1750 2675 2066 2748 Augrimus.

475 2775 775 2833 Warnerus
801 2776 937 2833 obiit
959 2774 1083 2833 908.
1115 2776 1274 2831 Anno
1296 2772 1423 2842 879,
1458 2770 1569 2827 iud.
1602 2769 1688 2838 12,
1717 2769 1958 2839 suscepit
1985 2783 2044 2823 re
2068 2805 2071 2808 ‹

474 2884 641 2941 gnum
661 2868 1061 2925 Provinciae'ad
1105 2863 1553 2922 Viennam'Boso
1590 2861 1773 2918 Idibus
1794 2860 2067 2927 Octobris,

474 2970 617 3030 post.
663 3001 676 3014 .
723 3001 735 3014 .
777 2961 927 3027 lum;
959 2960 1047 3016 cui
1087 2957 1356 3015 successit
1403 2954 1717 3011 Ludovicus
1762 2954 1906 3011 filius
1949 2954 2070 3025 ejus

476 3051 602 3117 89f,
630 3051 811 3107 adhuc
846 3052 1086 3123 juvenis,
1117 3049 1443 3107 auctoritate
1476 3062 1629 3120 papa:
1674 3046 1936 3118 Stephani
1967 3048 2070 3104 sub

472 3142 751 3198 tutoribus
787 3141 1063 3199 Richardo
1097 3143 1235 3200 duce
1256 3151 1311 3198 et
1335 3142 1544 3214 regina.

2173 1910 2733 1992 Karlomanno,'intra
2775 1924 3215 1996 quinquennium
3242 1923 3540 1991 defunctis,
3581 1925 3647 1978 ad
3670 1924 3742 1992 ju-

2172 2017 2378 2072 niorem
2405 2015 2664 2071 Karolum
2690 2031 2873 2070 rerum
2897 2031 3113 2070 summa
3148 2016 3413 2086 pervenit,
3455 2015 3552 2086 qui
3578 2032 3745 2071 consc-

2169 2119 2355 2165 cratus
2382 2118 2468 2165 est
2494 2125 2523 2163 a
2553 2107 2807 2164 Johaune
2834 2124 2972 2180 papa
3009 2109 3329 2179 imperator.-
3367 2108 3592 2179 (Clorou.
3624 2107 3745 2174 Dir.)

2170 2205 2385 2260 Annus
2420 2203 2546 2270 885,
2576 2202 2875 2258 indictione.
2921 2202 2976 2270 li,
3011 2217 3191 2258 annus
3264 2200 3367 2254 fuit
3420 2201 3746 2272 imperatoris

2173 2296 2354 2351 Karoli
2392 2296 2444 2350 in
2482 2295 2631 2351 Italia
2655 2296 2707 2361 5,
2756 2295 2811 2350 in
2850 2296 3105 2351 orientali
3154 2294 3382 2350 Francia
3426 2296 3481 2361 4,
3521 2296 3576 2349 in
3600 2293 3744 2349 Gallia

2174 2386 2223 2440 I.
2263 2384 2486 2459 [Bent]
2528 2384 2890 2455 Temporibus
2936 2385 3105 2456 igitur
3150 2384 3409 2439 Ludovici
3455 2382 3746 2440 Germanici

2172 2479 2313 2551 regis
2364 2477 2514 2534 Dado
2558 2479 2799 2549 suscepit
2831 2478 3207 2549 episcopatum
3246 2478 3563 2533 \‘irduniczc
3596 2480 3745 2539 urbis,

2171 2585 2318 2625 anno
2343 2569 2412 2624 ab
2442 2570 2551 2624 inc.
2580 2569 2738 2624 Dom.
2768 2569 2895 2638 885,
2927 2585 3053 2625 cum
3104 2586 3214 2641 quo
3244 2570 3479 2640 optinuit
3515 2570 3745 2640 plurima.

2170 2662 2291 2730 Quo
2323 2671 2540 2717 mortuo
2564 2661 2819 2730 Karolus,
2853 2671 2911 2719 ut
2933 2662 3196 2730 diximus,
3226 2664 3610 2719 monarchiam
3637 2664 3744 2718 ade.
3832 2661 3834 2727 ζ

2172 2768 2298 2829 plus
2355 2766 2457 2814 est.
2486 2757 2634 2813 Dado
2679 2758 2970 2829 episcopus
2995 2757 3361 2815 \‘irdunensis
3410 2768 3540 2813 ante
3563 2759 3749 2830 cpiscoo

2170 2859 2356 2919 patum
2384 2848 2601 2921 prchuit
2647 2850 2881 2905 abbatia:
2928 2850 3103 2906 sancti
3160 2848 3363 2916 Vitoni,
3396 2865 3565 2920 quam
3602 2849 3746 2903 etiam

2171 2952 2392 3014 sumpto
2424 2944 2739 3015 episcopatu
2792 2960 2900 2998 non
2940 2942 3165 3011 omisit;
3218 2942 3312 3013 qui
3360 2942 3747 3013 adquisivitcc—

2167 3036 2350 3092 clesitc
2382 3036 2456 3090 illi
2499 3037 2757 3106 plurima,
2808 3035 2968 3107 cujus
3014 3035 3606 3092 ccclesize-canonicus
3639 3033 3747 3089 Ber-

2170 3129 2384 3185 tharius
2425 3129 2481 3184 in
2523 3129 2769 3201 ejusdem
2814 3128 3059 3185 ecclesiae
3125 3126 3424 3199 requiescit
3480 3127 3746 3183 cimiterin.

551 3231 772 3306 (Clu-on,
814 3233 961 3304 Div.)
990 3233 1049 3289 ιιι
1094 3222 1342 3305 pan-ribus
1376 3208 1543 3305 igitur
1576 3232 1820 3289 Βειγςῃιῖω
1869 3244 1924 3289 ei
1959 3232 2062 3290 Sa-
2091 3208 2137 3273 C
2165 3221 2326 3277 Anno
2349 3222 2456 3277 inc.
2487 3223 2635 3277 verbi
2667 3221 2794 3290 887,
2837 3222 3137 3279 Normanni
3160 3226 3361 3297 pagani
3392 3225 3747 3281 Flaviniacum

478 3328 657 3385 xonitc
677 3337 731 3384 et
759 3327 927 3385 Italiae
951 3328 1296 3399 imperatoris
1317 3327 1579 3384 Ludovici
1614 3326 1696 3382 Pii
1716 3328 1860 3384 filius
1884 3327 2065 3385 Ludo-

478 3421 654 3489 vicus,
690 3430 743 3476 ct
768 3420 1063 3477 Lotharius
1088 3420 1335 3476 Lotharii
1374 3421 1720 3492 imperatoris
1745 3420 2065 3477 filiustene-

478 3514 630 3569 bant.
660 3511 790 3569 Post
813 3514 1024 3570 obitum
1046 3528 1238 3570 eorum
1266 3512 1553 3585 filiiipsius
1585 3512 1845 3570 Ludovici
1878 3529 2068 3587 regna-

477 3614 695 3662 verunt.
751 3603 893 3672 Nam
923 3605 1217 3663 Lotharius
1260 3604 1451 3678 junior
1476 3621 1570 3661 rex
1612 3605 1748 3662 obiit
1776 3606 1894 3662 sine
1920 3606 2063 3662 filiis.

479 3694 704 3770 [BER'L]
753 3695 1015 3754 Ludovici
1048 3696 1216 3769 igitur
1240 3705 1483 3769 tempore
1512 3712 1657 3753 anno
1680 3697 1748 3753 ab
1773 3698 1881 3753 inc.
1909 3696 2064 3752 Dom.

481 3788 608 3856 875,
642 3790 754 3845 ind.
787 3788 842 3858 8,
872 3798 994 3861 post
1021 3805 1309 3847 excessum
1333 3788 1520 3846 domui
1556 3788 1806 3846 Ilattonis
1836 3791 2070 3848 domnus

479 3890 535 3937 et
568 3881 948 3939 sanctissimus
975 3882 1062 3937 vir
1094 3881 1405 3939 Berhardus
1439 3882 1834 3938 acclamatione
1863 3882 1994 3938 cieri
2016 3893 2071 3939 et

478 3974 668 4045 populi
700 3973 877 4031 factus
922 3984 1007 4030 est
1034 3975 1326 4046 episcopus
1374 3974 1763 4042 V'irdunensis,
1793 3974 1953 4046 cujus
1984 3975 2068 4031 in-

479 4067 653 4123 tentio
672 4075 725 4122 et
748 4067 991 4124 studium
1016 4068 1429 4124 sanctissimum
1453 4066 1558 4123 fuit
1586 4067 1857 4139 inceptam
1881 4069 2072 4125 basili-

480 4171 602 4213 cam
628 4157 695 4213 ad
723 4155 1026 4228 perfectum
1071 4172 1248 4229 usque
1284 4158 1601 4229 perducere.
1656 4156 1812 4225 Quod
1846 4167 1901 4215 et
1943 4157 2072 4215 fecit

477 4248 593 4306 Deo
623 4250 935 4308 miserante.
969 4249 1133 4323 Signa
1170 4251 1397 4323 grandia
1429 4259 1484 4308 et
1519 4251 1860 4308 honorabilia
1882 4260 1937 4307 ct
1958 4252 2067 4307 mi-

476 4359 612 4400 nora
662 4345 819 4401 valde
866 4345 1011 4402 bona
1074 4344 1149 4401 ibi
1196 4360 1318 4409 esse
1372 4344 1677 4412 constituit,
1734 4344 2068 4415 pontificalia

476 4436 821 4504 vestimenta,
835 4445 891 4493 et
899 4424 1221 4493 ornamenta
1233 4437 1620 4494 :ecclesiastica
1642 4439 2066 4509 quamplurima,

2167 3329 2411 3375 castrum
2438 3334 2535 3376 seu
2572 3322 2883 3378 coenobium
2914 3322 3169 3394 ingressi,
3205 3323 3529 3380 occiderunt
3572 3339 3745 3378 mona-

2166 3413 2302 3470 chos
2337 3428 2462 3469 eum
2487 3411 2708 3470 famulis
2734 3414 2769 3470 8
2798 3414 2868 3447 '“
2892 3431 3146 3483 numero,
3193 3426 3246 3472 et
3292 3427 3616 3473 manserunt
3648 3416 3747 3470 dies
3832 3411 3834 3483 ξ

2169 3506 2340 3574 14³⁸⁸,
2356 3521 2387 3561 a
2404 3506 2438 3561 ὅ
2466 3503 2593 3562 ldus
2615 3506 3051 3580 Januariiusque
3074 3508 3107 3563 8
3134 3507 3262 3596 Kal.
3282 3504 3589 3565 Februarii.

2222 3594 2435 3668 (Dem.
2462 3594 2646 3671 pravi]
2681 3596 2741 3653 In
2772 3597 2965 3654 diebus
2995 3598 3162 3671 igitur
3202 3594 3558 3671 pontificatus
3581 3598 3745 3665 domui

2169 3687 2432 3759 Dadonis,
2470 3706 2595 3746 cum
2626 3690 2746 3762 ejus
2776 3692 2921 3748 bono
2963 3690 3146 3749 s'tudio
3184 3702 3235 3748 et
3268 3693 3461 3748 inclita
3498 3691 3640 3747 fama
3656 3705 3748 3762 Aper

2170 3781 2241 3838 35
2269 3799 2445 3840 annos
2471 3784 2643 3839 multa
2668 3784 2932 3841 :ccclesize
2954 3785 3056 3840 sibi
3082 3786 3394 3842 commissae
3416 3784 3747 3856 provenerint

2169 3892 2454 3949 prospera,
2484 3893 2609 3933 cum
2640 3876 2707 3933 56
2729 3892 2876 3933 anno
2901 3877 3230 3949 principalis
3255 3878 3505 3933 (ecclesia
3528 3876 3747 3948 peccatis
3832 3876 3834 3951 ξ

2170 3970 2513 4041 exigentibus
2537 3970 2661 4043 igne
2686 3981 3037 4042 consumpta,
3067 3971 3193 4026 libri
3238 3980 3295 4026 et
3334 3970 3616 4026 memoria:
3637 3983 3747 4025 san.
3832 3966 3834 4033 ρ

2170 4074 2384 4121 ctorum
2408 4073 2626 4135 patrum
2656 4064 2894 4119 maxima
2931 4079 2997 4120 ex
3036 4072 3191 4136 parte
3231 4063 3409 4119 eidem
3444 4071 3628 4119 essent
3652 4070 3746 4115 tra-
3832 4050 3834 4097 ἱ

2169 4157 2315 4227 diue,
2366 4156 2686 4215 Bertharius
2714 4157 3018 4230 presbyter,
3069 4173 3139 4213 ne
3187 4166 3510 4213 sanctorum
3548 4164 3742 4227 patrum
3832 4154 3834 4229 ὲ

2175 4249 2600 4307 Virdunensium
2628 4249 2948 4320 pontificum
2993 4258 3347 4306 sacrosancta
3395 4249 3653 4305 memoria
3701 4256 3745 4300 et
3832 4234 3834 4245 ³

2169 4342 2477 4399 venerabile
2508 4341 2749 4398 studium
2777 4352 2831 4398 et
2861 4343 3109 4414 operatio
3152 4352 3341 4398 sancta
3375 4343 3596 4413 penitus
3624 4339 3745 4396 obli-
3832 4330 3834 4335 ’

2168 4434 2316 4490 vioni
2342 4434 2668 4501 traderetur,
2705 4450 2828 4505 qua:
2867 4435 2935 4491 de
2977 4435 3184 4491 sanctis
3221 4449 3416 4490 eorum
3453 4434 3658 4490 actibus
3680 4432 3747 4485 Ie-

475 4536 531 4586 et
554 4526 819 4584 feretrum
867 4529 961 4584 ubi
988 4537 1117 4585 sunt
1164 4529 1412 4600 reliquiae
1456 4539 1773 4586 sanctorum
1808 4530 2069 4588 aacclesizc
2103 4596 2130 4600 _
2169 4537 2344 4599 gerat,
2368 4526 2613 4584 breviato
2634 4542 2889 4583 sermone
2927 4527 3365 4598 comprehendit,
3400 4524 3745 4598 praesentibus

477 4635 594 4678 sua:
614 4620 867 4678 contulit.
904 4619 1215 4678 Canonicos
1244 4596 1376 4678 suos
1402 4623 1662 4678 canonice
1695 4623 1877 4679 vivere
1911 4622 2064 4693 fecit,
2102 4596 2145 4651 θ
2173 4596 2413 4694 gratum,
2455 4621 2692 4692 posteris
2718 4620 2869 4677 utile.
2903 4596 3124 4693 (Chron.
3175 4620 3325 4692 Div.)
3374 4596 3609 4675 Karolus
3631 4630 3745 4687 ergo

474 4711 696 4782 villanis
709 4712 1039 4786 presbyteris
1060 4713 1205 4768 viam
1222 4714 1453 4785 justitia:
1473 4715 1705 4772 viriliter
1731 4718 1988 4786 ostendit,
2011 4727 2068 4774 et

475 4807 678 4876 p‘ucros
728 4806 786 4861 in
835 4805 1039 4863 divinis
1084 4814 1141 4862 et
1181 4807 1442 4864 humanis
1487 4808 1643 4865 libris
1686 4825 1784 4881 per
1813 4826 1871 4866 se
1892 4819 1948 4867 et
1969 4827 2067 4883 per

475 4894 618 4952 alios
653 4911 779 4952 cum
801 4912 1018 4955 summa
1037 4897 1265 4955 caritate
1285 4898 1564 4956 instruxit.
1589 4898 1736 4957 Obiit
1758 4902 1815 4956 in
1837 4900 2069 4958 Theolo-

477 4989 571 5061 gio
615 4991 972 5057 monasterio,
1021 4989 1115 5046 ubi
1157 4999 1215 5047 et
1264 5006 1465 5062 corpus
1504 4992 1625 5065 ejus
1662 4994 1943 5050 conditum
1983 5005 2069 5051 est

476 5079 654 5152 pridie
689 5079 915 5138 Kalend.
944 5082 1253 5141 Ianuarias.
1276 5082 1495 5157 (Chron.
1534 5085 1683 5160 Div.)
1708 5085 1833 5143 Fuit
1863 5088 1919 5143 in
1948 5088 2067 5159 epi-

476 5181 708 5245 scopatu
730 5172 917 5231 decem
950 5175 1130 5234 annis.
1170 5172 1318 5233 Obiit
1354 5176 1521 5249 igitur
1553 5176 1865 5236 Ludovicus
1884 5174 2069 5251 justus

475 5272 532 5325 et
561 5273 786 5324 sanctus
830 5266 1128 5340 imperator
1169 5268 1414 5325 Lotharii
1442 5270 1792 5341 imperatoris
1834 5272 2070 5328 senioris

478 5356 627 5418 illius
657 5368 713 5414 et
736 5357 908 5415 frater
929 5358 1168 5430 iunioris
1216 5358 1464 5417 Lotharii
1492 5362 1527 5418 4
1577 5360 1706 5418 Idus
1737 5363 1942 5434 Aprilis
1969 5380 2069 5420 an-

478 5463 554 5505 no
579 5449 648 5506 ab
670 5450 779 5505 inc.
808 5450 963 5506 Dom.
1000 5450 1123 5507 878.
1157 5449 1564 5511 Karlomannus
1597 5453 1743 5512 ﬁlius
1783 5455 1906 5527 ejus
1936 5472 2057 5513 sucv

2174 4713 2341 4770 Italire
2393 4721 2450 4769 et
2495 4711 2750 4769 Saxonite
2807 4713 3038 4784 adeptus
3093 4712 3410 4783 imperium,
3474 4720 3742 4784 postquam

2172 4807 2538 4874 Normannos,
2567 4806 2661 4878 qui
2686 4805 2934 4863 Parisius
2958 4806 2988 4859 7
3006 4822 3277 4863 annorum
3305 4806 3592 4862 obsidione
3615 4800 3748 4859 attri-

2167 4909 2378 4968 verant,
2430 4899 2534 4956 sibi
2558 4899 2825 4967 subdidit,
2857 4899 2995 4954 obiit
3012 4913 3159 4954 anno
3204 4900 3273 4954 ab
3302 4898 3413 4954 ine.
3452 4897 3606 4953 Dom.
3632 4894 3744 4959 888,

2144 4994 2281 5063 ,ind.
2302 4992 2363 5062 ’6,
2408 4991 2583 5063 pridie
2626 4990 2812 5048 Nonas
2830 4990 3105 5059 Octobris,
3157 5006 3305 5046 anno
3346 4989 3562 5062 imperii
3589 4988 3665 5044 sui
3693 4987 3741 5039 ι.

2173 5084 2454 5160 [Beatam]
2497 5085 2632 5142 Post
2672 5101 2837 5157 quem
2881 5084 3091 5156 accepit
3113 5082 3384 5140 Arnulfus
3412 5098 3581 5154 nepos
3612 5079 3746 5135 illitis

2169 5195 2401 5251 regnum
2426 5193 2574 5234 anno
2595 5179 2666 5233 ab
2692 5179 2801 5235 inc.
2833 5178 2992 5234 Dom.
3022 5177 3148 5245 888,
3178 5177 3291 5232 ind.
3309 5175 3363 5241 6,
3390 5176 3580 5232 eodem
3609 5171 3744 5228 scili-

2170 5280 2256 5327 cet
2277 5286 2442 5339 anno,
2468 5271 2613 5328 ﬁlius
2639 5270 2991 5327 Karlomanm
3014 5271 3111 5326 filii
3135 5269 3401 5326 Ludovici
3422 5264 3745 5341 imperatoris

2169 5363 2304 5434 justi
2326 5371 2382 5419 et
2407 5364 2605 5420 sancti.
2740 5372 2747 5376 ”

2244 5455 2464 5530 (Chron.
2502 5455 2651 5528 Div.)
2688 5455 2894 5513 Iterum
2928 5472 2984 5512 ιιι
3027 5457 3374 5514 Francorum
3415 5469 3584 5528 regno
3622 5450 3743 5506 Nor-

1756 5570 1993 5627 VARIAS
2035 5572 2442 5630 LECTIONES.

555 5656 624 5692 ’⁸⁸
657 5657 824 5730 Augr.
854 5658 1086 5729 suppleri
1112 5676 1178 5716 ex
1218 5658 1365 5715 Seria
1394 5660 1663 5718 abbatum.
1688 5702 1697 5709 -
1735 5665 1805 5697 ⁸⁸⁸
1828 5665 1907 5719 ita
1927 5682 1992 5720 ex
2014 5664 2163 5721 Seria
2201 5668 2413 5721 restitui
2442 5683 2460 5731 ;
2490 5667 2760 5738 reparavit
2785 5669 2837 5721 in
2868 5685 2914 5722 c.
2956 5668 3059 5740 tegi
3086 5665 3312 5723 videtur.

555 5727 760 5807 left-nit."
802 5730 868 5760 ’δι
891 5746 1143 5807 immerita
1172 5732 1392 5786 excidit.
1465 5735 1535 5766 ¹⁶²
1572 5733 1707 5791 Tcut
1729 5736 1946 5792 excidit.
2042 5736 2111 5770 ²⁶³
2137 5738 2214 5792 ita
2244 5737 2478 5807 suppleo.
2555 5739 2625 5771 m
2653 5737 2695 5792 V
2731 5758 2743 5794 :
2788 5758 2799 5794 :
2836 5756 2923 5797 :c.
3038 5736 3107 5770 ’⁸⁸
3132 5739 3211 5792 ita
3235 5756 3312 5807 su;

479 5727 727 5783 deletum.
752 5727 768 5730 θ
802 5730 868 5760 ’δι
891 5727 1138 5786 numeras
1172 5732 1392 5786 excidit.
1465 5735 1535 5766 ¹⁶²
1572 5733 1707 5791 Tcut
1729 5736 1946 5792 excidit.

483 5800 693 5855 nonnisi
717 5798 760 5854 γ
781 5816 1033 5873 apparere
1054 5801 1279 5858 videtur.

3431 5668 3502 5701 "°
3526 5660 3742 5724 ommisit

3038 5736 3107 5770 ’⁸⁸
3132 5739 3211 5792 ita
3235 5740 3453 5811 διαρριεο
3467 5758 3487 5808 ;
3513 5741 3565 5794 in
3589 5734 3741 5793 eodm

3657 319 3834 375 l‘ﬂ'
