3834 6304
121 335 204 392 173

1345 310 1758 371 CHRONICON.
1797 343 1864 353 —
1900 311 2028 367 LIB.
2070 310 2112 366 1.

3235 313 3346 371 174

120 445 273 505 manui
291 445 584 514 insurgunt,
621 449 676 496 et
703 455 850 496 anno
880 438 950 496 ab
971 439 1079 494 inc.
1122 437 1278 494 Dom.
1305 437 1430 504 891,
1456 436 1642 491 indict.
1677 435 1723 492 Α
1749 431 2020 502 plectitur.
2049 427 2193 498 (Cat.
2220 426 2391 499 poni.)
2425 425 2687 484 Formoso
2710 436 3097 484 successerunt
3125 426 3352 484 Bonifa—

118 541 160 605 9,
184 535 380 601 Gallias,
410 531 718 602 Hispanias,
755 530 990 598 Italiam,
1033 529 1327 585 Franciam
1369 537 1426 584 et
1473 537 1651 582 totum

117 628 491 686 Christianorum
521 632 736 680 vastant
782 639 1032 695 regnum.
1083 622 1348 677 Civitates
1383 619 1643 690 Parisius,

116 721 354 784 Belvacus,
380 715 634 772 Carnotis
678 722 733 770 et
773 712 966 770 Meldis
1000 721 1056 768 et
1084 712 1312 784 reliqum
1341 727 1451 767 non
1493 726 1653 768 secus

117 811 315 881 undique
337 808 575 864 civitates
602 806 960 876 diripiuntur,
991 812 1278 860 vastantur
1311 811 1366 858 et
1393 810 1652 858 evertun-

114 912 200 969 tur,
230 916 442 972 corpora
464 890 783 956 sanctorum
812 897 956 954 infra
997 913 1186 954 muros
1217 897 1558 968 recipiuntur
1587 897 1655 951 ti-

115 1011 237 1050 more
255 993 503 1050 hostium.
539 991 755 1064 Corpus
777 987 779 990 ⁴
801 991 981 1047 sancti
1011 990 1263 1061 Benigni,
1306 988 1655 1046 Divionensis

113 1087 315 1144 ecclesia:
339 1086 572 1156 patroni,
607 1084 910 1157 Linguonis
939 1083 1133 1140 fertur.
1165 1081 1402 1138 Sanctus
1434 1081 1654 1139 Sancti-

115 1198 196 1238 nus
214 1180 382 1237 Meldis
409 1181 462 1235 in
483 1179 717 1236 ecclesia
753 1179 962 1249 majore
991 1177 1206 1248 positus
1243 1193 1275 1232 a
1295 1175 1658 1233 Virdunensi-

113 1273 194 1328 bus
224 1270 444 1326 maximo
466 1271 650 1340 .pretio
674 1269 906 1325 Virduni
943 1269 1150 1324 relatus
1185 1267 1302 1338 jam
1345 1275 1466 1322 erat
1493 1282 1656 1338 supe-

114 1365 244 1422 rioris
275 1363 407 1437 fugae
434 1365 502 1397 ³⁸⁸
542 1373 808 1436 tempore,
843 1379 893 1418 a.
925 1363 1048 1419 866.
1100 1361 1404 1418 Normanni
1434 1362 1657 1418 Galllias

110 1465 447 1527 pervagantur,
499 1454 814 1526 Hispanias,
846 1455 1069 1522 adeunt,
1117 1453 1407 1510 Rodanum
1450 1453 1659 1509 intrant

112 1549 314 1617 ﬂuvium,
355 1548 566 1604 Italiam
610 1548 968 1620 populantur,
1017 1556 1075 1603 et
1117 1555 1288 1603 totum
1321 1547 1658 1604 christiano-

110 1659 207 1697 rum
232 1643 587 1713 pessundatur
609 1657 860 1714 regnum.
897 1640 1113 1697 Interea
1149 1641 1464 1713 congregati
1486 1640 1659 1696 Fran-

111 1736 186 1790 cia
215 1734 468 1806 principes
495 1734 791 1791 concilium
823 1735 892 1792 de
920 1734 1133 1806 magnis
1156 1734 1319 1790 rebus
1347 1734 1559 1804 ineunt,
1582 1743 1657 1802 et,

111 1837 158 1880 ut
172 1827 514 1897 przediximus,
533 1825 780 1884 Odonem
806 1828 933 1886 licet
949 1829 1309 1884 reluctantem
1339 1830 1444 1886 sub
1465 1828 1664 1887 Carolo

108 1920 402 1976 constituunt
427 1937 637 1993 regem.
665 1920 826 1992 (Ann.
893 1919 1132 1991 Vedast.)
1179 1919 1370 1976 Indict.
1422 1919 1510 1990 10,
1561 1920 1665 1978 fuit

109 2013 482 2084 annus.primus
511 2014 730 2084 imperii
761 2013 1016 2070 Widonis
1037 2015 1282 2084 augusti,
1309 2015 1405 2086 qui
1437 2030 1532 2085 per
1554 2013 1663 2070 Ga-

110 2104 256 2160 lonem
299 2105 742 2178 Linguonensem
785 2107 1106 2178 episcopum
1161 2107 1500 2163 constitutus
1539 2123 1659 2176 rex,

109 2214 205 2252 cum
243 2201 473 2256 audisset
515 2198 764 2256 Odonem
807 2216 993 2272 regem
1031 2199 1260 2268 factum,
1298 2217 1425 2256 cum
1461 2202 1664 2258 Beren-

108 2291 229 2358 gario
259 2307 374 2364 rege
395 2290 568 2348 Italia:
605 2293 776 2348 multa
809 2293 952 2349 bella
983 2293 1176 2366 gessit,
1207 2302 1263 2349 et
1290 2294 1470 2349 victor
1504 2310 1660 2350 reve-

109 2381 232 2439 niens
251 2383 546 2455 imperator
587 2395 810 2442 creatus
836 2393 942 2442 est.
980 2385 1185 2442 Eodem
1216 2402 1363 2441 anno
1401 2387 1545 2458 apud
1592 2388 1660 2420 ’⁸⁷

109 2472 284 2530 Tullum
308 2487 360 2532 et
383 2478 535 2534 circa
562 2479 729 2550 Alpes
755 2480 898 2534 ultra
927 2477 1121 2534 Jurum
1164 2478 1433 2535 Rodulfus
1467 2495 1562 2535 rex
1588 2478 1663 2535 fa-

108 2576 202 2622 ctus
222 2578 296 2624 est
319 2569 387 2625 92
431 2586 604 2626 anno.
641 2571 861 2642 (Chron.
903 2571 1052 2643 Div.)
1081 2571 1243 2628 Anno
1267 2572 1435 2643 igitur
1461 2573 1530 2628 ab
1550 2573 1660 2628 inc.

107 2657 230 2714 Dom.
262 2661 381 2727 895,
411 2663 528 2719 ind.
567 2665 656 2730 11,
685 2663 872 2720 Odone
899 2672 1162 2735 regnante
1182 2663 1238 2718 in
1278 2663 1531 2732 Francia,
1557 2665 1664 2718 Ar-

107 2750 227 2804 null‘o
246 2753 293 2807 in
316 2753 465 2810 Italia
491 2767 550 2812 et
576 2755 833 2822 Saxonis,
862 2755 1096 2812 Karolus
1115 2756 1229 2826 jam
1254 2756 1474 2828 juvenis
1495 2756 1664 2811 Fran-

105 2857 258 2899 corum
282 2849 472 2917 repetit
510 2859 750 2918 sceptra,
789 2857 844 2904 et
875 2857 1216 2904 memoratus
1260 2849 1527 2905 Arnulfus
1556 2849 1662 2904 im-

105 2935 212 3003 perii
260 2938 452 3012 invasit
512 2942 917 3008 monarchiam,
979 2942 1211 2998 Romam
1247 2957 1375 2998 cum
1428 2957 1661 2998 assensu

104 3024 309 3086 Formosi
333 3048 486 3104 papae
517 3034 764 3104 capiens,
794 3051 824 3089 a
855 3050 966 3106 quo
1009 3035 1066 3089 in
1093 3035 1484 3105 imperatorem
1530 3050 1660 3105 pro-

1755 523 1898 589 cius,
1928 521 2260 592 Stephanus,
2295 519 2638 588 Theodorus,
2664 518 2946 576 Johannes
2973 518 3063 574 IX.
3345 594 3352 598 _

1824 616 1984 670 Anno
2022 613 2148 682 910,
2188 614 2526 670 constructio
2567 614 2889 670 monasterii
2924 614 3340 686 ’Cluniacensis,

1754 718 1809 764 et
1834 706 1940 764 918
1967 707 2104 763 obiit
2132 707 2436 764 Willelmus
2459 708 2570 763 dux
2597 716 2946 763 constructor
2971 709 3137 766 illius.

1827 799 1966 872 (Ser.
1997 798 2118 854 abb.
2153 797 2267 871 F1.)
2304 799 2464 854 Anno
2493 799 2620 867 913,
2657 798 2818 855 Walo
2840 799 3110 857 Eduensis
3131 802 3347 874 episco-

1756 908 1860 963 pus
1889 891 2045 958 obiit,
2067 890 2165 962 qui
2186 889 2404 961 praefuit
2429 891 2591 948 annis
2610 889 2680 946 20
2707 891 2810 948 sub
2831 890 3030 948 Carolo
3056 891 3348 966 Simplice;

1756 994 1811 1040 et
1839 983 2086 1041 Hcrveus
2111 983 2398 1041 successit.

1835 1075 2051 1150 [FLon.]
2092 1076 2254 1130 Anno
2277 1075 2403 1143 919,
2433 1075 2629 1131 cecidit
2669 1075 2855 1133 Remis
2885 1077 3094 1149 grando
3122 1078 3350 1136 mirabi-

1757 1169 1826 1225 lis
1853 1184 2018 1224 ovum
2045 1167 2259 1239 gallinae
2305 1182 2573 1238 superans
2621 1168 3016 1239 magnitudine,
3061 1169 3352 1227 latitudine

1759 1259 2000 1316 medium
2023 1258 2237 1330 palmae.
2269 1256 2429 1314 Anno
2466 1258 2722 1328 sequenti
2747 1258 2854 1313 mel
2881 1259 2938 1313 in
2963 1260 3130 1329 spicis
3156 1261 3351 1316 inven-

1758 1359 1876 1407 tum
1909 1359 1995 1406 est
2032 1359 2086 1406 et
2112 1349 2275 1406 ﬂores
2300 1349 2358 1404 in
2399 1348 2692 1405 arboribus
2739 1350 2970 1406 maturis
3013 1351 3127 1422 jam
3170 1351 3350 1426 frugi-

1759 1444 1884 1499 bus.

1831 1534 1993 1590 Anno
2031 1535 2098 1591 ab
2122 1535 2231 1590 inc.
2270 1533 2429 1590 Dom.
2477 1534 2603 1603 917.,
2633 1531 2904 1610 Rodulfus
2951 1550 3048 1590 rex
3081 1536 3353 1591 constitu-

1763 1637 1852 1684 tus
1877 1636 1980 1694 est,
2007 1637 2062 1682 et
2091 1627 2155 1681 21
2217 1627 2370 1699 regni
2401 1627 2489 1683 sui
2529 1642 2675 1682 anno
2704 1628 2772 1682 ab
2796 1625 2995 1698 Ungris
3021 1627 3073 1682 id
3099 1637 3185 1682 est
3221 1627 3354 1682 Sar-

1761 1721 1980 1778 racenis
2019 1719 2339 1777 interfectus
2367 1728 2472 1787 est,
2522 1727 2577 1774 et
2615 1718 2768 1774 Ebbo
2817 1719 2927 1775 dux
2956 1720 3124 1776 castri
3159 1719 3357 1775 Dolen-

1694 1789 1738 1844 Β
1764 1814 1875 1882 sis;
1909 1821 1965 1868 et
1987 1813 2186 1868 invasit
2214 1828 2443 1885 regnum
2480 1811 2636 1884 Hugo
2656 1811 2788 1879 dux,
2820 1811 3042 1882 capiens
3078 1811 3134 1866 in
3157 1810 3354 1866 vincu-

1765 1904 1833 1960 lis
1869 1903 2134 1959 Karolum
2180 1903 2398 1959 Rodulﬁ
2432 1903 2632 1971 lilium;
2681 1911 2738 1958 et
2785 1903 3033 1975 regnavit
3063 1919 3240 1974 usque
3286 1903 3358 1958 ad

1765 2013 1970 2052 annum
1999 1997 2147 2053 dom.
2181 1997 2290 2052 inc.
2327 1996 2484 2052 981.-

1837 2109 2042 2167 Eodem
2084 2110 2249 2166 etiam
2278 2125 2424 2166 anno
2463 2111 2558 2182 qui
2602 2119 2721 2166 erat
2762 2111 2832 2167 ab
2877 2111 2985 2166 inc.
3036 2110 3194 2166 Dom.
3228 2080 3354 2168 9‘39.

1763 2204 1901 2260 obiit
1941 2204 2098 2261 Rollo
2136 2203 2583 2260 Normannorum
2632 2204 2906 2275 princeps,
2948 2212 3004 2260 et
3049 2203 3359 2262 Willelmus

1763 2297 1910 2354 ﬁlius
1937 2297 2058 2366 eius
2093 2297 2380 2363 successit,
2419 2298 2514 2368 qui
2544 2297 2669 2353 dolo
2698 2297 2918 2354 occisus
2944 2306 3029 2352 est
3057 2312 3204 2354 anno
3229 2297 3356 2366 945,

1763 2399 1817 2446 et
1846 2389 2153 2446 Richardus
2182 2390 2329 2445 hlius
2344 2390 2466 2460 ejus
2499 2390 2786 2445 successit.

1835 2481 2055 2553 (Chron.
2089 2479 2236 2552 Div.)
2275 2481 2479 2538 Exorta
2524 2498 2654 2554 ergo
2688 2481 2964 2538 discordia
3015 2480 3159 2538 inter
3188 2482 3359 2538 Caro-

1764 2575 1945 2630 rolum
1974 2584 2029 2631 et
2053 2575 2207 2648 regni
2231 2575 2532 2646 principes,
2569 2575 2708 2629 ﬁunt
2732 2575 2856 2630 lites
2883 2584 2937 2630 et
2957 2575 3120 2642 bella,
3155 2577 3362 2646 rapina:

1763 2676 1818 2723 et
1867 2667 2141 2735 incendia,
2195 2675 2250 2723 et
2300 2667 2591 2722 innumera
2633 2665 2878 2736 undique
2923 2667 3140 2722 seviunt
3191 2668 3356 2722 mala.

1763 2759 2008 2817 Tandem
2040 2778 2134 2818 rex
2165 2759 2294 2816 facti
2325 2760 2576 2831 penitens
2603 2759 2879 2832 principes
2910 2759 2978 2815 ad
3005 2760 3361 2817 concordiam

1763 2862 2094 2920 commovet,
2150 2867 2453 2923 pacemque
2507 2859 2822 2922 exoptatam
2875 2865 3000 2906 cum
3046 2851 3127 2906 eis
3154 2851 3357 2905 ﬁrmat.

1763 2943 2070 3000 Richardus
2094 2943 2281 3016 igitur,
2307 2941 2402 3013 qui
2418 2941 2497 2997 ab
2521 2941 2890 3012 exequutione
2910 2941 3139 3011 justitiaa
3161 2957 3361 3014 cogno-

1763 3054 1892 3094 men
1921 3044 2228 3107 acceperat,
2271 3035 2534 3107 quamdiu
2571 3035 2728 3102 vixit,
2773 3034 2970 3091 Carolo
3000 3035 3115 3108 regi
3145 3050 3363 3107 semper

106 3129 249 3178 motus
285 3137 382 3180 est.
423 3125 709 3200 [Rectam]
755 3127 908 3183 Tunc
958 3128 1198 3198 primum
1246 3143 1278 3182 a
1319 3127 1660 3183 Francorum
1691 3144 1735 3207 ρ
1765 3132 1941 3188 ﬁdelis
1973 3130 2186 3197 extitit;
2215 3144 2327 3200 quo
2351 3137 2572 3184 mortuo
2604 3144 2750 3183 anno
2777 3128 2903 3196 929,
2931 3127 3120 3184 Odone
3142 3144 3365 3200 quoque

104 3217 283 3287 regibus
300 3223 364 3276 ad
387 3211 687 3279 extraneos
710 3224 1038 3280 translatum
1061 3233 1146 3279 est
1169 3224 1483 3295 imperium,
1512 3225 1665 3295 prin—
1769 3240 1896 3295 rege
1931 3221 2210 3289 defuncto,
2241 3219 2449 3276 Kalend
2476 3219 2725 3276 Januarii
2760 3221 3052 3291 praedictus
3089 3221 3362 3278 Ilobertus

104 3310 278 3380 cipibus
298 3318 448 3388 regni
479 3318 1008 3390 parvipendentibus
1037 3318 1300 3374 Karolum
1333 3318 1404 3374 ob
1445 3319 1663 3374 tardum
1767 3313 1938 3370 frater
1962 3313 2082 3384 ejus
2125 3328 2358 3384 sperans
2393 3319 2445 3367 et
2489 3309 2719 3382 cupiens
2764 3327 2886 3367 eam
2933 3321 3143 3382 partem
3184 3314 3360 3385 regni,

103 3405 263 3461 mentis
290 3406 597 3480 ingenium.
629 3408 849 3481 (Chron.
877 3407 1022 3480 Div.)
1053 3408 1430 3465 Zendebolcus
1455 3409 1508 3463 in
1531 3426 1665 3480 pne.

104 3495 243 3550 sentin
270 3501 437 3568 patris
464 3501 558 3556 sui
579 3499 784 3557 Odonis
805 3501 949 3572 regis
972 3517 1068 3556 rex
1099 3499 1168 3556 ab
1195 3500 1428 3556 Arnulfo
1457 3503 1666 3556 consti-

103 3593 241 3656 tutus,
259 3593 342 3648 cui
365 3593 642 3651 Arnolqu
664 3611 893 3668 regnum
917 3595 1163 3650 Lotharii
1190 3596 1359 3664 dedit,
1384 3604 1440 3651 et
1473 3604 1662 3666 postea

104 3677 218 3736 ﬁlius
239 3683 350 3753 ejus
379 3684 676 3755 Occiditur,
727 3696 782 3742 et
812 3687 929 3756 ipse
963 3687 1102 3742 obiit
1141 3703 1288 3743 anno
1329 3689 1454 3744 901.
1493 3689 1657 3760 (Ann.

112 3767 311 3848 l'edast.)
344 3777 553 3835 Odone
595 3795 724 3851 ergo
773 3795 921 3836 anno
974 3780 1127 3852 regni
1167 3781 1254 3837 sui
1293 3781 1381 3849 12,
1415 3782 1484 3836 ab
1549 3781 1658 3837 inc.

103 3860 228 3921 Dom.
278 3869 378 3926 899
419 3871 705 3941 defuncto,
751 3873 1090 3943 reciprocate
1151 3873 1557 3930 Normanorum
1609 3885 1664 3931 et

103 3953 340 4017 Danorum
385 3974 683 4036 emergunt
727 3964 957 4032 fluctus;
1010 3963 1215 4037 Ungari
1265 3967 1334 4021 ab
1384 3967 1654 4038 aquilone,

105 4047 322 4110 Saraceni
351 4073 382 4112 a
408 4058 644 4113 meridie
679 4067 734 4114 et
764 4057 966 4114 ﬁnibus
993 4055 1269 4129 Hispanias
1300 4074 1663 4128 prorumpen-

102 4149 165 4199 tes
184 4145 232 4201 iu
256 4149 540 4207 interitum
565 4151 865 4224 conﬂigunt
887 4151 1076 4207 Galliae
1114 4150 1336 4224 (Chron.
1364 4151 1531 4223 Div.).
1557 4152 1662 4207 Pcr

103 4239 253 4292 omnia
281 4242 427 4296 sevit-
451 4243 690 4314 gladius,
737 4253 935 4299 cuncta
967 4245 1169 4299 dantur
1211 4243 1486 4312 incendio,
1533 4261 1662 4300 san-

100 4335 280 4386 ctomm
331 4335 451 4391 loca
507 4337 801 4392 traduntur
847 4337 1194 4392 exterminio.
1253 4336 1370 4407 (fol.
1419 4337 1551 4408 63‘.)
1587 4337 1664 4393 Eo

103 4433 218 4476 anno
243 4423 563 4500 Burgundia
613 4438 822 4485 vastata
873 4438 958 4486 est
988 4446 1020 4485 a
1064 4428 1429 4496 Normannis;
1460 4430 1662 4500 quibus

1767 3422 1934 3478 quam
1973 3406 2088 3477 ipse
2118 3413 2389 3471 tenuerat,
2420 3403 2549 3474 quia
2571 3403 2622 3460 ei
2657 3419 2689 3459 a
2727 3403 2926 3459 Carolo
2957 3404 3236 3475 Simplice,
3265 3408 3361 3477 qui

1766 3500 1938 3556 totius
1973 3498 2127 3570 regni
2153 3505 2273 3553 erat
2317 3497 2596 3565 dominus,
2633 3512 2751 3552 non
2786 3497 3136 3566 reddebatur,
3181 3498 3362 3570 palam

1766 3591 1969 3647 invasit
1989 3590 2354 3663 tyrannidem,
2381 3598 2436 3646 et
2457 3605 2487 3645 a
2523 3589 2852 3660 quibusdam
2880 3589 3151 3660 episc0pis
3175 3589 3364 3648 {uade-

1766 3692 1912 3739 mate
1937 3683 2088 3756 regio
2109 3683 2362 3738 coronari
2389 3690 2444 3738 et
2477 3691 2692 3754 sceptro
2713 3682 3143 3755 regni'insigniri
3163 3683 3361 3754 partim

1763 3776 2073 3843 blandiciis,
2105 3776 2311 3846 partim
2362 3774 2530 3830 minis
2563 3773 2824 3842 extorsit,
2871 3775 2968 3830 sed
3011 3791 3362 3847 nequaquam

1765 3867 1930 3940 hujus
1953 3867 2402 3940 praesumptionis
2426 3867 2565 3924 lotos
2587 3867 2768 3923 exitus
2791 3867 3000 3922 habuit.

1838 3981 2117 4056 [Rectum]
2154 3983 2315 4039 Anno
2337 3981 2406 4038 ah
2429 3981 2537 4038 inc.
2581 3980 2739 4036 Dom.
2772 3979 2877 4037 900
2903 3979 3166 4038 Arnulfus
3184 3981 3364 4051 impe-

1765 4085 1917 4131 rator
1945 4075 2099 4144 obiit,
2142 4083 2198 4130 et
2247 4074 2558 4131 Ludovicus
2597 4074 2744 4130 (ilius
2774 4074 2896 4144 ejus
2926 4075 3216 4131 successit.
3256 4073 3357 4130 llic

1764 4167 2053 4224 duodecim
2082 4168 2244 4224 annis
2268 4167 2651 4222 administrato
2682 4166 2913 4236 imperio
2941 4168 3098 4234 obiit,
3126 4175 3182 4222 et
3207 4165 3357 4223 Con-

1766 4261 1901 4316 rado
1926 4260 2039 4315 filio
2064 4259 2304 4314 Conradi
2333 4258 2490 4314 ducis
2517 4258 2671 4329 regni
2713 4265 2927 4328 sceptra
2961 4259 3184 4329 reliquit
3211 4274 3358 4314 anno

1766 4354 1837 4409 ab
1867 4353 1975 4408 inc.
2009 4351 2167 4408 Dom.
2200 4351 2324 4408 911.
2365 4349 2465 4406 Hic
2486 4350 2653 4406 etiam
2680 4350 2929 4422 regnavit
2948 4351 3112 4405 annis
3136 4365 3355 4414 novem,

1767 4455 1824 4503 et
1870 4445 2161 4502 Heinricus
2207 4445 2421 4516 primus
2475 4442 2744 4500 successit
2785 4457 3018 4515 magnus
3066 4442 3364 4513 imperator

103 4524 362 4612 occurrens
385 4519 700 4612 [lichardus
720 4523 831 4612 dux
857 4523 1356 4612 justitial‘hilsibello
1383 4538 1476 4578 005
1501 4522 1661 4612 Γυάἧιν
1698 4512 1743 4568 D
1770 4555 1916 4596 anno
1939 4538 2063 4596 920.
2099 4512 2319 4612 [Ftom]
2347 4537 2423 4594 Eo
2446 4553 2592 4593 anno
2619 4537 2762 4594 inter
2797 4512 3118 4591 Hilduinum
3148 4512 3363 4605 episco-

104 4607 145 4653 et
166 4613 298 4660 retro
322 4609 505 4665 redire
530 4601 727 4680 ccegit.
758 4609 960 4666 Iterum
1004 4611 1148 4681 apud
1173 4611 1473 4665 Carnotum
1509 4611 1662 4667 socio

103 4685 308 4751 Roberto
328 4698 491 4766 duce,
531 4697 739 4756 Odonis
761 4702 905 4773 regis
943 4700 1132 4769 fratre,
1171 4701 1311 4756 idem
1355 4701 1665 4760 Richardus

103 4795 204 4839 cum
225 4785 559 4848 Normannis
581 4793 879 4862 dimicavit,
911 4803 965 4849 et
987 4795 1280 4848 immanem
1311 4809 1503 4853 eorum
1531 4797 1667 4850 mul-

103 4873 356 4936 titudinem
385 4883 610 4938 occidit.
653 4883 857 4939 Habuit
884 4894 996 4940 tres
1021 4884 1182 4950 filios,
1217 4883 1536 4952 Rodulfum,
1570 4885 1666 4956 qui

102 4963 183 5021 fuit
205 4987 292 5028 rex
312 4974 679 5044 Francorum,
713 4975 1006 5045 Bosonem,
1030 4977 1123 5049 qui
1156 4975 1344 5033 Gallia:
1366 4977 1668 5048 superioris

101 5071 201 5126 quae
217 5064 444 5122 Comata
487 5068 712 5136 dicitur,
741 5069 902 5124 idest
944 5069 1293 5142 Burgundiaa,
1337 5071 1548 5139 accepit
1576 5085 1667 5124 re-

102 5164 260 5222 gnum,
297 5161 525 5215 tertium
555 5161 841 5234 Hugonem
861 5162 1084 5233 Capito,
1115 5163 1208 5233 qui
1237 5162 1340 5217 fuit
1378 5162 1490 5218 dux
1530 5161 1669 5218 infe-

102 5241 240 5302 rioris
273 5249 632 5324 Burgundiaz.

156 5357 604 5439 [Rzotno.]Anno
625 5369 694 5424 ab
716 5369 826 5426 inc.
854 5369 1011 5425 Dom.
1048 5335 1173 5437 994,
1204 5371 1309 5425 fuit
1338 5370 1545 5426 bellum
1578 5370 1671 5426 in»

103 5453 169 5502 ter
189 5450 505 5537 Conradum
547 5461 742 5516 ducem
771 5469 826 5516 et
869 5461 1244 5529 Adalbertum,
1289 5461 1346 5515 in
1382 5476 1497 5532 quo
1525 5460 1672 5516 Con-

104 5542 242 5600 radus
261 5551 501 5618 cecidit,
543 5562 599 5608 et
649 5569 795 5608 anno
840 5555 1089 5624 sequenti
1136 5553 1462 5611 Adalbertus
1496 5553 1674 5624 capite

1769 4649 1900 4705 pum
1953 4640 2008 4688 et
2053 4631 2376 4687 Richarium
2419 4632 2671 4686 abbatem
2712 4629 2780 4685 de
2835 4629 3154 4700 episcopatu
3211 4626 3362 4681 Tun-

1772 4725 1956 4799 grensi
1986 4724 2172 4779 habita
2197 4733 2281 4780 est
2297 4724 2599 4790 contentio,
2632 4721 2903 4791 siquidem
2926 4736 3020 4775 rex
3053 4719 3207 4774 illum
3239 4719 3361 4789 epi-

1773 4825 2060 4888 scopatum
2099 4815 2360 4872 Richario
2381 4815 2550 4882 dedit,
2591 4812 2720 4884 quia
2761 4811 3071 4878 Hilduinus,
3103 4811 3193 4866 cui
3226 4811 3362 4866 illud

1774 4909 1930 4980 prius
1953 4908 2196 4975 dederat,
2224 4923 2256 4962 a
2279 4923 2340 4963 se
2362 4907 2612 4962 descivit.
2644 4903 3012 4960 Herimannus
3033 4919 3164 4960 vero
3193 4903 3362 4959 Colo-

1771 5000 1980 5058 niensis
2007 5001 2472 5071 archiepiscopus,
2497 4999 2730 5070 eligente
2759 4997 2905 5053 clero
2925 5005 2979 5053 et
3010 4995 3224 5052 favente
3262 5011 3362 5066 po-

1773 5094 1923 5165 pulo,
1957 5107 2173 5149 necnon
2219 5099 2274 5146 et
2309 5091 2633 5159 Gisleherto,
2677 5105 2841 5160 quem
2899 5089 3123 5160 plurimi
3155 5088 3366 5143 Lotha-

1773 5186 1982 5242 rienses
2025 5185 2215 5240 relicto
2240 5182 2439 5239 Carolo
2476 5183 2778 5254 principem
2805 5183 3214 5247 ordinaverant,
3257 5181 3375 5236 Hil-

1772 5277 2003 5333 duinum
2069 5277 2144 5332 ibi
2193 5275 2468 5335 ordinavit
2499 5314 2501 5317 ι
2533 5276 2873 5346 episcopum,
2942 5291 3068 5331 cum
3131 5272 3375 5330 Carolus

1774 5370 1957 5440 ipsum
1985 5368 2380 5439 episcopatum,
2409 5367 2574 5423 etiam
2604 5367 3058 5424 Lothariensibus
3073 5367 3187 5438 jam
3222 5367 3289 5422 ad
3315 5384 3377 5421 sa

1778 5460 2014 5516 reversis
2039 5475 2168 5515 cum
2199 5457 2509 5516 Gisleberto
2531 5460 2692 5528 duce,
2720 5459 2980 5516 Richario
3005 5459 3188 5514 abbati
3234 5474 3373 5514 con-

1781 5553 2028 5620 sentiret,
2057 5553 2416 5625 quamobrem
2451 5553 2672 5624 utrique
2699 5552 2928 5607 Romam
2958 5549 3189 5622 profccti
3219 5559 3369 5612 sunt.

1370 5691 1604 5749 VARIAS
1642 5689 2046 5748 LECTIONES.

167 5775 226 5810 ne
255 5779 315 5835 ς,
359 5801 371 5836 ε
413 5801 424 5835 ε
467 5800 553 5839 τε,
667 5785 736 5827 ιβτ
775 5785 918 5856 apud
943 5784 1195 5841 deletum.
