3834 6304
465 374 572 441 175

1468 370 1770 430 HUGONIS
1809 370 2104 428 ABBATIS
2147 366 2723 427 FLAVlNlACENSlS

3638 366 3742 425 'i76

466 502 625 559 Anno
649 499 780 567 92f,
820 495 1008 553 habita
1042 500 1126 551 est
1153 491 1394 566 synodus
1437 488 1583 561 apud
1611 486 1946 555 Trosleium,
1975 478 2062 542 cui
2094 498 2141 555 Α
2179 485 2400 547 (Chron.
2435 483 2582 557 Div.)
2612 476 2773 551 Quod
2803 481 2883 538 illi
2909 491 3226 549 renuentes,
3261 496 3365 553 pro
3408 479 3635 537 Rodulfo
3661 482 3739 540 lii-

458 593 721 670 praesedit
746 590 1019 648 Heriveus
1041 587 1339 643 Remorum
1369 580 1843 654 archiepiscopus,
1887 579 1981 635 ubi
2006 589 2063 635 et

464 690 697 747 Carolus
722 684 973 744 interfuit
1001 703 1014 753 ;
1041 682 1133 755 qui
1161 680 1287 736 inde
1312 678 1598 750 digressus
1624 677 1678 731 in
1711 691 1941 748 regnum
1972 673 2076 729 Lo-

465 781 633 839 tharii
661 780 818 847 abiit,
857 784 911 833 et
937 774 1078 831 facta
1102 770 1357 844 pactione
1380 785 1509 825 eum
1539 765 1798 823 lleiurico
1828 766 2076 837 principe

466 868 867 930 Transrcnensi
898 866 1228 923 Laudunum
1258 860 1807 932 rediit,postmodum
1823 873 1957 914 vero
1975 874 2072 929 pa-

465 982 584 1023 cem
608 980 733 1023 cum
759 979 823 1019 eo
845 959 1100 1016 firmavit.
1124 955 1432 1013 Normanni
1462 955 1627 1010 tidem
1648 953 1853 1009 Christi
1876 966 2069 1008 susce-

465 1068 662 1131 perunt
714 1064 942 1128 cogente
992 1052 1236 1127 Robcrto
1287 1050 1523 1117 comite;
1562 1049 1669 1104 hoc
1713 1048 1876 1104 etiam
1921 1060 2068 1103 anno

464 1127 775 1207 llichardus
793 1127 1135 1219 justitiarius
1163 1144 1318 1200 obiit.

530 1238 747 1313 [From]
810 1239 971 1295 Anno
1017 1235 1271 1309 sequenti
1318 1249 1546 1308 regnum
1596 1231 1955 1289 Lotbariense
1994 1229 2066 1285 ob

457 1333 943 1405 perscquutionem
981 1328 1275 1387 Gislebcrti
1302 1336 1356 1383 et
1384 1325 1603 1383 Ottonis
1638 1324 1867 1396 rapinis,
1892 1322 2064 1380 sacri-

457 1426 638 1499 legiis,
666 1425 965 1492 incendiis,
991 1423 1158 1479 etiam
1204 1429 1451 1492 tempore
1480 1418 1933 1490 quadragesimae,
1963 1432 2061 1471 va-

457 1527 657 1575 statur.
720 1516 1039 1583 Bicharius,
1105 1515 1201 1585 qui
1253 1512 1486 1568 Romam
1546 1510 1826 1583 profectus
1877 1508 2065 1564 fuerat

458 1619 683 1684 propter
713 1610 1055 1682 episcopium
1103 1606 1450 1679 Tungrense,
1502 1619 1756 1660 reversus
1799 1609 1882 1658 est
1909 1601 2061 1657 ordi-

464 1715 629 1761 natus
653 1720 684 1759 a
718 1702 969 1759 Johanne
1000 1715 1140 1773 papa
1186 1698 1258 1754 IX
1304 1699 1599 1770 episcopus
1630 1738 1644 1765 ,
1682 1695 1941 1751 Hilduino
1993 1694 2064 1766 ab

458 1799 580 1870 ipso
612 1812 752 1869 papa
784 1794 1278 1852 excommunicato.
1308 1789 1489 1862 Drogo
1528 1787 1805 1845 Tullensis
1840 1786 2059 1858 episco-

2181 577 2374 633 chardi
2397 577 2681 648 justitiarii
2709 576 2824 632 filio
2846 575 2901 631 in
2925 573 3301 647 Burgundiam
3330 573 3741 644 transmiserunt,

2177 668 2273 739 qui
2304 683 2478 741 ocyus
2506 685 2631 724 cum
2677 669 2849 724 multa
2894 682 3123 724 suorum
3158 682 3330 722 manu
3376 666 3483 723 illis
3513 670 3741 735 occurrit,

2173 770 2227 817 et
2250 760 2452 817 Carolo
2478 770 2633 817 trans
2654 761 2863 816 Mosam
2896 760 3219 833 refugiente,
3246 760 3364 830 ipse
3384 774 3481 815 rex
3511 760 3647 831 apud
3665 778 3741 816 ur-

2171 854 2296 908 bem
2341 853 2753 910 Suessionicam
2803 853 3135 909 constitutus
3185 862 3289 919 est,
3323 861 3377 907 et
3420 851 3566 908 Boso
3606 852 3745 909 frater

2172 945 2293 1017 ejus
2326 961 2417 1000 rex
2444 946 2634 1002 Galliae
2672 945 2973 1016 superioris
3001 960 3126 1015 quze
3158 944 3389 999 Comata
3411 945 3612 999 dicitur
3634 961 3743 1001 con-

2169 1039 2394 1094 stitutus
2426 1047 2531 1106 est,
2580 1039 2635 1093 id
2670 1048 2753 1094 est
2800 1038 3130 1110 Burgundiae
3174 1036 3497 1108 superioris,
3528 1048 3583 1091 et
3615 1034 3742 1107 [lugu

2169 1130 2365 1202 Capito
2391 1132 2502 1187 dux
2530 1130 2862 1203 Burgundiae
2904 1130 3204 1187 inferioris.
3248 1130 3399 1186 Socii
3445 1144 3580 1185 vero
3623 1128 3743 1183 dele
3832 1186 3834 1195 ,

2168 1224 2370 1281 ctionis
2400 1225 2623 1280 interitu
2647 1224 2873 1280 Roberti
2911 1239 3260 1294 nequaquam
3303 1221 3500 1290 territi,
3534 1221 3751 1292 perfidia.

2167 1333 2282 1374 sua;
2306 1333 2418 1372 non
2443 1318 2734 1373 deseruere
2760 1317 3187 1383 contumaciam,
3211 1331 3378 1386 quam
3420 1314 3608 1385 potius
3633 1312 3738 1367 Πετο

2165 1410 2357 1466 bertus
2390 1409 2616 1465 infando
2658 1410 2864 1465 scelere
2915 1408 3227 1464 traditionis
3274 1407 3565 1464 dominum
3605 1421 3740 1462 suum

2165 1516 2465 1572 regemque
2538 1502 2705 1557 totius
2754 1501 3000 1556 Francia:
3049 1500 3310 1555 Carolum
3362 1500 3493 1555 dolo
3546 1509 3742 1570 captum

2165 1593 2511 1665 vinculisque
2559 1594 2856 1661 irretitum,
2908 1592 3213 1648 Parronam
3277 1593 3435 1649 duxit
3472 1592 3743 1648 tenebroso

2162 1685 2408 1743 carceris
2436 1686 2717 1742 domicilio
2754 1686 3167 1742 recludendum.
3194 1684 3260 1741 Et
3297 1686 3427 1757 quia
3454 1686 3614 1758 regni
3648 1694 3739 1739 sta-
3832 1666 3834 1731 ί

2163 1787 2255 1835 tus
2307 1779 2427 1835 sine
2480 1780 2729 1851 principe
2777 1781 3040 1852 agebatur
3091 1780 3149 1834 in
3194 1780 3484 1846 incertum,
3533 1778 3742 1834 maxime
3832 1810 3834 1813 -

458 1864 562 1962 pus
589 1864 759 1957 obiit;
793 1885 1094 1944 Gauzlinus
1132 1884 1423 1952 successit,
1456 1882 1552 1954 qui
1581 1881 1746 1937 etiam
1771 1881 2057 1937 ordinatus
2094 1864 2133 1923 Β
2162 1887 2289 1962 eum
2315 1869 2533 1962 llugoni
2556 1871 2785 1928 Roberti
2829 1872 2964 1940 tilio,
3014 1872 3110 1944 qui
3163 1879 3289 1942 post
3332 1872 3522 1942 probis
3554 1869 3741 1926 actibus

457 1994 540 2039 est
572 1982 639 2037 l6
667 1981 785 2037 Kal.
812 1979 1034 2051 Aprilis.
1066 1977 1184 2048 (fol.
1217 1975 1472 2048 ϐἄθρυο
1499 1974 1663 2031 etiam
1694 1987 1839 2028 anno
1863 1987 2059 2028 conse—
2092 1986 2097 1989 ·

456 2082 643 2146 oratus
691 2074 747 2129 in
778 2088 962 2144 regem
1000 2071 1297 2137 Robertus,
1334 2059 1401 2125 ut
1449 2067 1826 2138 przediximus,
1874 2065 2056 2136 palam

456 2173 656 2229 invasit
708 2163 1076 2244 tyrannidem.
1121 2168 1387 2224 llcrivcus
1438 2166 1741 2223 Remorum
1784 2164 2058 2236 archiepi-

457 2280 657 2336 sc0pus
682 2265 772 2321 dic
807 2263 964 2320 tertia
1004 2272 1130 2334 post
1160 2261 1638 2319 consecrationem
1667 2258 1895 2315 Roberti
1922 2258 2059 2314 obiit

459 2368 613 2413 sexto
633 2355 819 2413 Nonas
842 2355 992 2424 Julii,
1024 2364 1318 2426 antequam
1342 2354 1413 2408 22
1451 2353 1540 2410 sui
1601 2352 1948 2424 episcopatus
1970 2367 2060 2407 ex-

456 2450 625 2521 pleret
644 2466 884 2517 annum;
920 2449 1010 2506 cui
1040 2447 1306 2505 successit
1339 2445 1561 2502 Seulfus
1607 2455 1739 2501 tunc
1771 2443 2056 2500 archidia-

455 2558 649 2599 conus.
675 2542 948 2599 Robertus
997 2541 1170 2597 filium
1199 2556 1363 2597 suum
1393 2538 1680 2612 Hugonem
1723 2538 1777 2593 in
1820 2553 2052 2610 regnum

455 2636 699 2692 Lotharii
730 2636 915 2691 mittit.
944 2634 1048 2703 Qui
1080 2634 1317 2706 acceptis
1344 2634 1633 2690 obsidibus
1659 2647 1690 2688 a
1716 2632 2054 2704 quibusdam

457 2727 927 2796 Lotharieusibus,
981 2728 1049 2782 ad
1102 2735 1314 2799 patrem
1386 2718 1671 2783 remeavit.
1749 2722 2057 2780 Obsederat

458 2821 601 2876 enim
630 2820 865 2878 Karolus
894 2819 1322 2891 Capraemortem
1355 2829 1601 2875 castrum
1640 2818 1953 2884 Gislcberti,
1981 2806 2057 2873 ad

458 2912 603 2985 quod
634 2911 975 2967 liberandum
1004 2912 1298 2982 praedictus
1340 2909 1497 2983 llugo
1545 2910 1752 2966 missus
1787 2919 1891 2977 est,
1940 2926 2053 2981 quo

461 3011 758 3074 comperto,
801 3002 1036 3059 Karolus
1071 3003 1413 3059 obsidionem
1447 3003 1688 3073 reliquit.

526 3095 688 3150 Anno
719 3087 826 3152 inc.
854 3094 1011 3150 Dom.
1045 3095 1171 3161 922,
1209 3095 1355 3166 apud
1383 3094 1748 3151 Cameracum
1780 3094 1885 3150 visi
1914 3101 2051 3150 sunt

460 3198 570 3247 tres
593 3189 739 3247 soles
772 3190 827 3245 in
859 3190 978 3245 celo
1008 3189 1167 3260 quasi
1199 3204 1487 3259 apparere,
1517 3189 1603 3245 vel
1642 3189 1723 3244 sol
1755 3198 1870 3244 tres
1893 3187 2053 3244 orbes

461 3300 487 3338 a
515 3297 575 3339 se
597 3281 829 3339 invicem
857 3282 1125 3338 distantes
1163 3280 1386 3348 habere,
1430 3281 1543 3336 duo
1587 3296 1812 3353 quoque
1842 3280 2054 3352 spicula

461 3386 512 3432 et
537 3375 649 3431 duo
671 3375 884 3448 stipites
914 3373 1018 3430 visi
1075 3382 1206 3429 sunt
1257 3373 1362 3428 sibi
1403 3373 1837 3446 propinquantes
1880 3373 2057 3430 donec

462 3475 589 3523 sunt
611 3467 890 3538 cooperti;
931 3473 984 3522 et
1011 3474 1343 3521 tcrremotus
1374 3464 1571 3521 factus.

528 3559 674 3632 (Cat.
729 3560 903 3631 pont.)
968 3556 1207 3614 Iohanni
1243 3556 1382 3612 Vllll
1439 3573 1595 3629 papae
1664 3567 2058 3614 successerunt

462 3651 804 3718 Benedictus,
837 3651 970 3719 Leo,
993 3648 1394 3719 Christol‘orus,
1427 3649 1675 3725 Sergius,
1699 3651 2054 3719 Anastasius,

463 3744 673 3811 Laudo,
702 3742 986 3800 Johannes
1007 3743 1076 3798 Χ.
1860 3814 1865 3821 ι

531 3834 750 3910 [.Fton.]
790 3835 951 3890 Anno
978 3836 1047 3892 ab
1074 3836 1183 3892 inc.
1234 3835 1392 3892 Dom.
1442 3835 1569 3903 923,
1622 3835 1921 3892 indictione
1949 3831 2054 3903 Ἠ,

464 3927 733 3985 Robertus
788 3926 1065 3999 profectus
1117 3927 1171 3984 in
1239 3944 1470 4000 regnum
1523 3926 1884 3984 Lotharicnse
1930 3942 2057 3983 cum

466 4019 719 4079 lleinrieo
747 4029 971 4092 pactum
1005 4022 1152 4090 iniit,
1176 4031 1231 4078 et
1254 4021 1397 4079 datis
1419 4021 1697 4093 utrimque
1722 4022 2058 4077 muneribus

465 4113 762 4172 discessum
813 4121 925 4181 est;
978 4115 1071 4170 ubi
1118 4114 1284 4171 etiam
1340 4114 1576 4187 quidam.
1613 4114 2056 4175 Lotbaricnsium

464 4205 682 4264 obsides
720 4205 959 4263 Roberto
1001 4207 1291 4274 dederunt,
1323 4217 1379 4265 et
1407 4208 1659 4266 inducias
1703 4216 2053 4283 acceperunt.

464 4299 692 4358 Carolus
712 4315 845 4356 vero
874 4316 1000 4357 cum
1025 4300 1141 4358 suis
1164 4301 1622 4359 Lothariensibus
1646 4300 1896 4358 inducias
1924 4317 2059 4356 con-

464 4391 827 4466 fringentibus
864 4392 1075 4450 Mosam
1126 4395 1424 4460 transiens,
1467 4394 1572 4450 sub
1616 4394 1752 4449 urbe
1799 4391 2057 4449 Suessio-

466 4485 608 4555 nica,
640 4485 735 4543 ubi
778 4485 1080 4542 Robertum
1129 4488 1320 4542 sedere
1346 4494 1692 4557 compererat
1729 4486 1886 4552 abiit,
1921 4485 2057 4541 etin

465 4578 770 4635 crastinum
800 4577 889 4634 die
911 4577 1211 4643 dominica,
1244 4578 1383 4633 hora
1423 4585 1578 4633 sexta
1601 4578 1716 4648 jam
1761 4578 2056 4649 praeterita,

469 4669 697 4727 Francis
734 4668 990 4740 prmlium
1018 4684 1127 4726 non
1150 4669 1518 4741 sperantibus,
1551 4671 1807 4742 plurimis
1836 4685 2063 4744 quoque

467 4761 883 4832 prandentibus,
917 4761 1166 4817 Axonam
1201 4762 1440 4827 transiit,
1469 4772 1522 4820 et
1562 4778 1730 4835 super
1759 4763 2063 4823 Robertum

470 4853 661 4910 irruit.‘
678 4852 749 4908 At
772 4852 864 4909 ille
884 4852 1114 4910 armatis
1141 4853 1224 4911 eis
1258 4870 1399 4926 quos
1428 4871 1616 4914 secum
1648 4857 1902 4926 habebat,
1927 4873 2061 4914 con-

470 4957 555 5002 tra
584 4948 871 5017 processit,
896 4946 1305 5018 commissaque
1336 4949 1525 5020 praelio
1563 4950 1752 5007 multis
1781 4951 2062 5024 utrimque

469 5037 813 5106 cadentibus,
838 5037 1109 5097 Robertus
1137 5049 1359 5112 quoque
1391 5041 1599 5099 lanceis
1624 5042 1908 5114 perfossus
1931 5059 2060 5116 pro-

471 5131 679 5189 cubuit.
703 5128 771 5185 lli
796 5139 976 5188 tamen
1007 5132 1104 5203 qui
1123 5142 1281 5190 erant
1300 5148 1428 5190 eum
1464 5133 1725 5205 Roberto,
1766 5135 1924 5210 llugo
1951 5139 2062 5195 sci-

470 5224 598 5281 licet
622 5223 769 5281 lilius
801 5223 944 5295 ejus,
969 5232 1023 5280 et
1050 5223 1368 5299 Heribertus
1396 5241 1583 5283 comes
1604 5227 2054 5300 Vermandensis,

472 5328 599 5373 cum
642 5316 855 5374 caeteris
897 5316 1123 5374 victoria
1173 5318 1350 5391 potiti,
1379 5319 1640 5377 Carolum
1689 5338 1817 5378 cum
1852 5321 2058 5379 Lotha-

472 5407 748 5467 ricnsibus
776 5408 834 5465 in
880 5406 1069 5482 fugam
1095 5420 1351 5481 vertunt;
1386 5413 1481 5469 sed
1520 5413 1593 5469 ob
1638 5423 1871 5470 mortem
1915 5415 2062 5486 regis

473 5500 556 5556 sui
576 5501 832 5573 persequi
852 5502 1199 5571 destiterunt,
1225 5519 1480 5576 campum
1504 5505 1893 5576 obtinuerunt;
1925 5522 2058 5578 spo-

473 5593 545 5648 lia
591 5608 624 5649 a
660 5594 955 5653 rusticanis
998 5594 1211 5667 direpta
1258 5586 1405 5654 sunt.
1447 5596 1831 5656 Lotharienses
1854 5599 2063 5657 relicto

476 5683 620 5739 intra
648 5698 878 5756 regnum
903 5685 1149 5743 Francia:
1173 5686 1395 5756 Carolo,
1430 5698 1780 5746 revertuntur
1823 5692 1890 5748 ad
1935 5707 2057 5761 sua,

476 5775 572 5848 qui
600 5774 786 5833 multis
806 5777 1169 5852 legationibus
1199 5778 1523 5837 Herbertum
1544 5782 1799 5839 comitem
1823 5793 1877 5840 et
1903 5783 2033 5840 Seul

475 5884 595 5931 rem
620 5868 1117 5941 archieuiscooum,
1160 5881 1219 5929 ut
1245 5873 1311 5929 ad
1340 5889 1440 5931 sua
1463 5884 1807 5933 revertantur
1842 5888 2053 5936 exorat.
2083 5897 2086 5901 ’

2162 1961 2346 2035 Magni
2399 1978 2599 2019 nomen
2650 1965 2979 2034 promeruit,
3028 1963 3257 2034 puerilis
3299 1963 3597 2019 obsisteret
3632 1970 3741 2017 aetas

2161 2056 2463 2127 quominus
2519 2056 2702 2128 regias
2763 2066 3069 2113 assumeret
3097 2055 3301 2112 infulas
3340 2098 3354 2122 ,
3409 2064 3464 2111 et
3518 2053 3739 2110 Hcrbcrti

2161 2156 2393 2203 cunctos
2420 2156 2664 2203 moveret
2699 2148 2908 2216 odium,
2945 2149 3185 2205 maxime
3230 2163 3372 2219 quos
3404 2146 3740 2204 humanitatis
3832 2180 3834 2183 -

2160 2250 2412 2311 respectu
2451 2241 2519 2295 ad
2551 2240 2987 2298 misericordiam
3019 2257 3287 2296 rerumma
3334 2241 3606 2312 principis
3635 2256 3737 2310 pcr-

2160 2334 2434 2400 movebat,
2482 2334 2725 2399 tandem,
2772 2344 2834 2389 ut
2863 2332 3076 2405 praafati
3111 2351 3325 2401 sumus,
3372 2332 3644 2388 Rodulfus
3670 2348 3738 2387 re
3832 2362 3834 2403 ε

2159 2426 2347 2497 gendze
2370 2426 2665 2496 praeficitur
2686 2426 2954 2494 Francius,
2979 2436 3034 2482 ct
3056 2427 3136 2482 sic
3167 2442 3400 2498 regnum
3423 2425 3737 2480 Francorum

2159 2519 2226 2575 ad
2271 2528 2593 2575 extraneum
2642 2518 2998 2575 transfertur.
3060 2519 3166 2586 Qui
3222 2521 3452 2590 adeptus
3494 2516 3739 2589 rcgniso-

2158 2613 2314 2679 lium,
2344 2620 2399 2667 et
2435 2611 2490 2666 in
2518 2610 2974 2669 'malefactoribus
3022 2612 3127 2668 fuit
3158 2612 3303 2668 ultor
3330 2627 3579 2679 severus,
3618 2618 3666 2665 et
3693 2609 3736 2663 in

2157 2704 2477 2761 coercendis
2510 2702 2764 2769 hostibus
2794 2718 3073 2776 regnoque
3103 2706 3308 2761 tuendo
3342 2704 3732 2777 sagacissimus.

2157 2796 2291 2867 Ejus
2327 2796 2387 2855 in
2416 2797 2611 2852 diebus
2658 2796 2941 2853 Danorum
2967 2807 3024 2854 et
3065 2797 3516 2854 Normannorum
3561 2798 3736 2852 iterum

2156 2890 2453 2945 adveniunt
2489 2889 2809 2963 phalanges,
2849 2900 2905 2946 et
2941 2905 3052 2946 non
3083 2892 3264 2947 solum
3298 2889 3615 2956 Franciam,
3660 2887 3737 2943 sed

2155 2991 2399 3038 ettotam
2432 2998 2753 3052 percurrere
2788 2982 3186 3056 Burgundiam.
3234 2983 3443 3040 Contra
3470 2998 3613 3054 quos
3642 2980 3736 3035 Bo-
3832 3024 3834 3039 ι

2154 3074 2341 3131 dulqu
2370 3075 2606 3147 sumptis
2664 3076 2836 3133 armis
2867 3077 2944 3132 ita
2983 3088 3269 3148 protervos
3310 3092 3504 3133 eorum
3535 3090 3733 3144 compe—

2158 3168 2297 3223 scuit
2340 3168 2599 3238 impetus,
2633 3177 2694 3224 ut
2724 3185 2902 3241 usque
2947 3186 3096 3226 nunc
3127 3169 3331 3226 Gallias
3352 3170 3426 3225 ab
3451 3184 3637 3225 eorum
3664 3167 3737 3220 in-
3832 3236 3834 3249 Ι

2159 3261 2416 3317 cursione
2451 3260 2618 3318 faciat
2658 3277 2884 3319 manere
2916 3264 3153 3335 quietas.
3210 3262 3367 3319 Tunc
3406 3262 3641 3318 delatum
3669 3266 3740 3313 est

2159 3371 2362 3428 corpus
2390 3357 2566 3412 sancti
2609 3354 2839 3429 Benigni
2869 3355 3129 3428 martyris
3178 3352 3322 3410 infra
3368 3348 3560 3409 muros
3586 3348 3735 3407 castri

2161 3450 2534 3520 Divioncnsis,
2567 3460 2621 3507 et
2659 3451 2734 3506 ibi
2768 3458 3047 3507 servatum
3077 3448 3132 3504 in
3160 3448 3388 3504 ecclesia
3419 3440 3738 3505 sanctiVin-

2158 3541 2343 3598 eentii.
2373 3540 2593 3615 [FLou.]
2637 3541 2750 3597 Illis
2780 3541 2965 3613 itaque
2985 3540 3155 3598 rebus
3197 3539 3445 3595 intentus
3488 3532 3737 3593 Rodulfns

2158 3635 2371 3707 legatos
2398 3634 2589 3690 habuit
2622 3633 3071 3689 Lothariensium
3101 3648 3161 3689 se
3187 3643 3244 3688 et
3276 3648 3377 3688 sua
3415 3631 3494 3686 illi
3524 3627 3739 3685 subdcno

2158 3727 2316 3783 tium.
2348 3725 2462 3797 (fol.
2500 3727 2632 3797 Μ’.)
2662 3726 2826 3782 Juxta
2860 3725 3168 3783 Mosomum
3223 3740 3355 3797 ergo
3410 3720 3737 3780 obviantibus

2160 3816 2233 3872 illi
2266 3816 2753 3884 Lotharicnsibus,
2773 3816 3153 3888 suscipiuntur
3187 3832 3218 3872 a
3260 3815 3508 3887 Wigerio
3536 3812 3738 3869 Metten-

2158 3909 2581 3981 siumpnesule,
2614 3919 2670 3965 ct
2712 3924 2854 3966 uxor
2917 3909 3039 3980 ejus
3086 3908 3284 3964 Emma
3336 3908 3484 3981 regis
3534 3903 3738 3962 Robcrti

2160 4002 2291 4068 tilia,
2318 4002 2540 4057 interim
2569 4018 2599 4057 a
2638 4000 2824 4057 Seulfo
2851 4009 3211 4058 consecratur
3240 4002 3453 4074 regina.
3493 3997 3737 4055 Rodulfus

2160 4112 2190 4150 a
2222 4095 2675 4152 Lotliariensibus
2715 4095 3045 4166 quibusdam
3087 4095 3375 4151 obsidibus
3408 4093 3638 4164 acceptis
3664 4106 3739 4143 re-

2159 4183 2410 4238 vertitur.
2469 4180 2549 4238 Eo
2578 4198 2726 4239 anno
2779 4182 2931 4239 Dado
2982 4180 3415 4238 Virdunensium
3470 4181 3738 4252 episcopus

2161 4275 2295 4331 obiit
2320 4273 2528 4331 exactis
2560 4274 2615 4330 in
2643 4275 2968 4346 episcopatu
2995 4275 3065 4330 38
3088 4275 3272 4343 annis,
3304 4287 3359 4329 et
3402 4274 3546 4330 inter
3576 4270 3737 4342 sepul-

2162 4380 2255 4421 cra
2292 4365 2757 4436 praedecessorum
2798 4381 3028 4423 suorum
3066 4368 3454 4438 episcoporum
3484 4366 3541 4420 in
3578 4362 3735 4419 eccle—

2162 4457 2244 4513 sia
2296 4457 2470 4514 sancti
2516 4456 2701 4515 Vitoni
2758 4459 3086 4532 condignam
3145 4459 3487 4529 sepulturam
3537 4455 3733 4513 meruit.

2091 4591 2137 4651 υ
2164 4548 2525 4651 Episcopatus
2544 4549 2910 4608 Virdunensis
2930 4550 3149 4651 ll‘ugoni
3172 4567 3204 4605 a
3231 4549 3471 4651 Rodttlfo
3491 4562 3736 4651 rege

2162 4639 2395 4707 ceditur,
2433 4640 2640 4711 quique
2671 4649 2794 4711 post
2818 4641 2938 4697 hate
2966 4639 3157 4696 Remis
3185 4656 3218 4695 a
3254 4639 3452 4695 Seulfo
3491 4635 3739 4705 archiepi-

2162 4746 2332 4802 scopo
2356 4741 2736 4789 consecratur.

2233 4870 2395 4925 Anno
2456 4869 2583 4926 924.
2632 4871 2933 4928 indictione
2986 4873 3076 4942 l2,
3118 4872 3365 4947 ﬂungari
3400 4872 3566 4930 ductu
3607 4869 3736 4942 regis

2164 4957 2496 5032 Bereugarii,
2552 4977 2717 5032 quem
2773 4961 3121 5036 Langobardi
3170 4963 3502 5034 repulerant,
3548 4961 3736 5019 Italiam

2164 5052 2585 5124 depopulantur,
2615 5053 2840 5126 Papiam
2890 5073 3111 5129 quoque
3160 5059 3354 5113 urbem
3396 5052 3735 5130 pupulosissi—

2162 5159 2309 5199 mam
2349 5154 2404 5202 et
2431 5147 2903 5217 opulentissimam
2943 5149 3069 5223 igne
3094 5151 3458 5219 succendunt,
3500 5148 3588 5206 ubi
3615 5161 3735 5216 opes

2160 5237 2371 5309 periere
2390 5238 2713 5310 innumerae,
2739 5242 2985 5299 ecclesia:
3005 5243 3368 5315 quadraginta
3378 5252 3606 5316 quatuor
3621 5240 3737 5311 igne

2161 5348 2462 5401 succensze,
2499 5336 2653 5392 urbis
2686 5335 2865 5407 ipsius
2905 5336 3199 5408 episcopus
3240 5352 3367 5392 cum
3396 5334 3731 5392 Vercellense.

2162 5425 2257 5496 qui
2288 5442 2475 5482 secum
2524 5436 2665 5495 erat,
2707 5429 2834 5500 igne
2867 5427 3133 5501 fumoque
3169 5438 3402 5486 necatus
3445 5437 3547 5496 est,
3586 5434 3733 5493 atque

2163 5532 2230 5573 ex
2265 5518 2357 5574 illa
2378 5516 2516 5591 pene
2552 5521 2941 5578 innumerabili
2978 5523 3332 5580 multitudine
3367 5520 3581 5579 ducenti
3620 5524 3725 5571 tan-

2161 5618 2280 5665 tum
2310 5611 2648 5682 superfuisse
2672 5625 3070 5683 memorantur,
3107 5616 3203 5687 qui
3239 5631 3305 5672 ex
3333 5612 3572 5685 reliquiis
3594 5604 3729 5663 urbis

2162 5700 2420 5770 incensas,
2466 5720 2609 5774 quas
2638 5705 2782 5761 inter
2826 5708 3043 5764 cineres
3084 5709 3348 5782 legerant,
3385 5705 3589 5766 modios
3616 5707 3727 5754 octo

2163 5793 2430 5851 dederunt
2458 5795 2755 5869 Hungaris,
2797 5800 2967 5856 vitam
2996 5809 3052 5857 et
3078 5815 3267 5857 muros
3308 5798 3537 5856 civitatis
3558 5804 3726 5849 ne?!

2162 5885 2510 5946 redimentes.
2547 5888 2760 5956 Quibus
2784 5884 3036 5963 expletis,
3066 5907 3165 5965 per
3186 5893 3418 5954 abrupta
3441 5886 3723 5957 gradientes
