3834 6304
95 396 172 450 m
439 376 446 380 ’
1255 385 1616 446 CllRONlCOl

1723 419 1782 426 -—
1821 389 1947 443 LIB.
1990 387 2029 443 1.

3188 390 3280 444 178

89 510 138 562 ad
159 503 483 576 Alpiumjuga
507 510 850 573 perveniunt.
871 503 1137 560 Rodulfus
1163 519 1293 559 vero
1321 503 1613 574 Cisalpina:
1642 504 1687 558 A
1714 501 1884 558 fuisse
1915 503 1969 558 in
1995 517 2289 558 carcerem.
2325 501 2538 576 [ἤρα]
2584 503 2715 559 Post
2748 505 2863 561 haec
2901 504 3192 561 llerbertus
3225 523 3283 562 sc

87 598 237 654 Galliae
273 611 380 658 rex,
411 601 465 648 et
492 592 644 663 Hugo
681 609 772 647 rex
801 593 1127 649 Viennensis
1163 594 1306 648 inter
1333 592 1612 664 angustias

88 689 264 744 collium
284 686 587 762 Alpinorum
617 700 710 739 eos
736 685 1122 740 concluserunt
1137 728 1151 752 ,
1173 686 1318 741 unde
1335 684 1613 754 inopinato

87 783 181 834 loco
199 793 283 847 per
307 775 453 830 devia
499 775 808 841 evadentes,
850 774 1103 831 Gothiam
1139 776 1424 846 impetunt.
1463 774 1612 842 Quos

87 869 259 938 sequuti
280 865 506 936 praedicti
527 867 714 933 duces,
738 875 1143 937 sternuntquos
1167 867 1508 922 invenerunt.
1533 866 1615 921 ln-

89 971 203 1014 terea
238 957 577 1028 Bcreng-arius
615 973 645 1012 a
684 958 801 1013 suis
825 959 1130 1028 perimitur,
1152 939 1450 1013 Noimanni
1486 974 1610 1013 cum

87 1048 269 1104 l-‘rancis
289 1058 495 1118 pactum
527 1049 736 1110 ineunt.
752 1050 877 1104 data
901 1058 1060 1120 pacto
1083 1049 1232 1120 pacis
1267 1058 1411 1104 terra
1435 1049 1612 1121 Cyne-

87 1141 324 1196 maunensi
351 1150 402 1196 et
436 1139 748 1210 Bajocensi,
780 1139 1024 1212 Hungari
1057 1157 1184 1196 vero
1216 1157 1336 1197 sese
1371 1149 1426 1196 et
1461 1141 1608 1211 capi-

88 1245 175 1287 tum
196 1232 447 1286 inflatione
468 1246 532 1287 ac
559 1232 868 1303 dysenteria
899 1231 1079 1287 cuncti
1091 1247 1243 1302 pmne
1264 1231 1588 1286 interierunt

138 1323 272 1378 Anno
295 1324 534 1393 sequenti
567 1321 792 1378 Seulfus
819 1324 954 1380 obiit
1004 1324 1299 1379 Remorum
1341 1323 1612 1394 archiepi-

89 1430 262 1486 scopus,
287 1416 483 1470 exactis
514 1415 569 1470 in
604 1416 920 1485 episcopatu
969 1416 1129 1472 annis
1177 1417 1373 1483 tribus,
1420 1417 1611 1472 diebus

88 1508 300 1578 quinque.
377 1507 533 1562 Rollo
606 1507 1050 1563 Normannorum
1129 1508 1610 1582 Rotomagensium

89 1598 290 1668 princeps
331 1597 560 1653 Francia
610 1599 921 1670 depraedata
971 1616 1160 1672 pacem
1197 1600 1376 1673 fregit,
1419 1609 1612 1657 contra

89 1703 212 1758 quem
237 1689 416 1744 Franci
439 1698 682 1745 castrum
709 1693 922 1763 Augum
945 1693 1183 1762 capiunt.

140 1776 356 1834 Heinrico
382 1795 604 1850 quoque
633 1782 814 1837 cuncti
851 1797 911 1837 se
939 1781 1322 1838 Lotharienses
1363 1783 1612 1839 commit-

91 1878 196 1936 tunt,
220 1880 264 1926 et
288 1872 398 1942 ipse
431 1872 712 1928 Bcrnuino
742 1873 981 1929 Dadonis
1006 1875 1248 1945 episcopi
1275 1876 1459 1945 nepoti
1501 1877 1616 1945 epi-

91 1973 318 2032 scopatum
358 1963 756 2021 Virdunensem
805 1967 1077 2033 concedit,
1136 1967 1231 2036 qui
1281 1975 1336 2022 et
1386 1967 1616 2037 expulso

93 2051 286 2127 llugone,
309 2058 390 2112 cui
421 2057 693 2114 Rodulfus
727 2059 859 2113 illud
887 2059 1129 2121 dederat,
1164 2057 1364 2114 ibidem
1395 2058 1617 2113 ordina-

91 2155 157 2200 tur
171 2149 426 2219 episcopus
447 2167 598 2205 anno
619 2151 747 2217 925,
783 2151 1080 2206 indictione
1107 2150 1192 2204 l3.
1238 2150 1454 2206 Abhinc
1488 2148 1614 2203 Vir-

92 2240 252 2295 dunum
283 2252 331 2297 ct
355 2243 472 2298 aliae
493 2243 744 2298 civitates
767 2259 798 2298 a
826 2259 996 2315 regno
1029 2242 1365 2298 Francorum
1405 2239 1615 2297 defece-

93 2343 202 2388 runt.
245 2333 386 2407 llugo
421 2351 556 2391 vero
601 2336 883 2407 presbyter
927 2334 1172 2390 Virduno
1211 2335 1424 2405 pulsus,
1470 2349 1615 2389 anno

94 2427 286 2495 sequenti
309 2438 559 2483 mortuus
583 2437 697 2495 est;
738 2444 848 2498 ([10
875 2427 1038 2483 etiam
1066 2442 1211 2482 anno
1241 2427 1436 2482 timore
1467 2424 1616 2479 Hun-

93 2532 298 2584 garorum
338 2535 543 2590 corpus
577 2521 751 2576 sancti
785 2519 1013 2592 Remigii
1053 2528 1108 2574 et
1125 2519 1355 2573 aliorum
1389 2518 1614 2590 pignora

94 2620 346 2665 sanctorum
376 2611 566 2666 Remis
593 2612 768 2668 delata
790 2620 936 2667 sunt.
969 2610 1123 2684 [Iugo
1153 2611 1297 2665 ﬁlius
1318 2610 1492 2664 Berta:
1520 2625 1615 2663 rex

94 2700 217 2758 Italia:
257 2705 626 2771 constituitur,
669 2705 898 2774 expulso
938 2703 1228 2774 Cisalpina:
1261 2702 1447 2758 Gallire
1491 2718 1616 2773 rege

95 2791 278 2850 Rodulfo
331 2797 477 2869 regni
540 2797 813 2864 invasere,
867 2795 960 2868 qui
1017 2805 1141 2852 ante
1195 2794 1615 2868 quadriennium

93 2885 248 2944 electus
273 2890 335 2944 ab
361 2892 439 2946 eis
470 2894 656 2946 luerat
688 2892 902 2962 abjecto
943 2907 1068 2963 rege
1117 2889 1464 2962 Berengario.
1504 2890 1614 2943 An-

95 2991 170 3032 nus
192 2980 298 3048 928,
327 2983 625 3040 indictione
670 2984 846 3054 prima
875 2999 1052 3040 annus
1098 2984 1309 3054 primus
1335 2983 1476 3055 regis
1505 2982 1616 3038 llu-

94 3072 211 3139 genis
229 3074 384 3142 ipsius
406 3077 637 3132 exstitit.
670 3075 823 3147 llugo
863 3091 1082 3147 quoque
1110 3075 1356 3147 Magnus,
1394 3075 1614 3130 Roberti

1716 593 1954 650 Rodulfo
1999 595 2363 662 commendat,
2420 595 2642 651 reducto
2667 597 2862 652 iterum
2905 597 3007 653 sub
3035 597 3280 652 custodia

1712 684 1930 754 Carolo,
1985 694 2039 742 ct
2065 702 2191 742 cum
2246 685 2342 741 illo
2388 687 2748 757 proficiscitur
2801 688 3014 744 obviam
3064 688 3280 762 llugoni

1712 778 1826 848 regi
1855 777 2038 832 italiae.
2072 778 2257 833 Bcnno
2280 777 2556 835 Mettensis
2577 779 2861 849 episcopus
2885 780 3096 838 insidiis
3121 797 3282 852 appe-

1714 869 1867 935 titus,
1904 869 2143 924 eviratus
2182 877 2236 923 et
2283 869 2581 925 luminibus
2607 870 2847 940 privatus
2874 880 2974 926 est.
3015 871 3282 930 Rodulfus

1712 969 1892 1014 autem
1911 975 2001 1014 rex
2017 959 2416 1015 missisnuntiis
2439 977 2624 1031 pacem
2650 961 2909 1018 fecitcum
2929 963 3145 1031 Carolo,
3162 967 3283 1021 red-

1713 1051 1850 1107 dens
1881 1050 1956 1104 illi
1987 1051 2340 1117 Attiniacum,
2369 1060 2423 1106 et
2448 1053 2768 1108 muneribus
2813 1053 3088 1110 honorans
3107 1056 3277 1110 illum.

1781 1141 1938 1196 Anno
1957 1141 2080 1209 929,
2098 1141 2371 1198 Johanncs
2394 1158 2530 1213 papa
2548 1141 2596 1197 X
2614 1144 2665 1198 in
2681 1145 2922 1200 custodia
2948 1136 3277 1218 defungitur.

1714 1230 2247 1289 Succeditlohannes
2257 1231 2346 1288 XI.
2359 1233 2589 1289 Carolus
2600 1249 2813 1306 quoque
2827 1236 2966 1307 apud
2976 1235 3288 1294 Paronnam

1713 1323 1882 1392 obiit,
1927 1328 2022 1395 qui
2067 1325 2340 1392 animam,
2381 1339 2491 1379 non
2532 1339 2729 1396 corpus
2777 1327 3021 1383 custodia
3062 1329 3278 1384 exemit.

1714 1414 1930 1482 (Chron.
1955 1414 2210 1488 Div.)llic
2233 1416 2362 1472 dum
2382 1416 2607 1484 viveret,
2634 1415 2870 1488 Simplex
2901 1418 3078 1476 dictus
3104 1429 3190 1476 est
3213 1421 3282 1476 ob

1711 1506 2100 1580 benignitatem
2135 1507 2323 1575 animi,
2367 1523 2514 1564 nunc
2554 1515 2775 1565 sanctus
2817 1517 2964 1566 recte
3001 1518 3281 1581 potestvo-

1712 1600 1846 1668 cari,
1873 1601 2132 1671 quoniam
2181 1601 2382 1671 injuste
2411 1601 2480 1656 ab
2521 1600 2825 1656 inﬁdelibus
2849 1601 2964 1657 suis
2977 1608 3029 1656 et
3052 1601 3284 1672 periuris

1712 1689 1874 1761 longo
1922 1690 2158 1746 carceris
2187 1691 2440 1761 squalore
2485 1691 2716 1747 afflictus
2740 1733 2754 1759 ,
2805 1691 3162 1747 transmissus
3205 1702 3286 1748 est

1713 1781 1836 1836 vitae
1864 1789 2156 1852 perpetuas.
2183 1780 2281 1837 llic
2304 1782 2521 1852 reliquit
2542 1782 2710 1837 ﬁlium
2733 1781 3068 1838 Ludovicum
3106 1780 3285 1836 Ultra—

1719 1873 1988 1928 marinum
2002 1875 2067 1928 ex
2082 1873 2318 1944 Eadgiva
2339 1873 2637 1943 Anglorum
2659 1873 2804 1944 regis
2820 1873 2927 1928 ﬁlia
2949 1861 3284 1944 susceptum,

1717 1965 1812 2036 qui
1848 1973 2094 2020 metuens
2116 1965 2316 2019 involvi
2347 1965 2671 2021 calamitatis
2693 1964 2882 2036 patriae
2909 1964 3182 2036 procellis,
3220 1965 3285 2019 ad

1717 2057 1920 2128 Anglos
1944 2056 2188 2112 Saxones
2209 2055 2748 2112 maternaeaﬁinitatis
2773 2057 2944 2128 gratia
2958 2071 3016 2113 se
3037 2055 3284 2112 contulit.

1718 2147 2012 2205 Herbertus
2037 2155 2090 2204 et
2110 2146 2265 2220 Hugo
2289 2147 2517 2204 comites
2547 2156 2737 2203 contra
2762 2145 3050 2213 Bosonem,
3074 2144 3286 2202 Rodulli

1716 2243 1858 2314 regis
1902 2241 2162 2308 fratrem,
2224 2240 2684 2312 proﬁciscuntur,
2740 2239 3094 2310 quamobrem
3149 2237 3290 2292 Boso

1717 2332 1970 2389 ileinrico
2004 2347 2192 2404 pacem
2221 2332 2408 2403 jurare
2435 2330 2795 2402 compellitur.
2831 2329 3102 2385 Adalbero
3153 2327 3289 2382 Met-

1717 2433 1924 2480 tensem
1967 2424 2338 2495 episcopatum
2380 2423 2700 2494 adipiscitur
2725 2464 2739 2488 ,
2789 2420 3032 2477 Bennoni
3076 2419 3306 2475 abbatia

1716 2517 1950 2588 quadam
1981 2531 2240 2572 concessa
2265 2515 2676 2572 sustentationis
2702 2523 2907 2570 tenere.
2937 2511 3050 2569 Vite
3075 2511 3290 2582 Alpium

1716 2617 1846 2663 tunc
1865 2625 1961 2679 per
1981 2607 2311 2662 Sarracenos
2332 2607 2586 2672 obsessa,
2611 2623 2640 2661 a
2657 2606 2854 2676 quibus
2876 2605 3032 2660 multi
3059 2603 3289 2658 Romam

1716 2699 1794 2753 ire
1839 2699 2080 2754 volentes
2124 2699 2365 2768 impediti
2412 2705 2775 2752 revertuntur.
2823 2695 2955 2753 Post
3001 2698 3105 2751 hoc
3149 2695 3292 2750 Boso

1715 2788 1902 2858 frater,
1931 2805 2056 2862 rege
2077 2788 2310 2845 Henrico
2336 2789 2545 2856 relicto,
2578 2788 2644 2843 ad
2675 2785 2966 2843 Rodulfum
2991 2786 3144 2842 redit.

1786 2882 1944 2938 Anno
1973 2883 2097 2950 932,
2131 2882 2437 2938 Bernuiuus
2478 2880 2834 2936 Virdunensis
2875 2879 3194 2951 episcopus,
3238 2887 3292 2932 et

1716 2973 1857 3030 Boso
1887 2972 2056 3029 frater
2096 2973 2258 3045 regis,
2302 2988 2398 3028 rex
2433 2971 2618 3028 Gallia:
2659 2987 2781 3042 qua:
2805 2971 3032 3026 Comata
3071 2969 3288 3034 dicitur,

1719 3067 1981 3122 incendiis
2011 3066 2152 3120 inter
2195 3080 2256 3120 se
2285 3063 2886 3135 depraedationibusque
2927 3061 3288 3124 bacchantur,

93 3163 199 3231 regis
223 3165 368 3233 ﬁlius,
400 3168 574 3222 ﬁliam
625 3167 882 3223 Edunt-di
903 3168 1052 3237 regis
1096 3166 1416 3238 Anglorum,
1459 3182 1617 3237 εομ-ο..
1644 3182 1688 3243 C
1719 3159 2072 3230 quamobrem
2110 3157 2239 3212 urbs
2266 3156 2382 3226 ipsa
2412 3156 2642 3210 multum
2672 3153 2775 3209 fuit
2802 3153 3014 3208 afflicta.

95 3269 177 3308 rem
195 3259 417 3331 conjugis
441 3260 652 3325 Caroli,
685 3259 1121 3331 duxit‘uxorem.

144 3345 271 3402 Anno
287 3351 404 3416 9'27,
431 3351 610 3422 pestis
639 3351 796 3420 quasi
819 3327 985 3405 febris
1005 3359 1061 3404 et
1080 3349 1247 3405 tussis
1275 3350 1444 3404 mixta
1469 3365 1616 3404 mor-

95 3441 252 3498 talitate
281 3445 329 3498 in
351 3454 584 3500 cunctas
611 3444 916 3500 Germaniae
938 3443 1233 3514 Galliaeque
1256 3452 1442 3515 gentes
1468 3459 1619 3514 gras-

94 3544 223 3600 satur,
267 3553 366 3606 qua
406 3553 708 3608 percussus
756 3535 1034 3591 Widricus
1074 3535 1352 3591 Mettensis
1387 3536 1615 3590 antistes

93 3622 348 3698 defungitur
384 3673 397 3696 ,
463 3638 526 3686 et
597 3629 806 3684 evocati
869 3629 935 3683 ad
993 3628 1327 3698 colloquium
1378 3627 1616 3704 Heinrici

94 3723 206 3773 trans
237 3719 472 3776 Rhenum
528 3721 826 3776 Ilerbertus
867 3735 1053 3776 comes
1093 3729 1148 3775 et
1194 3718 1349 3791 [Iugo
1393 3718 1618 3790 Magnus

94 3803 264 3865 Roberti
293 3813 451 3881 ﬁlius,
484 3830 625 3885 pace
667 3814 900 3880 ﬁrmata,
948 3812 1268 3866 muneribus
1304 3810 1617 3866 I-leinricum

93 3896 326 3971 honorant,
360 3917 412 3962 et
442 3909 790 3962 honorantur
815 3906 884 3960 ab
910 3904 1020 3960 illo.
1055 3902 1133 3958 lbi
1174 3901 1463 3957 lleinricus
1487 3917 1620 3956 eon-

92 3998 245 4063 tempta
267 3999 525 4055 electione
555 3999 776 4064 civium,
809 3997 1143 4067 episcOpium
1173 3995 1450 4050 Mettensis
1469 3994 1620 4050 urbis

93 4085 258 4143 cuidam
299 4106 454 4147 servo
503 4089 623 4157 Dei,
669 4099 729 4145 ut
756 4089 1050 4154 ferebatur,
1087 4087 1233 4141 dedit
1263 4093 1621 4156 cognomento

93 4169 302 4236 Bennoni.
332 4180 631 4238 Herbertus
662 4180 917 4236 Carolum
957 4180 1024 4234 de
1049 4176 1298 4233 custodia
1324 4176 1501 4247 eiecit,
1531 4192 1619 4232 se-

92 4279 276 4338 cumque
325 4290 500 4344 usquc
557 4274 624 4328 ad
683 4271 946 4327 Sanctum
999 4270 1319 4337 Quintinum
1375 4269 1616 4324 deduxit.

93 4353 230 4415 llcttis
247 4372 294 4417 et
321 4381 414 4435 per
442 4365 678 4420 Galliam
701 4365 896 4419 timore
932 4361 1315 4433 Hungarorum
1342 4360 1482 4432 fugae
1503 4361 1620 4432 agi-

94 4456 255 4519 tantur,
297 4457 504 4512 scilicet
555 4471 652 4526 per
712 4454 1002 4509 Franciam
1067 4462 1121 4508 et
1188 4451 1617 4523 Lotharingiam.

95 4537 294 4615 (fol.65.)
316 4547 470 4603 Anno
499 4547 748 4616 sequenti
773 4544 1039 4600 Rodulfus
1063 4544 1248 4599 audita
1278 4543 1621 4598 restitutione

93 4630 231 4688 Caroli
262 4654 378 4693 cum
413 4639 606 4694 hostili
633 4654 797 4693 manu
820 4637 1220 4709 de.Burgundia
1250 4635 1305 4689 in
1333 4634 1620 4690 Franciam

95 4726 514 4798 venitprzedando
549 4739 606 4785 et
633 4731 751 4785 loca
805 4729 1053 4799 quaedam
1108 4727 1479 4794 incendendo;
1531 4725 1619 4780 cui

94 4811 212 4887 llugo
241 4819 448 4878 Roberti
492 4823 640 4878 filius
669 4822 885 4876 obviam
927 4821 1006 4875 ire
1047 4828 1226 4890 parat,
1254 4827 1308 4873 et
1344 4819 1620 4873 venientes

95 4918 220 4975 ευμεν
241 4909 435 4968 lsaram
487 4915 630 4969 inter
667 4911 959 4968 Rodulfum
990 4927 1170 4983 regem
1205 4919 1261 4966 et
1297 4909 1617 4965 Herbertum

93 5001 303 5058 comitem
339 5013 623 5076 sequester
653 5014 706 5060 et
733 5004 944 5060 medius
981 5001 1102 5058 fuit.
1153 5001 1448 5056 Herbertus
1492 5015 1623 5054 vero.

95 5085 203 5144 datis
245 5096 520 5154 obsidibus
562 5111 738 5167 usque
781 5095 848 5150 ad
895 5094 1305 5151 denominatum
1360 5092 1620 5164 placitum

97 5173 242 5240 Remis
260 5203 378 5243 eum
405 5188 608 5245 Carolo
639 5187 808 5256 venit,
839 5187 1076 5258 indeque
1109 5187 1320 5241 litteras
1357 5183 1623 5240 Johannis

97 5282 212 5338 Papae
230 5279 384 5334 mittit
411 5281 480 5336 de
503 5281 846 5336 restitutione
880 5287 935 5334 et
962 5279 1169 5334 honore
1205 5276 1410 5343 Caroli,
1431 5287 1492 5331 ut
1519 5275 1622 5330 sibi

97 5363 174 5415 sub
205 5365 630 5426 interminatione
654 5368 1237 5426 excommunicationis
1271 5374 1619 5438 praeceperat.

98 5446 322 5516 Reversus
368 5473 549 5518 autem
607 5463 811 5518 missus
857 5460 1139 5517 nunciavit
1191 5460 1372 5530 ipsum
1427 5473 1622 5528 papam

97 5536 350 5606 Johannem
389 5569 418 5608 a
465 5553 697 5609 Widone
722 5552 892 5609 fratre
937 5551 1182 5624 Hugonis
1223 5550 1368 5620 regis
1406 5557 1628 5618 propter

98 5631 356 5698 timultates
413 5646 677 5716 quasdam
746 5645 886 5699 inter
942 5659 1038 5697 eos
1082 5649 1301 5696 exortas
1351 5648 1623 5694 retrusum

1790 3247 2005 3322 [Πομ]
2035 3248 2194 3302 Anno
2237 3247 2486 3317 sequenti
2530 3245 2735 3301 Vienna
2765 3243 2999 3299 Rodulfo
3039 3243 3151 3314 regi
3182 3251 3294 3297 tra-

1718 3342 1884 3408 ditur,
1911 3349 1966 3396 et
1993 3339 2297 3394 Willelmus
2323 3337 2762 3393 Normannorum
2789 3336 3040 3406 prineeps
3081 3334 3133 3390 ei
3161 3335 3293 3391 sub-

1718 3435 1884 3500 ditur,
1911 3442 1971 3489 et
1999 3431 2154 3502 Hugo
2184 3446 2281 3487 rex
2312 3430 2479 3485 Italia;
2504 3429 2732 3484 Romam
2754 3427 2984 3483 obsidet.
3009 3426 3295 3482 Fulbertus

1718 3525 2198 3582 Cameracensium
2255 3523 2541 3578 ordinatur
2592 3521 2882 3591 episcopus
2940 3519 3010 3574 ab
3072 3518 3294 3573 Artaldo

1721 3615 2015 3672 Remorum
2046 3613 2474 3684 archiepiscopo.

1788 3707 1947 3763 Anno
1981 3706 2229 3778 sequenti
2258 3705 2444 3777 ignita:
2469 3703 2524 3759 in
2555 3703 2685 3759 caelo
2710 3701 2853 3758 acies
2881 3702 3010 3756 visze
3037 3699 3314 3756 suntdis»

1719 3815 1969 3867 currere,
2009 3806 2064 3855 et
2095 3797 2255 3870 quasi
2279 3812 2503 3867 serpens
2532 3795 2741 3867 igneus,
2778 3804 2830 3849 et
2854 3793 3100 3864 quaztiam
3117 3792 3294 3862 iacula

1720 3891 1852 3948 ferri
1880 3891 2053 3962 pridie
2081 3889 2206 3946 ldus
2233 3887 2482 3945 Octobris
2511 3902 2672 3943 mane
2709 3894 2834 3941 ante
2863 3883 3000 3940 lucis
3024 3891 3292 3938 exortum.

1720 3983 1844 4039 Mox
1871 3983 2205 4052 subsequuta
2226 3990 2310 4036 est
2337 3979 2507 4052 pestis
2534 3979 2765 4034 diversis
2794 3977 3032 4032 humana
3063 3990 3296 4047 corpora

1721 4075 1958 4130 afﬁciens
1984 4073 2190 4129 morbis
2215 4090 2230 4139 ;
2265 4087 2373 4142 qua
2404 4070 3041 4142 pestilentiapercussus
3072 4067 3293 4138 quidam

1720 4166 1984 4225 diaconus
2013 4163 2392 4230 Virduncnsis,
2421 4163 2638 4218 nomine
2665 4160 3008 4226 Adelmarus,
3037 4159 3297 4230 languore

1720 4259 2032 4329 depressus,
2065 4256 2316 4326 spiritum
2345 4255 2557 4320 amisit;
2593 4253 2687 4310 sed
2727 4260 3019 4321 antequam
3051 4251 3297 4320 impone-

1722 4358 1874 4406 retur
1899 4347 2118 4415 feretro,
2143 4361 2395 4402 reversus
2426 4345 2499 4400 ita
2521 4343 2758 4399 surrexit
2781 4343 2991 4397 validus
3007 4383 3022 4408 ,
3059 4350 3119 4395 ut
3145 4343 3302 4396 vide--

1721 4451 1872 4499 retur
1896 4441 2000 4497 sibi
2021 4439 2156 4494 nihil
2181 4437 2516 4509 aegritudinis
2547 4451 2605 4492 se
2630 4434 2800 4491 fuisse
2824 4447 3168 4505 perpessum,
3199 4434 3295 4503 qui

1650 4523 1696 4580 Ι)
1722 4551 1782 4590 se
1804 4533 2018 4590 diversa
2065 4529 2453 4601 suppliciorum
2499 4529 2584 4585 vel
2625 4525 2891 4597 refrigerii
2935 4525 3054 4580 loca
3099 4523 3298 4579 vidisse

1724 4633 1950 4682 testatus
1981 4633 2084 4690 est,
2115 4637 2283 4693 seque
2318 4621 2496 4691 ipsum
2545 4621 2669 4677 loco
2707 4617 2926 4690 pteniali
2955 4617 3294 4686 deputatum,

1721 4715 1816 4772 Dei
1844 4731 1974 4771 vero
2004 4713 2284 4786 genitricis
2306 4722 2360 4769 et
2376 4714 2519 4770 beati
2541 4711 2756 4768 Martini
2782 4709 3032 4781 precibus
3057 4707 3122 4762 ad
3142 4721 3300 4776 agen-

1719 4811 1842 4867 dam
1864 4807 2238 4879 ptenitentiam
2267 4806 2392 4862 vitae
2411 4805 2662 4876 praesenti
2694 4801 2982 4859 redditum.
3015 4796 3132 4869 (fol.
3164 4796 3296 4866 (ἰδ’.)

1720 4901 2085 4970 Quamobrem
2117 4901 2282 4973 hujus
2310 4901 2560 4971 exemplo
2603 4895 2882 4969 provocati
2935 4893 3155 4964 quidam
3205 4906 3298 4946 ca-

1722 4995 2045 5050 nonicorum
2066 5003 2266 5051 sanctae
2282 4993 2463 5049 Mariae
2487 4991 2745 5048 saeculum
2771 4987 3081 5051 deseruere,
3103 4992 3158 5040 et
3168 4984 3297 5055 quia

1723 5088 1778 5143 in
1811 5088 2000 5144 eadem
2041 5087 2260 5143 civitate
2309 5083 2658 5157 congregatio
2701 5079 3094 5136 monachorum
3151 5075 3297 5132 nulla

1722 5189 1840 5236 erat
1863 5179 1977 5252 (74)
1997 5209 2068 5219 —-
2092 5179 2146 5234 in
2189 5178 2433 5236 aecclesia
2464 5175 2611 5231 enim
2651 5172 2826 5230 sancti
2868 5169 3015 5226 Petri
3041 5177 3098 5225 et
3123 5167 3298 5224 sancti

1727 5270 1911 5327 Vitoni
1937 5271 2120 5327 clerici
2147 5269 2524 5326 deserviebant
2549 5296 2639 5334 -—,
2663 5264 2879 5320 Tullum
2916 5261 3138 5333 petiere,
3163 5266 3220 5315 et
3241 5258 3298 5314 in

1727 5362 2062 5418 monasterio
2093 5360 2267 5418 sancti
2293 5359 2424 5430 Apri
2467 5365 2678 5414 mutato
2707 5355 2893 5411 habitu
2920 5352 3181 5409 saeculum
3204 5350 3299 5406 de-

1725 5467 1904 5508 serere
1939 5460 1993 5507 et
2037 5451 2258 5506 Christo
2291 5451 2514 5507 domino
2566 5445 2924 5518 incorporari,
2967 5452 3029 5498 ut
3072 5441 3300 5498 menbra

1725 5543 1902 5598 ﬁdelia
1925 5543 2110 5612 capiti,
2141 5544 2415 5598 studuere.
2451 5541 2582 5608 Quae
2615 5556 2705 5596 res
2730 5537 2972 5594 maximo
3008 5542 3126 5590 erat
3155 5547 3294 5588 moe-

1724 5635 1835 5690 rori
1878 5633 2150 5704 pontiﬁci,
2184 5634 2462 5690 canonicis
2512 5647 2728 5704 quoque
2769 5627 3001 5685 residuis
3035 5635 3296 5697 etproee-

153 5793 245 5864 (74)
279 5799 355 5854 Cf.
399 5803 559 5858 Gesta
573 5820 690 5874 epp.
730 5793 956 5860 Virdun.
981 5801 1202 5859 ’Contin.
1230 5801 1355 5868 c.,2
1386 5809 1438 5857 ct
1468 5723 2033 5858 Comensis
2057 5783 2180 5845 Vita
2202 5803 2318 5858 cap.
2348 5787 2437 5856 2!,
2459 5786 2528 5842 25
2558 5801 2674 5856 sqq.
2710 5781 2806 5838 SS.
2840 5791 2970 5837 tom.
3005 5777 3090 5831 ιγ.
