3834 6304
457 345 564 402 Πθ

1483 334 1786 392 HUGONIS
1822 335 2116 393 ABBATIS
2153 338 2722 400 FLAVINIACENSIS

3629 349 3722 411 180

452 454 610 519 ribus
635 457 846 535 populi,
875 457 1002 530 quia
1029 461 1280 528 Optarent
1305 466 1398 508 cos
1428 454 1610 523 potius
1639 452 1693 506 in
1723 452 1912 508 eodem
1938 452 2044 507 mi—
2078 458 2121 514 Λ
2152 453 2309 528 Hugo
2331 473 2428 512 rex
2451 459 2614 514 Italiae
2639 475 2670 514 a
2696 458 2869 516 Roma
2892 421 3116 530 recedit,
3142 453 3275 532 pace
3301 461 3446 517 tacta
3483 478 3604 534 cum
3629 464 3709 522 At-

455 557 618 611 litare
655 550 958 624 episcopio,
1001 562 1166 618 quam
1201 544 1268 600 ad
1313 543 1463 598 aliud
1502 542 1830 614 demigrare.
1877 541 2045 598 Bonis

459 655 642 703 tamen
690 655 746 701 et
797 642 1160 700 laudabilibus
1207 653 1400 694 eorum
1455 637 1652 693 studiis
1695 644 1748 692 et
1781 635 2046 706 exemplis

459 740 650 811 religio
699 737 904 810 regulae
939 733 1365 796 monachorum,
1409 738 1463 785 et
1503 727 1686 784 fervor
1730 728 1940 786 ordinis
1987 728 2043 782 in

457 831 652 886 eodem
687 827 940 885 coenobio
969 823 1106 879 etin
1141 819 1470 891 quibusdam
1515 817 1636 874 aliis
1671 833 1768 889 per
1814 832 2045 888 regnum

458 923 820 980 Lothariense
863 923 1166 986 reparatur.
1214 911 1428 967 Interea
1470 926 1694 967 emenso
1724 925 1869 965 anno
1899 909 2043 964 Boso

458 1015 628 1072 frater
657 1013 798 1084 regis
820 1025 945 1066 cum
971 1006 1225 1063 lleinrico
1248 1013 1501 1076 pacatur,
1521 1011 1574 1060 et
1601 1003 1670 1058 ab
1696 1019 1762 1058 eo
1786 1011 2042 1072 receptus

457 1115 561 1164 est.
594 1102 860 1160 Rodulfus
889 1116 1109 1172 quoque
1155 1115 1249 1154 rex
1289 1096 1535 1152 Francia:
1567 1104 1624 1152 et
1654 1093 1924 1149 Rodulfus
1947 1110 2039 1148 rex

455 1197 702 1254 .lurensis
741 1210 868 1252 cum
895 1208 961 1250 eo
1006 1190 1306 1248 amicitiam
1331 1189 1706 1260 paciscuntur.
1743 1186 1887 1242 Boso
1911 1202 2044 1242 vero

452 1291 508 1345 in
537 1288 886 1360 expeditione
913 1284 1215 1344 obsidionis
1236 1282 1404 1340 castri
1433 1280 1619 1337 Sancti
1650 1278 1895 1347 Quintini
1917 1294 2039 1334 mo-

451 1383 624 1449 ritur,
670 1389 727 1437 et
769 1380 960 1436 Remis
1002 1379 1071 1435 ad
1117 1377 1379 1432 Sanctum
1425 1373 1729 1445 Remigium
1757 1371 2034 1442 sepelitur.

451 1474 571 1545 (fol.
603 1474 720 1548 64.)
765 1472 1010 1543 Hungari
1052 1486 1150 1542 per
1205 1466 1576 1540 Burgundiam
1623 1465 2036 1529 diffunduntur,

453 1567 674 1638 praedis,
709 1565 984 1622 incendiis.
1003 1571 1058 1618 et
1099 1562 1369 1628 aedibus,
1405 1575 1515 1614 non
1547 1558 1640 1614 diu
1684 1567 1867 1612 tamen
1889 1599 1901 1620 ,
1945 1556 2040 1612 de-

451 1658 739 1727 bacchati;
771 1665 1050 1728 comperto
1069 1653 1290 1711 Rodulli
1307 1651 1451 1723 regis
1475 1650 1731 1717 adventu,
1749 1649 1804 1704 in
1829 1647 2038 1704 Italiam

450 1756 824 1805 transmeaut.
869 1745 1004 1819 (Cfr.
1057 1743 1175 1801 Ser.
1218 1743 1339 1799 abb.
1387 1741 1504 1812 ιη.)
1539 1739 1750 1796 Herveo
1781 1740 2041 1810 episcopo

451 1841 769 1906 decedente,
794 1838 1119 1894 Romundus
1144 1837 1247 1893 sub
1269 1833 1506 1890 Rodulfo
1538 1849 1664 1906 rege
1689 1833 2039 1889 substituitur

448 1931 546 2004 qui
572 1930 936 1987 Colticensem
968 1929 1244 1984 abbatiam
1287 1924 1408 1999 (75).
1439 1926 1748 1991 destruens,
1799 1923 2040 1980 Colticas

449 2032 692 2080 castrum
715 2021 1008 2090 ediﬁeavit,
1030 2032 1084 2077 et
1103 2019 1402 2076 Curenscm
1428 2018 1702 2084 similiter,
1727 2015 1901 2072 Petrae
1921 2032 2039 2086 per-

451 2125 635 2172 tusum
665 2115 956 2182 exstruxit,
992 2122 1044 2169 et
1088 2113 1215 2169 filiis
1245 2121 1299 2167 et
1330 2111 1585 2166 filialibus
1614 2109 1730 2165 suis
1757 2109 1901 2164 bona
1929 2125 2037 2165 tec-

449 2208 743 2265 clcsiarum
778 2216 834 2263 et
860 2216 1042 2262 castra
1074 2221 1198 2276 quae
1227 2202 1430 2259 fecerat
1459 2203 1606 2258 dedit
1631 2202 1766 2273 (76).
1795 2199 1893 2257 Hic
1917 2211 2041 2272 post

449 2301 623 2355 multa
668 2299 812 2354 mala
855 2305 1070 2369 patrata
1112 2312 1147 2351 a
1191 2304 1381 2353 sancto
1425 2293 1688 2366 Gregorio
1738 2293 2064 2365 flagellatusz

448 2394 684 2451 interiit.

522 2485 645 2557 (fol.
668 2485 801 2557 65’.)
836 2485 1002 2542 Anno
1026 2484 1096 2540 ab
1121 2485 1333 2540 inca-ru.
1367 2481 1522 2538 Dom.
1549 2482 1676 2549 93.6,
1708 2497 1805 2536 rex
1829 2480 2038 2536 Rodul-

447 2579 540 2637 fus
572 2580 778 2651 absque
803 2579 988 2635 liberis
1014 2577 1352 2649 defungitur,
1384 2592 1512 2632 nam
1558 2575 1868 2631 Ludovicus
1893 2575 2039 2629 tilius

445 2670 591 2741 ejus,
621 2687 784 2742 quem
825 2670 1018 2725 habuit
1059 2684 1128 2725 ex
1173 2668 1367 2722 Emma
1408 2667 1619 2738 regina,
1662 2672 1788 2720 ante
1829 2664 2038 2720 obitum

447 2761 624 2832 patris
663 2770 750 2818 est
791 2761 1084 2818 defunctus
1106 2758 1327 2833 (Chron.
1383 2757 1552 2829 Div.).
1606 2755 1827 2829 [From]
1883 2754 2040 2828 Hugo

444 2853 676 2925 Magnus
698 2869 884 2911 comes
912 2861 1064 2908 trans
1085 2867 1240 2906 mare
1268 2850 1437 2905 mittit
1460 2865 1560 2920 pro
1583 2847 1935 2904 accersiendo
1970 2847 2039 2902 ad

444 2943 601 3016 regni
635 2943 848 3014 apicem
874 2941 1152 2998 Ludovico
1192 2940 1378 2996 Caroli
1414 2940 1547 3006 filio,
1592 2955 1757 3009 quem
1803 2955 1900 2993 rex
1945 2939 2040 2993 Αι-

447 3043 687 3091 stannus
735 3035 1040 3090 avunculus
1089 3033 1265 3103 ipsius
1320 3040 1546 3101 accepto
1593 3031 1953 3100 jurejurando
2008 3048 2037 3085 a

448 3129 790 3186 Francorum
831 3128 1023 3199 legatis
1060 3125 1349 3181 Franciam
1382 3140 1509 3180 cum
1557 3123 1886 3194 quibusdam
1920 3123 2038 3193 epi-

447 3221 632 3292 scopis
653 3231 707 3277 et
735 3221 859 3277 aliis
888 3220 1139 3276 fidelibus
1162 3218 1278 3274 suis
1301 3217 1505 3290 dirigit.
1531 3215 1634 3272 Cui
1662 3217 1880 3272 obviam
1910 3231 2039 3288 pro-

366 3323 370 3328 ‘
447 3313 625 3371 fectus
645 3323 729 3370 est
751 3312 906 3385 Hugo
936 3328 1062 3370 cum
1091 3311 1434 3367 Francorum
1457 3309 1794 3379 proceribus.
1821 3308 1880 3363 ln
1910 3308 2042 3379 ipsis

447 3407 683 3464 littoreis
727 3406 910 3463 arenis
940 3405 1085 3476 apud
1113 3403 1418 3461 Bononiam
1451 3418 1510 3459 se
1551 3401 1629 3456 illi
1670 3402 2039 3471 committunt,

448 3509 512 3556 ut
538 3509 658 3556 erat
691 3499 951 3570 utrinque
980 3507 1221 3570 pactum.
1249 3497 1378 3554 Inde
1406 3496 1735 3553 Laudunum
1776 3498 2043 3554 deductus

449 3607 518 3648 ac
545 3592 717 3664 regali
741 3592 1122 3648 benedictione
1151 3592 1376 3659 ditatus,
1405 3591 1628 3662 ungitur
1658 3599 1714 3646 et
1746 3598 2045 3646 coronatur

450 3685 522 3740 ab
544 3683 771 3740 Artaldo
806 3683 1067 3741 Remensi
1103 3685 1532 3754 archiepiscopo,
1562 3683 1926 3754 praesentibus
1953 3699 2041 3738 re-

451 3776 548 3848 gni
575 3777 913 3847 primoribus
942 3792 1012 3832 ac
1036 3776 1314 3847 episcopis
1341 3775 1532 3848 viginti
1553 3783 1608 3830 et
1636 3776 1897 3846 amplius.
1919 3774 2045 3831 Mox

452 3868 827 3942 Burgundiam
866 3870 1096 3937 adeunt,
1133 3878 1188 3926 et
1225 3870 1414 3924 urbem
1454 3869 1835 3940 Linguonum,
1875 3885 2042 3939 quam

449 3961 611 4034 Hugo
637 3961 850 4032 Capito,
876 3961 1046 4018 frater
1066 3962 1208 4034 regis
1228 3961 1466 4029 Rodulli,
1491 3970 1729 4032 ceperat,
1759 3962 2042 4027 obsident;

452 4053 908 4129 fugientibusque
926 4055 1276 4122 custodibus,
1299 4054 1418 4109 sine
1443 4054 1588 4108 bello
1606 4069 1725 4109 eam
1750 4053 2043 4124 rccipiunt,

451 4145 804 4218 acceptisque
847 4145 1132 4203 obsidibus
1186 4146 1256 4201 ab
1295 4144 1568 4216 episc0pis
1620 4153 1676 4200 et
1719 4144 2046 4216 primatibus

451 4237 804 4311 Burgundiaz,
841 4237 1088 4296 Parisius
1133 4239 1378 4294 redeunt.
1429 4236 1584 4310 Hugo
1633 4237 1860 4310 Magnus
1918 4255 2043 4295 cum

451 4329 683 4401 Hugone
711 4326 905 4401 Capito
936 4328 1194 4388 Richardi
1222 4330 1365 4398 filio,
1402 4331 1601 4400 partita
1641 4330 1782 4386 inter
1812 4347 1872 4385 se
1893 4329 2046 4386 .Bur-

448 4422 675 4494 gundia,
699 4437 888 4493 pacem
912 4421 1145 4478 faciunt.
1167 4421 1388 4491 (Chron.
1418 4421 1564 4492 Div.)
1602 4421 1733 4478 Post
1761 4421 2042 4494 Hugonem

2147 547 2331 605 berico
2363 551 2614 619 patricio.

2216 641 2376 698 Anno
2395 643 2465 697 ab
2493 643 2602 698 inc.
2629 643 2787 700 Dom.
2825 645 2950 713 937,
2984 643 3296 703 Ludovicus
3319 661 3418 701 rex
3442 645 3512 702 ab
3544 644 3715 718 Rugo-

2145 732 2233 787 nis
2269 749 2328 788 se
2359 736 2747 804 procuratione
2777 746 3014 808 separat.
3043 737 3122 792 Eo
3146 752 3294 793 anno
3328 739 3448 794 caeli
3488 753 3612 808 pars
3638 755 3716 792 ar-

2144 825 2274 882 dere
2304 825 2441 894 visa,
2483 835 2538 882 et
2583 828 2653 883 ab
2693 829 2882 884 eadem
2931 837 3085 900 parte
3127 827 3514 902 Hungarorum
3549 846 3717 900 perse.

2144 918 2337 988 quutio
2360 914 2656 990 inseqduta
2680 930 2782 986 est,
2819 937 2927 992 qua
2955 921 3097 977 villa:
3134 930 3191 977 et
3227 922 3346 994 agri
3397 921 3716 993 depopuhti,

2143 1005 2340 1062 domus
2365 1007 2713 1079 basilicaaque
2735 1010 3102 1083 conflagratae,
3127 1011 3476 1081 captivorum
3499 1011 3716 1066 abducta

2145 1099 2457 1172 multitudo.
2482 1099 2787 1158 Nonnullas
2809 1111 2992 1158 tamen
3022 1102 3284 1159 ecclesias
3313 1103 3534 1173 ignibus
3558 1103 3722 1174 appli-

2143 1191 2266 1248 citis
2295 1192 2626 1248 succendere
2649 1194 3033 1264 nequiverunt.
3061 1194 3121 1250 ln
3157 1196 3388 1252 ecclesia
3419 1197 3596 1252 sancti
3621 1194 3717 1250 Ba.-

2143 1283 2248 1340 soli
2301 1300 2429 1340 cum
2476 1286 2700 1356 quidam
2768 1285 3156 1360 Hungarorum
3221 1288 3519 1345 ascendere
3565 1303 3718 1360 super

2142 1378 2315 1434 altare
2342 1379 2522 1436 nitens
2553 1395 2743 1435 arcum
2768 1396 2936 1436 manu
2963 1381 3334 1452 applicuisset,
3378 1396 3579 1436 manus
3609 1382 3726 1451 ejus

2142 1469 2372 1526 adhaesit
2396 1467 2584 1540 lapidi,
2633 1486 2735 1526 nec
2773 1471 3002 1530 omnino
3027 1472 3204 1542 quivit
3231 1472 3412 1538 avelli,
3441 1473 3616 1527 donec
3639 1487 3720 1527 ee-

2141 1565 2273 1622 teris
2299 1580 2493 1622 saxum
2520 1566 2665 1622 circa
2688 1581 2913 1621 manum
2933 1567 3108 1637 ipsam
3132 1566 3502 1622 incidentibus
3522 1574 3719 1636 partem

2143 1655 2316 1726 ipsam
2344 1656 2540 1726 lapidis
2567 1656 2623 1711 in
2675 1657 2922 1712 omnium
2953 1657 3316 1712 admiratione
3351 1653 3594 1727 perferre
3632 1669 3718 1709 co-

2142 1756 2362 1819 geretur
2386 1747 2659 1804 ethnicus.
2689 1747 2923 1816 Quidam
2959 1748 3244 1820 presbyter
3267 1759 3461 1817 captus
3484 1747 3556 1800 ab
3579 1746 3657 1801 eis
3674 1754 3720 1799 et

2141 1841 2376 1898 vinculis
2407 1839 2690 1912 alligatus,
2722 1841 3053 1898 revelatione
3095 1840 3279 1896 divina
3315 1849 3399 1895 est
3447 1839 3722 1894 liberatus.

2141 1933 2245 2000 Qui
2280 1942 2571 2005 postquam
2615 1934 2851 2004 patriam
2898 1933 3234 2003 domumque
3265 1931 3510 2003 repetiit,
3549 1931 3721 1984 retulit

2142 2027 2199 2082 in
2221 2026 2411 2082 eadem
2465 2027 2779 2098 captivitate
2822 2025 2996 2082 fuisse
3039 2026 3373 2080 monachum
3418 2022 3721 2094 quendam.

2142 2116 2482 2174 Hucbaldum
2503 2117 2745 2184 nomine,
2769 2116 3098 2173 Orbacensis
3119 2116 3377 2182 coenobii,
3403 2132 3570 2186 quem
3596 2114 3722 2170 mul-

2142 2211 2302 2266 totics
2346 2210 2550 2266 ethnici
2585 2209 2863 2266 trucidare
2908 2209 3221 2275 voluerunt,
3265 2216 3320 2262 et
3353 2223 3574 2263 carnem
3614 2207 3720 2278 ejus

2141 2303 2380 2359 incidere
2403 2319 2513 2358 non
2534 2303 2846 2358 valuerunt.
2871 2299 3089 2356 Nudum
3135 2315 3266 2372 ergo
3302 2315 3428 2356 eum
3457 2299 3514 2353 in
3553 2299 3722 2354 medio

2141 2397 2382 2468 positum
2413 2395 2630 2467 sagittis
2661 2393 2955 2465 appetiere,
2981 2408 3083 2448 nec
3113 2392 3306 2448 saltem
3343 2400 3525 2446 cutem
3550 2390 3719 2444 value-

2142 2495 2271 2541 runt
2294 2500 2567 2556 rumpere.
2599 2483 2936 2540 Resilicbant
2971 2483 3039 2537 ab
3067 2481 3188 2552 ejus
3227 2495 3457 2551 corpore
3499 2480 3717 2549 sagittm.

2141 2579 2300 2649 quasi
2349 2579 2419 2634 ab
2462 2579 2752 2633 adamante
2795 2576 3061 2647 repulsae,
3093 2589 3194 2629 nec
3241 2575 3456 2645 signum
3514 2570 3722 2642 aliquod

2143 2671 2438 2743 apparebat
2468 2671 2524 2726 in
2567 2679 2711 2726 cute.
2746 2668 2938 2725 Gladio
2971 2684 3097 2722 eum
3148 2682 3275 2723 cum
3329 2664 3483 2720 omni
3532 2672 3719 2719 conatu

2144 2762 2253 2818 nisi
2275 2770 2405 2819 sunt
2426 2771 2731 2832 percutere,
2757 2770 2812 2816 et
2855 2758 3218 2814 nihilominus
3243 2773 3372 2812 caro
3409 2757 3722 2810 intemerata

2143 2856 2464 2928 permansit.
2503 2853 2775 2910 Radulfus
2813 2852 3062 2908 Jurensis
3091 2850 3386 2920 Cisalpina:
3416 2849 3605 2904 Gallia:
3639 2863 3720 2900 rex

2143 2949 2312 3015 obiit;
2362 2947 2648 3004 Conradus
2702 2945 2963 3001 succedit.
3019 2942 3175 3014 Ilugo
3234 2957 3457 3012 quoque
3513 2940 3726 2994 Roberti

2145 3041 2288 3096 filius
2327 3055 2569 3095 sororem
2601 3037 2856 3104 Othonis,
2880 3036 3026 3107 regis
3059 3033 3299 3088 lleinrici
3346 3033 3540 3097 filiam,
3571 3033 3723 3086 sorti-

2143 3143 2232 3189 tur
2264 3147 2510 3187 uxorem.
2557 3131 2776 3202 (Chron.
2814 3129 2954 3199 Div.)
2983 3127 3143 3181 Anno
3170 3125 3411 3181 secundo
3452 3123 3729 3187 Ludovici,

2145 3226 2241 3280 filii
2265 3224 2447 3280 Caroli
2475 3223 2772 3294 Simplicis,
2802 3221 3090 3277 ordinatus
3115 3229 3200 3274 est
3238 3218 3479 3273 domnus
3508 3216 3722 3270 Fulchc-

2144 3318 2260 3372 rius
2280 3317 2447 3372 abbas
2469 3315 2920 3382 Flaviniacensis,
2937 3301 3032 3384 qui
3056 3312 3219 3368 etiam
3249 3311 3389 3365 rexit
3409 3309 3469 3362 Di
3479 3309 3724 3363 vionense

2143 3410 2452 3481 quindecim
2501 3409 2681 3464 annis.
2715 3408 2853 3478 (Ser.
2903 3406 3023 3461 abb.
3075 3405 3124 3459 F
3128 3405 3192 3472 ι.)
3238 3402 3337 3458 llic
3369 3412 3560 3458 octavo
3591 3415 3724 3454 anno

2142 3501 2425 3575 regiminis
2473 3500 2890 3556 llierosolimam
2927 3497 3206 3569 profectus
3251 3505 3356 3562 est,
3401 3503 3457 3549 et
3490 3493 3726 3564 reliquiis

2144 3594 2402 3666 pretiosis
2456 3609 2715 3648 reversus
2768 3593 2961 3647 ditavit
3009 3590 3300 3646 ecclesiam
3350 3603 3530 3643 suam.
3593 3585 3725 3641 Obiit

2144 3696 2342 3758 quarto
2368 3685 2639 3742 Kalendas
2676 3685 2823 3752 Maii,
2857 3685 2944 3740 cui
2973 3683 3240 3741 successit
3270 3681 3401 3736 Milo
3427 3680 3725 3752 Magabren-

2145 3781 2244 3848 sis,
2275 3789 2330 3835 et
2363 3780 2705 3850 privilegium
2736 3794 2767 3833 a
2801 3795 2943 3849 papa
2978 3777 3235 3849 optinuit.

2216 3873 2376 3928 Anno
2400 3872 2527 3939 939,
2554 3871 2865 3927 Bernuinus
2884 3869 3244 3926 Virdunensis
3259 3869 3553 3940 cpicc0pus
3574 3867 3724 3926 obiit;

2145 3976 2201 4024 et
2223 3965 2613 4022 Lotharienses
2651 3963 2922 4020 Othonem
2958 3977 3142 4035 regem
3182 3978 3346 4018 suum
3376 3962 3655 4024 deserunt,
3679 3966 3726 4010 et

2146 4059 2422 4116 Ludovico
2458 4074 2517 4115 se
2562 4057 2904 4114 committere
2934 4064 3149 4127 parant,
3204 4055 3300 4127 qui
3350 4070 3449 4111 eos
3501 4054 3726 4122 recipere

2147 4152 2359 4210 distulit
2387 4153 2458 4208 ob
2487 4151 2787 4207 amicitiam
2830 4158 3045 4220 pactam
3085 4149 3231 4204 inter
3272 4164 3332 4203 se
3361 4157 3419 4202 et
3445 4145 3722 4202 Othonem.

2149 4245 2348 4301 lterum
2379 4259 2602 4314 quoque
2641 4257 2897 4313 proceres
2942 4240 3125 4312 regni,
3171 4239 3517 4296 Gislebertus
3550 4238 3650 4292 dux
3679 4245 3726 4290 et

2148 4337 2375 4393 comites
2399 4335 2775 4407 quamplures,
2805 4333 2871 4388 ad
2903 4348 3030 4387 eum
3057 4331 3306 4396 veniunt,
3325 4337 3380 4384 et
3406 4346 3466 4384 se
3490 4331 3566 4384 illi
3587 4343 3724 4384 com-

2148 4429 2391 4484 mittunt.
2424 4427 2679 4498 Episcopi
2700 4441 2831 4481 vero
2854 4423 3126 4480 Othonem
3158 4437 3269 4477 non
3301 4422 3608 4487 deseruere,
3642 4419 3724 4490 qui

449 4513 645 4585 Capito
671 4513 1010 4572 Gislebertus
1039 4515 1301 4570 ducatum
1337 4514 1593 4569 obtinuit.
1629 4512 1906 4570 Ludovico
1939 4515 2039 4586 igi-
2079 4545 2122 4599 D
2148 4536 2339 4576 eorum
2379 4534 2585 4574 'secum
2647 4515 2925 4573 detinebat
2989 4515 3322 4570 obsidatum.
3383 4512 3491 4581 Qui
3549 4512 3724 4566 Rheno

451 4616 544 4664 tur
578 4607 733 4680 regni
767 4607 1299 4663 administrationem
1331 4622 1447 4662 sua-2
1474 4607 1866 4664 dominationis
1895 4623 2046 4664 exer-

452 4719 577 4759 cere
607 4703 868 4774 cupienti,
899 4702 1133 4757 nimium
1165 4701 1256 4756 illa
1297 4701 1571 4757 laboriosa
1596 4700 1723 4769 fuit,
1749 4709 1860 4757 tam
1891 4703 1976 4758 sui
2012 4719 2042 4757 a

453 4794 718 4852 Tctbaldo
738 4793 1164 4851 Carnotcnsium
1195 4793 1397 4849 comite
1420 4794 1692 4864 captione,
1725 4809 1890 4864 quam
1920 4803 2046 4864 post

401 4908 409 4916 -
458 4887 616 4959 regni
652 4887 1124 4958 recuperationem
1159 4885 1313 4940 vario
1346 4883 1618 4940 instabilis
1655 4883 1888 4940 fortunae
1910 4899 2042 4954 pro-

451 4986 642 5035 ventu.
691 4977 910 5052 [FLom]
959 4977 1216 5034 lleinrico
1270 4977 1439 5048 igitur
1468 4993 1670 5050 magno
1719 4976 2048 5048 imperatore

455 5072 561 5130 sub
585 5070 778 5127 iisdem
809 5071 1001 5127 diebus
1021 5072 1277 5140 obeunte,
1305 5070 1583 5126 contentio
1605 5070 1745 5126 inter
1765 5070 1907 5126 filios
1928 5071 2049 5141 ejus

454 5167 524 5221 de
552 5177 722 5235 regno
742 5162 999 5236 agitatur.
1024 5162 1225 5219 Othoni
1252 5171 1435 5218 tamen
1467 5170 1598 5218 natu
1626 5161 1824 5232 majori
1861 5177 2046 5217 rerum

457 5269 673 5313 summa
709 5255 948 5311 obvenit.
984 5253 1102 5326 (fol.
1136 5254 1512 5326 66.).lohanne
1542 5267 1763 5324 quoque
1783 5269 1922 5324 papa
1957 5254 2050 5307 ΑΙ-

456 5349 627 5405 lxrici
662 5347 876 5419 patricii
926 5346 1096 5403 fratre
1127 5345 1405 5412 defuncto,
1455 5345 1566 5402 Leo
1595 5343 1639 5397 V
1677 5347 1940 5412 succedit,
1995 5356 2051 5402 et

2146 4603 2474 4668 transmisso
2501 4623 2730 4680 regnum
2757 4605 3113 4662 Lothariense
3137 4604 3456 4675 perlustrat,
3483 4613 3538 4659 et
3559 4605 3724 4658 inccno

2098 4716 2101 4720 ·
2149 4705 2255 4760 diis
2291 4703 2598 4774 prredisque
2647 4700 2896 4772 quaedam
2934 4689 3072 4754 loca'
3105 4699 3374 4755 devastat.
3426 4696 3507 4753 Eo
3559 4705 3722 4751 autem

2151 4807 2303 4852 trans
2355 4795 2610 4850 Rhenum
2659 4808 2932 4863 regresso,
2977 4790 3292 4847 Ludovicus
3343 4789 3723 4845 V'irdunensem

2152 4890 2285 4961 petit
2311 4903 2534 4959 pagum,
2561 4895 2617 4941 et
2660 4885 2990 4955 quibusdam
3019 4884 3296 4955 episcopis
3335 4892 3391 4938 et
3418 4879 3726 4952 primatibus

2151 4981 2406 5052 receptis,
2447 4979 2759 5035 reVertitur.
2793 4975 3133 5032 Gislebertus
3157 4977 3269 5031 dux
3301 4984 3458 5030 trans
3495 4973 3725 5028 Rhenum

2151 5075 2452 5144 praedatum
2488 5070 2786 5142 profectus,
2810 5070 2940 5125 dum
2971 5068 3286 5134 revertitur,
3331 5064 3726 5137 insequentibus

2152 5180 2211 5219 se
2245 5163 2596 5228 adversariis,
2623 5162 2678 5216 in
2701 5161 2917 5216 Renum
2949 5174 3074 5216 cum
3097 5173 3241 5228 equo
3271 5155 3520 5222 insilivit,
3541 5162 3589 5209 et
3602 5167 3720 5208 ene-

2153 5268 2308 5313 eatus
2334 5257 2474 5312 ultra
2502 5254 2729 5326 reperiri
2752 5266 2862 5306 non
2892 5251 3088 5321 potuit.
3115 5250 3380 5307 Relictam
3403 5248 3539 5320 ejus,
3563 5243 3722 5302 Otho-

2156 5349 2245 5403 nis
2279 5348 2422 5418 regis
2455 5362 2725 5412 sororem,
2759 5343 3072 5400 Ludovicus
3103 5341 3314 5410 accepit
3346 5355 3586 5398 uxorem.
3617 5335 3718 5389 Du-

1963 5481 2195 5539 NOT/E.

528 5597 642 5666 (75)
680 5599 950 5654 Couchcs.

533 5669 646 5746 (7d)
686 5669 1034 5746 Romundum
1091 5670 1726 5746 cpiscopuni__languore
1773 5669 2050 5746 detentum

459 5739 832 5807 smCularibus,
846 5739 939 5810 qui
969 5741 1110 5794 bona
1123 5739 1446 5794 'monasterii
1463 5740 1565 5792 diri
1574 5748 1782 5810 pen-ent,
1799 5739 2052 5810 resistere

437 5829 568 5870 .non
602 5809 1084 5884 potuisse’auctor
1115 5820 1200 5865 est
1241 5809 1538 5865 Waltcrius
1573 5809 1840 5864 Educnsis
1870 5811 1922 5863 in
1962 5818 2043 5863 ta—

2167 5599 2289 5653 bula
2343 5614 2452 5668 qua
2483 5598 2622 5651 bona
2652 5596 2722 5650 ab
2744 5589 3413 5668 Amachﬂaviniacensi
3435 5591 3624 5668 ariditate
3643 5605 3720 5642 rc-

2165 5660 2420 5740 cuperaia
2449 5665 3008 5740 contirmatannlols
3032 5660 3251 5740 Robcrti
3273 5663 3437 5732 regis.
3455 5661 3713 5716 Mahillon.

2164 5729 2303 5795 Ann.
2347 5740 2572 5797 Bened.
2599 5739 2637 5790 S
2689 5736 2754 5790 IV
2787 5748 2838 5799 ν.
2868 5729 2993 5784 6H.
3034 5730 3096 5785 Κ.
