3834 6304
90 365 165 421 l8l

1275 343 1684 407 CRERONICON.
1723 375 1794 384 —-
1834 347 1958 403 LIB.
1991 348 2011 402 l

3191 358 3292 411 182

90 486 236 535 ratum
259 473 390 529 Otho
418 471 638 541 accepit.
680 469 822 526 Otho
850 485 977 524 vero
1008 477 1235 525 cunctos
1264 469 1331 522 ad
1354 484 1413 522 se
1434 464 1610 521 redire
1637 463 1684 521 Α
1714 460 1999 519 Remensis
2042 463 2324 534 episcopii,
2375 463 2835 536 conquerentihus
2865 468 3091 526 clericis
3129 481 3292 544 atque

89 566 232 636 coegit
268 561 660 625 Lotharienscs,
704 571 754 614 et
805 560 1056 629 sequenti
1108 573 1254 614 anno
1295 557 1609 612 Conradum

89 653 367 725 Burgundia:
398 666 573 720 regem
617 651 744 705 dolo
779 649 939 720 cepit,
970 649 1318 721 reliquosque
1351 648 1612 718 primates

88 744 169 800 sibi
188 740 487 813 paciﬁcavit.

138 836 274 888 Anno
304 831 424 900 940,
451 832 742 888 indictione
766 833 854 898 l5,
890 831 1254 887 intronizatus
1277 838 1361 884 est
1396 828 1451 883 in
1479 842 1613 899 pon-

88 928 256 981 titicatu
287 923 637 980 Virdunensis
681 924 835 979 urbis
870 922 926 977 in
964 923 1213 994 partibus
1256 919 1511 976 Saxonis:
1541 933 1606 974 ex

88 1023 355 1087 maguatum
397 1022 548 1071 ortus
577 1015 833 1086 prcsapia
873 1015 1111 1070 domnus
1148 1011 1530 1084 Berengarius,
1557 1017 1611 1065 et

144 1107 315 1162 Factus
341 1105 620 1175 apostolici
649 1120 881 1162 consors
911 1114 966 1161 et
988 1120 1212 1175 compar
1234 1103 1483 1171 honoris,

141 1196 298 1250 Laude
320 1196 448 1251 cleri
470 1203 526 1251 et
555 1196 742 1266 populi

140 1286 277 1342 Duxit
295 1288 640 1359 apostolicam
667 1287 825 1344 factis
853 1295 909 1343 et
926 1288 1149 1343 nomine
1170 1287 1360 1343 vitam.

88 1379 188 1434 Erat
205 1378 335 1434 enim
379 1394 605 1449 corpore
630 1387 837 1446 castus,
867 1387 1047 1434 mente
1086 1379 1335 1443 devotus,
1377 1376 1610 1433 affabilis

87 1472 297 1541 alloquio,
319 1471 497 1526 clarus
525 1472 778 1537 consilio,
820 1471 1109 1542 prudentia
1140 1466 1425 1543 przeditus',
1473 1477 1611 1524 tem-

87 1562 284 1633 perantia
308 1562 594 1631 discretus,
636 1562 848 1618 interna
879 1561 1198 1617 fortitudine
1220 1560 1442 1627 ﬁrmus,
1478 1574 1610 1615 αθη-

88 1668 187 1709 sura
215 1653 430 1724 justitize
469 1654 712 1721 stabilis,
744 1654 1158 1726 longanimitate
1204 1653 1480 1720 assiduus,
1510 1668 1609 1722 pa-

88 1745 235 1799 tientia
258 1745 528 1812 robustus,
571 1745 878 1800 humilitate
913 1754 1254 1811 mansuetus,
1284 1760 1411 1815 erga
1438 1745 1611 1800 delin-

50 1900 57 1907 ρ
87 1844 272 1905 quentes
290 1851 382 1907 per
401 1837 838 1906 compassionem
869 1836 1053 1892 socius
1071 1878 1085 1904 ,
1111 1851 1207 1906 per
1243 1836 1416 1890 zelum
1444 1836 1607 1890 recti-

88 1927 250 1982 tudinis
282 1935 510 1983 erectus.
561 1924 686 1998 (fol.
716 1926 848 1997 66’.)
874 1926 1183 1998 Apparebat
1205 1927 1260 1981 in
1283 1926 1462 1982 verbis
1491 1925 1611 1996 ejus

88 2018 362 2075 inconcussa
385 2019 589 2076 mentis
609 2019 918 2077 constantia
953 2020 1372 2090 resplendebant
1391 2018 1447 2073 in
1478 2018 1610 2074 acti-

89 2111 166 2167 bus
189 2118 236 2166 et
258 2111 495 2167 moribus
522 2111 644 2182 ejus
678 2111 945 2167 virtutum
968 2110 1224 2182 insignia,

140 2198 370 2257 Omnibus
394 2200 623 2271 hospitii
643 2201 950 2272 perlargum
984 2200 1217 2271 praebuit
1238 2215 1419 2267 usum,

140 2288 281 2345 Nemo
301 2299 383 2347 est
409 2299 692 2360 exceptus,
719 2305 1011 2361 perpessus
1038 2304 1198 2346 nemo
1228 2289 1518 2360 repulsam.

91 2380 315 2436 Christum
340 2381 468 2438 totis
513 2381 818 2437 visceribus
861 2380 1126 2453 diligens,
1171 2388 1227 2435 et
1254 2379 1497 2435 caritatis
1524 2379 1612 2433 in-

91 2480 221 2528 terna:
248 2472 548 2529 visceribus
591 2472 850 2541 afﬂuens,
886 2487 989 2543 pro
1029 2472 1359 2542 pauperibus
1400 2485 1614 2541 semper

90 2572 179 2616 erat
199 2562 466 2630 sollicitus,
512 2571 569 2619 et
608 2563 738 2633 quia
767 2563 909 2619 sicut
943 2561 1153 2618 Martha
1181 2560 1400 2617 Christo
1425 2577 1616 2631 corpo-

90 2654 191 2709 ralia
209 2655 612 2711 subministrare
638 2655 914 2726 nequibat,
954 2654 1010 2709 iu
1030 2654 1214 2726 egenis
1240 2654 1391 2709 illum
1417 2653 1616 2709 cotidie

90 2743 330 2800 reﬁciebat.
354 2744 554 2801 Sermo
592 2744 711 2817 ejus
757 2746 871 2801 sale
910 2745 1196 2812 conditus,
1225 2760 1335 2815 quo
1377 2744 1619 2825 pondere

90 2838 227 2896 brevis
244 2849 293 2896 et
312 2856 488 2909 rarus,
517 2857 585 2897 eo
607 2841 859 2912 prudenti
886 2841 1151 2897 suavitate
1176 2841 1476 2896 habebatur
1501 2854 1618 2910 prc-

88 2930 248 2987 ciosus.
299 2932 567 3006 Diligebat
620 2934 838 2990 sincero
893 2943 947 2990 et
1006 2934 1251 2990 unanimi
1310 2934 1616 2991 dilectionis

90 3019 240 3078 affectu
269 3023 401 3079 inter
428 3026 544 3080 alia
586 3026 833 3081 membra
857 3024 1066 3082 Christi
1092 3026 1356 3082 domuum
1390 3025 1618 3082 Fulber-

1713 553 1985 609 nobilibus
2013 555 2166 611 laicis
2189 556 2283 611 diu
2322 564 2539 626 pastore
2560 558 2742 613 sedem
2772 559 2947 630 ipsam
2980 578 3197 631 vacare,
3238 577 3294 622 et

1711 644 2039 701 deﬁnierunt
2069 646 2530 716 quemadmodum
2552 648 2807 706 Artaldus
2824 651 3115 724 episcopus
3133 655 3289 725 jura-

1713 744 1864 791 verat
1894 777 1911 803 ,
1939 737 2088 807 quod
2116 753 2415 809 numquam
2442 739 2511 795 de
2544 740 2665 811 ipso
2686 742 3002 815 episcopatu
3030 761 3089 802 se
3117 747 3290 805 intro-

1711 828 1946 894 mittere,
1972 827 2040 882 ad
2066 827 2243 897 ipsius
2256 828 2704 899 gubernationem
2727 833 2922 889 reverti
2940 849 3048 892 non
3071 836 3287 903 debere,

1709 926 1849 975 etut
1876 916 2032 989 Hugo
2060 916 2331 973 Heriberti
2367 918 2533 988 ﬁlius,
2557 921 2652 991 qui
2675 922 2829 992 prius
2854 924 2923 980 ad
2966 925 3146 996 ipsum
3177 930 3293 999 epi-

1712 1016 1993 1080 scopatum
2033 1007 2211 1065 fuerat
2249 1010 2395 1065 clero
2432 1012 2739 1083 populoque
2766 1022 2981 1084 petente
3009 1025 3288 1087 evocatus,

1630 1170 1637 1177 .
1711 1101 2058 1157 ordinaretur
2079 1091 2387 1172 episcopus.
2430 1101 2498 1158 Et
2522 1103 2606 1169 sic
2641 1103 2841 1162 Remos
2879 1107 3142 1164 adeuntes
3171 1111 3289 1180 epi~

1711 1192 1864 1263 scopi
1928 1191 2212 1264 Hugonem
2274 1192 2583 1263 pontificem
2646 1207 2984 1254 consecrant.
3027 1199 3319 1259 Canonici.

1711 1283 2162 1352 Montisfalconis,
2194 1284 2550 1356 oppressione
2577 1286 2751 1359 ipsius
2783 1288 3140 1348 Virdunensis
3176 1295 3286 1364 epi-

1712 1378 1862 1449 scopi
1882 1386 1944 1434 ut
1972 1377 2292 1434 asserebant
2310 1379 2655 1450 praegravati,
2680 1381 2989 1438 coenobium
3013 1399 3175 1440 suum
3200 1386 3319 1442 de»

1713 1478 1921 1538 serunt,
1946 1478 2001 1525 et
2036 1468 2219 1525 Remis
2249 1484 2448 1540 corpus
2481 1470 2656 1527 sancti
2690 1471 2924 1528 Baldrici
2956 1477 3172 1543 patroni
3203 1477 3291 1532 sui

1710 1562 1986 1618 deserunt.
2014 1561 2269 1617 Artaldus
2306 1560 2563 1617 omnibus
2602 1562 2828 1633 perditis
2872 1580 2996 1635 quae
3037 1564 3289 1633 habebat,

1711 1654 1853 1710 datis
1864 1654 2220 1710 sacramentis
2235 1653 2447 1724 Hugoni
2468 1655 2723 1726 episcopo
2736 1664 2791 1711 et
2804 1655 3106 1725 Heriberto,
3129 1670 3293 1729 prout

1713 1747 1782 1801 ab
1800 1762 1865 1801 eo
1887 1747 2241 1817 quaesierunt,
2262 1746 2596 1817 redditisque
2616 1747 2719 1803 sibi
2736 1748 2969 1805 abbatiis
2994 1751 3169 1806 sancti
3189 1750 3293 1807 Ba-

1717 1839 1818 1893 soli
1851 1845 1905 1892 et
1926 1837 2218 1893 Avennaco
2250 1853 2376 1893 cum
2409 1837 2538 1892 villa
2566 1837 2923 1908 Vindenissa,
2951 1856 3143 1913 pacem
3168 1841 3297 1899 fecit
3339 1837 3342 1840 ’

1717 1945 1840 1986 cum
1871 1929 1972 1996 eis,
2017 1938 2071 1984 et
2115 1928 2182 1984 ad
2220 1936 2469 1984 sanctum
2516 1928 2770 1987 Basolum
2816 1932 3165 1990 habitaturus
3195 1933 3292 1990 dc-

1714 2021 1881 2076 venit.
2196 2074 2201 2078 .
2968 2006 2974 2011 ’

1783 2108 1904 2167 Non
1945 2111 2119 2167 multo
2154 2120 2296 2183 post,
2325 2127 2469 2168 anno
2503 2114 2572 2168 ab
2604 2114 2712 2169 inc.
2743 2113 2898 2171 Dom.
2928 2116 3053 2183 942,
3085 2116 3312 2188 Ιοεεηιις

1718 2205 1977 2276 Stephani
2012 2220 2183 2275 papae,
2211 2206 2432 2261 nomine
2463 2205 2749 2273 Damasus,
2779 2207 3068 2279 episcopus
3110 2208 3297 2265 Romae

1716 2297 1782 2354 ad
1811 2297 1953 2352 hanc
1996 2296 2318 2367 legationem
2361 2298 2722 2368 peragendam
2753 2300 3056 2369 ordinatus,
3088 2302 3296 2358 litteras

1715 2388 2029 2459 apostolicae
2063 2387 2209 2443 sedis
2243 2387 2423 2443 attulit
2466 2386 2805 2458 principibus
2833 2388 3192 2459 Francorum,
3234 2398 3298 2447 ut

1716 2482 2016 2558 reciperent
2036 2496 2219 2552 regem
2257 2496 2418 2538 suum
2457 2478 2813 2537 Ludovicum.
2841 2482 2956 2554 (fol.
2989 2483 3103 2555 67.)
3141 2483 3295 2551 Quod

1716 2574 1765 2629 si
1798 2574 2183 2645 neglexissent,
2219 2582 2274 2627 et
2300 2587 2427 2627 eum
2452 2573 2689 2643 amplius
2731 2574 3001 2630 hostiliter
3043 2576 3321 2646 persequb-

1716 2666 2036 2732 voluissent,
2073 2663 2659 2721 cxcommunicatiouis
2689 2664 3073 2721 interminatus
3092 2673 3176 2720 est
3209 2666 3321 2720 ul--

1718 2758 1938 2814 tionem.
1987 2757 2174 2827 Legati
2228 2758 2392 2812 etiam
2446 2757 2730 2813 Remensis
2781 2758 3023 2814 ecclesia:
3068 2756 3319 2813 Romam-

1717 2852 1872 2907 missi
1904 2850 2184 2906 redierunt
2210 2851 2400 2906 eadem
2440 2850 2757 2919 referentes,
2802 2860 2869 2907 ut
2899 2861 3025 2908 ante
3060 2853 3303 2909 natalem

1720 2941 1930 2998 Domini
1952 2958 2046 2999 rex
2062 2942 2140 3001 ab
2156 2942 2237 2998 eis
2254 2943 2587 3013 reciperetur
2601 2944 2705 2998 sub
2727 2944 3148 3001 comminatione
3173 2961 3300 3000 ana-

1723 3035 1996 3101 thematis,
2045 3034 2140 3104 qui
2176 3044 2228 3090 et
2269 3034 2495 3105 pallium
2530 3033 2744 3106 Hugoni
2781 3051 2811 3090 a
2840 3036 2967 3092 sede
3002 3037 3297 3113 apostolica

91 3121 176 3166 tum
196 3113 630 3208 Cameracensem
671 3118 1009 3189 episcopum,
1041 3134 1167 3176 cum
1202 3134 1313 3190 quo
1338 3119 1467 3191 juge
1512 3119 1615 3175 sibi
1645 3152 1686 3208 ρ
1723 3126 2051 3183 detulerunt.
2077 3125 2559 3197 Ludovicusigitur
2574 3126 2789 3183 obviam
2809 3126 3299 3198 profectusOthoni

92 3218 258 3275 semper
282 3207 379 3265 fuit
403 3209 675 3277 studium,
707 3209 953 3268 veritatis
985 3211 1327 3268 adversarios
1349 3220 1461 3268 toto
1492 3212 1615 3268 nisu

91 3293 371 3368 impugnare,
401 3311 461 3356 ut
491 3301 555 3355 in
582 3302 937 3372 sequentibus
970 3302 1196 3373 quilibet
1229 3312 1407 3374 potest
1435 3304 1620 3358 adver-

90 3392 192 3441 tere.
217 3387 295 3459 (G.
332 3390 478 3448 l’ird.
516 3392 598 3464 ‘2.)
632 3392 756 3448 Fuit
779 3402 960 3449 autem
1000 3402 1242 3465 tempore
1262 3394 1503 3463 Ottonis,
1551 3396 1618 3452 de

91 3490 175 3542 quo
197 3480 379 3538 dictum
408 3493 497 3540 est
550 3484 695 3555 quod
720 3485 789 3540 at!
818 3485 1157 3556 triumphum
1184 3487 1427 3543 ecclesiae
1455 3487 1621 3558 cmpit

90 3566 188 3625 Otto
209 3587 453 3644 crescere,
491 3578 586 3633 cui
609 3578 871 3635 successit
900 3578 1171 3635 secundus
1200 3576 1324 3636 Otto
1345 3579 1412 3636 ad
1444 3580 1618 3651 impe-

90 3659 217 3729 rium,
249 3676 303 3721 ut
332 3666 555 3724 ﬂoreret
581 3670 861 3724 saeculum.

144 3752 329 3829 [From]
357 3758 526 3815 Anno
553 3758 674 3830 ipso
698 3760 1059 3817 ordinationis
1086 3777 1198 3818 suae
1223 3761 1397 3820 fomes
1426 3762 1623 3834 iniqui-

91 3847 190 3901 tatis
214 3846 355 3921 ilugo
388 3850 623 3922 Magnus
648 3866 771 3907 cum
797 3852 1124 3923 quibusdam
1148 3854 1392 3912 Francia:
1413 3864 1465 3911 et
1484 3855 1620 3911 Bur-

90 3941 265 4010 gundize
287 3945 558 4015 episcopis
580 3952 635 4000 et
652 3945 986 4016 primoribus
1019 3947 1169 4019 regni
1204 3946 1496 4004 Remorum
1523 3950 1625 4005 ob-

91 4030 199 4085 sidet
214 4034 421 4102 urbem;
447 4050 563 4106 qua
585 4035 804 4091 obtenta
830 4045 986 4092 sexto
1007 4036 1309 4095 obsidionis
1335 4039 1423 4094 die
1442 4038 1595 4094 Artal

91 4120 191 4175 dum
208 4125 516 4196 episcopum
538 4141 569 4180 a
596 4126 979 4196 procuratione
1003 4135 1058 4183 et
1076 4135 1342 4199 potestate
1362 4129 1639 4200 episcopii.

88 4208 348 4278 iuramento
376 4232 435 4273 se
460 4217 731 4287 compulit
749 4217 1022 4287 abdicare,
1046 4235 1305 4277 concessa
1327 4221 1378 4276 ei
1408 4222 1622 4277 abbatia

93 4303 231 4358 sancti
250 4304 421 4363 Basoli
455 4314 524 4363 et
541 4307 834 4364 Avennaco
865 4308 1222 4376 monasterio,
1249 4318 1304 4365 et
1328 4310 1407 4366 sic
1432 4310 1623 4366 relicto

90 4394 176 4450 lilio
197 4396 450 4456 Heriberti
474 4399 706 4472 Hugone
729 4400 844 4470 jam
864 4400 1074 4471 pridem
1090 4446 1093 4449 .
1109 4400 1295 4457 Remis
1319 4402 1390 4457 ad
1411 4403 1623 4473 episco-

1718 3220 1853 3292 regi,
1878 3219 2172 3276 amicitiam
2201 3218 2455 3274 ﬁrmavit.
2481 3217 2624 3275 Otho
2650 3234 2866 3289 quoque
2891 3217 3170 3290 Hugonem
3194 3219 3301 3274 Ma-

1717 3328 1882 3385 gnum
1912 3311 2025 3383 regi
2053 3310 2325 3367 conciliat.
2351 3310 2467 3367 Hoc
2489 3325 2635 3368 anno
2658 3311 2893 3367 domnus
2912 3310 3050 3378 Odo,
3074 3327 3300 3366 venera-

1717 3403 1843 3459 bilis
1895 3403 2195 3459 multorum
2256 3402 2716 3459 monasteriorum
2773 3409 3129 3469 restaurator,
3174 3417 3299 3457 cum
3372 3398 3377 3403 ’

1718 3496 1950 3550 multum
1984 3496 2284 3552 laborasset
2310 3496 2366 3551 in
2389 3495 2764 3567 componenda
2786 3510 2921 3566 pace
2949 3494 3091 3550 inter
3118 3492 3328 3569 [iugo—-

1717 3604 1843 3645 nem
1879 3603 2058 3659 regem
2084 3586 2252 3644 Italiae
2287 3598 2341 3644 et
2378 3586 2691 3643 Albericum
2722 3585 3095 3642 Romanorum
3132 3586 3340 3656 pa'ri-s

1718 3682 1886 3749 cium,
1935 3681 2071 3737 obiit
2115 3680 2371 3748 Turonis,
2414 3681 2769 3751 sepultusque
2814 3687 2900 3736 est
2940 3681 3007 3735 ad
3051 3688 3325 3737 sanctum-

1717 3772 2034 3840 Martinnm,
2078 3782 2132 3829 et
2182 3774 2446 3830 successit
2468 3773 2519 3828 ei
2553 3771 2872 3829 Heimardus
2910 3772 2996 3826 vir
3034 3787 3301 3827 veneran-

1718 3865 1840 3922 dus.
1887 3865 2040 3921 Tune
2079 3865 2180 3921 fuit
2210 3866 2381 3922 fames
2416 3880 2612 3937 magna
2640 3879 2737 3935 per
2766 3863 3054 3919 Frauciam
3080 3871 3134 3918 ct
3162 3861 3298 3917 Bur-

1720 3959 1997 4030 gundiam.

1789 4049 1948 4103 Anno
1968 4049 2037 4104 ab
2066 4049 2174 4105 inc.
2206 4049 2360 4104 Dom.
2400 4050 2525 4117 945,
2562 4046 2862 4105 Willelmus
2892 4046 3136 4105 Rollonis
3160 4045 3306 4103 ﬁlius

1722 4142 1937 4197 occisus
1958 4148 2061 4207 est,
2089 4151 2142 4196 et
2166 4141 2469 4198 Richardus
2492 4142 2703 4212 primus
2732 4142 3020 4208 successit,
3047 4142 3141 4213 qui
3164 4138 3304 4195 Nor-

1721 4232 2000 4287 manniam
2031 4232 2174 4288 dono
2212 4233 2356 4304 regis
2401 4233 2661 4289 Ludovici
2695 4233 2950 4289 obtinuit.
2989 4233 3145 4305 Hugo
3192 4231 3304 4286 Ma-

1721 4340 1860 4396 gnus
1882 4322 2213 4380 Normannis
2247 4325 2314 4379 ad
2355 4325 2733 4396 paganismum
2776 4325 2973 4381 reverti
2995 4324 3304 4380 volentibus

1723 4413 2088 4486 congreditur,
2111 4421 2250 4470 eteo
2278 4428 2423 4469 anno
2453 4414 2685 4470 ducatus
2706 4414 2950 4470 Francia:
2978 4430 3009 4470 a
3030 4413 3333 4470 Ludovico-

92 4496 240 4577 patum
264 4493 452 4561 electo,
476 4493 550 4548 ad
576 4492 916 4548 obsidionem
942 4478 1191 4563 Lauduni
1212 4503 1485 4565 properat.
1514 4495 1619 4551 Lu-

1725 4478 2042 4562 conceditur
2068 4478 2139 4562 ei.
2176 4506 2334 4561 Anno
2356 4507 2605 4577 sequenti
2641 4506 2956 4564 Heribertus
2989 4507 3143 4563 obiit.
3183 4505 3305 4561 Filii

90 4575 245 4635 device
267 4599 393 4639 vero
413 4600 448 4640 a
492 4582 811 4654 Burgundia
841 4583 1123 4650 redeunte,
1144 4592 1200 4639 et
1228 4594 1510 4657 assumpto
1534 4603 1622 4643 sc-

91 4683 188 4724 cum
209 4672 418 4731 Artaldo
447 4675 741 4747 episcopo,
785 4673 1017 4730 transito
1060 4673 1251 4729 Axona
1284 4674 1622 4732 ﬁuvioLau-

90 4756 259 4818 dunum
284 4766 563 4833 tendente,
599 4763 752 4837 Hugo
779 4780 907 4820 cum
947 4764 1065 4831 suis
1091 4766 1278 4821 relicta
1320 4767 1624 4835 obsidione,

89 4846 250 4909 Othoni
286 4859 399 4930 regi
451 4858 672 4914 obviam
716 4856 1161 4928 proﬁciscuntur,
1189 4866 1244 4913 et
1281 4858 1332 4914 ei
1381 4873 1441 4915 se
1474 4874 1626 4914 com-

89 4943 291 5004 mittunt.
311 4948 417 5016 Qui
437 4948 699 5006 Heinrico
718 4947 877 5005 fratri
898 4964 1000 5006 suo
1021 4965 1249 5020 regnum
1274 4948 1628 5007 Lothariense

89 5040 424 5109 columittens,
454 5058 583 5098 cum
612 5042 954 5098 diversarum
989 5041 1231 5113 gentium
1278 5042 1629 5100 multitudine

89 5120 386 5187 Ludovicum
419 5133 479 5187 in
520 5132 895 5205 Burgundiam
950 5133 1388 5203 proﬁciscentem
1434 5150 1628 5204 prosc-

88 5216 259 5288 quitur,
286 5222 495 5280 habens
523 5240 711 5280 secum
740 5224 1078 5292 Conradum,
1107 5223 1322 5280 Rodulﬁ
1353 5226 1497 5298 regis
1527 5225 1628 5282 Ju-

88 5309 234 5365 rensis
278 5312 488 5381 ﬁlium,
535 5330 700 5387 quem
743 5315 951 5370 dudum
997 5315 1126 5370 dolo
1175 5325 1397 5386 captum
1440 5332 1629 5373 secum

89 5397 333 5470 retinebat,
357 5414 413 5459 et
452 5404 735 5461 obsidibus
755 5420 788 5460 a
805 5404 1136 5476 quibusdam
1159 5406 1396 5477 acceptis
1429 5408 1496 5464 ad
1528 5424 1627 5464 sua

90 5491 360 5549 revertitur.

144 5582 283 5640 Anno
329 5588 399 5642 ab
444 5588 552 5644 inc.
602 5589 760 5645 Dom.
831 5590 931 5645 9M
989 5589 1274 5648 Remensis
1329 5572 1628 5651 dioeceseos

89 5670 290 5746 θρίεεορί
318 5681 703 5737 convenientes
746 5682 888 5752 apud
918 5680 1269 5738 Suessionum
1310 5684 1362 5737 in
1398 5686 1626 5740 ecclesia
1676 5730 1677 5733 η

92 5777 371 5828 sanctorum
401 5772 641 5848 Crispini
668 5784 722 5832 et
758 5775 1087 5847 Crispiuiani
1123 5779 1453 5842 tractantdc
1482 5789 1629 5843 statu

1723 4598 1864 4667 ejus,
1916 4598 2280 4654 mediantibus
2330 4596 2546 4655 Othone
2583 4599 2721 4655 duce
2768 4599 3205 4656 Lotharieusium
3251 4608 3335 4654 ct:-

1727 4689 2063 4745 Adalberone
2087 4690 2344 4760 episcopo
2369 4689 2618 4746 Mettensi
2639 4700 2691 4746 et
2716 4690 2941 4762 llugone
2962 4692 3119 4757 duce,
3145 4707 3175 4745 a
3202 4691 3306 4746 Lu-

1727 4779 1920 4835 dovico
1955 4780 2308 4850 recipiuntur.
2343 4780 2498 4854 llugo
2520 4797 2586 4837 eo
2610 4790 2797 4837 tenore
2822 4782 2892 4837 ab
2923 4796 2989 4838 eo
3018 4789 3331 4852 susceptus-

1727 4877 1830 4937 est,
1857 4879 1917 4925 ut
1937 4870 1986 4926 ei
2010 4871 2155 4926 aliud
2177 4872 2512 4942 episcopium
2538 4872 2929 4942 provideretur,
2948 4872 3173 4928 Artaldo
3196 4871 3304 4928 Re-

1729 4977 1915 5018 mense
1927 4962 2258 5018 redderetur.
2281 4961 2540 5018 Posthaec
2561 4960 2703 5017 Otho
2731 4961 2844 5017 dux’
2868 4960 3304 5020 Lotharieusium
3324 4966 3333 4997 -'

1729 5053 1882 5120 obiit,
1911 5061 1967 5108 et
1988 5051 2272 5110 Conradus
2292 5053 2553 5109 ducatum
2577 5051 2830 5108 obtinuit.

1802 5144 1960 5200 Anno
1980 5145 2105 5215 {M6,
2138 5143 2381 5199 Marinus
2401 5159 2537 5215 papa
2564 5144 3309 5217 decessit,etAgapitus_sue—-

1732 5233 1926 5301 cessit;
1957 5249 2103 5289 anno
2149 5241 2329 5289 autem
2364 5233 2637 5303 praeterito
2677 5233 2984 5291 Ludovicus
3012 5220 3309 5291 Remorum

1734 5326 2019 5382 obsederat
2044 5326 2257 5392 urbem,
2278 5333 2343 5381 et-
2358 5326 2601 5396 acceptis
2623 5326 2903 5384 obsidibus
2931 5342 2960 5382 a
2999 5327 3225 5399 Hugonc
3242 5331 3311 5385 de

1733 5417 2006 5473 reddenda
2032 5417 2261 5483 ratione,
2292 5416 2358 5472 de
2379 5417 2580 5487 quibus
2607 5416 3048 5489 interrogaretur,
3072 5420 3142 5473 ab
3169 5419 3287 5474 obsi

1732 5506 1896 5563 dione
1926 5516 2247 5563 recesserat.
2273 5506 2489 5581 [FLon.]
2524 5507 2651 5564 Inde
2677 5507 2980 5564 Rodomum
3010 5508 3308 5580 profectus,

1733 5596 1863 5654 dolo
1897 5607 2092 5669 captus
2125 5607 2209 5654 est
2237 5615 2265 5653 a
2291 5599 2540 5656 ﬁdelibus
2569 5600 2685 5656 suis
2718 5607 2773 5655 et
2804 5599 2908 5655 sub
2938 5600 3184 5656 custodia
3216 5600 3298 5657 de-

1732 5699 1938 5747 tentus.
1970 5689 2125 5761 Hugo
2146 5708 2362 5763 quoque
2382 5690 2546 5747 Italia:
2573 5709 2603 5747 a
2622 5691 2750 5747 suis
2777 5705 2940 5762 regno
2973 5692 3165 5761 pulsus
3191 5701 3307 5759 est;

1737 5784 1829 5847 cui
1862 5786 2127 5850 successit
2161 5785 2453 5851 LOthtu'iu's
2475 5786 2620 5851 ﬁlius
2648 5785 2783 5862 ejus.
2811 5784 3023 5858 llugmti
3054 5799 3177 5842 vero
3196 5783 3331 5841 Ma»
