3834 6304
551 354 655 412 185

1575 343 1879 403 HUGONIS
1912 342 2204 403 ABBATIS
2238 333 2804 395 FLAVINIACENSIS
3666 343 3736 399 ηδ

551 485 662 544 gno
685 468 754 527 de
776 465 925 540 regis
948 464 1226 538 ereptione
1257 462 1554 528 laborante,
1579 459 1723 516 datis
1742 451 2030 516 obsidibus
2052 457 2137 515 di-
2165 458 2210 514 A
2236 453 2467 526 Agapeti-
2493 467 2660 518 anno,
2679 451 2838 522 regni"
2863 448 3007 522 regis
3025 446 3258 544 Othonis
3279 449 3362 544 15,
3386 447 3614 508 Ludovici
3633 468 3734 525 quo-

552 562 810 628 mittitur,
848 567 905 616 et
932 565 1220 628 susceptus
1257 555 1326 610 ab
1357 569 1424 610 eo
1457 551 1738 608 Tetbaudo
1777 551 2136 608 committitur

549 651 972 708 Carnotensium
1006 647 1223 714 comiti,
1252 655 1305 702 et
1336 653 1460 715 post
1483 659 1689 698 annum
1716 657 1888 714 regno
1909 642 2133 698 restitu-

550 754 658 800 tus.
692 744 999 800 Ludovicus
1017 750 1070 796 et
1091 738 1215 796 Otto
1234 737 1400 799 simul
1413 735 1591 806 juncti
1618 733 1915 790 Remorum
1942 734 2131 789 urbem

549 837 836 893 obsidione
869 833 1209 898 circundant,
1235 839 1289 884 et
1323 827 1549 900 Hugone
1569 826 1832 898 episcopo.
1852 826 2014 882 tertio
2031 825 2136 882 ob-

549 926 782 982 sidionis
808 926 895 982 die
915 939 1038 980 cum
1074 921 1191 978 suis
1214 935 1458 992 egresso,
1490 918 1762 974 Robertus
1784 916 2135 973 Treverensis

554 1024 612 1073 et
663 1015 969 1072 Fridericus
1015 1011 1484 1085 Moguneiaeensis
1523 1009 1837 1076 Artaldum,
1886 1009 2017 1079 quia
2055 1007 2135 1064 sic

551 1103 696 1162 sedis
722 1101 980 1160 Romanae
1018 1102 1318 1159 auctoritas
1356 1101 1814 1172 promulgaverat,
1848 1099 1906 1154 in
1946 1099 2130 1154 sedem

549 1197 857 1252 restituunt.

614 1286 774 1343 Anno
799 1287 1047 1358 sequenti
1077 1286 1298 1357 utrique
1339 1299 1493 1357 reges
1531 1284 1702 1355 Aquis
1737 1283 1942 1354 pascha
1986 1283 2130 1339 cele-

545 1379 726 1435 brant.
789 1377 1044 1452 Synodus
1092 1378 1418 1435 denunciata
1455 1377 1600 1433 circa
1644 1376 1881 1430 medium
1926 1375 2132 1432 mensis

544 1467 869 1526 Novembris
904 1468 1164 1525 Virdunis
1197 1479 1282 1524 est
1315 1468 1518 1537 habita,
1545 1466 1868 1538 prtesidente
1893 1465 2134 1523 Roberto

546 1560 860 1617 Trevirensi
887 1577 1011 1617 cum
1041 1561 1266 1616 Artaldo
1297 1559 1572 1625 Remensi,
1619 1558 1951 1630 Berengario
2004 1558 2128 1615 Vir—

547 1649 808 1718 dunensi,
847 1649 1100 1710 Odalrico
1145 1649 1416 1720 Aquensi,
1473 1649 1818 1720 Ad'alberone
1854 1651 2126 1718 Mettensi,

547 1739 785 1798 Gosleno
808 1740 1068 1806 Tullensi,
1097 1738 1430 1794 Hildehaudo
1451 1737 1907 1810 Transrhenensi,
1930 1740 2128 1798 lsracle

545 1830 808 1900 Brittone,
833 1842 1098 1904 praesente
1117 1832 1370 1887 Brunone
1389 1831 1582 1887 abbate
1601 1831 1770 1888 fratre
1791 1835 1934 1904 regis
1958 1832 2128 1890 Otho-

544 1923 653 1994 nis,
689 1923 965 1996 Agenoldo
991 1934 1044 1980 et
1067 1923 1315 1992 0dilone,
1352 1940 1479 1980 eum
1513 1924 1635 1981 aliis
1663 1925 1993 1996 quibusdam
2029 1943 2126 1985 ve-

543 2016 876 2072 nerabilibus
905 2016 1215 2071 abbatibus.
1255 2015 1508 2087 Synodus
1545 2026 1726 2071 autem
1766 2017 1882 2072 haec
1922 2017 1994 2072 ob
2021 2017 2128 2074 hoc

544 2103 770 2162 Virduni
795 2107 1123 2162 denunciata
1147 2105 1271 2174 fuit,
1295 2107 1456 2162 utsic
1481 2107 1660 2163 saltim
1683 2108 1970 2164 interesset
1989 2124 2094 2165 con
2118 2139 2126 2150 σ

540 2193 726 2248 ventui
749 2192 1130 2263 episcoporum
1181 2191 1440 2262 praefatus
1463 2192 1821 2250 Virdunensis
1860 2195 2127 2268 Berenga-

540 2282 679 2350 rius,
715 2283 874 2352 euj-us
906 2291 1056 2338 tanta
1087 2290 1236 2339 esset
1269 2283 1586 2350 auctoritas,
1625 2293 1686 2340 ut
1723 2285 2000 2356 inprobari
2040 2285 2125 2340 vi-

541 2375 784 2444 deretur,
814 2375 960 2447 quod
985 2375 1444 2432 constantissimae
1468 2376 1765 2433 nobilitatis
1795 2377 1915 2448 ejus
1936 2385 2127 2432 auten-

541 2465 652 2521 tica
709 2467 996 2536 praesentia
1041 2481 1153 2520 non
1195 2466 1567 2522 roboraretur.
1626 2467 1706 2523 Ad
1761 2485 1928 2539 quam
1970 2467 2128 2540 Hugo

541 2565 797 2613 evocatus
818 2556 1004 2613 missis
1027 2558 1092 2612 ad
1116 2572 1241 2612 eum
1263 2558 1636 2614 deducendum
1665 2560 1933 2631 episcopis
1959 2559 2126 2616 Adal-

542 2646 750 2703 berone
777 2654 832 2703 et
853 2645 1112 2714 Gosleno,
1139 2647 1324 2703 venire
1345 2648 1538 2702 noluit.
1580 2647 1841 2705 Universa
1867 2665 1996 2704 vero
2033 2667 2128 2722 εξο-

541 2739 722 2795 nodus
771 2725 994 2794 Artaldo
1041 2737 1308 2795 Remense
1355 2739 1632 2810 adjudicat
1676 2741 2038 2811 episcopium,
2072 2750 2128 2796 ct

538 2830 738 2886 iterum
783 2831 1040 2887 indicitur
1083 2832 1326 2904 synodus
1364 2830 1547 2886 ldibus
1582 2828 1849 2896 Januarii,
1889 2847 2012 2902 qua:
2039 2831 2127 2886 die

541 2930 746 2977 statuta
775 2923 1046 2978 celebrata
1089 2932 1175 2979 est
1223 2923 1279 2980 iu
1319 2923 1549 2980 ecclesia
1589 2924 1763 2978 sancti
1805 2923 1952 2978 Petri
2001 2933 2126 2980 ante

542 3021 888 3083 prospectum
924 3015 1089 3070 castri
1112 3013 1343 3069 Mosomi
1365 3031 1396 3069 a
1417 3015 1617 3069 domno
1642 3015 1878 3070 Roberto
1903 3016 2126 3071 ceteris-

542 3123 650 3179 que
682 3105 1020 3164 Trevirensis
1050 3107 1350 3164 dioeceseos
1388 3108 1660 3178 episcopis
1709 3118 1763 3164 et
1798 3109 2123 3179 quibusdam
2153 3143 2196 3203 Ο

543 3198 851 3254 Remensis.
894 3199 976 3254 Ad
1019 3215 1184 3270 quam
1213 3199 1438 3255 veniens
1481 3199 1636 3272 Hugo
1675 3201 1851 3256 noluit
1895 3201 2123 3273 ingredi,

542 3291 637 3347 sed
659 3292 868 3348 litteras
888 3291 1040 3348 misit
1064 3293 1167 3348 sub
1205 3293 1426 3348 nomine
1453 3293 1679 3364 Agapeti
1706 3309 1858 3364 papa:
1891 3310 1988 3365 per
2016 3295 2127 3351 cle-

543 3381 719 3438 ricum
743 3399 930 3452 suum,
961 3385 1056 3454 qui
1081 3400 1176 3441 eas
1216 3384 1391 3440 Roma
1429 3385 1715 3452 detulerat,
1760 3387 1866 3442 hoc
1909 3395 2122 3442 tantum

540 3478 907 3545 continentes,
946 3486 1006 3533 ut
1034 3479 1084 3534 ei
1121 3477 1388 3534 Remense
1419 3479 1736 3534 redderetur
1761 3479 2120 3550 episcopium.

542 3566 661 3630 (fol.
691 3566 824 3638 67’.)
856 3569 993 3636 Quia
1021 3585 1152 3625 vero
1185 3569 1455 3625 Robertus
1469 3569 1829 3636 Trevirensis,
1851 3570 2124 3628 deferente

539 3660 830 3717 Frederico
853 3661 1287 3733 Mogunciacensi
1309 3678 1495 3718 coram
1525 3663 1744 3734 regibus
1772 3657 1826 3717 et
1851 3664 2122 3734 episcopis

539 3747 810 3810 Gallite‘et
829 3753 1133 3810 Germaniae
1160 3754 1475 3808 mandatum
1505 3753 1792 3826 legationis
1813 3756 2124 3825 apostolica:

540 3852 874 3916 susceperat,
897 3853 952 3900 et
973 3853 1180 3914 partem
1201 3843 1468 3913 jussionis
1485 3844 1595 3915 jam
1617 3845 1948 3914 expleverat,
1972 3861 2114 3902 com-

540 3937 695 3991 muni
727 3936 944 3992 decreto
991 3935 1262 3990 sancitum
1286 3943 1370 3989 est
1401 3943 1462 3989 ut
1495 3935 1640 4005 quod
1665 3935 1986 4006 regulariter
2010 3952 2122 3992 cae-

538 4038 692 4098 ptnm
731 4028 927 4096 fuerat,
952 4029 1216 4085 canonice
1255 4037 1700 4099 pertractaretur.
1744 4028 1944 4100 Sicque
1981 4032 2119 4086 reci-

537 4127 654 4175 tato
687 4119 928 4190 capitulo
959 4121 1025 4177 l9
1062 4120 1512 4192 Carthagincnsis
1531 4121 1749 4176 concilii
1775 4122 1842 4178 de
1861 4133 2120 4180 accnsato

535 4223 590 4268 et
611 4221 953 4280 accusatore,
991 4214 1292 4270 secundum
1336 4213 1507 4284 ipsius
1533 4214 1758 4286 capituli
1791 4217 2117 4272 sententiam

533 4307 820 4363 dillinitum
865 4316 950 4364 est
983 4316 1043 4364 ut
1067 4306 1291 4364 Artaldo
1319 4306 1644 4363 Remensem
1679 4317 1895 4363 tenente
1928 4325 2119 4378 parro—

532 4399 713 4456 chiam
755 4397 912 4471 llugo
943 4415 975 4456 a
1011 4399 1401 4456 communione
1429 4406 1484 4453 et
1509 4398 1772 4469 regimine
1799 4398 2114 4465 abstineret,

2235 561 2342 616 que
2393 546 2485 615 l5,
2525 560 2694 602 causa
2731 543 3096 599 maximarum
3125 542 3515 599 dissensionum
3539 544 3653 600 inter
3667 545 3736 602 Ln-

2233 635 2491 692 dovicum
2527 649 2708 706 regem
2755 641 2810 688 et
2851 631 3136 703 Hugonem
3169 631 3483 702 principem,
3519 632 3635 688 inter
3666 635 3740 689 Ar-

2235 725 2441 780 taldum
2467 738 2687 795 quoque
2718 723 3044 778 Remensem
3096 720 3548 791 archiepiscopum
3584 731 3632 777 et
3660 722 3738 778 llu-

2234 831 2428 887 gonem
2455 815 2640 871 illicite
2671 813 3030 870 substitutum
3057 811 3396 883 episcopum,
3437 827 3547 882 qua:
3581 825 3737 883 pertur-

2233 909 2494 966 baverant
2519 922 2682 964 omne
2708 922 2937 978 regnum
2966 904 3327 961 Francorum.
3365 904 3444 960 Ad
3474 904 3598 960 hanc
3617 923 3735 978 syno-

2232 1000 2364 1056 dum
2413 1006 2789 1056 convenerunt
2829 996 3054 1069 triginta
3095 996 3206 1053 duo
3248 995 3479 1068 episcopi
3522 996 3672 1054 Galliae
3701 1011 3737 1055 et

2233 1087 2561 1158 Germaniae,
2607 1103 2747 1160 quos
2780 1087 3008 1159 dignum
3045 1086 3410 1158 indicavimus
3448 1089 3735 1145 subteranno-

2233 1189 2350 1236 tare
2394 1199 2408 1235 :
2452 1179 2726 1236 Robertus
2769 1177 3111 1235 Trevirensis
3135 1220 3150 1246 ,
3198 1178 3449 1235 Artaldus
3499 1178 3736 1248 Bernensis,

2231 1271 2552 1328 Fredericus
2581 1270 3068 1342 Mogonciacensis,
3109 1271 3410 1343 Wigfridus
3445 1273 3736 1343 Coloniensis,

2230 1360 2579 1418 Adaldochus
2625 1359 3178 1439 Hammaburgensis,
3218 1359 3554 1420 Hildeboldus
3594 1365 3736 1421 Mimo-

2230 1453 2731 1525 garnorverdensis,
2770 1451 3038 1509 Goslenus
3070 1451 3364 1520 Tullensis,
3388 1453 3624 1511 Adalbero
3643 1456 3734 1513 Met-

2229 1545 2421 1612 tensis,
2454 1543 2816 1616 Berengarius
2857 1541 3240 1613 Virdunensis,
3286 1543 3559 1601 Fulbertus
3599 1546 3738 1602 Came-

2229 1637 2493 1703 racensis,
2528 1635 2795 1692 Rodulfus
2842 1634 3244 1703 Laudunensis,
3302 1635 3503 1693 Richoo
3550 1637 3738 1694 Worma-

2230 1727 2432 1795 censis,
2469 1725 2822 1783 Reimboldus
2869 1724 3164 1797 Spirensis,
3192 1725 3380 1797 Poppo
3403 1726 3734 1799 Wirsiburgen-

2159 1800 2202 1855 Β
2227 1817 2324 1885 sis,
2341 1816 3129 1882 ChonradusConstantiensis,
3150 1814 3412 1874 Odericus
3434 1818 3736 1890 Auguslensis.

2229 1907 2534 1965 Tethardus
2561 1907 3074 1974 llildinehemensis,
3099 1907 3410 1965 Bernardns
3436 1910 3735 1966 Alfnrsteden—

2228 2002 2328 2070 sis,
2355 2000 2510 2058 Dudo
2541 2001 3070 2069 Paderbrunnensis,
3096 2001 3425 2060 Farabertus
3453 2003 3735 2075 Tungrensis,

2228 2092 2519 2165 Lioptacus
2540 2089 2893 2164 Ribunensis,
2916 2095 3143 2152 Michael
3165 2096 3736 2168 Radisponensis,l)oddo

2227 2183 2722 2258 Osneburggensis,
2757 2186 2944 2244 Everis
2968 2187 3288 2258 Mindensis,
3321 2189 3584 2246 Baldricus
3605 2189 3735 2260 Traje-

2227 2277 2450 2343 ctensis,
2506 2275 2772 2334 lleroldus
2829 2277 3263 2351 Saleburgensis,
3307 2281 3608 2338 Adalbertus
3647 2281 3718 2335 Bai

2228 2367 2463 2435 soensis,
2509 2367 2884 2426 Starchannus
2932 2368 3273 2437 Eistctensis,
3327 2369 3525 2428 llorath
3574 2371 3734 2427 Sltowi-

2227 2463 2428 2529 censis,
2480 2461 2809 2519 Wicbardus
2855 2461 3191 2531 Basiliensis,
3237 2463 3456 2522 Liefdac
3495 2463 3733 2535 Ripuensis.

2229 2553 2346 2624 (fol.
2380 2553 2493 2625 68.)
2524 2553 2906 2611 Residentibus
2939 2571 3069 2626 ergo
3113 2556 3200 2612 his
3233 2558 3549 2628 praesulibus
3572 2557 3616 2611 in
3638 2572 3732 2627 pra-

2225 2645 2369 2700 dicta
2397 2645 2625 2701 ecclesia
2654 2654 2779 2717 post
2811 2646 3122 2716 praemissas
3144 2663 3334 2718 preces
3354 2648 3622 2704 secundum
3644 2663 3733 2703 con-

2229 2737 2570 2792 suetudinem
2599 2737 2906 2793 celebrandi
2938 2739 3177 2805 concilii,
3209 2749 3266 2794 et
3293 2748 3418 2812 post
3440 2740 3660 2795 lectiones
3678 2753 3734 2792 sa-

2227 2846 2334 2888 crm
2367 2832 2731 2897 auctoritatis,
2776 2832 3037 2903 ingressis
3075 2833 3329 2906 gloriosis
3356 2833 3558 2905 regibus
3581 2830 3734 2886 Othone

2227 2933 2282 2979 et
2324 2923 2600 2980 Ludovico
2629 2934 2684 2980 et
2728 2923 2892 2980 simul
2944 2924 3335 2994 residentibus,
3368 2933 3488 2996 post
3519 2922 3732 2979 allocutio--

2228 3032 2352 3072 nem
2374 3015 2567 3072 Marini
2595 3016 2740 3072 sedis
2768 3016 3080 3086 apostolicae
3099 3017 3284 3088 legati,
3321 3032 3540 3086 surgens
3559 3031 3634 3070 rex
3661 3013 3735 3069 Lu-

2227 3107 2453 3163 dovicus
2481 3123 2511 3163 a
2548 3108 2716 3164 latere
2760 3117 2816 3164 et
2852 3123 3116 3164 consessu
3164 3109 3354 3164 domni
3387 3107 3595 3164 Othonis
3619 3106 3733 3176 regis.

2227 3200 2671 3270 proclamationis
2717 3215 2830 3256 sua:
2875 3201 3277 3272 querimoniam
3309 3203 3571 3273 propalam
3602 3213 3733 3256 coram

2225 3288 2402 3359 legato
2431 3290 2735 3362 ceterisque
2782 3291 3192 3348 considentibus
3235 3293 3503 3364 episcopis
3538 3290 3732 3346 referens.

2225 3383 2459 3454 qualiter
2485 3385 2784 3440 accersitus
2813 3385 2936 3440 sita
2959 3386 3346 3443 transmarinis
3374 3385 3649 3458 regionibus
3669 3397 3734 3451 per

2224 3473 2432 3544 legatos
2461 3473 2706 3546 Hugonis
2731 3482 2785 3531 et
2820 3475 3129 3546 principum
3160 3475 3407 3532 Francia:
3436 3477 3498 3531 ad
3533 3473 3733 3542 accipien-

2223 3566 2352 3622 dum
2378 3575 2616 3638 paterna:
2643 3567 2973 3623 hmreditatis
3001 3583 3254 3639 regnum,
3284 3578 3340 3624 et
3367 3578 3650 3624 cunctorum
3668 3577 3732 3614 vo-

2223 3656 2294 3712 tis
2328 3667 2381 3714 et
2407 3659 2891 3714 acclamationibus
2912 3667 3263 3715 consecratus
3289 3659 3358 3714 ad
3379 3659 3572 3730 apicem
3594 3651 3733 3725 regalis

2223 3753 2611 3808 moderaminis
2632 3752 3009 3820 obtinendum,
3036 3761 3226 3822 postea
3248 3768 3382 3808 vero
3423 3753 3488 3807 sit
3512 3766 3538 3805 a
3569 3745 3732 3820 praefato

2223 3844 2448 3917 l-lugone
2492 3845 2633 3900 dolis
2684 3844 2975 3916 appetitus,
3019 3854 3074 3900 et
3123 3845 3560 3915 comprehensus,
3597 3847 3639 3894 ει
3671 3849 3733 3905 νει

2223 3953 2427 3992 annum
2457 3937 2728 4008 integrum
2769 3938 2872 3994 sub
2902 3936 3151 3993 custodia
3181 3937 3454 3992 detentus.
3494 3934 3560 3988 De
3590 3930 3733 4002 quibus

2221 4029 2476 4084 omnibus
2501 4029 2660 4086 malis
2698 4029 2744 4084 si
2784 4029 2911 4099 quis
2960 4028 3224 4099 objiceret
3253 4029 3401 4100 quod
3438 4027 3515 4084 sui
3543 4018 3734 4078 facinoris

2220 4137 2384 4176 causa
2413 4121 2514 4177 ista
2545 4121 2729 4175 omnia
2752 4136 3048 4191 perpessus
3072 4129 3239 4187 esset,
3278 4121 3404 4176 inde
3434 4135 3488 4174 se
3519 4118 3648 4187 juxta
3674 4125 3732 4179 si"

2219 4212 2413 4268 nodale
2436 4211 2704 4282 judicium
2728 4221 2784 4267 et
2805 4211 2948 4282 regis
2975 4209 3210 4267 Othonis
3232 4209 3622 4281 praeceptionem
3639 4216 3732 4272 pur'

2219 4311 2388 4374 garet,
2418 4311 2512 4358 aut
2536 4304 2832 4358 certamine
2861 4303 3126 4374 singulari
3147 4302 3476 4358 defenderet.
3517 4299 3627 4354 Post
3653 4294 3731 4347 hec

2218 4395 2475 4451 Artaldus
2502 4395 2790 4450 Remensis
2811 4395 2947 4450 dixit
2976 4411 3204 4452 causam
3233 4396 3346 4452 litis
3371 4395 3506 4449 inter
3536 4391 3731 4462 ipsumet

530 4491 703 4549 donec
729 4493 798 4548 ad
825 4492 1186 4547 universalem
1213 4491 1481 4562 synodum
1509 4490 1764 4547 Kalendis
1785 4490 2015 4563 Augusti
2057 4509 2116 4549 se
2149 4487 2192 4545 D
2221 4485 2502 4559 llugonem
2536 4487 2725 4543 illicite
2760 4487 2862 4542 sibi
2892 4487 3248 4542 substitutum
3279 4487 3595 4558 episc0pum.
3628 4477 3732 4545 ιηεε·

529 4584 863 4648 purgaturus
910 4585 1241 4632 occurreret.
1297 4575 1454 4642 Quod
1499 4577 1797 4646 capitulum
1829 4577 1886 4632 in
1925 4580 2114 4635 charta

528 4669 887 4738 descriptum,
914 4677 968 4724 et
993 4669 1044 4723 ei
1071 4668 1301 4723 missum
1331 4677 1434 4734 est,
1480 4668 1737 4738 adjuncta
1777 4669 2110 4727 deﬁnitione.

529 4760 706 4826 Quam
747 4768 964 4830 postera
1005 4759 1094 4814 die
1136 4760 1597 4827 retransmittens,
1630 4761 1909 4817 mandavit
1935 4779 1994 4818 se
2019 4780 2110 4818 ne-

525 4865 806 4922 quaquam
855 4850 1222 4906 obediturum.
1280 4849 1490 4905 Interea
1537 4851 1982 4922 proclamationis
2025 4854 2115 4909 lit-

529 4953 659 4999 tera:
701 4959 733 4999 a
774 4943 977 4998 domno
1002 4943 1229 4999 Artaldo
1256 4943 1568 5014 diriguntur
1585 4943 1652 5000 ad
1688 4944 1869 5000 sedem
1903 4943 2112 5002 Roma-

524 5049 673 5090 nam.
715 5033 962 5090 Domnus
999 5035 1166 5106 igitur
1198 5033 1462 5105 Agapitus
1490 5050 1628 5105 papa
1654 5034 1921 5111 vicarium
1947 5052 2106 5092 suum

523 5123 818 5180 Marinum
839 5125 1156 5196 episcopum
1181 5126 1347 5181 mittit
1366 5125 1435 5181 ad
1463 5123 1730 5182 Othonem
1760 5142 1942 5198 regem
1981 5143 2108 5199 pro-

521 5225 642 5287 pter
658 5218 1056 5290 aggregandam
1076 5219 1380 5290 generalem
1406 5218 1696 5291 synodum.
1731 5217 1947 5276 Littera:
1967 5235 2106 5291 quo-

521 5324 627 5380 que
661 5308 834 5380 ipsius
868 5310 1152 5380 speciatim
1186 5310 1368 5367 missae
1400 5319 1529 5366 sunt
1554 5311 1883 5382 quihusdam
1918 5311 2104 5368 Galliae

518 5411 574 5455 et
605 5401 914 5460 Germaniae
938 5403 1230 5474 episcopis,
1265 5412 1326 5459 ut
1361 5405 1715 5460 convenirent
1761 5405 1828 5460 ad
1874 5406 2105 5461 eandem

517 5493 810 5564 synodum.

585 5587 890 5657 Aggregala
924 5595 1009 5642 est
1038 5602 1171 5658 ergo
1205 5586 1461 5657 praedicta
1497 5588 1738 5659 synodus
1765 5589 1817 5644 in
1852 5587 2106 5662 Engilen-

519 5679 570 5731 lu
587 5676 660 5732 im
692 5678 895 5748 palatio
920 5669 1088 5751 regali
1114 5679 1170 5734 in
1190 5679 1420 5735 ecclesia
1441 5680 1617 5734 sancti
1647 5678 1899 5751 Remigii,
1927 5681 1958 5734 7
1979 5680 2105 5737 ldus

523 5769 685 5837 Junii,
734 5787 784 5824 a.
838 5769 966 5835 948,
1017 5769 1311 5826 indictione
1345 5770 1402 5835 6,
1438 5770 1599 5826 tertio
1641 5780 1870 5841 napatus
1916 5769 2102 5827 domui

2217 4588 2335 4635 stus
2366 4579 2548 4651 itaque
2573 4579 2796 4650 quidam
2827 4577 3072 4650 Ilugonis
3097 4579 3330 4635 clericus
3361 4577 3532 4633 attulit
3561 4574 3728 4628 litteras.

2214 4686 2467 4727 asserens
2508 4670 2612 4726 sibi
2659 4685 2752 4726 cas
2785 4671 2941 4726 datas
2991 4670 3060 4726 ab
3104 4670 3224 4741 ipso
3252 4670 3456 4726 vicario
3501 4667 3669 4723 Romae.
3694 4657 3728 4708 in

2215 4763 2415 4836 quibus
2441 4763 2702 4834 scriptum
2735 4773 2852 4820 erat
2895 4763 3042 4834 quod
3081 4765 3264 4819 cuncti
3290 4759 3564 4818 Rcmensis
3586 4755 3731 4811 dicm“

2215 4871 2340 4912 sees
2368 4855 2609 4928 episcopi
2638 4871 2737 4926 pro
2765 4855 3165 4924 restauratione
3191 4853 3436 4927 llugonis
3463 4849 3650 4907 easdem
3669 4842 3728 4894 li!—

2216 4955 2362 5002 teras
2403 4945 2590 5002 Romae
2619 4947 2950 5002 direxerant.
3000 4945 3160 5013 Quod
3193 4961 3322 5001 mox
3354 4942 3635 5000 refutarunt
3662 4932 3729 4984 Ar-

2215 5039 2394 5095 taldns
2417 5037 2705 5095 Remensis
2742 5047 2798 5094 et
2841 5037 3132 5094 Fulbertus
3172 5034 3570 5093 Cameracensis
3591 5039 3634 5084 et
3655 5022 3729 5076 R0-

2211 5129 2416 5198 dulfus,
2439 5131 2534 5201 qui
2557 5131 2610 5184 in
2635 5130 2842 5186 eisdem
2863 5129 3058 5186 litteris
3079 5129 3517 5193 nominabantur,
3535 5128 3728 5178 astruen-

2212 5229 2294 5278 tes
2327 5222 2470 5292 quod
2494 5237 2590 5278 eas
2619 5237 2900 5292 nunquam
2926 5229 3084 5276 antea
3103 5221 3394 5276 audierunt
3416 5217 3495 5272 vel
3517 5211 3728 5268 viderunt.

2211 5328 2386 5383 neque
2422 5313 2477 5368 in
2512 5328 2702 5368 earum
2739 5313 3079 5386 delegatione
3105 5326 3392 5368 assensum
3425 5302 3726 5380 praebuerunt.

2211 5405 2511 5476 Postquam
2542 5420 2672 5476 ergo
2701 5405 2914 5461 delator
2941 5405 3085 5460 idem
3116 5404 3330 5474 publice
3355 5399 3638 5456 confutatus
3655 5393 3728 5444 est.

2211 5499 2509 5554 secundum
2535 5498 2802 5568 judicium
2832 5513 3107 5553 canonum
3133 5497 3449 5552 diaconatus
3473 5503 3571 5560 quo
3588 5482 3726 5572 fungi“

2200 5590 2370 5646 batur
2405 5589 2581 5644 cilicio
2611 5590 2894 5655 multatus,
2927 5603 2958 5642 a
2985 5603 3250 5644 consessu
3291 5582 3482 5656 synodi
3519 5577 3723 5632 absu‘ssﬂ

2211 5681 2550 5752 reprobatus.
2592 5680 2816 5736 Artaldo
2843 5680 3009 5752 igitur
3040 5679 3256 5750 prtesuli
3286 5677 3542 5731 Remense
3564 5663 3723 5735 ενίεεθ·

2210 5771 2361 5839 pium
2411 5770 2784 5840 adjndiratum
2825 5779 2908 5825 est
2935 5769 3088 5840 juxta
3132 5782 3403 5826 canonum
3439 5760 3651 5819 Instituta
3689 5754 3725 5797 ﬂ
