3834 6304
87 388 161 455 135
1248 380 1662 443 CHRONICON.

85 509 342 574 nudorum
377 511 584 576 patrum
629 501 866 559 decreta.
929 496 1180 561 Secunda
1222 501 1487 557 sessionis
1511 498 1599 555 die
1627 495 1672 553 Α

86 598 370 676 suggestione
412 595 629 651 Roberti
654 593 998 653 Trevirensis
1039 603 1095 651 et
1123 592 1434 665 Berengarii
1469 590 1598 646 Vir-

85 690 292 752 dunensis
311 689 362 744 in
389 686 662 760 nugonem
690 686 977 743 Remensis
1007 686 1153 744 sedis
1176 686 1485 742 invasorem
1510 700 1600 757 sy-

84 786 236 843 nodale
262 789 524 854 peractum
548 788 633 835 est
646 779 935 851 judicium.
973 777 1110 835 Nam
1134 778 1433 834 secundum
1472 792 1600 833 san-

86 887 250 934 ctorum
276 872 509 928 instituta
551 886 848 939 canonum,
893 870 1110 927 decreta
1154 880 1369 940 patrum
1409 868 1601 925 beato-

82 984 176 1023 rum
202 964 337 1032 Sixti,
362 963 667 1030 Alexandri,
697 961 1021 1031 Innocentii,
1052 961 1275 1030 Zosimi,
1310 959 1594 1029 Bonifacii,

83 1057 318 1122 Caelestini,
348 1055 562 1124 Leonis,
596 1054 911 1128 Symmachi
931 1063 986 1111 et
1011 1063 1333 1111 ceterorum
1377 1068 1599 1110 excom-

83 1149 433 1204 municaverunt
477 1156 531 1204 et
558 1164 590 1204 a
625 1148 832 1220 gremio
865 1147 1056 1204 matris
1097 1146 1341 1203 ecclesiae
1384 1145 1598 1215 repule-

84 1246 180 1294 runt
200 1254 328 1305 eum,
366 1238 533 1295 donec
561 1239 628 1294 ad
653 1238 1027 1309 pmnitentiam
1055 1245 1110 1293 et
1141 1237 1363 1308 dignam
1390 1236 1598 1292 veniret

83 1330 459 1386 satisfactionem.
496 1330 720 1387 (laeteris
745 1330 938 1386 diebus
966 1329 1160 1403 synodi
1192 1337 1486 1385 tractatum
1512 1338 1597 1385 est

82 1423 131 1477 de
148 1421 333 1478 incestis
351 1422 612 1494 conjugiis
634 1433 688 1479 ct
707 1424 954 1499 ecclesiis
974 1439 1096 1494 qum
1116 1422 1405 1487 dabantur,
1426 1421 1596 1479 immo

80 1514 389 1570 vendebantur
413 1516 747 1587 presbyteris
790 1517 844 1571 in
891 1514 1140 1587 partibus
1174 1513 1499 1584 Germaniae,
1541 1522 1598 1572 et

81 1605 293 1662 dabantur
308 1606 452 1663 laicis
481 1608 686 1675 illicite,
712 1617 766 1664 et
793 1608 1129 1680 prohibitum
1150 1623 1216 1663 ac
1243 1615 1504 1664 statutum
1527 1623 1597 1665 ne

83 1687 121 1752 id
139 1698 324 1753 omnino
349 1710 768 1770 praesumeretur
812 1701 882 1756 ab
912 1701 1115 1771 aliquo.
1158 1698 1475 1756 Tractatum
1511 1707 1597 1757 est

81 1796 121 1843 et
139 1789 191 1845 de
212 1790 316 1847 aliis
346 1791 533 1847 multis
558 1793 804 1848 ecclesiae
834 1793 1178 1849 utilitatibus.

130 1879 296 1938 Interea
318 1897 406 1939 rex
435 1881 582 1939 Otho
622 1880 846 1955 rogatus
896 1901 927 1940 a
969 1884 1247 1942 Ludovico
1278 1884 1591 1943 Conradum

80 1972 225 2028 ducem
249 1990 359 2031 cum
388 1974 841 2035 Lothariensibus
864 1979 920 2033 in
948 1978 1069 2049 ejus
1102 1980 1271 2034 mittit
1304 1981 1591 2051 auxilium,

79 2069 119 2118 et
154 2064 257 2121 dum
303 2076 657 2140 congregatur
697 2070 991 2138 exercitus,
1036 2071 1293 2128 Artaldus
1348 2083 1596 2130 moratur

78 2171 170 2209 cum
195 2154 505 2227 Trevirense,
528 2175 623 2216 rex
652 2159 961 2217 Ludovicus
992 2178 1117 2218 cum
1144 2163 1301 2231 duce,
1326 2164 1615 2225 Rodulfus.

80 2243 385 2305 Laulunensis
407 2265 534 2305 eum
566 2250 835 2307 Alberone
861 2251 1130 2310 Mettensi.
1172 2253 1456 2313 Exercitus
1487 2256 1593 2313 Lo-

78 2336 364 2395 thariensium
409 2341 721 2398 Mosomum
763 2345 927 2414 capit,
972 2354 1028 2402 et
1072 2347 1430 2405 munitionem
1471 2365 1594 2421 qua:

79 2423 227 2480 dicitur
255 2426 398 2485 Mons
433 2438 635 2488 acutus
671 2435 798 2488 ante
840 2432 1166 2492 Laudunum
1208 2438 1373 2509 capit.
1420 2438 1592 2495 Porro

78 2515 257 2587 episcopi
279 2517 660 2577 Lotharienses
688 2521 1013 2580 Laudunum
1041 2527 1283 2596 veniunt,
1308 2527 1589 2600 Hugonem

79 2616 263 2693 exparte
292 2608 474 2667 Marini
504 2622 725 2682 vocant,
764 2623 819 2671 et
848 2616 928 2672 sic
954 2617 1022 2673 ad
1051 2634 1150 2673 sua
1178 2620 1425 2676 redeunt.
1468 2619 1585 2693 (fol.
1613 2673 1627 2687 ,

78 2692 313 2769 68‘.)Hugo
336 2717 459 2757 vero
491 2703 748 2775 princeps
773 2703 1175 2763 Suessionicam
1201 2709 1390 2765 urbem
1412 2726 1589 2782 oppu-

78 2795 183 2853 gnat,
207 2801 410 2849 matrem
437 2795 731 2851 ecclesiam
768 2813 894 2853 cum
920 2807 1073 2869 parte
1097 2800 1333 2857 civitatis
1363 2817 1589 2857 succen-

76 2878 144 2945 dit,
166 2880 210 2935 in
233 2881 468 2942 Remensi
492 2887 772 2943 territorio
794 2889 953 2946 villas
981 2906 1105 2946 cum
1130 2891 1444 2948 hominibus
1464 2908 1588 2949 suc-

75 2971 222 3040 cmdit,
244 2982 291 3031 et
323 2978 486 3034 multa
522 2979 665 3033 mala
691 2980 819 3052 agit.
860 2979 968 3037 Pro
995 2982 1194 3054 quibus
1221 2992 1274 3039 et
1299 2984 1420 3041 aliis
1446 2986 1589 3040 mul-

75 3062 138 3130 t’s,
154 3074 195 3120 et
214 3068 323 3137 quia
342 3080 569 3128 vocatus
594 3071 663 3128 ad
683 3074 976 3131 concilium
998 3076 1184 3131 venire
1205 3077 1397 3145 noluit,
1422 3094 1451 3133 a
1473 3077 1588 3134 Ma-

73 3152 160 3208 rino
178 3165 222 3212 et
239 3159 345 3252 aliis
368 3162 644 3234 episcopis
668 3163 915 3221 Francia!
938 3174 992 3223 et
1012 3166 1251 3224 Roberto
1279 3168 1583 3227 Trevirensi
1613 3194 1655 3252 (ς

72 3250 258 3317 sequenti
306 3255 512 3325 synodo
563 3262 1069 3316 excommunicatur
1118 3261 1261 3331 apud
1309 3261 1580 3319 Treviros.

70 3333 332 3401 Ceterorum
354 3362 479 3404 vero
503 3349 887 3427 episcoporum
904 3350 1341 3410 Lothariensium
1369 3363 1423 3410 et
1450 3356 1585 3412 Ger-

70 3442 290 3490 manorum
312 3439 490 3497 nullus
520 3440 594 3497 ibi
626 3441 799 3498 affuit.
841 3442 1053 3511 Quibus
1090 3447 1318 3516 expletis
1343 3446 1586 3507 Marinus

70 3522 175 3579 vadit
218 3527 493 3588 Saxoniam
533 3534 603 3590 ad
636 3537 1104 3593 consecrationem
1143 3538 1437 3597 Vuldensis
1466 3558 1586 3599 mo-

69 3618 252 3687 nasterii,
286 3631 335 3678 et
369 3623 448 3682 sic
484 3625 721 3683 Romam
759 3631 1070 3686 revertitur.

117 3708 240 3766 Anno
257 3718 494 3787 sequenti
519 3719 756 3777 domnus
784 3721 1057 3794 Agapetus
1077 3740 1215 3796 papa
1240 3723 1426 3782 Romae
1448 3742 1583 3783 con-

68 3796 203 3889 cilium
229 3805 421 3878 habuit,
457 3811 522 3866 in
556 3827 667 3882 quo
694 3814 1041 3871 conﬁrmavit
1072 3832 1136 3872 ea
1186 3833 1309 3888 quae
1346 3817 1402 3872 in
1440 3834 1583 3889 prte-

69 3885 144 3944 fata
160 3898 338 3964 synodo
355 3911 473 3957 acta
513 3912 660 3959 sunt.
701 3902 917 3978 [FLom]
956 3905 1087 3963 Post
1116 3885 1233 3964 haec
1276 3885 1584 3968 Ludovicus

66 3988 103 4033 et
132 3980 258 4057 Hugo
286 4002 554 4061 pacantur
595 3994 663 4050 ad
708 3997 962 4065 invicem,
1013 4000 1380 4057 mediantibus
1420 4010 1585 4073 atqm:

67 4081 296 4143 Equestris
323 4082 579 4143 Conrado
601 4087 758 4155 duce,
785 4087 1011 4161 Hugone
1033 4089 1216 4163 Nigro,
1244 4093 1584 4150 Adalberone

64 4163 339 4254 EtFulberto
365 4178 659 4250 episcopis.
700 4178 842 4237 Otho
862 4198 1080 4254 quoque
1112 4199 1209 4240 rex
1232 4183 1585 4242 Wenedos-et

64 4249 286 4350 Fungaros
311 4268 409 4325 sibi
438 4249 646 4327 subdit.
686 4249 1047 4346 Berengarius
1077 4276 1300 4347 quidam
1330 4277 1584 4350 princeps

62 4340 199 4444 italiae,
221 4371 433 4430 veneno,
460 4373 525 4418 ut
547 4361 739 4432 fertur,
768 4340 961 4422 necato
992 4340 1253 4425 Lotliario
1292 4340 1418 4442 rege
1439 4340 1582 4444 regis

60 4433 244 4511 llugonis
274 4451 402 4522 lilio,
428 4471 529 4512 rex
568 4444 798 4515 edicitur
841 4459 1025 4517 Italiae.
1081 4461 1251 4520 Porro
1301 4433 1398 4522 rex
1439 4433 1582 4522 Otho

59 4524 226 4631 Papiam
256 4545 407 4615 cepit.
443 4546 586 4604 Cum
610 4550 757 4606 enim
781 4552 885 4608 iret
912 4553 968 4608 in
991 4552 1221 4624 Italiam,
1249 4557 1579 4631 Berengario

56 4625 229 4718 prefato
251 4633 303 4690 in
330 4638 446 4708 ejus
477 4641 715 4698 adventu
745 4643 1005 4718 fugiente,
1058 4664 1153 4704 rex
1196 4625 1454 4707 eamdem
1486 4669 1581 4708 ur-

57 4711 146 4772 hom
164 4722 457 4802 ingreditur,
489 4744 545 4791 et
575 4711 1082 4795 uxomvaotharii
1126 4743 1271 4815 regis
1312 4743 1577 4813 defuncti,

55 4826 243 4908 sutorem
286 4823 521 4885 Conradi
558 4830 705 4903 regis
735 4829 1002 4901 Jurensis,
1041 4834 1328 4906 cenjugem
1371 4839 1579 4908 accepit

54 4898 360 4972 Adheleidam.
422 4898 826 4994 Sopitavigitur
853 4898 1252 4994 aliquantulum
1292 4898 1577 4998 perverso—

53 5007 141 5089 mfll
166 5001 455 5080 insolentia,
478 5013 696 5072 donnus
725 5013 1087 5089 Bemngarius
1122 5019 1436 5076 commissis
1474 5020 1578 5077 sibi

52 5085 198 5183 "filius
214 5101 483 5183 exemplar
504 5112 558 5161 et
580 5107 860 5178 speculum
885 5085 1055 5165 totius
1074 5109 1354 5183 religionis
1370 5120 1426 5167 et
1446 5128 1575 5168 san-

49 5180 204 5267 ttitalis
229 5182 418 5259 factus,
447 5193 699 5249 studebat
723 5193 779 5250 in
816 5211 875 5251 se
901 5196 1141 5267 primum
1178 5180 1234 5254 et
1260 5199 1417 5256 sicin
1444 5200 1576 5257 sub-

49 5259 153 5321 ditos
177 5276 323 5333 noxia
347 5290 402 5336 et
428 5284 702 5353 superflua
751 5302 1022 5355 resecare,
1064 5288 1360 5360 depravata
1401 5292 1577 5349 corri-

47 5364 153 5423 εθτε,
174 5376 366 5439 sancta,
397 5371 623 5431 honesta
665 5384 721 5433 et
754 5378 907 5433 utilia
951 5389 1224 5450 appetere.
1259 5381 1575 5441 Preferebat

47 5455 210 5545 “TW
235 5456 520 5520 honestum
564 5467 713 5536 utili;
750 5470 902 5531 nullo
935 5479 1160 5541 terrore,
1204 5474 1357 5531 nullo
1384 5485 1570 5545 metu,

48 5539 155 5638 “Qui
183 5548 482 5613 adulatione
509 5572 542 5615 a
564 5575 695 5618 vero
726 5562 1119 5622 deﬂectendum
1147 5539 1401 5638 putabat.
1449 5539 1567 5624 Non

1624 1846 1667 1906 Β

1703 411 1771 423 --
1808 380 1937 436 LIB.
1974 379 2020 436 l.
2256 382 2261 385 ’
2796 422 2809 431 κ
3176 378 3283 435 1-80

1698 496 1963 553 mundum
1988 508 2100 550 non
2119 506 2276 562 esse;
2296 490 2410 549 non
2436 489 2665 549 timebat
2685 499 3001 566 egestatem,
3026 508 3157 565 quia
3189 494 3277 548 ni-

1697 589 1808 646 chil
1830 587 2060 660 sapienti
2095 587 2287 644 deesse
2325 585 2551 654 sciebat,
2602 595 2658 642 et
2703 587 2793 644 cui
2840 595 2989 645 totus
3038 586 3280 644 mundus

1697 685 1852 740 locus
1880 682 1953 739 sit
1975 680 2306 738 divitiarum.
2344 675 2627 737 Laudabat
2654 679 2835 736 virum
2875 680 2969 752 qui
3000 695 3135 737 auro
3158 693 3278 736 mo-

1695 775 1812 832 veri
1840 774 2094 843 nesciret,
2126 780 2496 845 contemptum
2538 772 2762 830 haberet
2805 774 3138 840 divitiarum,
3180 774 3273 846 qui

1696 869 1845 925 velut
1867 883 1933 924 ex
1954 882 2079 924 arce
2101 866 2335 938 quadam
2357 866 2659 936 despiceret
2682 866 2965 922 hominum
3004 866 3274 938 cupidita-
3313 894 3321 903 ι

1697 970 1801 1030 tes,
1831 971 1886 1017 et
1911 977 2037 1019 cum
2057 961 2321 1033 propheta
2351 959 2405 1014 in
2433 960 2684 1016 laudibus
2719 959 2864 1015 illius
2893 960 3233 1017 exclamabat
3258 981 3271 1017 :

1698 1053 1831 1120 Quis
1851 1062 1950 1121 est,
1973 1053 2247 1124 inquiens,
2273 1059 2324 1108 et
2359 1049 2694 1106 laudabimus
2738 1068 2857 1106 eum
2881 1052 2907 1105 1’
2943 1051 3095 1106 Fecit
3133 1055 3274 1108 enim

1696 1144 1972 1199 mirabilia
1992 1145 2049 1199 in
2070 1144 2183 1199 vita
2216 1159 2316 1198 sua
2342 1141 2534 1214 (Eccli.
2570 1159 2723 1210 xxxi,
2760 1143 2836 1215 9).
2877 1142 3272 1201 Admirandum

1694 1240 1909 1297 dicebat
1950 1241 2045 1312 qui
2072 1239 2289 1297 divitias
2324 1247 2621 1310 sperneret,
2660 1255 2798 1310 quas
2831 1240 3077 1312 plerique
3108 1243 3273 1299 saluti

1694 1330 1927 1404 propriae
1948 1332 2321 1404 praetulerunt.
2362 1329 2675 1386 Declinabat
2711 1331 3015 1398 avaritiam,
3039 1341 3094 1388 et
3124 1335 3273 1389 omni

1695 1425 1874 1481 studio
1901 1424 2212 1481 intendebat
2236 1439 2303 1479 ne
2331 1423 2461 1494 quid
2483 1422 2683 1478 faceret
2704 1423 2964 1480 adversus
2980 1425 3270 1493 justitiam,

1695 1514 1791 1569 sed
1818 1514 1872 1568 in
1902 1513 2157 1570 omnibus
2184 1512 2440 1585 operibus
2460 1513 2758 1568 custodiret
2783 1528 2923 1569 eam.
2966 1514 3273 1589 Redargue-

1695 1603 1789 1658 bat
1819 1602 2440 1672 delinquentes,nullius
2477 1601 2535 1656 in
2575 1600 2781 1672 judicio
2810 1617 3100 1673 personam
3127 1606 3273 1660 acci-

1694 1695 1897 1767 piebat,
1925 1693 2097 1766 gratia
2121 1693 2327 1767 aberat,
2352 1707 2645 1748 causarum
2690 1693 2883 1749 merita
2930 1694 3272 1761 decernebat,

1695 1787 2079 1860 gravissimum
2134 1788 2383 1859 judicans
2430 1802 2725 1858 pauperem
2783 1787 3129 1844 innocentem
3187 1804 3278 1845 ar-

1695 1897 1882 1955 guere,
1910 1880 2131 1937 divitem
2166 1897 2427 1938 excusare
2458 1896 2612 1937 reum
2648 1882 2838 1952 culpae.
2878 1881 2935 1937 In
2963 1897 3130 1940 causa
3159 1883 3275 1953 Dei,

1694 1972 1788 2028 ubi
1833 1972 2237 2028 communionis
2277 1973 2580 2044 periculum
2627 1982 2871 2043 noverat,
2918 1975 3080 2030 etiam
3115 1976 3277 2032 dissi-

1693 2065 1903 2121 mulare
1930 2074 2211 2136 peccatum
2260 2066 2474 2122 dicebat
2513 2081 2623 2122 non
2668 2066 2814 2134 leve;
2860 2068 3274 2125 commendabat

1693 2159 1843 2216 omni
1870 2160 2154 2216 sedulitate
2181 2159 2636 2215 existimationem
2663 2175 2839 2227 suam,
2867 2169 2927 2217 ut
2964 2161 3277 2218 obstruere-

1692 2260 1785 2307 tur
1812 2267 1876 2308 os
1896 2253 2139 2308 omnium
2167 2251 2353 2322 iniqua
2377 2251 2526 2322 loqui
2554 2252 2872 2307 volentium.
2916 2252 3277 2323 Spectabatur

1692 2344 1763 2401 ab
1789 2345 2045 2402 omnibus
2065 2344 2422 2401 admiratione
2443 2344 2723 2416 sapientia:
2744 2354 2798 2401 et
2824 2361 3012 2401 amore
3028 2346 3274 2417 justitize,

1691 2437 2034 2509 prudentiam
2079 2437 2287 2494 habens
2318 2435 2470 2494 vocis
2497 2436 2812 2493 testimonio
2845 2452 2968 2493 reos
2994 2435 3277 2494 confutare

1668 2538 1745 2591 Aet
1778 2530 2120 2595 convincere,
2159 2529 2429 2600 justitiam
2469 2544 2689 2601 quoque
2717 2540 2975 2586 nocentes
3010 2532 3277 2602 supplicio

1689 2621 1841 2688 dare,
1876 2621 2192 2677 innocentes
2223 2623 2547 2678 subducere.
2586 2622 2668 2677 Ad
2697 2623 2879 2678 omnia
2922 2624 3274 2680 habundahat

1689 2712 1857 2767 animi
1879 2713 1998 2785 ejus
2027 2713 2230 2769 directa
2264 2714 2605 2786 simplicitas,
2638 2714 2889 2771 vincebat
2920 2716 2975 2770 in
3008 2717 3265 2774 omnibus

1688 2807 1943 2878 operibus
1972 2806 2092 2877 ejus
2117 2806 2407 2864 utilitatem
2457 2809 2737 2876 honestas,
2789 2823 2896 2865 non
2931 2809 3271 2865 honestatem

1688 2900 1914 2957 utilitas.
1955 2899 2135 2957 Nichil
2158 2901 2214 2956 in
2240 2916 2306 2957 eo
2327 2909 2443 2957 arte
2467 2901 2728 2970 elicitum,
2752 2900 2922 2959 nichil
2946 2911 3065 2958 erat
3084 2901 3275 2960 fraude

1687 2993 2046 3064 compositum
2075 3036 2091 3062 ,
2147 2994 2293 3065 quod
2349 3002 2561 3057 careret
2616 2993 2815 3050 merito
2882 2977 3267 3065 simplicitatis.

1688 3084 1806 3157 (fol.
1855 3085 1969 3160 69.)
2008 3085 2272 3142 Servabat
2299 3102 2464 3158 quam
2502 3086 2740 3142 maxime
2767 3086 3089 3142 naturaliter
3139 3087 3275 3143 insi-

1690 3186 1801 3233 tam
1843 3179 1948 3235 sibi
1976 3180 2220 3251 regulam
2255 3179 2482 3251 justitim
2504 3195 2615 3235 non
2644 3178 2916 3235 declinare
2941 3192 2970 3235 a
3003 3194 3153 3247 vero,
3176 3197 3274 3237 vas

1687 3286 1847 3326 suum
1868 3271 1923 3326 in
1947 3272 2231 3329 sanctitate
2256 3272 2553 3343 possidere,
2577 3271 2916 3328 honestatem
2932 3271 3146 3343 opibus,
3174 3273 3274 3327 ho-

1685 3361 1932 3428 noribus,
1957 3362 2312 3433 dignitatibus
2339 3361 2624 3433 prteferre;
2650 3361 2818 3418 nichil
2841 3361 2894 3416 in
2934 3378 2993 3418 se
3020 3377 3143 3418 esse
3175 3378 3275 3432 pa-

1687 3452 1923 3509 tiebatur
1945 3454 2262 3510 simulatum
2288 3462 2343 3510 et
2362 3455 2568 3521 lictum,
2601 3454 2748 3525 quod
2767 3454 2894 3510 licet
2923 3454 2978 3508 in
2999 3452 3272 3524 principio

1684 3551 1955 3612 vernaret,
2004 3543 2059 3600 in
2112 3560 2375 3616 processu
2411 3545 2770 3616 dissiparetur
2812 3553 2871 3601 ut
2909 3544 3168 3601 flosculus
3217 3554 3274 3601 et

1687 3636 2005 3703 solveretur,
2063 3637 2198 3709 quin
2248 3638 2431 3709 potius
2480 3653 2669 3693 verum
2713 3646 2768 3695 et
2813 3638 3089 3694 sincerum
3123 3638 3270 3709 quod

1684 3729 1792 3784 alta
1820 3730 2000 3786 radice
2029 3728 2368 3787 fundaretur.
2412 3729 2504 3786 Sic
2526 3747 2624 3802 per
2654 3733 2913 3789 exercitia
2937 3733 3065 3788 boni
3087 3733 3269 3803 operis

1684 3820 1915 3878 formam
1937 3823 2102 3879 dabat
2130 3824 2361 3882 subditis
2393 3824 2462 3880 ad
2487 3822 2798 3881 felicitatem
2819 3827 3039 3883 tendere
3067 3827 3270 3897 sempi-

1684 3924 1852 3972 ternae
1880 3915 2097 3987 quietis.
2139 3916 2300 3972 Anno
2332 3916 2497 3990 igitur
2539 3917 2883 3988 episcopatus
2933 3917 3017 3974 sui
3060 3918 3268 3974 duode-

1683 4008 1847 4076 cimo,
1896 4009 1966 4066 ab
2008 4009 2382 4066 incarnatione
2426 4008 2643 4065 Domini
2674 4010 2800 4078 951,
2847 4010 3127 4066 indict.....
3175 4009 3265 4075 ⁸⁸⁸,

1683 4100 1872 4156 videns
1893 4100 2034 4156 filios
2061 4115 2191 4156 suos
2220 4109 2282 4156 ut
2312 4108 2513 4156 terram
2536 4099 2826 4157 fecundam
2861 4101 3077 4159 sincero
3100 4100 3266 4157 tritici

1684 4206 1854 4262 grano
1876 4190 2220 4258 seminatam,
2251 4199 2306 4248 et
2324 4192 2601 4262 puriorem
2627 4201 2681 4248 et
2702 4193 3006 4249 uberiorem
3032 4210 3266 4249 messem

1682 4282 2109 4354 promittentem,
2138 4283 2558 4353 multiplicatum
2608 4285 2832 4341 reddere
2866 4285 3013 4355 quod
3039 4300 3265 4355 accepe-

1682 4383 1824 4443 rant,
1854 4382 1909 4430 et
1931 4374 2120 4430 dolens
2141 4375 2410 4446 quosdam
2444 4391 2637 4432 eorum
2664 4374 3005 4459 perfectioris
3028 4377 3266 4432 vitaede-

1684 4467 1886 4525 siderio
1917 4475 1970 4523 et
2008 4467 2217 4523 altioris
2238 4467 2503 4539 propositi
2541 4482 2727 4525 amore
2762 4465 3166 4525 ferventissimo
3195 4468 3265 4522 ad

1612 4536 1656 4593 ί)
1680 4559 1890 4616 vicinas
1938 4559 2187 4617 dioceses
2228 4561 2587 4634 commigrare
2618 4569 2672 4618 et
2711 4560 3075 4617 monasticam
3116 4559 3267 4615 ordi-

1681 4667 1828 4719 nem,
1851 4652 1980 4723 quia
2010 4652 2066 4708 in
2092 4653 2210 4723 ipsa
2232 4651 2562 4710 Virdunensi
2590 4653 2723 4709 urbe
2755 4669 2862 4709 non
2887 4651 3267 4709 inveniebatur

1680 4741 1768 4817 (G.
1799 4743 1947 4799 Vird.
1973 4744 2051 4817 2),
2091 4744 2221 4801 alibi
2245 4754 2515 4816 expetere,
2556 4746 2958 4803 communicato
2979 4745 3107 4800 cleri
3134 4760 3235 4814 pro

1678 4852 1974 4908 eorumque
2006 4837 2239 4893 consilio
2283 4838 2337 4893 in
2370 4838 2611 4908 sepefata
2655 4838 2899 4894 (ecclesia
2943 4845 3260 4894 sanctorum

1676 4928 2048 4999 apostolorum
2070 4928 2217 4985 Petri
2242 4937 2297 4985 et
2318 4928 2473 4985 Pauli
2499 4930 2708 4984 honore
2726 4927 2993 4998 dedicata,
3020 4928 3113 4985 ubi
3137 4945 3262 5000 pre-

1676 5021 1864 5078 ciosus
1888 5019 2105 5077 Domini
2128 5020 2413 5078 confessor
2442 5019 2673 5075 Vitonus
2714 5035 2838 5075 cum
2877 5020 2993 5077 suis
3027 5021 3262 5093 quiescit

1676 5121 1732 5168 et
1758 5122 2047 5169 veneratur
2068 5113 2561 5185 prtedecessoribus
2595 5120 2650 5168 et
2684 5115 3110 5182 successoribus,
3140 5131 3259 5170 mo-

1677 5206 1976 5262 nachorum
2009 5207 2205 5279 delegit
2242 5204 2536 5262 turmulam
2567 5220 2880 5277 aggregare,
2909 5207 3003 5278 qui
3037 5216 3091 5263 et
3132 5223 3260 5278 pro—

1673 5295 1899 5365 pensius
1955 5295 2155 5351 divinis
2208 5293 2546 5350 deservirem
2597 5294 2868 5363 cultibus,
2915 5304 2970 5352 et
3000 5296 3259 5352 omnibus

1676 5387 1894 5445 Christo
1919 5389 2179 5445 adherere
2213 5386 2520 5443 volentibus
2560 5384 2793 5442 formam
2818 5386 3010 5443 darent
3036 5387 3259 5442 humili—

1677 5479 1805 5537 tatis
1843 5488 1897 5534 et
1938 5480 2231 5550 patientiae,
2260 5488 2320 5535 ut
2348 5479 2431 5535 vel
2458 5479 2540 5536 sic
2569 5494 2679 5535 non
2707 5486 3030 5552 cogerentur
3052 5478 3121 5535 ad
3149 5479 3257 5534 afia

1675 5569 1931 5627 secedere
1952 5570 2046 5642 qui
2068 5570 2329 5627 haberent
2348 5580 2599 5642 paratum
2621 5587 2733 5642 pra:
2758 5570 2934 5628 oculis
2977 5570 3255 5642 specimen

49 5629 291 5704 "fugiebat
329 5648 573 5724 exilium,
612 5654 742 5727 quia
783 5666 1009 5715 noverat
1056 5629 1287 5732 sapienti
1333 5663 1567 5734 patriam
1675 5629 1986 5735 religionis:
2023 5660 2089 5718 Et
2121 5661 2323 5720 factum
2348 5629 2453 5719 ἐει
2496 5629 2679 5721 divina
2713 5629 3038 5735 cooperante
3080 5663 3253 5736 gratia

1295 5751 1526 5809 V'Alll/E
1561 5751 1961 5811 LECTlONES.
2936 5754 2949 5761 ’

92 5811 145 5846 "‘
175 5836 403 5885 numerus
439 5829 509 5887 rx
545 5835 686 5888 dces:
727 5837 781 5891 in
821 5854 866 5891 ε.
