3834 6304
559 356 662 416 {87

1586 349 1888 407 llUGONlS
1923 352 2216 410 ABBATIS
2248 354 2820 415 FLAVINIACENSIS
3673 371 3738 427 l88
3802 380 3803 447 ι

559 478 621 525 et
650 466 737 525 sui
774 464 1072 525 sacerdotis
1096 463 1277 521 cordis
1304 461 1492 517 intima
1517 463 1905 531 ‘perlustrante,
1954 472 2014 518 ιιι
2050 464 2149 519 de-
2180 468 2223 526 Α
2253 465 2503 523 cidernnt
2542 469 2626 524 vel
2662 468 2949 541 sanguinis
2978 469 3072 540 qui
3099 468 3304 526 effusus
3331 470 3500 539 fuerit,
3529 475 3622 531 sive
3639 478 3737 535 vice-
3802 460 3803 469 χ

557 563 820 620 siderium
847 569 1121 627 sanctum,
1156 557 1302 629 quod
1330 555 1540 612 diutina
1568 556 1919 613 meditatione
1953 576 2149 616 conce—

558 655 712 727 ptuin
734 655 997 711 dilatione
1017 657 1277 715 creverat,
1313 647 1437 703 felix
1479 658 1907 720 consequeretur
1931 661 1984 706 et
2006 654 2150 708 celer

557 748 806 813 effectus,
848 754 904 801 et
943 742 1195 799 desiderii
1223 740 1309 796 sui
1340 749 1476 811 quot
1526 749 1711 809 testes,
1758 750 1837 798 tot
1884 743 2150 801 inveniret

558 848 941 910 cooperatores
993 844 1045 889 et
1100 833 1396 904 adjutores.
1436 832 1691 904 Expulsis
1744 850 1874 906 ergo
1933 838 2149 895 clericis

560 931 856 986 monachos
877 925 1192 992 introduxit,
1222 925 1426 995 quibus
1447 934 1501 980 et
1523 941 1591 980 ex
1620 942 1718 982 sua
1744 928 2076 998 proprietate
2094 940 2149 985 et

558 1021 626 1076 de
648 1020 809 1074 rebus
832 1016 1022 1071 matris
1043 1016 1303 1072 ascclesize
1325 1031 1540 1072 annuos
1560 1027 1854 1087 proventus
1876 1020 2146 1076 redituum

555 1120 610 1166 et
650 1110 825 1164 victus
881 1108 1224 1179 vestitusque
1279 1110 1593 1165 necessaria
1641 1112 2044 1181 prmordinavit,
2094 1124 2149 1170 et

554 1215 792 1271 congrua
828 1199 1170 1254 ofﬁcinarum
1222 1200 1532 1256 habitacula
1575 1204 1919 1273 przeparavit,
1970 1206 2145 1277 magi-

551 1300 697 1347 stros
722 1292 907 1362 operis
946 1292 1304 1347 conducendo
1342 1300 1396 1347 et
1423 1309 1690 1363 expensas
1735 1295 2044 1365 tribuendo,
2086 1305 2147 1353 ut

552 1384 818 1440 inveniret
839 1386 1037 1440 anima:
1070 1401 1185 1442 suae
1221 1386 1461 1456 requiem
1493 1396 1618 1456 post
1644 1387 1885 1444 laborem
1910 1390 1964 1444 in
1994 1391 2148 1449 atriis

551 1475 918 1541 Hierusalem,
943 1492 1067 1546 qua:
1099 1486 1159 1531 ut
1180 1477 1371 1533 civitas
1391 1478 1692 1546 editicatur,
1726 1487 1779 1534 et
1805 1481 2148 1552 participatio

552 1569 675 1637 ejus
724 1569 783 1624 in
836 1569 889 1625 id
937 1569 1138 1639 ipsum.
1204 1570 1469 1626 Abbatem
1521 1586 1740 1642 quoque
1783 1572 1865 1628 eis
1911 1573 2148 1629 instituit

554 1659 938 1727 llumbertum,
975 1662 1042 1717 de
1074 1663 1304 1718 cenobio
1336 1663 1508 1718 sancti
1546 1663 1676 1734 Apri
1706 1664 1886 1720 virum
1924 1666 2145 1739 religio-

551 1770 700 1822 sum,
754 1763 813 1810 ut
855 1756 909 1810 in
950 1756 1140 1812 charta
1192 1772 1362 1812 manu
1407 1756 1526 1828 ejus
1583 1757 1794 1829 signata
1850 1759 2144 1829 invenitur,

2249 559 2637 627 dominarium,
2668 562 2949 632 placitum,
2995 569 3051 617 et
3075 578 3295 618 cursum
3321 580 3486 635 aqua»,
3514 583 3592 622 seu
3611 585 3735 626 corre-

2248 651 2494 720 ptionem
2515 654 2763 709 omnium
2789 669 3196 722 mensurarum,
3227 656 3457 726 exceptis
3488 659 3738 733 alodiisqua
3802 651 3803 703 ἶ

2248 742 2502 799 homines
2530 752 2718 801 tenent
2766 746 2833 802 ad
2886 746 3145 817 placitum
3191 749 3437 818 generale
3454 751 3737 821 respicientes.
3802 770 3803 821 ι

2247 842 2302 889 et
2355 835 2587 904 publica:
2658 837 2758 892 vite
2814 838 3141 906 transitum;
3199 839 3268 894 ad
3332 838 3552 897 Ballonis
3591 854 3738 901 curtcm

2248 941 2440 982 mansa
2468 943 2564 983 sex
2588 946 2602 995 ;
2641 929 2709 985 ad
2730 929 3061 986 Frasn’idum
3092 946 3283 987 mansa
3305 941 3549 1003 quatuor;
3575 937 3627 991 ad
3644 935 3740 992 Cru-

2247 1034 2365 1074 cem
2388 1020 2675 1076 ecclesiam
2708 1038 2903 1089 unam;
2933 1022 3002 1078 ad
3031 1022 3284 1080 Castonis
3315 1034 3509 1091 curtem
3529 1027 3740 1083 ecclesiam

2248 1124 2413 1164 unam
2433 1127 2448 1176 ;
2472 1111 2538 1165 ad
2561 1109 2768 1166 Novam
2799 1112 2983 1167 villam
3008 1114 3309 1169 zecclesiam
3338 1130 3493 1170 unam
3519 1132 3622 1172 cum
3649 1117 3741 1173 dua-

2248 1198 2352 1255 bus
2410 1201 2635 1270 capellis
2667 1201 2783 1257 suis
2831 1211 2888 1257 et
2924 1218 3051 1257 cum
3098 1219 3209 1258 una
3245 1205 3467 1260 ecclesia
3497 1206 3545 1259 in
3570 1205 3741 1262 Marcum

2247 1294 2376 1351 villa
2404 1296 2511 1352 sita
2544 1298 2612 1354 ad
2645 1297 2929 1369 prmfatam
2977 1299 3142 1356 Novae
3174 1301 3316 1358 villae
3362 1303 3606 1359 abbatiam
3627 1308 3742 1376 perti-

2250 1394 2444 1451 nente;
2481 1385 2536 1440 in
2559 1387 2748 1443 eadem
2779 1387 3024 1443 Marculli
3053 1397 3209 1444 eurte
3244 1405 3431 1446 mansa
3460 1392 3552 1446 tria
3570 1408 3664 1447 cum
3684 1394 3742 1448 sil-

2249 1474 2331 1549 vis
2364 1482 2417 1529 et
2444 1476 2638 1545 pratis,
2681 1484 2736 1531 et
2784 1478 2852 1532 ad
2902 1476 3108 1533 Novam
3148 1479 3333 1533 villam
3370 1495 3546 1536 mansa
3581 1491 3744 1552 quatuor

2249 1568 2374 1622 cum
2410 1570 2561 1624 silvis
2609 1578 2663 1625 et
2702 1571 2872 1641 pratis
2915 1573 2983 1627 ad
3032 1572 3283 1628 eamdem
3325 1574 3601 1630 mcclesiam
3628 1578 3743 1646 perti-

2250 1661 2505 1717 nentibus
2530 1671 2585 1717 et
2606 1662 2817 1733 pictura
2836 1663 3010 1719 vineae
3041 1681 3150 1719 una
3178 1674 3232 1720 et
3266 1666 3561 1721 molendino
3577 1682 3662 1721 uno
3684 1683 3741 1720 su-

2250 1765 2347 1820 per
2392 1749 2583 1805 Elnam
2626 1751 2909 1806 ﬂuviolum
2956 1753 3092 1819 site;
3125 1762 3181 1809 et
3218 1754 3289 1809 ad
3328 1754 3502 1809 villam
3538 1754 3743 1809 Parridum

549 1861 716 1915 quam
746 1847 910 1908 etiam
944 1848 1034 1903 hic
1064 1849 1385 1904 subnectere
1410 1864 1573 1920 opere
1602 1851 1845 1919 precium
1870 1851 2141 1922 judicavi-
2174 1850 2213 1904 B
2242 1843 2576 1898 nominatam
2612 1844 2898 1900 ecclesiam
2928 1860 3093 1899 unam
3140 1861 3268 1901 cum
3317 1846 3516 1901 mansis
3549 1847 3743 1901 sexdecim

549 1954 696 1994 mus.
734 1938 830 1994 Est
862 1949 1042 1997 autem
1082 1941 1397 2011 bnjusmodi
1427 1961 1439 1996 :

623 2049 645 2085 ι
677 2030 898 2087 Noverit
940 2035 1186 2088 omnium
1223 2035 1618 2092 catholicorum
1651 2045 1758 2092 tam
1795 2038 2145 2108 praesentium

547 2140 713 2193 quam
744 2124 1054 2180 futurorum
1082 2126 1373 2193 industria,
1403 2129 1551 2199 quod
1578 2144 1679 2199 ego
1702 2129 1761 2183 Β.
1791 2139 1993 2186 sanctae
2022 2129 2147 2184 Vir-

549 2217 814 2274 dunensis
867 2220 1112 2275 ecclesiae
1165 2220 1387 2275 nomine
1437 2237 1549 2276 non
1598 2223 1794 2279 merito
1835 2224 2147 2294 episcopus,

551 2323 699 2363 anno
724 2325 858 2364 mea:
885 2311 1249 2367 ordinationis
1285 2313 1631 2381 duodecimo,
1679 2331 1891 2370 memor
1942 2324 2146 2371 nostra?

551 2400 797 2457 ecclesiae
841 2400 1105 2471 fratrum,
1140 2420 1378 2475 quorum
1425 2406 1663 2462 maxima
1698 2413 1832 2478 pars
1873 2408 2144 2464 dominica

547 2491 713 2547 verba
736 2493 919 2563 sepius
941 2496 1268 2565 sequebatur
1291 2497 1526 2553 dicentia
1549 2517 1561 2552 :
1585 2519 1603 2550 ι
1630 2498 1856 2556 Vendite
1874 2517 1997 2573 qua
2014 2520 2145 2576 pos-

550 2582 762 2652 sidetis,
789 2592 845 2640 et
870 2585 991 2641 date
1011 2587 1364 2644 elemosinam
1400 2589 1552 2662 (Luc.
1580 2608 1677 2659 xu,
1702 2593 1817 2663 55),
1847 2603 1902 2650 et
1922 2596 2148 2653 habebi-

547 2677 621 2732 tis
675 2677 996 2734 thesaurum
1051 2680 1105 2735 in
1155 2682 1325 2750 cado,
1377 2692 1433 2739 et
1494 2686 1785 2755 sequimini
1846 2703 1935 2744 me
1991 2689 2142 2761 (Luc.

548 2785 703 2836 xvm,
742 2770 858 2842 22),
882 2790 899 2822 ι
953 2770 1224 2845 fugientes
1267 2782 1482 2831 terrena
1516 2787 1571 2832 et
1603 2787 1850 2836 amantes
1888 2783 2144 2851 caelestia,

549 2870 752 2917 nostra:
796 2864 1236 2935 congregationis
1282 2867 1462 2922 locum
1519 2868 1798 2936 deserere,
1852 2880 1907 2926 et
1955 2888 2148 2928 mona-

546 2954 762 3009 chicam
819 2956 987 3010 vitam
1041 2966 1360 3026 sumentes,
1420 2961 1648 3015 cenobia
1696 2970 1851 3017 extra
1901 2973 2146 3020 nostram

550 3047 897 3115 parrochiam
967 3050 1307 3119 temptabant
1384 3051 1583 3119 adire;
1650 3068 1719 3108 ne
1779 3055 1835 3108 in
1900 3066 2148 3126 postmo-

549 3137 682 3192 dum
723 3147 913 3194 nostra
960 3142 1191 3197 ecclesia
1220 3142 1286 3197 de
1314 3143 1537 3213 proprio
1563 3145 1822 3202 thesauro
1862 3163 1964 3204 suo
1990 3157 2145 3219 pate~

2250 1934 2390 1991 inter
2416 1934 2735 1992 Cosantiam
2781 1945 2835 1992 et
2884 1937 3117 1993 Buniam
3148 1938 3272 1995 sitis
3314 1948 3368 1994 et
3395 1939 3661 1995 molendino
3676 1956 3745 1993 uno

2246 2037 2299 2083 et
2329 2029 2464 2085 silva
2494 2038 2549 2084 et
2568 2031 2775 2101 pratis;
2800 2040 2855 2085 et
2878 2031 2946 2086 ad
2980 2029 3221 2087 Harbodi
3248 2031 3432 2086 villam
3460 2032 3510 2085 in
3540 2030 3675 2101 Vapra
3690 2046 3744 2084 ec-

2248 2120 2470 2176 clesiam
2507 2137 2672 2176 unam
2704 2132 2758 2178 et
2791 2138 2984 2179 mansa
3017 2124 3129 2179 duo
3172 2133 3226 2179 et
3258 2124 3578 2195 quartarium
3603 2139 3741 2183 unum;

2247 2222 2300 2269 ct
2331 2214 2398 2269 ad
2433 2213 2721 2270 Liniacum
2759 2225 3015 2286 quartam
3044 2225 3258 2287 partem
3301 2217 3460 2271 unius
3497 2214 3688 2272 ecclesia:
3713 2222 3744 2267 et

2248 2322 2503 2363 mansum
2550 2323 2720 2362 unum
2748 2317 2801 2363 et
2829 2310 3095 2379 quartarii
3127 2318 3239 2364 tres
3264 2318 3320 2364 et
3361 2309 3677 2363 molendinum
3694 2306 3744 2360 di-

2251 2399 2475 2455 midium
2499 2415 2623 2454 cum
2649 2399 2783 2455 silva
2807 2408 2862 2456 et
2887 2400 3089 2470 pratis;
3121 2409 3176 2456 et
3203 2400 3259 2455 in
3294 2399 3534 2455 Barrensi
3560 2399 3741 2454 comitatu

2250 2507 2442 2547 mansa
2464 2492 2574 2547 duo
2602 2492 2659 2546 in
2688 2492 2816 2547 villa
2852 2491 3053 2548 Villare
3078 2493 3384 2555 nominata.
3417 2492 3637 2547 Dedimus
3657 2506 3743 2560 pra-

2222 2596 2396 2661 _terea
2438 2603 2504 2642 ex
2543 2595 2697 2658 parte
2749 2596 2952 2643 nostrae
2993 2589 3239 2644 ecclesia:
3288 2589 3355 2645 de
3394 2588 3588 2643 abbatia
3630 2583 3744 2639 sancti

2248 2685 2489 2741 Amantii
2511 2702 2703 2741 mansa
2721 2686 2907 2742 decem
2924 2702 3050 2743 eum
3076 2687 3342 2744 sedilibus
3357 2686 3422 2743 ad
3442 2686 3602 2741 eadem
3617 2697 3741 2737 mansa

2250 2777 2671 2847 pertinentibus,
2694 2785 2748 2832 et
2781 2777 2849 2832 ad
2885 2777 3264 2833 Flaviniacum
3289 2776 3608 2849 piscatoriam
3633 2782 3742 2827 totam

2250 2876 2303 2923 et
2335 2869 2562 2924 alteram
2600 2868 2947 2939 piscatoriam
2982 2869 3049 2923 ad
3084 2867 3357 2923 Tiliacum
3385 2866 3746 2939 pertinentem,ct

2250 2958 2517 3013 decimam
2551 2959 2772 3013 illorum
2805 2957 3038 3013 arietum
3080 2958 3176 3029 qui
3204 2967 3411 3014 nostra:
3452 2953 3656 3012 ecclesia:
3669 2967 3746 3021 per-

2250 3051 2539 3107 solvuntur
2564 3068 2630 3107 cx
2669 3051 2930 3107 Bracensi
2959 3051 3297 3119 centenaria,
3328 3059 3382 3107 et
3406 3050 3634 3106 decimam
3651 3034 3746 3098 [tira-

2248 3146 2342 3201 tici
2387 3156 2589 3202 nostra:
2631 3145 2868 3202 civitatis
2906 3146 2973 3201 de
3014 3146 3175 3209 vino;
3206 3145 3488 3200 ecclesiam
3528 3152 3693 3211 quoque
3711 3134 3744 3187 ἱῐι

549 3236 704 3284 retur
749 3230 1070 3301 dampnum,
1128 3232 1244 3306 (fol.
1278 3234 1413 3306 69’.)
1453 3234 1666 3293 favente
1707 3239 1924 3295 seniore
1950 3250 2144 3298 nostro
2172 3221 2212 3278 (ἶ
2248 3239 2546 3294 Amonzeia
2591 3239 2720 3293 villa
2757 3238 2940 3304 sitam,
2983 3245 3041 3293 et
3088 3237 3455 3293 Flaviniaeam
3494 3234 3642 3289 villam
3664 3242 3745 3283 cum

548 3325 952 3395 gloriosissimo
979 3344 1104 3400 rege
1126 3328 1362 3398 Othone,
1401 3348 1465 3387 ac
1489 3332 1751 3403 Conrado.
1770 3335 2016 3392 Lotharii
2051 3355 2137 3396 re-

546 3417 640 3488 gni
663 3419 802 3475 duce
840 3421 1151 3493 magniﬁco,
1179 3427 1630 3498 eongregatisqne
1670 3442 1874 3486 nostra:
1895 3433 2141 3489 ecclesia:

549 3509 800 3568 ﬁdelibus
825 3514 1041 3570 clericis
1084 3523 1139 3570 et
1185 3516 1339 3573 laicis
1365 3519 1484 3588 pari
1512 3529 1640 3574 voto
1674 3530 1837 3592 atque
1860 3526 2139 3579 communi

548 3606 806 3661 consultu
835 3607 1181 3665 decrevimus
1223 3610 1279 3665 in
1326 3623 1517 3667 nostro
1551 3613 1831 3685 episeopio
1864 3617 2138 3686 quoddam

547 3704 944 3759 monasterium
974 3704 1085 3761 Deo
1110 3716 1386 3762 annuente
1415 3708 1677 3775 stabilire,
1714 3710 1766 3764 in
1796 3727 1907 3781 quo
1942 3722 2142 3770 nostra:

546 3799 791 3855 ecclesiae
812 3799 1010 3857 fratres
1036 3804 1267 3859 activam
1296 3804 1462 3859 vitam
1491 3805 1781 3876 fugientes,
1806 3808 2141 3877 contempla-

552 3888 677 3945 tivze
721 3890 847 3946 vitae
876 3892 1132 3947 solatium
1166 3892 1369 3949 futuris
1400 3895 1740 3966 temporibus
1785 3897 2025 3951 valerent
2054 3897 2139 3950 in-

551 3986 757 4043 venire.
794 3986 948 4044 Tunc
992 3990 1273 4045 communi
1323 3991 1556 4046 consilio
1601 3991 1953 4047 evocavimus
1980 3991 2139 4047 dom-

548 4095 683 4134 num
716 4078 1076 4136 Humbcrtum
1124 4081 1442 4153 religiosum
1488 4082 1762 4151 abbatem,
1788 4084 1882 4154 qui
1910 4084 1980 4139 ab
2008 4084 2142 4155 ipsis

550 4168 796 4225 infantia:
825 4172 1151 4228 rudimentis
1200 4171 1255 4226 in
1299 4180 1488 4227 nostra
1529 4173 1760 4230 ecclesia
1802 4173 1981 4230 fuerat
2008 4175 2141 4230 edu-

546 4270 724 4329 catus,
753 4271 807 4318 ct
824 4265 1112 4334 praebenda
1145 4273 1349 4320 nostra:
1375 4265 1655 4321 canonieae
1690 4266 2011 4337 perfruitus,
2041 4283 2142 4321 no-

544 4355 644 4410 stri
672 4356 837 4411 etiam
858 4357 1121 4429 episcopii
1159 4358 1468 4428 baptizatus
1509 4368 1673 4428 atque
1700 4360 2138 4430 parroachianus,

544 4448 721 4504 donec
775 4448 917 4503 infra
972 4450 1240 4519 scriptum
1301 4451 1535 4505 aliorum
1584 4450 1819 4505 fratrum
1876 4458 2142 4521 sequutus

542 4540 876 4610 exemplum,
907 4556 1005 4611 pro
1033 4550 1222 4596 eterna
1250 4542 1607 4597 retributione
1649 4542 2027 4597 monachicam
2059 4543 2140 4596 vi-
2172 4569 2216 4626 υ

545 4639 658 4687 tam
706 4633 962 4704 sumpsit,
996 4648 1063 4689 ac
1097 4633 1377 4688 communi
1406 4634 1538 4689 cieri
1566 4643 1620 4690 et
1644 4634 1820 4705 plebis
1846 4636 2138 4691 concordia

542 4735 598 4780 ct
617 4740 809 4781 eorum
844 4734 1163 4782 nostrorum
1191 4727 1718 4800 canonicorum,qui
1735 4739 1850 4786 tum
1877 4732 2141 4802 temporis

547 4820 928 4876 monachicam
979 4820 1245 4876 aliorsum
1296 4821 1608 4878 nitebantur
1647 4824 1896 4896 accipere
1948 4826 2137 4897 vitam,

454 4976 467 4992 ι
545 4913 922 4969 concessimus
962 4914 1014 4969 ci
1054 4915 1329 4984 quoddam
1372 4919 1766 4973 monasterium
1792 4920 1858 4975 ad
1881 4930 2139 4978 constru-

544 5005 744 5060 endam
771 5007 1246 5079 congregationem
1271 5011 1665 5067 monachorum
1694 5012 1748 5067 in
1775 5013 1987 5070 honore
2012 5030 2141 5071 san-

545 5095 622 5151 cti
675 5096 824 5153 Petri
869 5101 1240 5170 apostolorum
1275 5102 1537 5173 principis
1568 5105 1894 5172 stabilitum,
1935 5107 1990 5161 in
2029 5122 2140 5177 quo

545 5188 899 5260 requiescunt
938 5208 1165 5264 corpora
1202 5206 1520 5253 sanctorum
1565 5197 1947 5254 confessorum
1977 5208 2141 5269 atque

544 5283 929 5355 episc0pornm
960 5284 1164 5354 Vitoni,
1188 5286 1490 5356 Pulcronii,
1518 5289 1884 5356 Possessoris,
1909 5291 2137 5346 Firmini

546 5386 715 5447 atque
748 5376 1031 5446 Madelvei,
1079 5394 1205 5435 cum
1238 5381 1420 5437 omnis
1448 5383 1612 5439 rebus
1663 5384 1728 5439 ad
1759 5384 2006 5439 eamdem
2038 5386 2136 5441 ab-

543 5467 749 5523 batiam
783 5470 1202 5540 pertinentibus.
1249 5472 1536 5544 Aspiciunt
1570 5474 1637 5529 ad
1680 5456 1813 5530 illud
1861 5483 2139 5531 monaste-

547 5556 693 5612 rium
706 5557 865 5628 juxta
910 5559 1191 5617 Scantiam
1225 5577 1419 5618 mansa
1449 5578 1545 5620 sex
1583 5572 1640 5620 et
1678 5564 1986 5633 dimidium,
2018 5581 2139 5621 mo-

546 5649 766 5707 lendina
794 5661 1032 5723 quatuor
1056 5670 1183 5711 cum
1218 5656 1401 5712 hanno
1437 5657 1608 5728 ipsius
1633 5659 1794 5726 villa},
1827 5660 1972 5730 quod
2003 5660 2137 5716 hac-

544 5752 706 5801 tenus
735 5746 1012 5804 tenuimns
1044 5757 1098 5804 et
1128 5765 1225 5819 pro
1268 5749 1363 5805 Dei
1400 5767 1587 5807 amore
1625 5754 1745 5809 loco
1771 5770 1835 5808 ex
1865 5762 1980 5809 toto
2004 5770 2135 5809 con-

544 5839 1232 5915 cessimus,justitiantque
1263 5843 1537 5900 latronum
1570 5846 1660 5916 qui
1693 5847 1744 5901 in
1782 5848 2023 5904 bannnm
2053 5850 2136 5904 in-

2244 3331 2476 3387 ecclesia
2504 3347 2616 3385 una
2643 3339 2697 3385 et
2725 3329 3023 3401 piscatoria
3056 3340 3110 3385 et
3139 3329 3470 3385 molendinis
3499 3334 3547 3382 et
3584 3321 3696 3379 silvis
3714 3325 3746 3369 et

2246 3424 2415 3495 pratis
2452 3423 2709 3479 omnibus
2747 3432 2803 3478 et
2842 3423 3099 3478 omnibus
3140 3421 3467 3494 adjacentiis
3491 3419 3548 3474 ad
3571 3412 3746 3471 eamdem

2243 3517 2427 3570 villam
2454 3515 2875 3587 pertinentibus.
2904 3514 3022 3587 (fol.
3050 3514 3162 3586 70.)
3187 3514 3271 3570 Ad
3298 3518 3465 3585 quant
3479 3510 3632 3565 villam
3653 3501 3747 3571 aspi-

2242 3608 2394 3664 ciunt
2445 3623 2637 3663 mansa
2675 3607 2869 3678 viginti
2918 3622 3045 3674 sex;
3103 3615 3157 3662 et
3210 3607 3280 3661 ad
3322 3607 3497 3660 villam
3549 3596 3747 3655 Marleiam

2242 3715 2412 3771 prepe
2433 3698 2614 3755 Mettis
2635 3699 2913 3755 civitatem
2937 3699 3101 3754 sitam
3129 3700 3421 3755 ecclesiam
3451 3710 3595 3752 unam
3619 3692 3660 3745 in
3684 3689 3746 3741 ho-

2245 3808 2379 3848 nore
2406 3793 2581 3848 sancti
2612 3792 2809 3848 Briccii
2830 3799 3228 3849 constructam.
3276 3792 3451 3847 Simili
3479 3789 3617 3846 etiam
3640 3780 3747 3838 mixto

2243 3885 2616 3957 delegavimus
2646 3880 2651 3887 ’
2677 3885 2857 3941 eidem
2919 3885 3258 3941 monasterio
3318 3885 3385 3941 ad
3426 3875 3746 3955 pnepamndum

2244 3978 2514 4049 hospitale
2532 3978 2822 4035 ecclesiam
2851 3978 3029 4033 sancti
3068 3975 3217 4034 Petri
3255 3978 3313 4032 in
3345 3974 3595 4040 suburbio
3613 3964 3748 4021 Viniu-

2243 4072 2431 4127 nensis
2449 4070 2616 4128 castri
2637 4070 2803 4126 sitam
2821 4085 2949 4126 cum
2980 4070 3190 4126 mansis
3210 4070 3473 4141 quinque,
3500 4071 3634 4137 prato
3660 4070 3745 4113 uno.

2242 4170 2298 4217 et
2332 4162 2591 4235 omnibus
2616 4163 2906 4233 utriusque
2935 4177 3103 4217 sexus
3131 4160 3200 4217 ad
3261 4160 3504 4217 eamdem
3539 4148 3747 4211 ecclesiam

2243 4255 2674 4326 pertinentibus;
2698 4255 2754 4309 in
2780 4254 2902 4310 Piet
2925 4254 3053 4309 villa
3072 4253 3366 4310 ecclesiam
3388 4267 3571 4316 unam;
3592 4247 3635 4301 in
3652 4242 3749 4295 Βοη-

2243 4364 2382 4404 naus
2412 4347 2717 4403 mcclesiam
2758 4363 2956 4415 unam;
2982 4348 3037 4401 in
3058 4346 3306 4403 Morvilla
3336 4360 3528 4410 unam;
3558 4341 3601 4395 in
3625 4334 3748 4390 llam

2245 4457 2431 4496 unam.
2459 4439 2568 4497 Hec
2597 4441 2785 4496 omnia
2826 4457 2926 4511 pro
2958 4441 3136 4496 salute
3167 4440 3368 4495 animae
3395 4444 3580 4492 nostrae
3601 4436 3749 4484 nostra
3802 4472 3803 4519 ἔ

2244 4549 2476 4605 rumque
2508 4544 2860 4605 peccatorum
2894 4532 3241 4588 absolutionc
3266 4529 3573 4586 tradidimus
3594 4521 3748 4581 10qul
3802 4524 3803 4533 ‘

2244 4625 2401 4681 ﬁrma
2448 4626 2776 4681 auctoritate
2830 4634 2886 4680 et
2929 4625 3141 4680 ratione
3178 4631 3371 4679 nostra
3416 4620 3747 4676 conﬁrmamus,

2243 4719 2668 4774 corroboramus
2726 4726 2892 4789 atque
2952 4700 3279 4783 stabilifnus,
3346 4712 3749 4772 successorum“
3802 4728 3803 4735 ‘

2244 4819 2560 4866 nostrorum
2600 4817 2883 4880 paternam
2922 4809 3229 4880 largitatem
3262 4807 3560 4878 ﬂagitamus
3579 4805 3747 4865 auersa

2246 4901 2528 4973 prtefatum
2572 4904 2753 4959 locum
2796 4903 2945 4973 pium
2987 4903 3231 4957 animum
3285 4914 3495 4971 semper
3535 4893 3747 4950 habentes

2243 5010 2367 5065 qua:
2395 5011 2496 5065 pro
2522 4994 2899 5066 redemptione
2935 4995 3244 5050 animarum
3286 4993 3513 5048 fecimus
3540 4994 3637 5041 rata
3802 5056 3803 5067 χ

2243 5088 2446 5155 sinant,
2476 5104 2599 5159 quae
2628 5088 2881 5144 dedimus
2919 5103 3029 5142 non
3069 5088 3340 5153 minuant,
3372 5086 3582 5153 insuper
3597 5077 3649 5131 de
3672 5084 3749 5125 suIS

2242 5180 2440 5236 addere
2477 5180 2751 5247 studeant,
2801 5180 2876 5234 ita
2925 5188 3319 5235 conservantes
3346 5184 3544 5237 nostra,
3571 5163 3750 5257 sicuti
3802 5252 3803 5255 η

2243 5288 2342 5328 sua
2369 5287 2587 5343 queque
2624 5273 2938 5343 perenniter
2959 5287 3183 5327 manere
3219 5269 3483 5327 voluerint
3503 5248 3748 5353 deﬂeat-'5'

2241 5366 2366 5436 quis
2386 5380 2518 5420 vero
2545 5366 2631 5420 vel
2669 5362 2937 5435 pontifex,
2960 5364 3045 5419 vel
3066 5364 3319 5434 princeps
3340 5357 3592 5453 diabolica
3802 5384 3803 5453 ξ

2243 5458 2522 5527 incitatus,
2561 5458 2663 5513 hec
2686 5457 2877 5528 aliquo
2896 5456 3073 5513 modo
3096 5455 3414 5513 subtrahere
3438 5450 3515 5506 vel
3547 5445 3749 5509 dissipati"

2242 5551 2514 5619 voluerit,
2567 5559 2758 5606 nostro
2802 5550 3074 5622 imprimis
3133 5548 3472 5605 anathemate
3518 5541 3747 5612 permissus

2242 5650 2573 5713 centumque
2602 5641 3078 5697 maledictionibus
3107 5635 3571 5705 involutus,Datan
3587 5630 3746 5697 quoque
3802 5648 3803 5675 ξ

2244 5754 2299 5799 et
2326 5744 2530 5800 Abiron
2575 5745 2760 5801 socius
2792 5744 2972 5800 factus
3008 5744 3149 5799 iram
3195 5740 3287 5797 Dei
3318 5726 3666 5806 omnipotentis
3687 5726 3746 5827 in-

2244 5855 2447 5913 currat,
2478 5855 2638 5914 atque
2664 5845 2867 5902 etcrnis
2914 5843 3251 5914 mancipatus
3297 5830 3745 5894 inccndiisincxpll‘
3802 5856 3803 5929 ι
