3834 6304
65 349 144 407 I89
1222 341 1637 407 CHRONICON.
1671 374 1741 384 -—
1773 343 1901 407 LIB.
1940 343 1979 399 I.

3138 354 3243 412 I90

62 465 168 522 biles
188 460 313 533 apud
357 456 552 516 inferos
570 473 742 532 penas
769 459 904 518 luat.
938 460 1012 518 Ut
1033 470 1217 520 autem
1241 463 1344 518 hee
1369 468 1571 517 nostra:
1598 460 1643 516 Α
1671 456 1967 515 Trecorum
1991 460 2207 517 comitis
2240 462 2426 533 genuit
2455 463 2601 521 hunc
2627 462 2871 524 Ouonem
2904 470 2999 541 qui
3025 471 3239 531 Bertam

62 552 338 611 auctoritatis
358 551 567 607 traditio
592 551 887 609 ﬁrmiorem
908 554 1149 626 vigorem
1171 555 1432 625 optineat,
1462 564 1568 609 uo—

64 658 249 703 strorum
268 644 488 699 ﬁdelium
506 644 759 700 manibus
782 647 1196 716 prmsentialiter
1217 645 1564 703 corroborari

61 738 354 796 decrevimus.

116 851 132 885 ι
164 832 281 886 Ann.
319 832 421 886 ine.
477 830 631 886 Dom.
681 830 811 899 952,
852 831 1146 888 indictione
1194 832 1281 900 IO,
1321 846 1475 888 conc.
1507 822 1563 900 4,

62 930 205 994 epacta
231 921 311 987 22,
334 921 429 977 hec
464 930 613 978 earta
641 921 982 990 conﬁrmata,
1012 923 1365 979 corroborata
1402 930 1566 992 atque

63 1013 309 1083 conscripta
348 1022 447 1078 est,
495 1011 843 1085 [praesidente
892 1013 960 1045 ’⁸³
1011 1013 1274 1070 Romana:
1321 1013 1567 1070 ecclesiae

62 1122 164 1177 popa
183 1105 394 1162 Adriano
410 1120 553 1161 anno
572 1104 774 1179 sexto],
807 1113 1068 1177 regnante
1087 1104 1303 1162 Othone
1330 1106 1566 1175 impera-

61 1209 148 1253 tore
185 1206 393 1270 augusto
430 1212 574 1253 anno
624 1197 779 1269 regni
819 1198 916 1254 sui.
951 1197 1009 1252 in
1057 1196 1208 1253 Italia
1260 1197 1457 1268 primo,
1507 1198 1563 1252 in

62 1290 241 1347 Francia
266 1289 352 1358 l6,
396 1291 741 1362 episcopatus
782 1306 914 1348 vero
947 1292 1122 1349 nostri
1159 1306 1307 1348 anno
1353 1293 1563 1349 duode-

63 1380 183 1436 cimo.
207 1378 304 1451 Ego
340 1378 696 1451 Berengarius
727 1381 927 1452 praesul
957 1381 1214 1453 indignus
1240 1381 1560 1452 subscripsi.

66 1471 176 1543 Sign.
218 1469 477 1528 Humberti
508 1472 741 1540 abbatis,
791 1470 1035 1529 Vodonis
1075 1472 1309 1541 abbatis,
1341 1472 1563 1530 Berardi

64 1560 238 1625 abbatis,
280 1559 511 1617 Bernerii
541 1560 839 1633 praepositi,
868 1561 1055 1618 Alardi
1089 1562 1387 1633 praepositi,
1421 1570 1566 1619 cete-

65 1665 294 1722 rorumque
319 1652 637 1708 clericorum
677 1660 734 1709 et
774 1653 1167 1709 monachorum
1198 1653 1327 1709 huic
1362 1653 1566 1709 chartae

64 1742 206 1799 devote
236 1741 517 1799 faventium
563 1752 621 1800 et
658 1744 923 1800 nobilium
966 1744 1235 1800 laicorum
1282 1742 1561 1800 Godefridi

66 1834 242 1901 comitis,
269 1833 495 1902 Givardi,
524 1834 779 1891 Adelardi
809 1843 863 1890 et
893 1843 1221 1892 ceterorum.
1263 1855 1282 1888 ι

114 1920 207 1992 Ipso
226 1937 354 1980 anno
391 1939 423 1979 a
457 1923 715 1980 Conrado
750 1925 888 1985 duce
931 1924 1154 1980 cuidam
1190 1923 1564 1981 Virdunenses

66 2011 298 2068 honoribus
317 2012 617 2084 privantur.

134 2104 452 2179 Fton.]Anno
477 2108 552 2163 ab
591 2108 698 2164 inc.
732 2106 888 2164 Dom.
917 2107 1044 2176 952,
1070 2106 1212 2163 Otho
1232 2122 1328 2164 rex
1358 2106 1565 2163 Beren—
1602 2148 1605 2149 γ

68 2197 224 2265 garium
250 2213 411 2268 regem
442 2197 614 2257 Italiae
639 2206 694 2254 et
723 2206 892 2254 totam
922 2198 1029 2254 sibi
1058 2197 1290 2268 subjecit
1334 2195 1561 2252 Italiam.

70 2288 263 2360 Sequenti
294 2308 428 2349 anno
453 2292 771 2348 Conradum
806 2291 1002 2347 ducem
1047 2306 1078 2346 a
1115 2290 1314 2346 ducatu
1361 2288 1565 2344 Letha-

72 2383 268 2440 riensium
294 2395 579 2453 remotum,
606 2383 956 2456 Mogontiam,
979 2383 1073 2438 ubi
1092 2398 1150 2439 se
1175 2381 1460 2438 Conradus
1481 2396 1568 2437 re-

70 2486 243 2545 ceperat,
261 2477 476 2546 obsedit,
505 2486 565 2534 et
583 2478 744 2549 cepit,
770 2485 825 2532 et
843 2474 1128 2532 Coriradus
1148 2473 1363 2545 ,Mettim
1399 2489 1458 2530 se
1483 2489 1569 2529 re-

71 2568 186 2635 cepit.
210 2565 322 2625 Orta
357 2579 440 2627 est
472 2579 659 2626 autem
699 2568 974 2626 discordia
1002 2568 1118 2624 haec
1141 2567 1283 2621 inter
1318 2564 1569 2621 Ottonem

71 2667 107 2710 et
122 2659 342 2732 principes
371 2662 514 2733 ejus,
551 2662 680 2732 quia
725 2660 1074 2733 promittebat
1101 2674 1329 2729 regnum
1359 2657 1471 2713 ﬁlio
1504 2672 1570 2713 ex

74 2750 269 2805 modema
285 2752 507 2825 conjuge
542 2760 691 2819 nato,
715 2750 861 2821 quod
888 2758 1180 2819 antequam
1212 2746 1424 2801 Italiam
1449 2760 1571 2816 per-

73 2845 176 2906 geret
198 2839 289 2897 [ilio
313 2857 407 2897 suo
429 2840 677 2897 Liutulfo
699 2841 1061 2912 delegaverat,
1087 2846 1141 2893 et
1162 2837 1421 2908 primates
1443 2850 1573 2892 suos

73 2927 124 2980 illi
143 2929 293 2998 jurare
318 2931 538 2990 fecerat.
566 2932 669 3000 Qui
704 2932 998 2998 Liutuli‘us,
1023 2946 1147 2987 cum
1177 2929 1247 2985 ob
1274 2930 1379 2984 hoc
1404 2927 1574 2982 multa

73 3020 173 3076 mala
194 3023 385 3098 egisset,
410 3034 668 3082 mortuus
686 3035 771 3081 est
801 3040 947 3081 anno
975 3024 1100 3081 957.
1137 3021 1452 3079 Paciﬁcavit
1478 3038 1576 3077 au-

75 3119 149 3166 tem
164 3114 245 3170 sibi
271 3133 355 3173 rex
381 3117 695 3174 Conradum
718 3118 932 3174 ducem.

122 3206 211 3276 (fol.
250 3211 364 3283 70’.)
398 3213 563 3267 Anno
604 3212 729 3268 955.
761 3209 1041 3281 Vigfridus
1073 3207 1423 3265 Coloniensis
1460 3206 1575 3276 epi-

75 3312 223 3369 scopus
234 3304 371 3372 obiit,
391 3314 443 3361 et
466 3304 659 3359 Bruno
692 3302 860 3358 frater
889 3300 1032 3373 regis
1051 3298 1267 3355 Ottonis
1291 3298 1572 3364 successit,

73 3391 136 3445 cui
156 3390 255 3450 Otto
275 3412 489 3468 regnum
531 3395 889 3452 Lothariense
915 3392 1209 3449 commisit.
1306 3442 1309 3445 λ

123 3485 243 3543 Anno
271 3490 334 3545 ab
372 3490 476 3546 inc.
537 3487 693 3544 Dom.
727 3487 833 3543 955
876 3486 945 3518 ¹⁷⁰
976 3484 1110 3542 obiit
1142 3483 1453 3539 Ludovicus
1479 3497 1575 3537 rex

73 3570 358 3646 Francorum,
392 3588 445 3635 et
480 3578 749 3650 Agapitus
784 3591 923 3646 papa
955 3574 1111 3641 obiit,
1137 3573 1577 3643 Octavianusque

73 3670 290 3737 successit,
312 3680 362 3726 et
386 3672 595 3727 bellum
613 3651 768 3725 inter
796 3666 1048 3724 Ottonem
1074 3675 1128 3722 et
1150 3664 1367 3736 Ungros
1388 3664 1441 3718 in
1466 3678 1576 3734 quo

74 3757 164 3813 Victi
187 3772 293 3818 sunt
319 3762 483 3836 Ungri
510 3763 548 3819 4
601 3761 726 3818 ldus
752 3760 982 3832 Augusti
1017 3757 1145 3814 anni
1188 3755 1488 3828 sequentis,
1520 3755 1576 3809 in

72 3864 150 3918 (Ιυο
173 3854 290 3913 bello
310 3857 594 3914 Conradus
620 3857 730 3911 dux
771 3854 910 3911 obiit
936 3853 1049 3923 jam
1081 3866 1205 3907 cum
1227 3865 1294 3906 eo
1324 3850 1579 3921 paciﬁca-

72 3949 151 3999 tus.
179 3946 368 4018 (Chron.
407 3950 561 4020 Div.)
608 3948 917 4004 Ludovicus
956 3946 1139 4016 itaque
1173 3941 1432 4014 praefatus
1480 3958 1576 3997 rex

72 4030 335 4096 Francorum
355 4042 552 4098 eodem
573 4054 719 4095 anno
749 4038 1012 4103 moriens,
1035 4036 1175 4091 duos
1199 4034 1407 4090 dimisit
1438 4033 1577 4088 libe-

74 4140 137 4180 ros
152 4127 427 4189 Lotharium
460 4142 520 4189 et
546 4130 827 4195 Carolo"),
859 4144 999 4200 quos
1023 4127 1209 4200 genuit
1231 4126 1281 4181 ei
1305 4125 1578 4195 Gerberga

72 4232 185 4275 Soror
198 4221 388 4282 Ottonis
406 4223 755 4298 imperatoris
786 4220 1145 4292 Κατ-01ης,ηυί
1158 4218 1382 4275 Iuvenis
1401 4217 1579 4273 dictus

73 4319 145 4376 εει,
167 4314 380 4383 privatus
411 4317 615 4383 senuit,
657 4316 713 4371 in
745 4314 1097 4370 hereditatem
1130 4327 1348 4367 omnem
1375 4309 1578 4365 Letha-

73 4402 156 4458 rius
174 4411 422 4466 successit.
439 4409 544 4465 Hic
558 4408 871 4465 Mathildem
891 4421 1136 4462 sororem
1182 4419 1321 4459 .uam
1343 4403 1579 4473 despon-

1665 552 1892 621 accepit,
1937 567 2005 607 ex
2054 567 2163 624 qua
2214 563 2377 610 natus
2414 564 2499 611 est
2538 555 2654 615 Odo
2678 560 2774 629 qui
2822 563 2966 632 apud
3009 561 3239 622 Barrum

1664 637 1827 709 obiit;
1859 651 1917 697 et
1940 642 2008 698 de
2036 644 2225 699 eadem
2267 644 2523 703 Mathilde
2550 649 2729 719 genita
2758 660 2843 706 est
2871 652 3042 721 Gisia,
3073 671 3238 725 quam

1663 729 1950 787 Conradns
1996 732 2291 803 imperator
2332 738 2681 805 postmodum
2710 740 2865 796 duxit
2888 759 3136 812 uxorem,
3170 748 3241 802 de

1663 838 1769 894 qua
1800 824 1987 895 genuit
2009 825 2241 880 tercium
2290 825 2604 885 Heinricum
2640 830 3042 904 imperatorem,
3075 852 3237 908 quem

1666 916 1777 988 (77)
1828 915 2097 974 Rodull'us
2146 933 2263 985 rex,
2295 920 2453 990 cujus
2491 920 2594 977 fuit
2648 939 2789 980 uxor
2831 924 3238 1001 Ermengardis,

1663 1008 1792 1078 quia
1821 1016 1942 1063 erat
1971 1009 2179 1080 absque
2223 1009 2427 1079 liberis,
2467 1019 2530 1068 ut
2573 1022 2821 1085 nepotem
2856 1033 3041 1083 suum,
3079 1021 3239 1075 here-

1663 1098 1787 1154 dem
1818 1101 1973 1171 regni
1993 1099 2317 1173 Burgundia:
2344 1102 2598 1172 instituit,
2619 1114 2674 1162 et
2710 1107 2790 1164 sic
2821 1108 2877 1162 in
2903 1109 3238 1166 dominatio-
3344 1104 3347 1107 “

1664 1206 1785 1246 nem
1810 1191 2198 1262 imperatorum
2230 1194 2446 1250 transiit
2464 1193 2789 1268 Burgundiaa
2810 1215 3055 1271 regnum.

1733 1280 1948 1355 [From]
1979 1283 2137 1339 Anno
2157 1284 2338 1355 itaque
2366 1286 2435 1340 ab
2463 1286 2572 1342 ine.
2603 1287 2759 1343 Dom.
2792 1291 2917 1358 956,
2957 1290 3113 1364 Rugo
3134 1291 3242 1347 Ma-

1663 1390 1803 1446 gnus
1845 1374 1998 1441 obiit,
2042 1384 2097 1432 et
2133 1377 2392 1432 ducatum
2433 1375 2679 1435 Francia:
2724 1379 2878 1453 IIugo
2936 1383 3082 1440 ﬁlius
3119 1384 3241 1454 ejus

1663 1467 1917 1537 optinuit.
1971 1467 2241 1526 Robertus
2293 1485 2512 1540 quoque
2557 1470 2897 1529 Trevirensis
2951 1476 3243 1546 episcopus

1663 1557 1799 1613 obiit
1833 1559 2158 1630 pestilentia,
2184 1571 2240 1614 et
2282 1562 2351 1592 ’⁷³
2392 1560 2681 1618 Fulbertus
2716 1563 3152 1632 Cameracensis,
3192 1564 3253 1621 et

1663 1647 1914 1706 Hairicus
1962 1651 2221 1707 succedit.
2270 1649 2413 1711 Otho
2450 1661 2574 1723 post
2621 1654 2721 1709 hec
2770 1652 3051 1711 Sarmatas
3103 1656 3247 1711 bello

1662 1742 1812 1797 vicit.

1591 1809 1637 1869 Β
1732 1834 1892 1891 Anno
1920 1850 2047 1891 vero
2088 1834 2216 1902 96l,
2238 1833 2381 1891 Otho
2416 1836 2676 1907 puerulus
2703 1836 2757 1891 in
2786 1852 2966 1909 regem
2998 1838 3245 1895 elevatus

1662 1932 1768 1991 est,
1795 1932 1851 1980 et
1878 1922 2003 1981 Otto
2044 1932 2199 1994 pater
2239 1924 2359 1994 ejus
2398 1940 2544 1979 anno
2586 1926 2835 1997 sequenti
2894 1925 3122 1981 Romam
3152 1942 3247 1982 vc-

1665 2015 1842 2083 niens,
1863 2016 2157 2087 imperator
2183 2016 2252 2071 ab
2290 2014 2586 2072 Octaviano
2608 2033 2745 2088 papa
2770 2018 3097 2074 constitutus
3142 2027 3243 2073 est.

1666 2106 1870 2164 Eodem
1902 2123 2047 2164 anno
2077 2108 2211 2164 obiit
2238 2108 2494 2164 Artaldus
2528 2108 2812 2167 Remensis
2839 2111 3156 2182 episcopus,
3194 2118 3255 2165 et'

1667 2200 1938 2256 celebrata
1975 2207 2061 2255 est
2094 2200 2334 2272 synodus
2359 2200 2413 2254 in
2443 2216 2583 2272 pago
2625 2199 2884 2257 Meldensi
2925 2217 3087 2273 super
3130 2201 3246 2256 Ma-

1668 2300 1880 2348 ternam
1923 2291 2168 2359 ﬁuvium,
2198 2291 2291 2348 ubi
2337 2292 2622 2349 ordinatus
2667 2302 2751 2349 est
2783 2294 3096 2366 Wigfredus
3128 2293 3249 2349 Vir—

1669 2383 1931 2440 dunensis
1959 2384 2269 2454 episcopus,
2300 2384 2515 2440 vivente
2549 2386 2729 2443 adhuc
2752 2387 2955 2442 domno
2977 2386 3246 2457 Berenge—

1670 2475 1753 2529 rio
1796 2473 2124 2531 Virdunensi
2173 2474 2427 2546 episcopo
2472 2484 2526 2532 et
2574 2477 2757 2532 sedem
2801 2477 3145 2547 episcopatus
3175 2487 3261 2532 te-

1672 2574 1851 2621 nente.
1878 2564 2173 2622 Ordinatus
2211 2577 2297 2623 est
2322 2575 2505 2623 autem
2533 2568 2603 2623 ab
2628 2568 2708 2624 eis
2732 2568 2935 2639 absque
2965 2569 3252 2625 conscien-

1672 2657 1747 2712 tia
1784 2658 2223 2728 metropolitani,
2258 2675 2323 2715 co
2358 2660 2504 2729 quod
2544 2660 2746 2715 domno
2788 2659 3112 2731 Bercngerio
3146 2660 3252 2713 ini-

1673 2736 2024 2819 micarentur,
2059 2751 2206 2822 quod
2254 2750 2501 2808 conciliis
2534 2766 2725 2807 eorum
2769 2752 3034 2807 interesse
3084 2751 3251 2806 nollet

1673 2851 1728 2897 et
1779 2841 2024 2912 quaedam
2074 2857 2266 2898 eorum
2312 2841 2454 2899 facta
2504 2843 2855 2913 inprobaret;
2908 2843 3052 2898 unde
3101 2843 3246 2898 nacti

1676 2933 2021 2990 occasionem
2044 2950 2168 2990 cum
2201 2934 2538 2990 incumberet
2557 2934 2639 2990 eis
2665 2934 2938 2989 ordinatio
2966 2932 3254 2990 Remensis

1676 3026 1955 3095 :ecclesize,
1992 3026 2152 3099 cujus
2191 3034 2349 3082 erant
2384 3026 2747 3097 suﬂ'raganei,
2773 3026 3160 3081 ordinaverunt
3201 3036 3256 3081 et

1599 3147 1647 3212 ο
1678 3118 1825 3174 hunc
1849 3125 1909 3172 ut
1942 3117 2206 3173 haberent
2237 3132 2364 3174 eum
2389 3117 2747 3172 conciliorum
2775 3130 3002 3172 suorum
3023 3129 3255 3170 consor-

1676 3218 1787 3266 tem
1827 3218 1882 3265 et
1925 3210 2108 3281 operis
2155 3210 2497 3281 participem,
2534 3210 2689 3280 quasi
2739 3209 2835 3280 qui
2876 3210 3029 3264 illum
3058 3210 3127 3241 ’⁷³
3157 3209 3252 3279 qui

1676 3302 2000 3374 praesidebat
2040 3319 2140 3373 pro
2189 3303 2340 3358 nullo
2375 3303 2657 3369 haberent,
2679 3317 2843 3372 quem
2873 3302 2976 3357 sibi
3010 3302 3063 3355 in
3105 3301 3257 3356 nullo

1679 3396 1931 3452 videbant
1954 3396 2242 3452 adclinem.
2270 3394 2390 3467 (ἑὸ.)
2421 3395 2678 3465 Abjectus
2703 3404 2787 3450 est
2804 3395 2969 3449 etiam
2998 3394 3071 3449 ibi
3098 3393 3255 3466 [Iugo

1678 3488 1962 3545 Remensis
1990 3504 2249 3559 pervasor
2296 3505 2327 3543 a
2371 3487 2616 3543 Romana
2643 3487 2852 3559 synodo
2875 3485 3257 3542 excommuni-

1677 3590 1852 3649 catus,
1884 3589 1943 3636 et
1958 3579 2241 3636 Odelricus
2268 3577 2669 3635 intbronizatus
2691 3595 2722 3633 a
2742 3578 2974 3634 Widone
3001 3578 3255 3634 Suessio-

1677 3673 1857 3741 nensi,
1882 3671 2148 3728 Roricone
2182 3670 2555 3736 Laudunensi,
2582 3671 2817 3726 Gibuino
2848 3669 3256 3735 Catalaunensi,

1678 3761 1957 3835 Wigfredo
2007 3760 2359 3827 Virdunensi,
2400 3760 2636 3816 Aistulfo
2684 3759 3056 3816 Noviomensi.
3093 3759 3252 3815 Octa-

1676 3856 1872 3910 vianus
1902 3863 2083 3910 autem
2120 3870 2280 3925 papa,
2312 3868 2437 3908 cum
2476 3852 2542 3908 de
2582 3852 2991 3923 inreligiositate
3018 3851 3262 3922 culpare-

1680 3957 1788 4016 tur,
1820 3964 1872 4003 a.
1904 3947 2030 4013 962,
2064 3945 2293 4001 Romam
2322 3944 2475 4011 exiit,
2505 3952 2560 3999 et
2599 3943 2653 3998 in
2685 3943 2866 3999 locum
2901 3943 3020 4014 ejus
3053 3941 3259 3997 Iohan-

1680 4056 1777 4097 nes
1801 4039 1894 4094 XII
1918 4041 2245 4096 substitutus
2294 4046 2396 4094 est.
2432 4036 2632 4092 Verum
2649 4035 2861 4092 Othone
2881 4037 3206 4106 imperatore
3230 4050 3263 4090 a

1681 4132 1853 4187 Roma
1900 4147 2170 4200 regresso,
2217 4128 2577 4184 Octavianum
2633 4127 2864 4183 Romani
2917 4137 3258 4197 receperunt,

1681 4223 1777 4293 qui
1819 4237 1929 4277 non
1968 4222 2143 4276 multo
2186 4229 2311 4290 post
2338 4218 2630 4274 defunctus
2662 4228 2764 4275 est.
2807 4218 3085 4273 Iohannes
3131 4233 3261 4272 vero

1681 4330 1808 4370 cum
1843 4312 2167 4383 imperatore
2198 4310 2423 4381 Papiam
2456 4308 2624 4364 venit.
2650 4307 2868 4364 Interim
2897 4306 3128 4362 Romani
3156 4305 3260 4360 Be-

1682 4405 1957 4461 nedictum
2000 4403 2278 4474 elegerunt
2320 4399 2416 4470 qui
2459 4397 2709 4455 electioni
2739 4395 3004 4452 Iohannis
3026 4409 3263 4449 consen-

74 4491 131 4549 ὧι
157 4495 375 4557 Conrado
398 4502 516 4574 regi
558 4499 904 4573 Burgundiae,
935 4504 990 4552 et
1026 4497 1084 4551 in
1125 4505 1309 4552 autem
1332 4495 1481 4552 dedit
1526 4495 1576 4550 ei
1606 4490 1654 4550 Ι)
1679 4506 1825 4555 serat
1850 4506 1905 4552 et
1924 4495 1974 4551 ei
2004 4510 2217 4565 semper
2242 4492 2495 4550 subditus
2522 4491 2718 4547 fuerat.
2751 4489 2857 4546 Sed
2878 4487 3009 4545 Otto
3031 4487 3261 4541 Romam

74 4581 349 4658 Lugdunum,
378 4611 503 4666 qua:
530 4594 632 4649 sita
670 4601 756 4650 est
788 4592 844 4647 in
866 4591 1099 4647 termino
1125 4589 1279 4661 rcgni
1322 4587 1575 4660 Burgun-

74 4676 164 4746 (ἥδε,
193 4691 238 4737 et
259 4696 524 4743 erattunc
558 4686 820 4757 temporis
845 4685 987 4756 juris
1023 4681 1177 4754 regni
1214 4680 1573 4736 Francorum.

76 4762 129 4821 De
152 4770 235 4829 hac
263 4774 491 4833 IIattilde
522 4777 753 4851 genitus
773 4785 856 4832 est
898 4772 1166 4830 Rodull‘us
1206 4787 1301 4828 rex
1330 4769 1581 4842 Burgun-

75 4856 163 4925 δίεν
179 4865 258 4933 qui
283 4878 399 4936 post
425 4878 638 4939 patrem
662 4884 823 4925 suum
847 4867 1159 4925 Conradum
1182 4863 1423 4933 suscepit
1445 4861 1581 4916 Bur-

73 4956 236 5020 Βηηάὶε
252 4977 490 5032 regnum,
511 4963 670 5020 Berta
695 4962 858 5019 etiam
885 4976 1049 5032 quam
1080 4956 1286 5028 accepit
1312 4954 1429 5011 Odo
1478 4953 1581 5009 Te-

75 5039 199 5099 tbaidi
221 5047 278 5080 ’τ’
300 5050 647 5108 Carnotensis
664 5052 828 5116 ﬁlius,
860 5066 926 5105 ex
960 5063 1066 5119 qua
1097 5046 1283 5119 genuit
1310 5043 1576 5110 Odonem.

73 5133 142 5200 (Ιιιί
170 5142 292 5209 apud
330 5142 557 5200 Barrum
583 5143 752 5208 obiit;
778 5141 1071 5198 Tetbaldus
1089 5139 1235 5196 enim
1275 5136 1582 5193 Carnoten-

74 5222 146 5288 δίε,
172 5229 307 5300 cujus
336 5249 638 5306 cognomen
681 5232 785 5288 fuit
814 5230 1083 5297 Tricator,
1119 5229 1212 5300 qui
1248 5227 1581 5283 Willelm‘um

1684 4604 1938 4646 reversus
1962 4586 2267 4643 Iohannem
2307 4584 2514 4656 judicio
2557 4582 2803 4656 synodali
2848 4582 2902 4636 in
2948 4580 3075 4636 sede
3105 4578 3265 4633 resti—

1684 4683 1808 4749 tuit,
1829 4679 2177 4737 Benedictum
2202 4693 2352 4745 vero,
2376 4678 2507 4750 quia
2528 4675 2701 4748 patris
2724 4674 2902 4731 cubile
2923 4670 3262 4735 ascenderat,

1686 4773 1993 4846 depositum
2033 4772 2090 4827 in
2126 4770 2424 4827 Saxoniam
2455 4785 2640 4827 secum
2662 4766 2837 4823 duxit.
2865 4763 2963 4818 Hie
2990 4762 3120 4817 fecit
3152 4762 3264 4831 prl-

1685 4868 1943 4940 yilegium
1972 4866 2199 4921 ecclesia:
2230 4863 2407 4921 sancti
2431 4861 2613 4918 Vitoni
2636 4861 2703 4915 de
2730 4856 2988 4915 omnibus
3014 4855 3179 4911 rebus
3198 4854 3266 4909 ad

1688 4977 1808 5017 eam
1835 4958 2230 5031 pertinentibus
2244 4956 2394 5027 juste
2413 4952 2692 5010 concessis
2714 4958 2769 5007 et
2793 4946 3155 5005 concedendis
3175 4961 3268 5017 pe—

1684 5053 1876 5110 titione
1901 5049 2087 5125 domni
2109 5047 2417 5119 Berengerii
2436 5043 2699 5115 episcopi,
2727 5050 2782 5097 et
2804 5040 3071 5098 :eclesiam
3094 5039 3266 5109 ipsam

1683 5143 1798 5201 sive
1829 5147 2222 5196 monasterium
2248 5133 2591 5191 continuavit
2615 5130 2942 5187 Virdunensi
2983 5127 3264 5184 aecclesiae.

1685 5235 1932 5285 statuens
1985 5234 2149 5297 atque
2193 5220 2547 5294 promulgans
2576 5225 2637 5274 ut
2682 5216 2778 5271 ﬁlii
2802 5214 3045 5271 ecclesia:
3073 5210 3269 5297 Yirdu-

76 5289 477 5382 Nortmannoruum
502 5326 627 5382 dolo
665 5322 955 5391 interfecit,
1000 5337 1066 5378 ex
1101 5309 1291 5377 sorore
1316 5317 1585 5374 Ileribcrti
1688 5318 1896 5385 nensis,
1944 5317 2040 5387 qui
2065 5312 2310 5371 seculum
2349 5311 2599 5367 deserere
2625 5307 2947 5373 voluissent,
2974 5304 3029 5358 in
3053 5289 3120 5358 e'o
3146 5314 3266 5355 mo-

1308 5409 1540 5465 VARI/E
1582 5409 1982 5467 LECTIONES.

126 5500 182 5582 θ’
208 5507 336 5582 ΡτΑΒ.
372 5526 421 5567 e.
454 5527 492 5582 p
544 5513 605 5570 Α.
634 5528 686 5568 a.
714 5508 799 5564 VI.
834 5511 1052 5564 inserta.

74 5565 128 5603 m
152 5591 190 5629 c.
208 5565 390 5636 'allum.

1166 5507 1234 5539 ’⁷⁸
1274 5502 1631 5560 DCCCCLIIII
1662 5521 1799 5558 corr.
1846 5497 2181 5559 DCCCCLV.

2294 5497 2361 5530 ’τί
2401 5496 2479 5552 ita
2508 5513 2552 5550 ς.
2667 5494 2735 5526 ¹⁷¹
2769 5498 2824 5548 et
2851 5488 2913 5544 I".
2955 5487 3018 5545 C.
3046 5486 3265 5545 inserta.

1537 5667 1767 5724 ΝΟΤιΙῗ.

127 5750 218 5824 (Π)
252 5756 552 5818 Heinricum
579 5763 622 5818 II
653 5764 920 5820 haeredem
943 5760 1190 5816 instituit.
