3834 6304
88 320 164 377 ωδ
1234 309 1647 368 cunomcon.

86 434 189 490 ratio
210 441 367 500 regum
394 439 454 479 ex
482 421 688 479 familia
723 420 912 479 Karoli
958 421 1138 496 Magni
1164 466 1179 492 ,
1210 435 1266 481 et
1309 425 1576 482 successit
1605 432 1648 491 Α

84 540 131 580 ex
152 521 235 577 alia
256 516 436 573 familia
462 513 614 586 Hugo
638 529 754 570 rex.
791 513 949 582 Quod
976 516 1214 587 graviter
1248 514 1430 573 ferens
1476 515 1581 571 Ar-

85 612 222 670 nulfus
236 610 457 677 clericus,
472 606 716 663 Lotharii
742 606 934 677 frater,
953 619 1014 664 ut
1039 609 1299 677 diximus,
1320 618 1577 681 patruum

84 704 278 761 Karolurn
298 702 347 757 in
370 699 647 756 Franciam
670 699 906 769 reduxit,
930 710 984 757 et
1007 700 1333 758 Laudunum
1358 702 1502 773 cepit
1526 711 1581 759 et

83 795 265 851 retinuit.
310 791 563 847 Adalbero
612 807 743 847 vero
791 791 1174 850 Laudunensis
1217 794 1507 865 episcopus
1547 810 1578 849 a

82 884 267 942 custodia
292 897 389 954 qua
418 882 697 938 tenebatur
722 880 959 953 fugiens,
991 883 1060 939 ad
1097 881 1380 956 Hugonem
1408 885 1577 952 venit,

82 978 176 1033 etei
198 974 445 1031 Arnulfum
485 974 833 1043 conciliavit;
884 974 975 1031 cui
1018 992 1115 1032 rex
1163 976 1421 1034 defuncto
1469 977 1578 1035 Re-

80 1068 208 1125 mensi
231 1066 625 1138 archiepiscopo.
650 1067 1147 1139 archiepiscopium
1195 1070 1428 1126 contulit
1453 1114 1468 1138 ,
1519 1079 1580 1126 ut

81 1163 154 1218 sibi
189 1159 410 1215 Karolum
437 1159 770 1215 conciliaret.
802 1159 895 1215 Ille
924 1160 1054 1215 dum
1093 1160 1369 1219 faciliores
1399 1163 1579 1220 aditus

80 1251 235 1324 querit,
265 1250 442 1322 quibus
466 1248 729 1307 Karolum
762 1251 876 1322 regi
907 1252 1192 1321 conciliet,
1223 1253 1499 1311 civitatem
1529 1255 1577 1309 ei

80 1343 230 1409 tradit,
255 1342 379 1398 unde
400 1342 465 1397 ab
493 1342 688 1399 eodem
717 1341 945 1415 Hugone
988 1344 1243 1415 pcrjurus
1267 1354 1321 1401 et
1349 1346 1579 1401 traditur

76 1435 236 1507 publice
254 1434 624 1491 conclamatur.
657 1433 769 1491 Nec
794 1436 968 1491 multo
990 1446 1116 1507 post
1142 1437 1213 1491 ab
1239 1436 1580 1499 Adalberone

78 1525 349 1581 Laudunensi
370 1567 384 1594 ,
415 1525 500 1581 cui
531 1542 589 1583 se
621 1527 903 1596 credebat,
933 1538 1146 1599 captus,
1182 1528 1298 1599 ipse
1322 1538 1378 1585 et
1405 1529 1575 1586 Caro-

77 1620 136 1673 lus
157 1617 327 1689 llugoni
352 1618 668 1675 redduntur.
719 1619 984 1678 Arnulfus
1031 1622 1312 1692 proposito
1357 1622 1482 1691 sibi,
1520 1631 1580 1679 ut

76 1726 119 1767 se
138 1712 366 1781 perjurum
393 1721 585 1782 sponte
620 1712 962 1783 confiteatur,
989 1713 1232 1785 alioquin
1258 1714 1433 1770 oculis
1454 1714 1577 1785 pri—

77 1814 253 1871 varetur,
275 1805 542 1876 periurum
577 1821 636 1862 se
665 1806 866 1861 clamat
890 1816 944 1862 et
967 1808 1181 1862 veniam
1212 1807 1384 1878 petit;
1415 1816 1578 1878 atque

77 1893 126 1946 ita
145 1908 243 1947 mor
263 1892 555 1963 deponitur,
599 1903 654 1950 et
681 1896 738 1950 in
763 1896 886 1952 loco
913 1897 1035 1967 ejus
1070 1896 1366 1954 Gerbertus
1395 1898 1579 1955 diaco-

77 1999 149 2038 nus
182 1984 277 2054 ejus
317 1986 683 2056 substituitur,
733 1989 913 2060 primo
954 2005 1090 2060 puer
1138 1990 1192 2046 in
1242 1992 1577 2049 monasterio

74 2076 199 2130 sancti
220 2075 409 2149 Gyraldi
437 2080 680 2137 nutritus
703 2122 718 2149 ,
751 2081 847 2137 sed
871 2098 973 2155 pro
1022 2097 1238 2139 morum
1276 2085 1577 2141 insolentia

73 2167 281 2235 expulsus,
308 2173 649 2241 postmodum
680 2182 735 2230 et
767 2174 835 2230 de
862 2175 1336 2248 archiepiscopatu
1362 2179 1574 2250 pulsus,

74 2259 119 2311 ad
139 2257 355 2319 Othonem
379 2265 765 2338 imperatorem
793 2283 853 2324 se
881 2270 1129 2324 contulit.
1167 2268 1402 2329 Karolus
1422 2318 1426 2322 .
1444 2288 1576 2328 vero

74 2350 253 2419 privatus
269 2358 451 2425 senuit,
476 2367 539 2415 et
563 2358 829 2417 Arnulfus
842 2361 1219 2433 episcopatum
1234 2365 1459 2434 recepit.
1482 2365 1579 2421 So-

74 2458 137 2499 ror
155 2447 246 2516 ejus
264 2447 548 2509 Malthildis
575 2451 912 2525 fuitjlodulﬁ
935 2455 1079 2526 regis
1106 2453 1434 2528 Burgundize
1460 2472 1575 2513 ma-

73 2542 143 2603 ter,
165 2548 206 2594 et
227 2542 330 2611 ejus
362 2545 503 2614 tilia,
556 2562 723 2616 quam
751 2545 1040 2603 Conradus
1076 2546 1393 2618 imperator,
1428 2550 1577 2606 tertii

71 2627 225 2689 Ottonis
248 2634 397 2704 filius,
427 2654 658 2695 uxorem
688 2640 862 2708 duxit,
891 2639 1040 2696 Gisia
1072 2640 1219 2697 dicta
1247 2649 1333 2698 est
1358 2683 1373 2709 ,
1403 2652 1581 2698 mater

74 2719 246 2782 Heinrici
284 2730 415 2784 tertii
457 2731 831 2801 imporatoris.
880 2731 1040 2787 Berta
1074 2748 1295 2805 quoque
1318 2733 1441 2805 ejus
1466 2735 1575 2790 ﬁlia
1607 2781 1619 2788 .

72 2822 193 2871 mater
212 2815 394 2877 Odonis
419 2822 517 2893 qui
546 2823 690 2893 apud
718 2823 823 2878 Bar
844 2822 982 2879 obiit
1008 2824 1098 2879 ’7‘.

118 2905 195 2972 (Cf.
232 2908 336 2968 Ser.
381 2912 500 2970 abbl
562 2913 673 2988 Π.)
714 2914 874 2972 Anno
922 2916 1027 2974 968
1076 2917 1211 2974 obiit
1257 2916 1576 2977 Remundus

70 2991 279 3058 Eduorum
304 3007 615 3079 episcopus.
1328 3036 1337 3041 τ

117 3089 218 3158 (Fol.
244 3096 342 3170 72.)
380 3118 398 3152 ι
430 3098 706 3158 Jomnes
730 3102 1039 3174 episcopus,
1072 3119 1264 3162 servus
1291 3121 1573 3164 servorum
1603 3143 1644 3200 ο

71 3177 163 3251 Dei,
188 3185 474 3250 Bsusxcsno
504 3192 667 3249 fratri
698 3204 890 3252 nostro
925 3194 1288 3255 Virduuensis
1329 3200 1576 3256 ecclesia:

67 3275 255 3349 θρίεοορο
276 3323 289 3349 ,
321 3300 439 3341 cum
468 3287 733 3344 omnibus
763 3289 867 3344 sibi
904 3304 936 3344 a
967 3288 1080 3346 Deo
1108 3292 1419 3349 commissis
1445 3293 1573 3349 bra-

68 3365 173 3424 vium
192 3381 364 3433 eterna:
395 3381 877 3438 remunerationis.

119 3463 380 3527 «Convenit
413 3474 722 3544 apostolico
754 3476 1118 3533 moderamini
1166 3478 1255 3550 pia
1310 3478 1576 3551 religione

65 3552 318 3622 pollentibus
343 3564 598 3621 benivola
625 3567 854 3624 caritate
882 3568 1063 3625 favere
1081 3612 1095 3637 ,
1145 3578 1201 3626 et
1232 3572 1575 3643 poscentium

58 3648 208 3707 animis
227 3654 379 3712 alacri
403 3658 698 3716 devotione
731 3675 1017 3718 assensum
1051 3662 1310 3733 praebere.
1357 3662 1438 3719 Ex
1470 3664 1577 3720 hoc

63 3738 165 3795 enim
184 3747 509 3814 potissimum
540 3752 830 3822 praemium
867 3755 1007 3811 lucri
1056 3772 1085 3811 a
1127 3757 1410 3813 conditore
1450 3772 1572 3812 om-

63 3827 168 3884 nium
192 3831 396 3895 Domino
421 3842 884 3912 prnmerebimur,
914 3845 960 3901 si
988 3846 1321 3902 venerabilia
1357 3855 1576 3903 saneto-

1612 1777 1651 1836 Β

64 3928 145 3973 mm
166 3922 263 3982 loca
287 3940 556 4000 oportune
578 3933 834 3990 ordinata
860 3936 927 3992 ad
948 3937 1229 3992 meliorem
1246 3936 1576 3994 fuerintsta—

60 4014 141 4064 tum
162 4028 321 4076 nostra
346 4024 676 4082 auctoritate
707 4027 988 4098 perducta.
1017 4027 1187 4100 Igitur
1208 4030 1470 4100 quoniam
1501 4039 1572 4097 te,

60 4103 277 4167 carissime
298 4113 482 4187 frater,
518 4118 661 4174 inter
686 4128 883 4175 cartera
913 4127 1117 4176 sanctae
1144 4122 1573 4177 conversationis

54 4199 255 4259 exercitia
278 4211 645 4281 comperimus
673 4211 947 4283 quoddam
974 4212 1366 4268 monasterium
1395 4213 1451 4267 in
1478 4221 1574 4268 tuo

57 4286 269 4364 θρίδοορίο
286 4300 439 4369 juxta
478 4302 756 4361 civitatem
784 4303 1017 4360 Virduni
1060 4304 1118 4359 in
1154 4305 1398 4361 aecelesia
1432 4306 1572 4361 beati

58 4373 166 4437 Petri
184 4402 267 4456 pro
291 4408 476 4453 amore
533 4395 631 4453 Dei
659 4398 1038 4454 construxisse
1062 4439 1077 4465 ,
1125 4397 1181 4453 in
1209 4414 1320 4469 quo
1355 4398 1574 4468 requie-

61 4481 175 4529 scunt
190 4494 396 4554 corpora
407 4498 728 4545 sanctorum
754 4487 1135 4546 confessorum
1156 4498 1319 4562 atque
1340 4489 1577 4562 praefata:
1611 4493 1649 4546 ll

58 4565 241 4626 ecclesia:
271 4587 467 4635 sanctae
505 4579 692 4637 Μαι-ξω
721 4580 1008 4648 Quondam
1040 4581 1443 4654 episcoporum,
1477 4580 1572 4636 Vi-

60 4655 156 4725 ίοηίι
179 4658 494 4741 Pulchronii,
537 4671 883 4730 Possessoris
911 4681 1076 4744 atque
1102 4673 1354 4742 Firmini,
1404 4683 1458 4730 et
1510 4674 1577 4731 dc

59 4748 176 4807 rebus
205 4765 299 4815 tua:
331 4765 594 4821 :ecelesia:
628 4765 855 4836 provida
902 4765 1343 4822 consideratione
1396 4765 1578 4821 suble-

58 4849 204 4913 Vasse,
230 4859 286 4906 ut
314 4853 357 4909 si
382 4858 605 4927 quando
634 4857 733 4913 lilii
764 4866 869 4914 tua:
913 4858 1159 4914 ecclesiae
1196 4858 1382 4913 divino
1429 4872 1577 4913 eom-

56 4939 194 5022 Ptlncti
219 4957 390 5004 arnore
414 4958 631 5006 terrena
658 4951 1024 5022 despicientes
1048 4951 1116 5006 ad
1142 4949 1575 5020 contemplativa:

56 5021 144 5080 like
163 5034 525 5099 perfectionem
554 5021 846 5115 confugere
874 5043 1245 5099 desiderarent
1269 5083 1285 5110 ,
1325 5057 1395 5098 ne
1421 5057 1451 5097 a
1481 5049 1573 5097 tua

52 5119 241 5180 Ecclesia
262 5132 475 5198 penitus
502 5133 782 5191 dissociati
813 5136 1129 5191 viderentur
1151 5176 1167 5202 ,
1200 5134 1256 5190 in
1292 5142 1572 5191 monaste-

54 5202 136 5299 τίτξ,
158 5216 283 5282 quod
308 5221 614 5278 membrum
655 5233 740 5280 est
778 5225 1023 5299 ejusdem
1069 5225 1314 5281 ecclesiae
1341 5267 1356 5292 ,
1391 5224 1571 5281 solatii

52 5296 265 5389 refugium
288 5313 389 5369 sub
417 5315 607 5371 habitu
632 5296 913 5389 religionis
934 5318 1037 5374 sibi
1058 5318 1366 5381 invenirent
1386 5326 1440 5373 et
1459 5316 1572 5374 Deo

53 5387 187 5454 quieta
208 5404 591 5473 tranquillitate
627 5387 762 5463 inibi
802 5406 1162 5477 famulentur;
1208 5407 1422 5464 noverit
1447 5424 1568 5465 om-

184 5486 409 5550 fidelium
436 5504 553 5552 tam
580 5499 927 5568 praesentium
963 5515 1127 5570 quam
1161 5507 1217 5555 et
1256 5497 1568 5555 futurorum

51 5571 281 5650 industria,
329 5601 434 5644 nos
468 5588 613 5646 idem
658 5591 1051 5649 monasterium
1089 5600 1183 5649 tua
1225 5590 1571 5649 ordinatione

1687 344 1751 353 -—
1786 312 1915 368 LIB.
1958 311 1997 371 l.
3160 324 3265 381 194

1679 435 2073 497 constructum,
2103 443 2229 485 cum
2267 430 2522 489 omnibus
2550 432 2735 502 rebus,
2761 437 3034 508 regalibus
3062 435 3264 512 praece-

1682 517 1788 587 ptis
1829 525 1926 573 tuo
1970 519 2225 576 consultu
2274 521 2379 577 sibi
2427 523 2652 581 sancitis
2673 567 2689 594 ,
2728 526 2786 582 in
2817 537 3082 586 aeternum
3129 531 3266 589 velle

1682 624 2003 679 permanere
2047 611 2454 684 inconvulsum,
2485 615 2693 674 scilicet
2737 636 2751 674 :
2797 617 3084 678 Scanciam
3139 640 3264 681 cum

1682 702 1799 757 suis
1824 703 2169 772 pertinentiis
2194 746 2209 772 ,
2235 706 2508 762 abbatiam
2537 698 2977 769 sancti‘Amantii
3014 723 3068 771 et
3100 717 3263 787 quid-

1681 794 1815 864 quid
1840 794 1908 851 ad
1936 810 2057 851 eam
2088 788 2342 867 pertinet,
2373 798 2580 855 Novam
2606 802 2790 858 villam
2821 820 2945 861 cum
2971 807 3087 864 suis
3106 808 3262 878 locis,

1680 886 2024 946 Amantionis
2043 896 2273 958 curtem,
2294 900 2558 961 quantum
2582 895 2650 949 ad
2670 911 2790 950 eam
2818 892 3109 967 pertinent,
3134 899 3265 955 Par-

1680 978 1864 1035 ridum
1905 995 2030 1036 cum
2066 981 2183 1038 suis
2220 983 2571 1056 adjacentiis,
2623 985 2860 1044 Harbodi
2902 990 3088 1046 villam
3137 1009 3263 1048 cum

1680 1071 1797 1128 suis
1823 1073 2189 1143 pertinentiis,
2220 1073 2476 1139 Camenis
2510 1079 2681 1136 curtis
2709 1081 2994 1137 ecclesiam
3023 1083 3146 1139 cum
3177 1085 3264 1140 his
3332 1116 3333 1123 η

1680 1181 1803 1238 quze
1830 1166 1900 1222 ad
1925 1182 2046 1223 eam
2075 1168 2389 1239 pertinent,
2426 1172 2726 1229 mcelesiam
2761 1175 2828 1231 de
2867 1175 3090 1233 Marleio
3137 1195 3262 1235 cum

1681 1255 1798 1314 suis
1840 1259 2161 1329 adjacentiis
2190 1303 2204 1331 ,
2253 1263 2555 1319 mcelesiam
2586 1265 2653 1321 de
2686 1265 2927 1324 Marculﬁ
2957 1279 3109 1326 curto
3137 1287 3262 1327 cum

1681 1348 1798 1405 suis
1842 1350 2162 1420 adjacentiis
2189 1394 2205 1421 ,
2247 1341 2549 1411 accelesiam
2586 1356 2654 1412 de
2694 1355 2956 1415 Amonzei
2983 1362 3108 1417 villa
3137 1379 3263 1419 eum

1618 1506 1630 1519 δ
1681 1442 1797 1498 suis
1820 1443 2160 1514 adjaccntiis,
2187 1429 2313 1501 cum
2341 1448 2525 1517 terris,
2553 1449 2748 1518 vineis,
2767 1451 3112 1523 molendinis,
3139 1471 3264 1511 cum

1680 1535 1853 1591 servis
1873 1544 1929 1590 et
1956 1537 2192 1605 ancillis,
2223 1539 2496 1595 abbatiam
2528 1543 2700 1598 sancti
2723 1540 2871 1598 Petri
2898 1552 2952 1599 et
2978 1546 3265 1601 ecclesiam

1679 1626 1748 1682 de
1775 1625 1961 1683 Maroa
1985 1670 2001 1696 ,
2034 1630 2103 1685 ad
2132 1628 2417 1687 Liniacum
2466 1633 2732 1706 quidquid
2778 1636 2845 1690 ad
2893 1637 3047 1692 illum
3083 1639 3264 1693 locum

1679 1717 1947 1787 pertinet,
1981 1718 2051 1774 ad
2092 1718 2299 1776 Novam
2346 1722 2532 1778 villam
2584 1725 2639 1779 in
2692 1724 2947 1783 Barrensi
3003 1729 3266 1784 comitatu

1678 1811 1945 1881 quidquid
1973 1810 2041 1867 ad
2076 1828 2203 1868 eum
2229 1814 2409 1870 locum
2438 1815 2690 1886 pertinet.
2734 1816 2863 1874 Haec
2906 1834 3038 1875 vero
3082 1820 3266 1875 omnia

1676 1903 1936 1972 pnedicta
1979 1905 2100 1960 loca
2126 1921 2251 1962 eum
2281 1907 2397 1963 suis
2424 1909 2683 1966 omnibus
2713 1912 3039 1982 generaliter
3064 1920 3119 1967 et
3144 1927 3267 1982 spc-

1677 1993 1890 2051 cialiter
1910 1996 2274 2067 pertinentiis,
2302 2006 2354 2054 et
2382 2000 2648 2072 quidquid
2669 2001 2782 2057 Deo
2804 2003 3103 2073 opitulante
3137 2012 3266 2059 voto

1673 2087 1919 2145 ﬁdelium
1947 2089 2076 2145 huic
2103 2092 2438 2149 monasterio
2457 2109 2783 2150 concessum
2810 2093 2973 2151 fuerit
2994 2095 3049 2150 in
3078 2095 3265 2152 futuro

1676 2190 1920 2252 tempore
1944 2224 1958 2249 ,
1987 2196 2086 2252 per
2114 2181 2221 2239 hoc
2245 2191 2495 2239 nostrum
2522 2185 2883 2256 apostolicum
2921 2186 3265 2258 privilegium

1674 2271 1990 2343 perenniter
2014 2275 2300 2331 ﬁrmamus
2338 2284 2448 2330 tam
2483 2276 2640 2332 vobis
2684 2291 2850 2348 quam
2893 2277 3091 2333 vestris
3140 2293 3267 2334 suc-
3318 2308 3329 2315 -

1675 2364 1989 2421 eessoribus
2013 2408 2028 2432 ,
2063 2374 2119 2422 et
2153 2366 2377 2437 insuper
2413 2367 2520 2425 hoc
2550 2377 2749 2425 nostrae
2783 2370 3122 2426 auctoritatis
3154 2369 3266 2441 pri-

1673 2454 1872 2526 vilegio
1897 2470 2020 2511 esse
2045 2456 2461 2512 corroboratum
2485 2459 2761 2535 volumus,
2792 2460 3050 2531 quatinus
3077 2460 3265 2517 eadem

1675 2544 2040 2604 Virdunensis
2067 2548 2314 2604 mcclesia
2338 2590 2354 2617 ,
2385 2565 2509 2620 qum
2532 2549 2798 2607 hactenus
2824 2551 2891 2607 de
2919 2552 3046 2608 ﬁliis
3079 2553 3150 2607 ab
3177 2551 3264 2622 ip-

1676 2639 1754 2695 sis
1800 2638 2055 2695 infancite
2103 2640 2430 2697 rudimentis
2472 2641 2530 2696 in
2579 2642 2787 2714 gremio
2835 2657 2936 2697 suo
2976 2634 3261 2714 expositis,

1675 2730 1806 2785 dum
1836 2731 1905 2785 ad
1932 2739 2157 2786 externa
2180 2730 2513 2787 monasteria
2536 2731 2944 2805 confugiebant,
2972 2732 3264 2791 fraudaba-

1676 2829 1766 2876 tur
1790 2860 1805 2887 ,
1854 2819 2056 2877 abhinc
2100 2818 2163 2876 et
2201 2820 2459 2892 deinceps
2507 2822 2565 2877 in
2609 2823 2859 2879 membro
2888 2823 2992 2879 sibi
3019 2824 3265 2896 subjecto

1675 2912 1907 2969 consilio
1937 2912 2024 2968 sui
2050 2913 2294 2985 episcopi
2322 2923 2487 2985 atque
2518 2915 2859 2986 providentia
2898 2916 3122 2988 gloriosi
3170 2919 3266 2974 ab—

1675 3003 1819 3059 batis
1846 3001 2133 3059 Humberti
2160 3004 2228 3060 de
2254 3019 2447 3061 eorum
2481 3014 2671 3062 sancta
2709 3009 3125 3066 conversatione
3172 3025 3267 3066 su-

1677 3096 1904 3152 blimata
1955 3096 2239 3168 glorietur.
2296 3094 2355 3153 Si
2407 3114 2516 3170 qua
2559 3107 2744 3155 autem
2788 3102 3082 3159 temerario
3125 3118 3266 3159 ausu

1676 3206 1873 3262 magna
1903 3205 2140 3262 parvave
2165 3207 2399 3263 persona
2424 3234 2440 3260 ,
2476 3192 2873 3265 cujuscumque
2918 3196 3128 3253 ordinis
3171 3206 3268 3255 aut

1674 3284 1981 3354 potestatis,
2012 3294 2206 3342 contra
2235 3286 2379 3342 hanc
2403 3294 2650 3343 nostram
2684 3288 3040 3359 apostolicam
3063 3306 3267 3361 praece—

1675 3376 1917 3447 ptionem
1948 3377 2027 3433 ire
2054 3378 2440 3449 temptaverit,
2477 3379 2617 3436 sciat
2658 3395 2719 3437 se
2753 3381 3078 3438 auctoritate
3118 3382 3265 3439 beati

1672 3465 1817 3522 Petri
1842 3467 2215 3537 apostolorum
2241 3464 2505 3538 principis
2525 3470 3078 3538 excommunicatum,
3101 3478 3267 3542 atque
3286 3494 3293 3499 -

1674 3561 2040 3617 anatliematis
2068 3561 2291 3617 vinculo
2310 3576 2433 3617 esse
2457 3562 2799 3631 innodatum,
2826 3571 2882 3619 et
2908 3579 2941 3619 a
2972 3578 3143 3636 regno
3167 3562 3266 3620 Dei

1675 3653 1912 3709 alienum
1932 3696 1950 3720 ,
1985 3669 2113 3710 cum
2144 3652 2511 3724 omnibusque
2555 3653 2738 3725 impiis
2771 3663 2976 3711 aeterno
3010 3655 3266 3712 incendio

1674 3758 1838 3818 atque
1864 3747 2133 3817 supplicio
2159 3747 2638 3818 condempnatum.
2673 3746 2812 3820 (F01.
2844 3747 2972 3821 72’.)
3002 3747 3107 3816 Qui
3133 3763 3267 3805 vero

1675 3842 1991 3898 observator
2013 3841 2255 3897 extiterit
2287 3840 2452 3912 hujus
2482 3841 2657 3896 nostri
2687 3841 2982 3912 praecepti,
3032 3841 3265 3915 gratiam

1673 3944 1838 4006 atque
1886 3934 2324 3993 misericordiam
2364 3922 2642 4004 vitamque
2686 3942 2948 3990 aeternam
2978 3949 3009 3989 a
3043 3934 3265 3991 miseri-

1675 4028 1999 4084 cordissimo
2043 4027 2267 4085 domino
2302 4025 2414 4083 Deo
2451 4035 2644 4083 nostro
2668 4027 2931 4098 consequi
2967 4037 3262 4086 mereatur.

1677 4120 1954 4191 Scriptum
1983 4136 2080 4190 per
2107 4135 2333 4175 manum
2360 4118 2562 4174 Leonis
2590 4119 2865 4174 scriniarii
2890 4127 3094 4177 sanctae
3118 4121 3264 4177 sedis

1674 4213 1986 4283 apostolica:
2021 4212 2077 4266 in
2113 4226 2303 4267 mense
2337 4210 2601 4266 Januario
2639 4226 2735 4281 per
2771 4210 3123 4266 indietionem
3171 4212 3259 4267 l4.

1674 4305 1870 4360 Datum
1899 4304 1933 4359 5
1962 4303 2089 4360 Idus
2115 4301 2362 4359 Januarii
2391 4317 2490 4373 per
2541 4316 2767 4357 manum
2800 4299 2994 4356 Marini
3023 4302 3264 4372 episcopi

1673 4405 1729 4453 ct
1754 4403 1955 4453 sancta:
1986 4395 2130 4452 sedis
2157 4394 2470 4465 apostolicae
2494 4392 2892 4450 bibliothecarii
2921 4434 2935 4462 ,
2964 4407 3110 4449 anno
3150 4391 3264 4448 Deo

1679 4488 1925 4559 propicio
1964 4487 2311 4558 pontiﬁcatus
2346 4485 2535 4543 domui
2561 4484 2832 4543 Johannis
2857 4485 3058 4543 summi
3082 4485 3265 4557 ponti-

1672 4580 1791 4636 ﬁcis
1833 4586 1888 4634 et
1930 4578 2257 4635 universalis
2297 4577 2392 4633 ΧΠ
2440 4594 2593 4652 papae
2630 4578 2685 4634 in
2716 4577 3095 4638 sacratissima.
3133 4577 3264 4634 sede

1674 4670 1817 4727 beati
1836 4668 1983 4725 Petri
2011 4669 2247 4740 apostoli
2275 4669 2510 4738 decimo,
2541 4671 2722 4742 primo
2760 4670 2817 4725 in
2851 4684 3039 4726 mense
3062 4710 3078 4737 ,
3118 4669 3264 4725 indi-

1672 4764 1853 4820 ctione
1900 4763 2008 4831 M,
2055 4778 2201 4820 anno
2226 4764 2296 4820 ab
2324 4763 2433 4820 inc.
2465 4763 2623 4820 Dom.
2667 4764 2791 4820 971.
2831 4782 2851 4817 ι
2905 4761 3031 4841 Haec
3076 4771 3261 4820 autem

1673 4865 1804 4914 sunt
1830 4856 2013 4912 addita
2039 4897 2055 4924 ,
2083 4856 2255 4913 immo
2285 4857 2535 4927 quaedam
2568 4856 2777 4912 reddita
2802 4854 3030 4928 praefato
3067 4870 3263 4911 mona-

1673 4949 1843 5005 sterio
1888 4956 2011 5019 post
2048 4958 2332 5019 acceptum
2367 4948 2473 5004 hoc
2501 4947 2842 5019 privilegium
2873 4965 2887 5003 :
2924 4944 3164 5004 Ecclesia
3193 4946 3263 5001 de

1674 5040 1943 5098 Bocconis
1985 5051 2171 5097 monte
2195 5083 2209 5109 ,
2251 5040 2484 5096 ecclesia
2512 5040 2579 5095 de
2603 5039 2868 5095 Donnatis
2893 5054 3020 5095 cum
3050 5039 3262 5094 molen-

1672 5135 1802 5190 dino
1825 5177 1839 5202 ,
1867 5133 2099 5190 ecclesia
2126 5134 2195 5190 de
2226 5132 2401 5188 Mauri
2427 5131 2553 5187 villa
2580 5172 2597 5198 ,
2642 5132 2710 5187 ad
2744 5129 2956 5199 Rivaldi
3004 5145 3258 5195 mansum

1673 5212 1859 5284 mansi
1891 5236 2150 5299 quatuor,
2179 5225 2249 5282 ad
2278 5224 2511 5280 Raherei
2539 5232 2747 5280 curtem
2772 5232 2828 5280 et
2854 5223 3022 5281 Gislei
3048 5230 3259 5280 curtem

1675 5327 1732 5375 ct
1755 5316 1963 5375 Novam
1995 5320 2183 5375 villam
2212 5316 2393 5373 mansi
2420 5316 2642 5396 triginta
2673 5330 2800 5373 eum
2833 5316 3068 5373 ecclesia
3093 5323 3145 5371 et
3173 5330 3263 5369 ca-

1676 5409 1817 5480 pella
1845 5450 1859 5476 ,
1886 5410 2061 5466 vineae
2110 5410 2168 5465 in
2215 5407 2443 5466 Δι’ηοίάὶ
2486 5408 2617 5466 villa
2665 5424 2805 5480 quas
2850 5407 3117 5465 dederunt
3158 5404 3257 5477 Ri-

1675 5502 1882 5558 chuara
1907 5502 2126 5577 ducissa
2150 5543 2167 5569 ,
2202 5501 2506 5560 Adelardus
2533 5545 2549 5572 ,
2582 5501 2888 5558 Amalrieus
2912 5543 2925 5568 ,
2963 5499 3216 5559 Albertus
3240 5540 3256 5567 ,

1676 5590 2001 5660 Warnerus,
2032 5589 2309 5663 Gyrulfus.
2340 5591 2664 5650 Lambertus
2687 5592 3008 5658 canonicus,
3032 5594 3100 5645 ad
3132 5587 3258 5643 Flo-

1268 5682 1501 5743 VAlilrE
1540 5680 1944 5742 LECTIONES.

103 5759 157 5793 ’⁷⁸
187 5764 313 5824 Hinc
333 5782 449 5829 octo
474 5774 624 5832 linea
648 5795 833 5835 erasw.
