3834 6304
578 353 680 410 195

580 467 900 540 rinc'uingas
941 480 1171 522 mansus
1215 476 1358 517 unus
1404 458 1749 525 cumviueis,
1796 458 1865 513 ad
1909 458 2172 535 Sanctum

578 562 859 621 lulianum
890 573 1119 614 mansus
1156 554 1413 610 dimidius
1446 567 1572 606 cum
1600 551 1759 607 vinea
1786 592 1802 618 ,
1847 551 1915 606 ad
1966 550 2162 606 Flaba-

581 657 726 712 sium
752 653 932 709 mansi
954 660 1085 719 tres,
1114 650 1167 704 in
1198 646 1416 702 Soliaco
1437 643 1689 712 ecclesia,
1718 645 1786 700 ad
1814 644 2038 701 Buslani
2065 645 2166 702 vil-

581 748 687 803 lam
716 746 965 802 ecclesia.

651 842 812 896 Anno
840 836 1081 894 secundo
1108 842 1234 905 post
1270 832 1457 890 datum
1500 832 1607 888 hoc
1661 832 2025 905 privilegium,
2071 833 2166 903 qui

581 943 699 991 erat
731 933 800 987 ab
828 932 934 986 ine.
968 929 1123 984 Dom.
1141 926 1268 995 972,
1294 924 1439 981 Otho
1457 924 1686 997 Magnus
1702 926 2166 996 imperatorobiit,

584 1025 651 1082 ιο
679 1023 889 1094 imperii
920 1022 1013 1076 sui
1036 1036 1204 1086 anno,
1229 1028 1283 1075 et
1310 1017 1454 1075 Otho
1480 1017 1659 1074 Rufus
1688 1018 1975 1074 successit.
1999 1016 2171 1073 Hum-

581 1119 765 1175 bertus
813 1115 980 1170 etiam
1025 1112 1196 1168 abbas
1244 1111 1382 1167 obiit
1409 1110 1444 1166 2
1495 1109 1681 1167 Nonas
1729 1109 2070 1179 Decembris,
2117 1119 2173 1165 et

578 1208 890 1264 Adilmarus
920 1207 975 1261 in
997 1207 1180 1261 locum
1211 1205 1333 1274 ejus
1355 1204 1685 1260 substitutus
1742 1211 1846 1259 est.
1896 1201 2175 1259 Successit

578 1300 781 1370 itaque,
811 1306 871 1355 ut
899 1298 1162 1363 diximus,
1214 1294 1415 1351 Othoni
1468 1296 1647 1367 primo
1700 1295 1977 1351 secundus
2006 1293 2171 1363 Otho,

578 1392 671 1464 qui
703 1402 757 1449 et
779 1390 977 1459 Rufus,
1009 1391 1075 1446 de
1105 1404 1217 1461 quo
1247 1389 1453 1445 dictum
1503 1397 1589 1444 est
1620 1389 1996 1458 proverbium,
2044 1389 2174 1459 quia

579 1484 848 1540 successit
890 1481 1017 1537 Otto
1074 1480 1348 1537 secundus
1395 1480 1463 1535 ad
1499 1479 1813 1549 imperium,
1857 1488 1918 1534 ut
1957 1478 2178 1535 ﬂoreret

581 1577 866 1632 saeculum.
899 1574 1046 1628 Vixit
1077 1582 1261 1628 autem
1293 1572 1531 1627 domnus
1594 1570 1959 1643 Berengarius
2001 1585 2178 1641 usque

582 1668 651 1723 ad
681 1676 893 1738 tempus
914 1666 1137 1723 Ottonis
1173 1664 1338 1732 tertii,
1398 1674 1453 1720 et
1478 1663 1769 1721 defunctus
1819 1663 1855 1718 2
1900 1662 2030 1719 ldus
2063 1663 2179 1718 Au-

1577 343 1881 402 HUGONIS
1917 344 2214 401 ABBATIS
2249 344 2822 403 FLAVINIACENSIS

3704 360 3770 420 lilii

2205 466 2252 522 Α
2278 468 2427 525 sunt,
2452 474 2552 529 pro
2577 474 2821 530 quorum
2843 459 3189 527 liberatione,
3216 468 3275 516 ut
3296 459 3511 531 dicitur,
3551 462 3771 529 Gothenus

2267 552 2448 609 claves
2501 553 2657 607 urbis
2706 553 2820 624 regi
2855 552 3066 609 detulit.
3092 551 3176 609 Ob
3211 555 3350 611 hanc
3393 556 3567 629 itaque
3612 577 3771 621 causam

2269 661 2398 701 cum
2425 646 2726 702 invenisset
2749 644 2906 717 Hugo
2931 662 3207 717 expensas
3233 648 3489 720 episcopii
3513 657 3769 711 extermina-

2269 748 2376 806 tas,
2400 739 2607 795 notatis
2628 738 2885 794 villarum
2941 740 3208 798 reditibus
3261 756 3390 797 mox
3443 758 3667 803 reversus
3704 761 3771 805 est.

2269 829 2393 898 Quo
2419 846 2644 903 egresso
2667 839 3031 901 susceperunt
3051 832 3260 903 absque
3288 834 3438 905 regio
3453 834 3589 891 dono
3610 837 3774 895 Adelbe

2271 940 2483 992 ronem,
2526 924 2794 980 Bcatricis
2846 923 3018 979 tilium
3064 926 3259 983 matris
3309 926 3465 984 ducis
3513 926 3773 1001 Theoderici,

2273 1017 2369 1088 qui
2399 1017 2802 1090 aliquantulum
2833 1026 3081 1074 moratus
3105 1019 3162 1073 iu
3185 1018 3426 1087 civitate,
3447 1019 3673 1080 defuncto
3686 1023 3776 1080 lict-

2275 1111 2418 1167 tensi
2442 1111 2721 1183 episeopo,
2748 1112 2843 1167 illo
2863 1127 2923 1168 se
2937 1113 3189 1181 contulit,
3207 1113 3320 1170 isto
3339 1114 3540 1171 relicto.
3563 1114 3678 1173 Huic
3696 1135 3777 1175 sut-

2275 1210 2442 1265 cessit
2468 1209 2924 1279 Adalbero,tilius
2966 1211 3185 1269 comitis
3234 1211 3532 1282 Godefridi,
3581 1232 3690 1272 avus
3709 1218 3777 1272 du-

2276 1301 2358 1357 cis
2378 1300 2678 1369 Godefridi,
2733 1304 2828 1374 qui
2891 1313 3115 1375 accepta
3158 1321 3328 1362 uxore
3353 1305 3778 1380 Bonefacii,postca

2279 1392 2455 1450 factus
2481 1403 2568 1451 est
2586 1396 2852 1451 marchio.
2876 1395 2927 1452 ls
2964 1396 3255 1453 Salernum
3289 1399 3482 1455 eodem
3514 1415 3642 1455 anno
3664 1402 3777 1457 bene-

2278 1485 2534 1541 dictionis
2555 1501 2670 1542 sute
2700 1487 3004 1545 curationis
3024 1489 3201 1562 gratia
3254 1488 3548 1561 profectus,
3600 1508 3779 1550 reversus

2281 1579 2338 1633 in
2372 1570 2527 1634 Italia
2552 1579 2689 1635 obiit
2727 1580 2795 1635 14
2830 1579 2951 1636 Kal.
2982 1580 3138 1650 Mai.,
3175 1591 3231 1637 et
3259 1583 3491 1638 relatum
3520 1599 3688 1655 corpus
3704 1587 3779 1656 ejus

2286 1670 2512 1727 Virduni
2533 1672 2808 1743 sepultum
2827 1682 2931 1729 est.
2959 1672 3106 1729 Vixit
3140 1674 3196 1729 in
3222 1674 3537 1747 episcopatu
3564 1677 3705 1734 tribus
3724 1694 3778 1734 sc-

581 1760 750 1831 gusti,
775 1759 917 1814 infra
946 1760 1250 1815 mcclesiam
1275 1758 1577 1814 tumulatus
1596 1766 1681 1813 est
1701 1772 1827 1812 eum
1876 1756 2088 1811 honore
2121 1755 2176 1811 in
2213 1827 2243 1831 _
2282 1764 2388 1819 mis
2416 1765 2598 1831 annis,
2623 1774 2678 1821 ρι
2711 1767 2980 1822 successit
3004 1764 3201 1823 Heimo
3220 1783 3369 1823 anno
3392 1768 3513 1824 988,

580 1827 835 1925 ingressu
857 1852 1103 1919 claustri,
1142 1852 1289 1923 quod
1336 1859 1555 1906 constat
1597 1855 1724 1905 eum
1750 1858 1805 1905 et
1831 1850 2083 1920 quesisse
2124 1859 2179 1905 et
2212 1827 2255 1886 Β
2353 1852 2516 1927 [Rom
2553 1827 2721 1910 Oesn.
2764 1872 2803 1923 ι,
2832 1855 2926 1929 4.]
2962 1856 3016 1911 ln
3041 1856 3198 1912 initio
3239 1856 3429 1930 itaque
3460 1859 3601 1931 regni
3634 1858 3779 1917 Ottonis

579 1944 922 2017 praecepisse.
963 1943 1068 2016 (Cf.
1094 1943 1252 1999 Gesta
1315 1942 1427 1999 Vir.
1467 1941 1548 2013 2.)
1595 1940 1836 2014 Regebat
1880 1950 2013 1997 tunc
2039 1949 2180 1997 tem-

578 2037 731 2108 poris
767 2037 1100 2110 Burgundiaa
1125 2052 1355 2108 regnum
1404 2035 1697 2104 Rodulfus,
1729 2034 1972 2091 Couradi
2011 2034 2178 2102 ﬁlius,

581 2130 741 2201 cujus
768 2144 1017 2186 sororem
1054 2129 1262 2186 Gislam
1286 2128 1574 2185 Conradus
1610 2128 1932 2198 imperator,
1979 2127 2076 2198 qui
2130 2135 2185 2183 et

581 2222 758 2291 Couo,
781 2222 936 2278 duxit
957 2238 1211 2278 uxorem.
1245 2222 1395 2295 (Chr.
1447 2220 1687 2281 Divion.)
1712 2219 1773 2275 In
1827 2218 2183 2291 Lugdunensi

583 2316 830 2373 :ecclesia
872 2323 1160 2386 promotus
1203 2315 1415 2372 eratad
1465 2314 1842 2386 episcopatum
1905 2312 2183 2369 Burchar-

584 2409 710 2474 dus,
742 2408 956 2463 Rodulfi
989 2408 1135 2480 regis
1171 2408 1357 2476 frater,
1398 2407 1637 2463 Conradi
1669 2421 1737 2462 ex
1785 2406 2094 2462 concubina
2121 2406 2185 2460 fi-

586 2499 721 2567 lius,
755 2516 786 2555 a
814 2487 925 2571 quo
948 2503 1234 2558 ordinatus
1263 2509 1347 2557 est
1374 2500 1559 2555 Bruno
1582 2499 1944 2571 Lingonensis
1969 2499 2184 2569 episco-

586 2608 712 2664 pus,
745 2609 797 2648 a.
854 2594 1006 2650 dom.
1050 2595 1158 2650 ine.
1184 2594 1309 2661 981,
1336 2593 1449 2648 ind.
1488 2608 1653 2647 nona.
1680 2590 1779 2648 llic
1808 2593 2185 2662 episcopatum

587 2683 1015 2757 Lugdunensem
1050 2686 1105 2741 in
1135 2685 1367 2742 infantia
1401 2685 1630 2756 adeptus
1654 2693 1755 2741 est.

658 2777 842 2849 (Gesta
876 2777 1053 2852 Vird.)
1084 2778 1246 2835 Auno
1268 2777 1435 2851 igitur
1457 2779 1607 2834 dom.
1633 2778 1741 2833 inc.
1767 2778 1893 2843 985,
1919 2775 2046 2832 Otto
2070 2775 2187 2830 Ru-

584 2868 676 2928 fus
734 2871 1037 2939 secundus,
1094 2887 1223 2927 cum
1275 2871 1344 2926 12
1376 2887 1554 2927 annos
1604 2880 1908 2942 regnasset,
1947 2869 2190 2925 moriens

589 2962 798 3031 Romae,
831 2980 864 3019 a
886 2964 1005 3020 suis
1030 2965 1237 3020 relatus
1290 2972 1395 3031 est,
1430 2971 1485 3020 et
1528 2960 1860 3034 Aquisgrani
1912 2963 2187 3032 sepultus;

589 3056 679 3110 cui
729 3057 995 3113 successit
1037 3057 1243 3112 tercius
1277 3054 1405 3111 Otto
1434 3056 1503 3110 1‘2
1527 3071 1820 3121 annorum,
1845 3055 1940 3125 qui
1969 3071 1998 3109 a
2030 3070 2194 3110 cuna-

591 3148 735 3205 bulis
761 3149 1000 3219 sumpsit
1034 3157 1311 3220 sceptrum
1347 3147 1747 3216 Romauorum,
1777 3147 1880 3203 sub
1919 3147 2079 3219 cujus
2103 3164 2191 3203 re-

592 3242 795 3313 gimine
821 3241 972 3297 salus
1009 3240 1113 3297 fuit
1151 3242 1358 3297 mundo
1377 3252 1432 3298 et
1465 3242 1660 3314 gloria.
1715 3241 1982 3312 Tempore
2025 3241 2190 3312 hujus

592 3332 811 3405 praefuit
863 3333 1199 3390 Virduueusi
1243 3334 1488 3391 ecclesiae
1539 3333 1842 3405 Wigfridus
1878 3335 2187 3405 episcopus.

592 3426 693 3484 llic
721 3427 958 3498 quadam
988 3428 1076 3483 die
1104 3428 1296 3483 urbem
1346 3443 1624 3499 egressus,
1686 3428 1839 3483 venit
1892 3428 1961 3483 ad
2008 3428 2192 3482 villam

564 3519 828 3576 -fratrum
852 3536 978 3591 quae
1019 3520 1380 3576 Wandersala
1423 3521 1644 3589 dicitur,
1682 3520 1778 3576 ubi
1808 3536 1839 3576 a
1869 3520 2067 3576 comite
2115 3519 2196 3575 Si-

593 3611 795 3684 gifrido
835 3621 1037 3683 captus
1069 3620 1124 3668 et
1185 3612 1495 3681 absolutus,
1533 3613 1602 3669 de
1645 3613 1879 3685 pecunia
1901 3629 2066 3684 quam
2095 3627 2196 3684 pro

594 3704 989 3761 emendatione
1020 3705 1265 3777 suscepit
1287 3705 1362 3760 ita
1407 3704 1715 3761 {ecclesiam
1756 3712 1962 3761 sanctze
2012 3702 2198 3759 Maria:

594 3796 820 3854 coronis
847 3797 1091 3866 ornavit,
1125 3806 1188 3852 ut
1209 3798 1257 3853 si
1279 3813 1446 3853 manu
1478 3797 1713 3867 primam
1752 3807 2027 3867 tangeres,
2078 3812 2199 3852 om-

596 3903 904 3959 ueS'usque
925 3889 994 3944 ad
1026 3888 1387 3944 novissimam
1417 3896 1792 3944 moverentur.
1846 3886 1948 3943 llic
1991 3888 2199 3958 praede-

597 3980 833 4037 cessoris
857 3980 943 4036 sui
963 3981 1150 4037 domui
1170 3979 1481 4054 Berengerii
1502 3981 1745 4036 imitator
1767 3979 1967 4044 factus,
1995 3980 2051 4035 in
2067 3980 2198 4037 sub-

599 4072 759 4139 urbio
819 4071 1161 4129 Virdunensi
1197 4073 1489 4129 ceuobium
1516 4073 1826 4141 aadiflcavit,
1852 4081 1907 4129 et
1935 4088 2199 4145 aggrega-

599 4174 655 4221 ta
706 4166 1114 4222 monachorum
1157 4173 1359 4235 turma,
1398 4180 1602 4238 corpus
1651 4166 1782 4223 illuc
1824 4166 2002 4223 sancti
2044 4165 2201 4222 Pauli

598 4256 843 4328 episcopi
869 4259 1109 4315 levatum
1136 4259 1348 4316 deloco
1398 4275 1511 4331 quo
1527 4260 1764 4331 jacebat,
1802 4260 1859 4315 iu
1881 4259 2083 4316 feretro
2112 4278 2202 4318 ar-

574 4332 794 4423 ‘geuteo
848 4352 1173 4421 recondidit,
1224 4352 1546 4424 victumque
1594 4352 1879 4421 fratribus,
1944 4353 2038 4425 qui
2080 4354 2203 4410 loco

598 4446 790 4502 eodem
812 4444 1049 4501 Domino
1092 4446 1459 4514 deservirem,
1515 4462 1581 4501 cx
1617 4446 1886 4502 reditibus
1940 4447 2203 4518 episcopii

599 4538 857 4609 providit.
889 4536 990 4593 Hic
1013 4538 1181 4592 etiam
1207 4538 1353 4593 inter
1382 4546 1565 4593 cetera
1581 4537 1728 4593 bona
1772 4536 2020 4594 Ravandi
2041 4554 2201 4594 man-

601 4644 725 4685 sum
762 4635 955 4683 saucto
989 4627 1240 4683 Firmino
1291 4628 1544 4683 contulit.
1611 4622 2112 4685 Defuncto'autem
2165 4631 2201 4685 2

602 4720 829 4777 Kalend.
864 4718 1139 4791 Septemb.
1169 4719 1464 4795 Wigifrido
1509 4720 1580 4754 ⁸⁷⁸
1624 4718 1957 4778 Virdunensi
1987 4721 2200 4793 episco—

604 4827 674 4882 po
699 4820 755 4868 et
783 4811 842 4867 in
865 4811 1204 4867 monasterio
1230 4811 1379 4883 quod
1405 4812 1521 4895 ipse
1541 4820 1930 4870 construxerat
1957 4814 2201 4869 tumula-

605 4910 681 4969 to,
718 4901 873 4974 Hugo
901 4902 1236 4960 substitutus
1269 4911 1371 4960 est.
1427 4901 1529 4959 Hic
1563 4904 1844 4977 ingressus
1896 4905 2194 4973 civitatem,

606 4996 751 5051 unde
777 4994 1005 5064 viveret,
1045 4995 1363 5068 inquisivit:
1389 4995 1684 5055 Lotharius
1737 4997 1883 5053 enim
1903 5014 2000 5054 rex
2025 4996 2202 5052 Fran-

606 5104 828 5157 corum,
856 5089 987 5160 quia
1011 5097 1243 5146 eratres
1283 5090 1498 5162 publica
1548 5091 1652 5147 sub
1699 5091 1901 5163 juvene
1950 5089 2200 5162 principe

608 5180 1005 5249 Romanorum,
1051 5180 1311 5239 defuncto
1359 5182 1651 5256 Wigifrido
1694 5184 1973 5255 episcopo,
2006 5182 2202 5239 Virdu-

608 5289 742 5330 num
770 5274 986 5330 obsedit
1006 5272 1152 5330 anno
1171 5276 1241 5332 ab
1263 5276 1371 5333 inc.
1399 5275 1556 5331 Dom.
1585 5276 1710 5345 986,
1741 5277 1836 5333 sed
1858 5277 2085 5334 minime
2111 5292 2204 5333 ce-

607 5366 712 5440 pit,
740 5367 926 5423 omnia
950 5374 1131 5422 tamen
1157 5367 1304 5424 circa
1323 5368 1516 5425 urbem
1543 5369 1804 5439 vastavit;
1834 5380 2025 5427 metra
2043 5386 2207 5442 quem

607 5460 817 5534 egressi
846 5460 917 5517 ad
960 5460 1164 5517 bellum
1219 5468 1274 5516 et
1302 5463 1563 5533 superati,
1619 5464 1805 5535 plures
1834 5481 1901 5521 ex
1937 5465 2018 5522 eis
2053 5466 2199 5536 capti

2220 3209 2262 3267 C

2281 1945 2370 2013 ΙΙΙ,
2398 1963 2536 2018 papa
2571 1948 2729 2017 obiit,
2753 1948 2811 2003 in
2847 1950 3008 2020 cujus
3033 1950 3216 2006 locum
3267 1949 3399 2006 Otto
3425 1952 3583 2008 alium
3611 1953 3779 2008 ordinari

2283 2039 2558 2110 praecepit,
2594 2055 2759 2111 quem
2812 2039 3053 2098 Joannes
3094 2040 3450 2100 Crescentius
3498 2043 3560 2103 de
3587 2044 3779 2099 nobilibus

2285 2126 2661 2186 Romanorum
2716 2131 2935 2202 dejecit,
2966 2141 3020 2188 et
3048 2132 3218 2188 alium
3246 2134 3547 2191 substituit.
3588 2133 3672 2191 Sed
3703 2134 3780 2190 01w

2285 2236 2561 2290 reversus,
2611 2223 2765 2279 illum
2796 2224 3068 2295 dejectum
3127 2225 3364 2283 abscisis
3392 2227 3628 2284 manibus
3652 2227 3736 2298 ejus
3749 2240 3780 2282 (ει

2285 2314 2512 2371 auribus
2536 2323 2591 2371 et
2611 2317 2788 2372 oculis
2809 2316 3004 2386 crutis,
3040 2327 3094 2374 et
3115 2319 3305 2377 occiso
3340 2319 3653 2388 Crescentio,
3695 2320 3777 2375 Gu-

2287 2405 2503 2461 bertum
2523 2420 2720 2477 papam
2752 2407 2997 2463 ordinari
3054 2410 3334 2481 prmcepit.
3364 2408 3605 2483 [Ricusm
3625 2425 3689 2474 In,
3708 2405 3780 2479 ὦ]

2286 2493 2465 2550 Hicin
2492 2496 2722 2551 cenoblo
2753 2498 2931 2553 sancti
2960 2495 3179 2553 Geraldi
3208 2499 3357 2569 apud
3403 2498 3705 2554 Aureliacum
3720 2512 3780 2549 nu-

2285 2586 2450 2642 tritus
2479 2585 2602 2655 fuit,
2628 2587 3093 2660 grammaticaque
3116 2597 3201 2644 est
3219 2589 3491 2658 eruditus,
3523 2597 3574 2644 et
3600 2589 3656 2643 ab
3677 2587 3782 2641 ablu-

2290 2687 2342 2735 te
2366 2680 2473 2735 loci
2500 2678 2711 2735 Borello
2755 2680 3030 2736 citerioris
3059 2678 3342 2751 Hispaniae
3366 2681 3493 2737 duci
3523 2680 3781 2739 commissus

2290 2771 2433 2827 utin
2462 2771 2675 2828 artibus
2696 2772 3024 2841 erudiretur,
3053 2773 3124 2829 ab
3145 2788 3212 2830 eo
3251 2772 3476 2830 ilattoui
3509 2772 3689 2829 cuidam
3713 2771 3782 2838 epi-

2292 2877 2457 2933 scopo
2480 2862 2714 2918 traditus
2724 2870 2808 2920 est
2829 2863 3205 2934 instruendus,
3227 2866 3553 2941 apud_quem
3577 2864 3783 2936 plurimum

2293 2957 2349 3011 iu
2377 2956 2611 3011 mathesi
2635 2956 2863 3012 studuit.
2895 2955 3098 3011 Verum
3126 2957 3392 3029 prmdicto
3424 2957 3555 3012 duce
3601 2970 3696 3010 cum
3717 2953 3785 3021 epi-

2294 3066 2462 3121 scopo
2493 3048 2723 3105 Romam
2746 3058 2931 3118 eunte,
2952 3049 3097 3106 idem
3126 3065 3251 3106 cum
3273 3050 3362 3105 eis
3383 3048 3655 3121 profectus,
3675 3056 3785 3114 cun-

2294 3159 2377 3214 paa
2405 3143 2585 3199 factus
2643 3142 2990 3211 notissimus,
3041 3143 3111 3199 ab
3158 3158 3225 3199 eo
3260 3142 3454 3199 Ottoni
3484 3143 3587 3214 regi
3616 3150 3681 3196 est
3706 3138 3785 3193 inli-
3820 3166 3821 3221 ι

2295 3246 2498 3305 matus,
2533 3246 2588 3293 et
2623 3253 2750 3292 cum
2790 3235 3131 3293 Adalbcroue
3183 3233 3448 3294 Remensi
3498 3236 3709 3307 episcopo
3726 3229 3789 3284 Re
3820 3248 3821 3281 ι

2296 3330 2401 3387 mis
2430 3330 2599 3385 venit.
2642 3330 2763 3401 (ιο.)
2794 3328 2915 3397 Quo
2954 3339 3198 3401 tempore
3223 3328 3448 3387 Otrieus
3469 3330 3599 3402 apud
3626 3326 3789 3383 Saxones

2296 3422 2529 3493 insignis
2552 3422 2875 3479 habebatur.
2914 3422 3047 3479 Post
3078 3438 3284 3479 annum
3344 3423 3617 3481 Remensis
3636 3418 3790 3475 Adalhr-

2296 3531 2360 3572 ro
2400 3515 2632 3572 Romam
2657 3532 2785 3573 cum
2815 3516 3081 3574 Gerberto
3136 3518 3377 3590 petebat,
3404 3526 3460 3574 et
3483 3514 3639 3573 Ticini
3678 3524 3788 3580 ιιιὲιιο

2298 3618 2444 3665 stum
2458 3624 2584 3665 eum
2609 3607 2797 3666 Otrico
2824 3611 3045 3682 reperit,
3083 3626 3115 3666 a
3137 3626 3247 3682 quo
3270 3610 3555 3684 magniﬁce
3572 3612 3790 3675 susceptus

2298 3702 2606 3773 ductusque
2647 3718 2745 3775 per
2803 3702 3012 3759 Padum
3040 3704 3218 3761 classe
3240 3703 3576 3771 Ravennam,
3628 3709 3672 3756 et
3712 3695 3790 3767 quia

2299 3811 2445 3851 anno
2474 3797 2755 3867 superiore
2774 3795 2993 3854 Otrieus
3032 3797 3279 3855 Gerberti
3312 3812 3398 3856 'se
3447 3797 3792 3871 reprehensam

2300 3887 2358 3942 in
2383 3888 2620 3959 quadam
2659 3889 2836 3961 figura
2859 3905 2987 3945 cum
3018 3891 3309 3963 multiplici
3336 3892 3656 3949 diversarum
3675 3896 3791 3942 rerum

2301 3977 2684 4034 distributione
2732 3989 3154 4051 monstraverat,
3199 3981 3365 4054 jussu
3432 3981 3634 4058 augusti
3673 3987 3793 4034 omnes

2302 4071 2490 4142 palatii
2513 4072 2790 4143 sapientes
2813 4074 2955 4129 intra
2984 4075 3248 4146 palatium
3270 4076 3489 4133 collecti
3522 4082 3651 4140 sunt,
3677 4067 3792 4125 archi-

2302 4167 2593 4239 episcopus
2628 4184 2848 4240 quoque
2893 4185 3020 4226 cum
3047 4169 3268 4227 Adsone
3302 4171 3503 4227 abbate
3547 4162 3796 4224 Derveusiet

2305 4261 2719 4319 scolasticorum
2755 4280 3019 4320 numerus
3046 4278 3157 4319 non
3184 4279 3424 4335 parvus;
3450 4272 3505 4319 et
3520 4269 3655 4332 cepta
3676 4258 3797 4324 dile

2305 4356 2532 4424 tatione,
2562 4371 2689 4412 cum
2721 4357 2836 4429 jam
2861 4359 3195 4431 peue|totum
3230 4359 3380 4415 diem
3402 4353 3797 4427 consumpsissem-

2307 4450 2523 4523 augusti
2561 4458 2698 4505 nutu
2731 4452 2858 4507 ﬁnis
2879 4452 3172 4523 impositus
3194 4463 3300 4509 est.
3358 4453 3438 4509 lbi
3485 4451 3728 4510 Gerbertus
3758 4438 3798 4493 ab

2236 4581 2281 4640 D
2308 4552 2542 4615 augusto
2569 4546 2786 4617 egregie
2806 4545 3071 4640 donatus,
3097 4545 3304 4640 Remis,
3324 4563 3457 4640 cum
3487 4541 3799 4640 archiepiswt:o

2307 4650 2565 4692 reversus
2598 4645 2702 4706 est,
2739 4645 2795 4693 et
2820 4647 2946 4709 post
2966 4654 2998 4694 a
3025 4637 3255 4712 Hugone
3293 4638 3540 4714 Hugonis
3592 4631 3731 4706 Magni
3763 4628 3800 4677 ί-

2306 4726 2402 4794 lio,
2439 4742 2568 4801 rege
2596 4728 2960 4799 Francorum,
2997 4732 3091 4803 qui
3117 4731 3399 4789 Ludovico
3437 4731 3729 4789 successerat
3760 4731 3800 4769 ﬂ

2306 4817 2413 4873 alia
2450 4819 2639 4891 stirpe,
2662 4821 2871 4894 dejecto
2923 4822 3156 4901 Arnulfo
3185 4826 3464 4895 pontifice,
3494 4824 3549 4880 in
3567 4822 3801 4901 Remens“?

2310 4912 2794 4985 archiepiscopum
2815 4931 2875 4972 se
2908 4898 3239 4988 quihuSdam
3266 4918 3554 4991 prmstigiis
3580 4898 3802 4986 promoveri

2306 4999 2455 5058 fecit.
2495 5002 2612 5076 (fol.
2657 5003 2770 5075 75.)
2803 5004 3007 5061 Verum
3049 5007 3331 5079 aliquanto
3386 5018 3617 5079 tempore
3659 5005 3803 5057 exacto.

2308 5095 2403 5151 ubi
2435 5099 2609 5153 sensit
2638 5099 2787 5171 quod
2809 5100 3076 5158 Aruulfus
3109 5104 3294 5160 sedem
3345 5100 3599 5175 episcopii
3620 5095 3805 5164 sibilm"

2312 5189 2493 5260 ripere
2531 5198 2586 5247 et
2608 5192 2869 5263 populum
2910 5194 2980 5251 ad
3015 5212 3075 5252 se
3100 5197 3361 5254 reducere
3389 5195 3664 5257 nitebatur.
3697 5192 3804 5241 ηοίιη

2309 5280 2527 5354 fugiens
2558 5284 2626 5340 ad
2671 5283 2943 5343 Othonem
2964 5289 3088 5359 ivit;
3129 5305 3161 5346 a
3195 5306 3307 5363 quo
3331 5306 3443 5346 non
3492 5286 3646 5345 multo
3670 5272 3804 5352 posti“

2310 5372 2727 5435 Ravenncnsem
2768 5380 3241 5455 archiepiscopum
3277 5383 3598 5457 quibusdam
3632 5390 3680 5432 se
3719 5381 3807 5440 1"”

2308 5467 2484 5541 stigiis
2538 5473 2846 5541 promoveri
2869 5473 3017 5531 fecit.
3057 5475 3185 5533 lude
3214 5476 3556 5550 postmodum
3578 5483 3692 5545 papa
3720 5472 3806 5517 εον

1744 5680 1749 5685 ι
1850 5618 2083 5675 vanus
2124 5618 2527 5679 LECTIONES.

682 5747 999 5827 "require
1030 5748 1081 5804 iu
1107 5749 1213 5805 alia
1242 5750 1440 5823 pagina
1465 5753 1567 5809 sub
1589 5753 1693 5811 hoc
1718 5755 1874 5826 signo
1902 5755 1965 5817 Ζ
1995 5771 2172 5827 usque
2198 5755 2267 5814 ad
2294 5775 2307 5814 :
2344 5761 2616 5820 successit
2635 5761 2685 5819 ei
2700 5761 2898 5824 Heimo
2928 5784 2957 5822 ο
3003 5766 3118 5824 Nu;
3143 5769 3375 5827 ordinem
3398 5768 3477 5824 δια
3498 5764 3805 5824 iudicamur:-

615 5821 908 5877 stituimus.
