3834 6304
23 341 27 344 ’
83 331 162 388 197
1243 327 1664 386 CllRONlCON.
1701 363 1768 370 ——
1809 331 1938 387 LIB.
1982 332 2044 386 ll.

3194 353 3298 412 198

81 447 258 502 stitutus
296 452 371 497 est
393 452 443 497 et
479 440 739 498 Silvester
768 442 948 497 dictus
966 453 1067 496 est.
1096 442 1241 498 Obiit
1275 455 1455 500 autem
1498 463 1595 500 an-
1626 458 1671 514 Α
1771 449 1930 505 Anno
1958 451 2028 506 ab
2054 451 2160 506 ine.
2191 451 2346 508 Dom.
2375 455 2500 524 995,
2535 459 2775 532 suscepit
2802 462 3044 540 regimen
3069 468 3297 527 Clunia-

80 554 133 595 no
152 537 254 603 999,
286 545 333 591 et
357 534 643 606 Gregorius
677 534 717 589 ν
743 534 1017 591 successit
1043 535 1176 607 (78).

133 672 260 745 [Rom
285 671 438 726 GLAB.
476 687 532 738 ιι,
560 669 641 744 5.]
665 671 823 726 Anno
846 671 1011 743 igitur
1038 671 1107 726 ab
1132 672 1238 727 ine.
1279 671 1436 728 Dom.
1467 673 1590 741 988,

76 767 216 836 imago
248 763 444 818 Domini
482 764 532 817 in
565 779 729 818 cruce
755 764 936 834 posita
996 764 1049 818 in
1089 765 1424 820 monasterio
1465 781 1594 836 apo-

74 857 284 911 stolorum
308 854 602 910 Aurelianis
623 855 878 925 ploravit,
905 857 1161 910 omnibus
1175 857 1590 924 admirantibus,

72 947 170 1019 quid
199 948 301 1001 ‘hoc
335 947 678 1016 portenderet
733 947 972 1018 signum.
1023 947 1081 1002 lu
1123 949 1311 1004 eadem
1350 950 1593 1016 .;civitate

72 1053 150 1091 una
172 1037 381 1091 noctium
405 1037 563 1106 lupus
609 1037 929 1108 adveniens,
972 1039 1273 1094 :ecclesiam
1311 1040 1592 1112 ingressus

69 1128 297 1190 matutinis
326 1128 480 1183 horis
504 1140 704 1184 restem
752 1130 894 1201 signi
955 1147 1052 1186 ore
1104 1132 1357 1202 arripuit,
1386 1142 1441 1188 et
1477 1134 1592 1205 agi-

69 1231 159 1276 tans
177 1222 285 1275 illud
310 1221 562 1288 insonuit,
595 1239 759 1292 quem
810 1224 900 1277 vix
932 1225 1002 1277 ab
1037 1225 1282 1280 acccle‘sia
1320 1227 1589 1296 expellere

69 1322 318 1382 patuerunt.
345 1312 599 1383 Sequenti
622 1330 768 1368 anno
808 1325 919 1370 tota
944 1316 1140 1371 civitas
1175 1317 1296 1388 igne
1335 1333 1589 1372 consum—

68 1415 131 1472 pta
156 1415 224 1459 est
247 1422 357 1460 cum
382 1406 666 1472 zecclesiis,
711 1408 805 1463 sed
833 1406 1101 1463 Arnulfus
1124 1410 1450 1466 venerabilis
1472 1411 1588 1481 epi-

67 1510 216 1564 scapus
269 1497 474 1551 inventa
533 1499 762 1568 pecunia
815 1499 868 1551 in
926 1498 1298 1555 fundamentis
1328 1501 1586 1557 :ecclesicc

65 1596 216 1642 sancta:
244 1589 440 1656 Crucis,
469 1591 718 1645 eamdem
757 1591 1059 1647 :ecclesiam
1093 1591 1149 1646 in
1198 1594 1394 1650 melius
1431 1611 1584 1665 repa-

66 1678 178 1732 rat'it.

1703 543 1885 600 censis
1917 543 2162 600 ecclesiae
2191 556 2418 605 sanctus
2440 549 2616 607 0dilo.

1772 633 1956 704 (lem,
1997 652 2056 704 ιι,
2090 638 2166 707 1.)
2192 638 2422 697 Mortuis
2437 643 2608 713 igitur
2632 644 2895 705 Lotbario
2929 660 2984 708 et
3017 653 3295 714 Ludovico

1700 721 2034 780 Francorum
2064 728 2303 797 regibus,
2352 730 2507 803 llugo
2533 749 2647 801 rex,
2689 746 2749 792 ut
2783 738 3044 810 diximus,
3089 749 3294 802 consti-

1699 824 1849 872 tutus
1877 827 1980 884 est,
2017 819 2176 888 cujus
2207 820 2377 876 frater
2403 823 2627 880 fuerunt
2650 826 2776 882 Otto
2805 829 2914 885 dux
2958 833 3292 906 Burgundize

1695 917 1749 962 et
1779 907 2095 966 Heinricus.
2125 911 2276 984 (Chr.
2310 914 2550 989 Divion.)
2578 918 2781 976 Verum
2803 920 3012 981 Ottone
3052 928 3105 982 in
3158 931 3291 986 ado-

1695 999 1954 1057 lescentia
1976 1013 2196 1059 mortuo
2234 1005 2442 1075 absque
2469 1008 2678 1079 liberis,
2715 1011 3005 1073 l-leinricus
3067 1036 3288 1079 succes-

1695 1093 1796 1159 sit;
1823 1094 1980 1165 cujus
2004 1096 2149 1152 lilius
2181 1097 2284 1152 fuit
2311 1096 2428 1154 Odo
2456 1100 2758 1172 Belnensis,
2791 1116 2845 1162 et
2870 1109 3152 1181 privignus
3168 1115 3288 1184 ejus

1696 1185 2005 1243 \Villelmus
2055 1189 2285 1256 advena,
2355 1189 2605 1246 Rainaldi
2663 1197 2880 1254 comitis
2932 1210 3107 1271 pater.
3155 1203 3288 1260 Post

1693 1280 2007 1338 l-leinricum
2047 1281 2358 1352 lleinrieus,
2402 1284 2623 1342 Roberti
2654 1291 2799 1360 regis
2854 1307 2920 1346 ex
2962 1294 3285 1354 Constantia

1689 1375 1855 1442 filius,
1911 1377 2171 1432 ducatum
2207 1378 2464 1447 optinuit,
2493 1380 2619 1434 etei
2663 1385 2776 1451 regi
2817 1381 2962 1439 facto
3015 1386 3285 1445 Robertus

1694 1466 1916 1550 thulns
1949 1470 2233 1548 successit,
2271 1471 2439 1527 frater
2471 1474 2612 1543 ejus,
2632 1484 2682 1529 et
2714 1474 2951 1533 Roberto
2985 1479 3140 1550 llngo
3172 1484 3284 1538 dux

1687 1543 1874 1630 ιῖόειρει
1925 1565 2254 1628 monachus,
2320 1564 2693 1622 lleinriei‘lilii
2727 1568 2902 1639 ipsius
2945 1571 3166 1627 ιιυιωι-ιι
3217 1575 3284 1628 n-

1686 1653 1820 1722 lius;
1860 1671 1970 1726 quo
2006 1655 2237 1728 llngonc
2296 1658 2578 1727 defuncto,
2643 1660 2915 1719 Robertns
2966 1664 3112 1720 filius
3152 1667 3285 1738 'ejns

1685 1749 1970 1816 successit,
2003 1759 2057 1804 et
2078 1749 2454 1806 Constantiam
2512 1754 2668 1808 duxit
2702 1771 2952 1824 uxorem,
2993 1769 3283 1829 cognatam

115 1813 238 1885 (Imb.
261 1832 312 1881 ιι,
336 1816 408 1886 7.)
435 1818 599 1872 Anno
640 1818 806 1890 igitur
843 1819 967 1886 99l,
993 1830 1216 1877 sanctus
1251 1819 1408 1877 Odilo
1436 1823 1570 1878 venit

1699 1837 1929 1910 ,lugonis
1966 1841 2438 1900 Autisiodorensis
2489 1847 2754 1918 episcopi,
2815 1849 3032 1905 comitis
3062 1851 3283 1907 Cabilo-

62 1908 107 1961 ad
129 1911 495 1965 conversionem
523 1910 794 1978 Cluniaci,
821 1921 874 1966 ct
913 1914 944 1966 4
983 1929 1128 1967 anno
1154 1925 1379 1970 sanctus
1409 1914 1576 1970 Maio-

63 2001 258 2056 !usobiit.
309 2002 380 2058 Ea
430 2013 755 2075 tempestate
797 2005 968 2059 Roma
1014 2007 1252 2061 maxima
1305 2023 1369 2062 et
1423 2018 1575 2078 parte

62 2093 148 2162 igne
168 2096 414 2152 combusta
446 2107 552 2152 est.
585 2096 872 2168 Templum
898 2098 1062 2152 etiam
1095 2100 1269 2155 sancti
1308 2099 1452 2156 Petri
1483 2117 1573 2156 ae-

61 2198 228 2239 censum
255 2196 344 2254 est,
374 2199 425 2243 et
450 2189 570 2260 jam
597 2192 777 2245 trabes
816 2191 961 2245 ferro
997 2201 1050 2246 et
1099 2193 1378 2248 lamminis
1428 2195 1570 2250 ereis

59 2289 260 2346 coepi-rue
293 2283 572 2350 ardebant,
615 2300 741 2339 cum
790 2284 972 2338 omnis
1028 2285 1180 2354 plebs
1225 2285 1470 2340 Romana
1503 2287 1570 2341 ad

60 2370 333 2436 Sepulchrum
355 2377 592 2444 apostoli
617 2392 978 2443 concurrens,
1005 2377 1096 2431 ubi
1142 2378 1380 2432 humana
1405 2379 1572 2434 nichil

59 2464 350 2529 pravalebant
379 2469 616 2536 auxilia,
642 2467 889 2524 divinum
929 2482 983 2526 et
1019 2471 1378 2541 apostolicum
1404 2488 1570 2544 expe-

58 2559 186 2612 ctabat
213 2560 538 2635 suffragium,
566 2574 621 2619 et
659 2565 843 2620 statim
887 2565 1049 2637 ignis,
1082 2567 1176 2636 qui
1225 2567 1339 2637 jam
1389 2568 1572 2623 trabes

56 2649 277 2720 lauibebat,
301 2657 577 2713 extinctus
606 2668 706 2714 est.
752 2657 830 2714 Eo
867 2675 1087 2730 quoque
1125 2668 1368 2730 tempore
1418 2662 1570 2716 obie-

56 2753 142 2796 runt
160 2744 253 2800 Odo
275 2765 449 2805 eomes
471 2748 852 2818 Turonorum,
880 2749 1210 2807 'lleribertus
1269 2751 1568 2808 Meldorum

55 2841 90 2884 et
132 2831 415 2908 Trecorum,
462 2841 778 2899 Willelmus
843 2842 1226 2911 Pictavorum,
1288 2844 1571 2902 Manasses

54 2924 270 2998 episcopus
290 2932 608 3001 Trecorum,
667 2935 1006 2992 Gislebertus
1063 2936 1424 3006 Parisiorum,
1473 2939 1573 2995 Ge-

54 3014 198 3076 buinus
221 3023 658 3084 Catalaunornm.

1682 1933 1892 1987 nensis.
1923 1932 2112 2004 [GLML
2152 1935 2244 2001 IL,
2279 1952 2360 2023 ut,
2395 1935 2476 2009 22.]
2512 1938 2672 1994 Anno
2707 1940 2776 1994 ab
2802 1941 2911 1996 inc.
2963 1943 3088 2010 996,
3146 1943 3283 1998 obiit

1679 2020 1966 2077 lleinricus
1997 2024 2106 2078 dux
2133 2028 2278 2096 apud
2304 2020 2585 2084 Poliaenm
2635 2046 2800 2101 super
2822 2033 3062 2100 Ararim,
3088 2043 3140 2090 et
3174 2035 3272 2089 lii-

1675 2113 1913 2170 cliardus
1950 2113 2394 2174 Normannorum
2432 2121 2542 2175 dux
2579 2123 2736 2178 obiit.
2775 2123 2934 2196 [Imm
2979 2142 3040 2195 ιι,
3066 2126 3147 2199 8.]
3175 2126 3274 2183 Se-

1634 2207 1860 2276 -quenti
1900 2223 2126 2279 quoque
2186 2226 2332 2266 anno
2374 2211 2648 2271 Robertus
2694 2233 2789 2271 rex
2838 2218 3047 2275 ducens
3083 2235 3272 2275 secum

1675 2295 2008 2352 liichardum
2051 2298 2114 2366 ll,
2155 2299 2449 2370 'juniorem
2519 2302 2963 2367 Nortnaunorum
3016 2309 3271 2365 comitem

1675 2404 1801 2443 cum
1839 2388 2060 2461 triginta
2097 2393 2319 2449 milibus
2367 2392 2832 2464 Normannorum,
2873 2400 3269 2473 Burgundiam,

1673 2481 1802 2550 quia
1849 2499 1878 2537 a
1919 2498 1978 2538 se
2013 2482 2303 2553 defecerat,
2340 2489 2595 2556 vastavit,
2641 2500 2694 2546 et
2749 2493 2969 2548 tandem
2997 2495 3265 2565 cptinuit.

1678 2572 1859 2642 [lnm.,
1894 2591 1954 2640 ιι,
2000 2575 2081 2649 9.]
2111 2575 2232 2643 Quo
2261 2587 2504 2650 tempore
2539 2582 2680 2637 facta
2733 2591 2817 2639 est
2862 2585 3036 2642 fames
3092 2589 3270 2644 valida

1675 2669 2052 2739 quinquennio
2102 2669 2156 2724 in
2184 2680 2299 2726 toto
2339 2673 2470 2729 orbe
2493 2673 2761 2730 Romano.
2812 2676 2892 2732 Eo
2935 2679 3099 2733 etiam
3128 2690 3267 2735 tem-

1675 2778 1803 2832 pore
1833 2772 2060 2832 przeerat
2083 2765 2329 2820 ecclesia:
2354 2764 2670 2823 Divionensi
2710 2769 2923 2825 abbatis
2951 2771 3128 2826 cilicio
3150 2774 3267 2827 cxi-

1677 2853 1822 2908 mius
1851 2863 2004 2924 pater
2023 2853 2352 2924 Willeimns,
2381 2857 2540 2928 cujus
2560 2867 2708 2930 gesta
2723 2861 2819 2930 qui
2850 2862 2992 2917 seire
3010 2864 3267 2932 voluerit,

1673 2946 1729 2998 in
1754 2945 1893 3001 libro
1919 2947 2042 3002 vitae
2066 2948 2185 3018 ejus
2208 2966 2238 3004 a
2275 2949 2514 3005 llodulfo
2548 2953 2824 3010 monacho
2877 2955 3025 3012 edito
3087 2956 3267 3029 legere

1677 3047 1868 3111 potest.

103 3150 184 3223 (78)
203 3155 398 3216 Minime
441 3164 540 3218 sed
594 3178 660 3220 eo
703 3180 848 3220 anno
890 3166 1154 3238 Gregorio
1215 3167 1254 3221 V
1290 3166 1562 3239 Sylvester
1592 3168 1634 3221 11
1666 3171 1951 3226 successit.

55 3319 840 3356 ’λῃ-..Ψ

1015 3343 3255 3380 “ww

1014 3469 1380 3561 LIBER
1449 3463 2174 3608 SECUNDUS”.

96 3631 214 3689 Anno
236 3638 296 3692 ab
315 3641 418 3695 inc.
458 3640 620 3696 Dom.
678 3641 837 3710 1002,
886 3643 1022 3699 obiit
1066 3643 1192 3700 Otto
1216 3645 1304 3714 lll,
1343 3647 1563 3718 juvenis
1593 3653 1636 3715 C
1671 3651 2124 3710 l9tet‘clesiarum
2148 3655 2345 3713 altaria
2377 3675 2502 3715 cum
2551 3661 2780 3720 decimis
2809 3673 2860 3720 et
2884 3667 3089 3736 paratis
3119 3669 3261 3740 opti-

49 3721 288 3797 htlperator,
310 3734 518 3789 exactis
543 3735 598 3790 in
623 3749 792 3806 regno
821 3736 888 3792 19
942 3738 1122 3803 annis,
1152 3748 1207 3794 et
1264 3739 1555 3798 lleinricus

46 3823 258 3878 successit.
281 3824 395 3892 Quo
417 3843 568 3882 anno
593 3828 737 3885 circa
768 3829 902 3885 solis
925 3832 1243 3886 occubitum
1269 3833 1437 3889 draco
1459 3849 1558 3904 per

45 3921 129 3963 acra
154 3911 258 3969 ferri
285 3918 432 3976 visus
453 3929 562 3987 est,
586 3930 642 3975 et
667 3921 838 3992 igneae
883 3923 937 3976 in
970 3924 1108 3978 caelo
1142 3925 1288 3981 acies
1319 3926 1470 3995 visae,
1502 3937 1556 3981 et.

43 3999 130 4058 luna
152 4006 196 4062 in
222 4011 512 4080 plenilunio
535 4025 658 4085 post
679 4016 903 4071 inieium
927 4018 1359 4090 quadragesima:
1384 4036 1414 4074 a
1442 4037 1555 4076 me-

42 4090 104 4154 dio
132 4102 279 4158 noctis
297 4121 465 4176 usque
493 4106 560 4162 ad
586 4116 770 4162 ortum
792 4108 897 4164 diei
935 4109 989 4163 in
1019 4108 1342 4180 sanguinem
1371 4127 1552 4178 versa,

41 4187 147 4240 etsol
174 4191 301 4249 circa
329 4197 615 4253 meridiem
653 4199 707 4252 in
734 4199 874 4255 duas
889 4209 1073 4270 partes
1101 4201 1312 4257 divisus
1339 4211 1440 4257 est.

89 4279 198 4344 (Cat.
229 4288 388 4359 pont.)
440 4290 706 4362 Sequenti
751 4308 897 4348 anno
926 4293 1210 4351 Johannes
1245 4311 1384 4367 papa
1435 4296 1551 4351 Xlll

39 4367 151 4437 obiit,
179 4387 224 4431 et
249 4377 568 4440 Benedictus
597 4387 886 4442 successit.
1465 4446 1472 4458 .

89 4461 176 4527 (ιοί.
199 4466 313 4540 75’.)
339 4472 502 4529 Anno
531 4475 599 4530 ab
619 4475 730 4532 ine.
759 4476 915 4531 Dom.
964 4477 1122 4548 1010,
1151 4480 1288 4537 obiit
1337 4481 1551 4539 l'leldri-

37 4562 107 4605 tus
123 4556 259 4616 abbas
282 4561 731 4634 Flaviniacensis,
759 4571 826 4624 19
880 4570 996 4624 lial.
1021 4571 1291 4640 Januarii,
1335 4585 1390 4630 et
1426 4592 1550 4653 suc—

39 4646 158 4737 cessit
179 4649 706 4715 domnusAmadeus.
740 4659 845 4731 (Cf.
883 4659 1027 4717 Serr.
1057 4663 1175 4718 abb.
1209 4663 1391 4737 Flav.)
1427 4646 1547 4732 llic,

37 4732 197 4826 abbatis
221 4745 459 4817 dimissa,
516 4750 842 4808 Cluniacum
895 4753 1010 4820 ivit,
1056 4765 1110 4810 et
1144 4732 1551 4826 post'reversus

36 4821 326 4893 Colticensem
379 4841 573 4896 cellam
605 4843 900 4914 adquisivit
942 4845 1077 4916 (79),
1102 4821 1161 4902 et
1194 4847 1552 4904 Sinemuren-

35 4927 115 5009 ira!
157 4934 204 4981 et
240 4927 640 4990 Bellilocensem
674 4943 730 4990 et
768 4935 1157 4993 Corbiniacum
1210 4941 1552 5009 recuperavit

1661 3744 1776 3799 nuit
1801 3746 1912 3817 (81)

1651 3869 1658 3876 η
1731 3835 1995 3893 Defuncto
2046 3856 2266 3912 quoque
2324 3845 2618 3901 Adelmaro
2683 3852 2878 3906 abbate
2935 3855 3256 3910 monasterii

1657 3930 1830 3983 sancti
1856 3928 2034 3985 \‘itoni
2062 3933 2096 3986 5
2150 3932 2269 3989 Kal.
2294 3934 2442 4004 Jan.,
2464 3937 2769 3997 Adelardns
2795 3942 3126 4002 substitutus
3150 3958 3252 4002 est.
3294 4001 3298 4006 .

1657 4017 1722 4073 Et
1745 4020 1849 4075 hoe
1878 4021 2137 4080 defuncto
2163 4026 2232 4080 15
2291 4025 2410 4082 Kal.
2460 4027 2607 4097 Jan.,
2653 4030 3007 4090 Ermenricus
3035 4053 3255 4094 succes-

1657 4109 1745 4174 sit,
1779 4111 1895 4180 qui,
1945 4113 1997 4167 in
2029 4124 2295 4184 quantum
2343 4119 2535 4186 valuit,
2569 4121 2750 4177 locum
2790 4125 3089 4195 ampliavit.
3139 4128 3254 4186 lloc

1654 4201 1816 4256 etiam
1842 4204 1907 4256 ad
1939 4219 2173 4274 superna
2207 4217 2538 4276 transvecto,
2571 4213 2604 4266 6
2659 4212 2778 4268 lial.
2827 4215 3101 4286 Septemb.
3142 4219 3251 4276 Ro-

1655 4295 1861 4351 liardus
1883 4299 2170 4368 successit,
2195 4309 2249 4356 et
2274 4300 2534 4359 Rohardo
2550 4304 2892 4363 Lambertns.
2920 4309 3053 4366 Post
3086 4329 3249 4382 quem

1654 4398 1842 4458 raptus
1870 4397 1957 4445 est
1983 4391 2050 4446 de
2071 4393 2324 4450 coenobio
2346 4398 2520 4454 sancti
2553 4397 2748 4454 Felicis
2778 4399 3062 4459 Mcttensis
3092 4406 3250 4460 (Ιοιηκ

1654 4480 2083 4558 nusFingenius
2137 4484 2450 4544 Scottorum
2495 4493 2754 4564 progenie
2783 4495 3074 4564 oriundus,
3117 4497 3247 4568 quia

1653 4573 1808 4630 locus
1835 4573 1975 4630 idem
2006 4591 2104 4646 per
2131 4593 2359 4636 manmn
2396 4581 2593 4639 laieam
2631 4585 3034 4657 aliquantulum
3063 4590 3245 4660 negle-

1652 4676 1775 4723 ctus
1797 4678 1934 4736 erat,
1993 4669 2059 4725 ad
2105 4675 2525 4731 restaurandqu
2570 4693 2697 4733 eum
2733 4680 2932 4735 ibidem
2966 4681 3134 4737 abbas
3165 4691 3249 4738 est.

1643 4759 2188 4842 .ordinatus._Cujus
2241 4765 2556 4836 adventum,
2618 4771 3116 4842 peregrinationem
3192 4783 3248 4830 et

1652 4852 2066 4908 conversionem
2113 4855 2207 4925 qui
2255 4857 2469 4926 plenius
2498 4875 2660 4916 nosse
2723 4862 3015 4930 desiderat,
3046 4865 3098 4918 in
3135 4866 3244 4921 vita

1653 4941 1934 4999 Teoderici
1961 4945 2148 5001 eximii
2176 4945 2456 5007 Mettensis
2476 4952 2716 5022 episcopi
2743 4954 2884 5009 scire
2904 4965 3082 5025 potest
3107 4957 3242 5028 (82).

37 5006 130 5081 (80).
152 5015 410 5082 Sarmatiae
440 5034 687 5082 castrum
719 5028 884 5099 cepit,
927 5028 1227 5086 Passavant
1257 5006 1545 5099 destruxit,
1582 5025 1624 5080 Ι)
1651 5035 1717 5091 Ει
1740 5037 1845 5094 hoc
1891 5053 2111 5111 quoque
2131 5040 2410 5112 defuncto,
2449 5006 2573 5100 cu'm
2611 5006 2726 5117 jam
2774 5006 3244 5118 postxAdalbcrol-

1236 5120 1468 5177 VARI/l5
1510 5123 1914 5184 LECTIONES.

1490 5263 1724 5326 ΝΟΤᾹί.

80 5173 134 5206 ’⁷⁸
151 5179 314 5238 titulus
337 5185 480 5241 deest
497 5188 553 5242 in
579 5189 781 5244 codice.

80 5336 584 5437 falnkAbullelmuino
611 5353 868 5437 episcOpo
920 5353 1154 5437 Ednensi
1205 5371 1350 5412 anno
1379 5357 1554 5437 50.ςο-

31 5409 92 5469 εηὶ
121 5409 309 5471 lioberti
342 5436 400 5475 re
439 5421 506 5490 is,
534 5409 670 5481 teste
693 5409 916 5492 charta;
958 5409 1272 5494 Mabillon.,
1295 5409 1436 5483 ann.
1456 5409 1550 5485 De

31 5479 117 5531 ncd.
149 5482 223 5545 IV.
245 5488 361 5545 652.

499 5562 793 5652 ξξριιιι-ιιξιιο
827 5567 1122 5652 diplomate
1159 5570 1368 5652 serith
1397 5585 1543 5652 anno

29 5623 260 5745 agili)“,
311 5645 455 5689 anno
502 5632 716 5694 llenrici
778 5623 922 5709 regis
973 5640 1023 5695 5.
1069 5623 1534 5712 Mabillou

79 5763 165 5827 (81)
197 5766 313 5829 Dus:
351 5783 564 5834 exstant
617 5779 974 5837 donationem
1033 5783 1236 5842 charta:
1301 5784 1539 5840 Amadeo

1658 5362 1817 5446 datm,
1849 5365 2071 5446 lloberti
2098 5372 2241 5446 regis
2263 5387 2460 5446 unattt
2481 5372 2598 5446 Kal.
2630 5373 2787 5430 Mart.
2815 5391 2846 5435 a
2875 5416 2890 5432 .
2925 5375 3094 5445 1018;
3129 5377 3244 5434 Ma-

1657 5434 1847 5520 liillon,
1874 5437 2071 5520 Annal;
2113 5434 2318 5520 Dened.
2341 5443 2606 5520 -ΙῩζξὶόἕ
2636 5465 2648 5500 :
2694 5434 2980 5520 llaginaldi
3023 5434 3243 5508 comitis

1655 5506 1822 5581 altera
1854 5524 1904 5581 a.
1934 5511 2103 5581 1057;
2129 5515 2313 5570 Labbe
2341 5514 2382 5581 l,
2412 5506 2534 5570 270.
2566 5515 2630 5572 Κ.

1860 5579 2231 5662 L‘audant‘lianc
2259 5579 2436 5662 Vitam
2466 5599 2658 5662 auctor
2684 5588 2819 5644 Vita:
2853 5588 3108 5662 Ricliardi
3147 5607 3236 5662 ap.

1649 5647 1850 5731 lilabill.
1873 5653 2124 5731 §_ct.__S_S.
2179 5657 2315 5731 Suec.
2345 5657 2449 5731 _Y|,
2483 5661 2532 5716 1.
2561 5661 2674 5717 Cfr.
2719 5677 2938 5731 quoque
2990 5647 3236 5723 Monum.

1651 5721 1832 5776 Germ.
1871 5720 1968 5779 SS.
1993 5723 2150 5798 lV,p.
2179 5730 2303 5785 696.
2345 5729 2409 5786 Κ.
