3834 6304
594 258 701 316 199

1589 247 1892 307 nuconrs
1923 246 2218 304 ABBATlS
2251 247 2824 308 FLAVINIACENSIS
3657 265 3720 320 ειη
3772 208 3773 227 Ν

593 384 719 425 vtem
742 365 1141 423 Virdunenscm
1188 369 1559 435 episcopatum
1590 360 1782 417 Heimo
1832 360 2061 417 sortitus
2083 376 2176 417 es-
2206 370 2254 425 Α
2282 343 2481 421 docilis
2503 365 2726 438 'ingenii
2767 372 2972 422 attente
3020 367 3232 434 rimari,
3274 377 3331 424 ut
3366 380 3724 441 agnosceretur»

592 469 696 529 set,
718 459 954 516 domnus
988 456 1292 513 Richardus
1317 444 1496 510 locum
1524 454 1673 509 illum
1717 454 2015 526 regendum
2050 469 2177 509 sus-

591 555 754 625 cepit.
811 552 984 623 Cujus
1025 551 1227 617 vitam,
1264 563 1445 603 mores
1473 556 1528 602 et
1578 555 1779 615 actus”
1839 546 2179 602 nobilitatem

592 645 828 717 generis,
856 644 1080 700 inicium
1108 637 1515 705 conversionis,-
1551 637 1793 693 studium
1818 638 2101 711 religionis
2124 646 2179 694 et

592 736 1051 808 perseverantiam
1079 730 1431 803 perfectionis
1484 730 1765 786 humilitas
1795 740 1986 786 nostra
2013 746 2177 788 sensu

592 828 721 885 licet
770 826 916 883 tenui
956 833 1009 879 et
1055 838 1310 879 sermone
1362 821 1571 878 rustico
1612 821 1924 878 describere
1964 821 2174 894 gliscit;

592 916 721 987 quia
760 916 805 971 si
833 914 964 985 quid
984 927 1199 980 sumus,
1226 927 1353 967 cum
1385 911 1554 983 nichil
1587 911 1783 980 simus,
1828 919 2003 969 totum
2051 920 2179 984 post

591 1008 759 1064 Deum
797 1016 851 1061 et
886 1016 1107 1061 sanctos
1133 1005 1253 1075 ejus
1311 1003 1701 1060 ascribendum
1733 1012 1818 1059 est
1843 1004 2057 1061 meritis
2089 1005 2175 1078 ip-

592 1098 726 1152 sius.
779 1094 935 1151 Unde
958 1094 1303 1150 invocandus
1341 1101 1427 1149 est
1454 1093 1612 1149 nobis
1647 1094 2014 1165 spiritualium
2064 1095 2179 1151 dis-

580 1190 820 1245 tributor
849 1189 1211 1244 karismatum
1244 1186 1484 1258 Spiritus
1506 1195 1752 1255 sanctus,
1791 1197 1852 1243 ut
1878 1187 2176 1245 beatitudi-

584 1296 708 1335 nem
749 1281 870 1350 ejus
901 1295 1004 1335 suo
1037 1278 1261 1350 quidem
1306 1292 1493 1347 sensu,
1524 1288 1715 1334 nostro
1769 1293 1865 1335 ore
1898 1279 2175 1348 enunciet,

583 1383 645 1427 ut
669 1372 925 1427 laudetur
952 1371 1010 1426 in
1032 1369 1294 1442 operibus
1340 1369 1478 1437 suis,
1521 1377 1576 1425 et
1605 1377 1864 1440 appareat
1909 1369 2178 1427 mirabilis

583 1465 642 1520 in
667 1465 875 1521 sanctis
907 1464 1045 1519 suis.
1092 1457 1101 1467 ’

660 1559 713 1612 1.
756 1558 824 1590 ³⁷⁷
862 1555 1055 1611 Extitit
1079 1555 1246 1629 igitur
1294 1554 1636 1611 nobilissima
1668 1553 2010 1611 Francorum
2045 1554 2175 1613 stir-

588 1668 657 1722 pe
709 1652 1049 1724 progenitus,
1100 1658 1274 1720 patre.
1304 1689 1320 1705 .
1351 1689 1365 1703 .
1398 1690 1413 1705 .
1450 1689 1463 1703 .
1494 1649 1585 1716 ’7“,
1622 1658 1796 1705 matre
1826 1663 1976 1704 vero.
2015 1690 2028 1704 .
2058 1690 2076 1704 .
2111 1689 2127 1705 .
2158 1690 2172 1706 .

2283 457 2540 513 omnibus
2575 457 2759 530 magni
2787 474 2919 514 eum
2954 458 3203 515 futurum
3227 474 3341 516 esse
3364 464 3591 533 praeconii,
3620 483 3724 538 quem

2282 546 2364 603 sic
2386 548 2801 604 commendabat
2825 564 3058 605 acumen
3085 548 3400 618 intellectus,
3431 562 3725 615 secretorumet

2280 637 2623 694 mistieorum
2663 656 2857 711 capax,
2883 649 3211 711 cooperante
3242 649 3297 696 et
3318 644 3597 713 praacedente
3617 651 3725 718 grati:

2282 728 2398 786 Dei.
2432 730 2549 803 (fol.
2596 731 2709 806 74.)
2744 732 3022 789 Transivit
3053 734 3242 805 itaque
3275 735 3329 790 in
3356 737 3517 792 eadem
3535 740 3636 795 urbe
3650 758 3726 811 pm-

2229 865 2236 871 .
2280 823 2470 882 ficiens
2493 842 2667 898 usque
2691 828 2760 883 ad
2797 827 3094 899 perfectam
3130 829 3548 887 incrementorum
3571 841 3723 899 tentem,

2279 925 2334 972 et
2354 918 2450 990 qui
2475 926 2596 974 erat
2629 935 2754 975 acer
2777 920 3016 991 ingenio,
3042 920 3234 977 statuit
3260 922 3544 994 sibimetipsi
3562 941 3725 983 normam

2278 1009 2516 1078 vivendi,
2548 1010 2799 1068 recidens
2827 1012 2884 1067 in
2930 1028 2990 1068 se
3035 1013 3222 1081 noxia,
3264 1029 3379 1084 quae
3416 1014 3465 1068 in
3491 1014 3587 1070 aliis
3610 1017 3726 1072 solerti

2277 1098 2559 1170 vigilantia
2593 1100 3040 1172 reprehendebat.
3080 1102 3283 1159 Probat
3310 1105 3407 1160 hoc
3436 1105 3634 1177 religiosa
3654 1110 3728 1162 τη

2278 1190 2399 1261 ejus
2435 1192 2800 1262 conversatio,
2837 1202 2891 1248 et
2924 1194 3242 1250 continuata
3285 1196 3525 1252 malorum
3552 1198 3726 1268 redargu-
3772 1238 3773 1247 η

2281 1282 2375 1350 tio,
2407 1298 2516 1354 qua
2540 1292 2755 1340 tantum
2786 1285 3097 1355 abundabat
3140 1287 3308 1343 animi
3344 1288 3452 1359 ejus
3474 1289 3633 1345 directa
3650 1266 3729 1345 sim

2278 1375 2513 1447 plicitas,
2538 1384 2600 1432 ut
2625 1392 2724 1449 pro
2750 1379 2866 1433 zelo
2897 1377 2992 1434 Dei
3017 1387 3071 1435 et
3091 1380 3412 1436 emulatione
3434 1380 3617 1451 justitize
3642 1397 3728 1452 prc-

2276 1468 2517 1526 centoris
2567 1478 2621 1525 et
2645 1471 3016 1528 archidiaconi
3045 1472 3096 1528 ei
3128 1471 3363 1529 ofﬁcium
3391 1473 3727 1539 committeretur,

2278 1568 2334 1615 et
2386 1560 2704 1632 magisterio
2763 1562 2881 1633 ejus
2926 1562 3213 1633 dispositio
3259 1562 3523 1620 Remensis
3562 1562 3729 1619 ecclesia
3772 1592 3773 1609 ι

2280 1651 2603 1707 traderetur.
2640 1652 2742 1708 Cui
2772 1652 2949 1709 oilicio
2972 1670 3138 1725 quam
3163 1664 3399 1722 strenue,
3422 1670 3561 1727 quam
3577 1653 3730 1724 pruden-
3772 1634 3773 1691 Ῡ

588 1745 659 1776 ’⁷⁸
687 1723 830 1817 (85),
852 1744 997 1799 etab
1019 1742 1154 1813 ipsis
1188 1740 1433 1797 infantia:
1469 1740 1797 1799 rudimentis
1816 1741 2014 1797 litteris
2040 1741 2176 1798 libe—
2210 1723 2251 1777 Β
2278 1751 2380 1811 ter,
2407 1759 2574 1814 quam
2603 1745 2850 1801 sollerter
2879 1723 3278 1818 invigilaverit,
3314 1761 3379 1802 ne
3421 1723 3555 1801 nimii
3581 1723 3729 1799 fortasse
3772 1760 3773 1769 η

584 1837 792 1892 ralibus
817 1837 873 1891 in
898 1835 1145 1892 tecclesia
1168 1842 1371 1891 sanctae
1408 1834 1592 1890 Mat-ite
1631 1833 1917 1891 Remensis
1948 1834 2171 1889 institu-

584 1936 691 1983 tus.
721 1926 855 1994 Qua:
884 1926 1116 1983 ecclesia
1146 1933 1299 1981 tanto
1322 1934 1454 1981 tunc
1481 1926 1746 1982 vernabat
1772 1925 2053 1997 religionis
2073 1925 2173 1982 de-

582 2033 740 2093 core,
790 2027 870 2074 tot
916 2033 1277 2090 personarum
1337 2017 1604 2072 nobilium
1668 2027 1723 2074 et
1770 2017 2171 2090 religiosarum,

582 2126 722 2180 quas
747 2111 865 2182 ipsa
903 2112 959 2166 in
985 2126 1043 2166 se
1068 2112 1419 2177 educaverat,
1455 2109 1561 2168 sibi
1591 2110 1955 2181 adplaudebat
2002 2111 2174 2167 bene-

584 2209 668 2256 sta
699 2203 1094 2259 numerositate
1118 2211 1174 2258 et
1223 2203 1438 2259 decenti
1482 2203 1790 2271 honestate,
1828 2210 1885 2259 ut
1913 2203 2174 2275 religione

577 2292 704 2364 ipsa
732 2295 1112 2366 praemineret
1132 2296 1389 2352 omnibus
1406 2294 1668 2352 recclesiis
1695 2283 2169 2367 Belgicm,foma-

578 2402 692 2458 que
713 2395 859 2443 esset
881 2387 1139 2443 omnibus
1176 2387 1407 2444 honeste
1467 2387 1685 2444 vivendi
1736 2395 1991 2459 recteque
2039 2403 2173 2445 con-

578 2479 836 2534 versandi
878 2479 935 2533 in
980 2478 1256 2547 castitate,
1290 2478 1625 2559 inscientia,
1657 2477 1713 2533 in
1754 2477 2065 2549 disciplina,
2112 2479 2169 2535 in

576 2572 925 2643 correptione
958 2587 1197 2641 morum,
1221 2572 1277 2627 in
1296 2571 1593 2628 exibitione
1614 2571 1885 2626 bonorum
1919 2585 2167 2642 operum.

580 2662 782 2720 Probat
810 2666 918 2721 hoc
941 2665 1131 2721 domni
1156 2673 1210 2721 et
1235 2680 1359 2722 vere
1383 2663 1559 2722 sancti
1604 2663 1913 2721 Constantii
1940 2664 2171 2721 canoni-

573 2754 629 2810 ci
660 2756 906 2827 ejusdem
935 2757 1197 2815 aeeclesia:
1219 2758 1331 2829 pia,
1356 2765 1618 2814 constans
1633 2765 1689 2813 et
1708 2756 1883 2813 fidelis
1904 2764 2157 2833 constan-

577 2847 678 2914 tia,
703 2849 942 2921 itemque
960 2851 1187 2908 alterius
1207 2849 1518 2907 Constantii
1551 2850 1816 2906 imitanda
1845 2858 1901 2905 et
1925 2849 2172 2906 recolen-

583 2944 652 3000 ὼ
684 2939 737 2993 in
783 2956 1049 3011 pauperes
1076 2941 1370 2997 laudabilis
1406 2958 1592 2998 rerum
1644 2955 1869 2999 suarum
1923 2940 2171 3012 profusio

582 3042 638 3089 et
667 3033 835 3088 totius
868 3032 1189 3103 patrimonii
1217 3033 1505 3104 dispersio.
1544 3034 1786 3101 Quorurr
1822 3034 2055 3089 alterum
2089 3033 2170 3105 ip-

582 3145 644 3185 sa
666 3143 767 3184 sua
804 3126 1152 3183 commendat
1196 3126 1388 3207 religio
1435 3135 1492 3182 et
1534 3141 1702 3198 Opera
1751 3127 2163 3195 misericordiae,

581 3222 811 3277 alterum
844 3219 980 3275 adeo
1009 3232 1310 3289 pauperum
1345 3217 1600 3289 praedicat
1632 3218 1930 3287 miseratio,
1976 3229 2037 3275 ut
2060 3218 2166 3290 ipsi

580 3313 684 3369 soli
708 3310 909 3368 inventi
932 3310 1062 3376 sint,
1099 3310 1192 3382 qui
1216 3310 1354 3366 tanti
1375 3311 1479 3368 viri
1531 3311 1662 3368 dum
1710 3311 1909 3367 deﬂent
1955 3311 2165 3367 obitum

580 3410 879 3482 praedicant
902 3409 1179 3478 meritum,
1208 3418 1264 3465 et
1289 3410 1422 3466 dum
1460 3408 1628 3467 funus
1654 3410 1801 3467 illius
1830 3418 1981 3484 grata
2004 3412 2169 3468 sedu-

579 3507 732 3563 litate
762 3505 988 3562 oﬂiciosi
1010 3515 1325 3577 procurant,
1355 3506 1486 3561 dum
1532 3506 1602 3562 ad
1632 3506 1816 3563 missa:
1860 3506 2164 3579 solempnia

579 3612 705 3669 quae
726 3604 959 3668 possunt
991 3610 1091 3669 pro
1132 3596 1320 3668 requie
1352 3597 1473 3668 ejus
1519 3597 1848 3654 munuscula
1904 3596 2162 3666 offerunt,

579 3692 711 3748 dum
739 3705 932 3745 omnes
976 3690 1199 3746 insimul
1242 3689 1388 3746 circa
1448 3705 1650 3762 corpus
1691 3690 1964 3763 aggregati
2006 3705 2163 3746 suam

579 3782 783 3838 deﬂent
799 3781 1212 3848 desolationem,
1235 3788 1289 3836 et
1309 3795 1466 3837 suam
1518 3782 1575 3835 in
1621 3781 1758 3836 tanti
1796 3780 2165 3837 clemosinarii

583 3873 983 3946 ingeminantes
1009 3881 1425 3945 conqueruntur
1451 3873 1884 3943 destitutionem,
1931 3874 2051 3945 ejus
2083 3873 2166 3930 ni-

582 3968 787 4023 mirum
807 3967 976 4022 vitam
1004 3967 1159 4024 miris
1180 3966 1435 4023 laudibus
1455 3967 1742 4035 extollunt,
1764 3974 1821 4022 et
1843 3967 1890 4023 si
1908 3966 2040 4039 quid
2057 3967 2165 4023 hu-

582 4075 761 4115 manae
783 4067 994 4114 naturae
1013 4057 1148 4114 vitio
1170 4057 1227 4113 in
1252 4072 1318 4115 eo
1348 4066 1671 4130 corruptum
1702 4066 1808 4127 est,
1857 4058 1912 4115 id
1943 4058 2060 4115 suis
2085 4058 2166 4114 la-

581 4152 771 4210 crimis
788 4159 978 4225 tegunt
1018 4159 1076 4209 et
1116 4151 1392 4224 operiunt.
1415 4150 1540 4208 Ideo
1560 4160 1745 4209 autem
1775 4154 1975 4209 horum
2003 4168 2167 4210 cons-

582 4245 810 4301 tantiam
856 4244 926 4301 ad
966 4243 1275 4315 exemplum
1319 4243 1563 4300 fidelium
1598 4244 1688 4301 hic
1721 4244 2077 4314 inseruimus,
2106 4256 2168 4302 ut

580 4346 845 4411 agnoscat
885 4336 981 4407 qui
1005 4335 1217 4408 legerit,
1245 4344 1327 4390 tot
1348 4343 1403 4391 et
1428 4328 1577 4393 tales
1616 4337 1769 4392 viros
1812 4337 1868 4392 in
1926 4337 2163 4408 palestra

2277 1833 2551 1891 laudando
2608 1835 2974 1905 inveniamur,
3024 1838 3185 1894 silere
3218 1837 3550 1906 decrevimus,
3579 1835 3729 1892 maxime
3772 1818 3773 1863 ³

2275 1942 2405 1982 cum
2432 1936 2486 1982 et
2511 1927 2788 1984 silentium
2818 1930 2999 2002 ipsum
3026 1931 3148 1987 laus
3170 1931 3294 2004 ejus
3322 1931 3408 1999 sit,
3440 1931 3548 2002 quia
3571 1931 3606 1984 si
3629 1938 3728 1983 totam

2277 2017 2640 2074 substantiam
2660 2030 2906 2077 nostram
2929 2022 2987 2076 in
3021 2023 3276 2078 laudibus
3301 2020 3412 2095 ejus
3433 2019 3730 2093 superertemlt-
3772 2004 3773 2019 “

2276 2123 2483 2179 remus,
2510 2111 2695 2167 minus
2717 2121 2865 2168 esset
2888 2114 3035 2184 quod
3066 2114 3467 2171 diceremus'ad
3494 2114 3539 2168 id
3564 2112 3665 2182 quod
3683 2111 3729 2164 dic

2274 2200 2510 2257 cendum
2540 2211 2704 2258 esset.
2726 2201 2932 2258 Jubilat
2951 2219 3081 2276 ergo
3111 2205 3169 2259 in
3194 2205 3440 2261 laudibus
3464 2203 3564 2275 ejus
3582 2201 3729 2256 Remos

2274 2291 2352 2350 sis
2387 2294 2654 2363 aecclesia,
2678 2295 2808 2367 quia
2848 2304 2905 2352 et
2955 2297 3077 2369 ipsa
3118 2297 3241 2369 ejus
3287 2297 3506 2362 devotio,
3530 2311 3614 2367 qua
3637 2293 3671 2346 in
3694 2308 3729 2345 ea

2272 2386 2501 2444 fideliter
2528 2388 2818 2457 laboravit,
2866 2390 2986 2447 laus
3017 2390 3137 2461 ejus
3171 2372 3278 2446 est.
3304 2389 3544 2446 Utebatur
3561 2393 3729 2457 potestate

2273 2478 2380 2535 sibi
2408 2479 2610 2535 tradita
2634 2479 2690 2534 in
2717 2478 3154 2550 aedificationem,
3189 2496 3304 2537 non
3324 2480 3379 2536 in
3399 2477 3729 2536 destructionem.

2273 2570 2479 2627 habens
2512 2569 2820 2626 libertatem
2850 2570 3003 2627 vocis
3031 2571 3243 2643 judicio
3286 2586 3385 2628 suo
3415 2567 3731 2627 confutarercos

2272 2670 2326 2721 et
2358 2661 2703 2731 convincere,
2726 2662 3041 2735 nulliusque
3064 2679 3361 2735 personam
3383 2663 3434 2717 in
3455 2659 3620 2733 judicio
3643 2652 3729 2709 επὶ·
3772 2676 3773 2701 ι

2270 2769 2419 2826 pere.
2446 2753 2656 2822 Quibus
2698 2754 2863 2810 rebus
2902 2756 2980 2810 ita
3026 2756 3285 2827 c0gnitus
3317 2763 3430 2812 erat
3461 2750 3671 2813 omnibus,
3700 2754 3733 2797 ut

2272 2846 2471 2904 absens
2498 2846 2663 2903 etiam
2684 2861 2786 2917 pro
2809 2846 2896 2903 sui
2918 2848 3226 2904 reverentia
3246 2857 3302 2905 et
3327 2846 3507 2902 inﬂexa
3525 2836 3732 2900 constantia

2268 2953 2303 2992 a
2333 2937 2546 2992 cunctis
2595 2936 2897 3006 timeretur,
2949 2947 3005 2994 et
3054 2939 3261 3009 pariter
3296 2953 3480 2994 omnes
3504 2947 3628 2991 senes
3659 2942 3732 2982 cum

2267 3028 2581 3101 junioribus
2616 3028 2874 3087 Richardi
2897 3031 3236 3087 inadulatam
3257 3030 3522 3103 gravitatis
3540 3034 3733 3084 censuram

2269 3122 2678 3178 reverebantur.
2706 3121 2839 3180 Erat
2857 3123 3006 3179 enim
3024 3139 3151 3181 vere
3179 3125 3481 3197 religiosus,
3496 3114 3734 3177 orationibus

2267 3214 2545 3271 continuis
2567 3231 2789 3272 vacans.
2826 3214 2929 3272 Cui
2958 3216 3126 3272 etiam
3167 3218 3345 3274 moris
3371 3225 3482 3273 erat
3517 3208 3735 3286 psalterium

2266 3321 2330 3362 ex
2356 3306 2547 3362 ordine
2571 3322 2795 3378 quoquo
2818 3306 2906 3363 die
2927 3306 3130 3376 dicere,
3143 3317 3199 3363 et
3219 3308 3424 3380 primos
3447 3304 3624 3377 quidem
3638 3297 3736 3369 quin-

2266 3413 2547 3470 quagenos
2591 3398 2837 3469 psalmos
2892 3400 3088 3455 stando
3118 3402 3378 3456 manibus
3405 3399 3472 3455 ad
3498 3406 3654 3453 terram
3684 3387 3738 3441 de-

2265 3489 2421 3546 flexis
2450 3490 2682 3558 dicebat,
2716 3491 3139 3564 quinquagenos
3160 3501 3399 3561 erectus,
3434 3489 3736 3561 quinquagenm

2264 3591 2574 3655 prostratus
2616 3592 2733 3640 toto
2774 3599 3033 3656 corpore,
3081 3594 3165 3642 set
3214 3598 3523 3658 suspensus.
3566 3569 3739 3633 Articulis

2265 3675 2464 3746 pedum
2496 3691 2829 3732 manuumve
2877 3685 3222 3734 sustentatus
3268 3675 3555 3749 perorabat.
3598 3663 3739 3722 Solebat

2265 3767 2435 3825 etiam
2482 3777 2611 3826 ante
2637 3784 2860 3826 crucem
2913 3771 3221 3827 orationem
3266 3769 3572 3828 cotidianam
3611 3760 3739 3817 diem,

2264 3874 2502 3930 quarum
2523 3860 2626 3917 hec
2645 3869 2804 3917 erant
2819 3860 3068 3917 omnium
3090 3877 3359 3921 versuum
3378 3860 3527 3918 inicia
3543 3853 3737 3912 :Adarou,
3772 3876 3773 3885 η

2266 3950 2494 4021 Christe,
2523 3970 2733 4009 crucem
2760 3954 3167 4029 (ascendentem,
3213 3964 3270 4013 et
3315 3952 3544 4011 benedice
3574 3939 3741 4029 16.0“?

2263 4060 2392 4102 cum
2429 4045 2517 4102 die
2542 4061 2653 4102 una
2678 4027 2851 4102 multa
2872 4054 3183 4118 perorasset
3207 4045 3485 4112 instantia,
3514 4027 3741 4109 surgens?

2265 4139 2535 4208 oratione,
2568 4148 2624 4197 et
2651 4139 2979 4197 cruciﬁxum
3000 4157 3126 4198 cum
3145 4141 3393 4200 lacrimis
3416 4134 3661 4209 aspiciens,

2263 4231 2399 4289 divit
2421 4247 2612 4289 vocem
2628 4232 2899 4290 dicentem
2922 4234 3029 4290 sibi
3055 4252 3070 4291 :
3110 4233 3191 4289 Tu
3232 4250 3315 4290 me
3359 4233 3416 4288 in
3445 4227 3579 4285 tem't
3603 4215 3742 4277 Μαίί·

2262 4324 2416 4393 xistt',
2443 4333 2494 4380 et
2516 4341 2608 4397 ego
2634 4323 2881 4381 benedice
2897 4333 2966 4382 te.
2998 4324 3068 4383 Et
3098 4325 3312 4385 elevata
3334 4324 3560 4387 dextera,
3581 4312 3652 4387 qui
3671 4312 3745 4364 θυι

581 4439 785 4487 sanctae
804 4428 1091 4485 Remensis
1121 4428 1382 4484 aacc‘lesiae
1405 4442 1507 4484 nec
1539 4428 1660 4485 sine
1693 4428 1970 4500 magistris
2002 4428 2164 4487 desu-

2270 4414 2323 4470 in
2344 4414 2521 4472 forma
2545 4415 2728 4473 crucis
2754 4416 3034 4473 benedixit
3060 4432 3212 4473 eum.
3240 4417 3362 4497 Qua
3383 4410 3742 4500 dulcedine???

581 4526 766 4594 dasse,
802 4538 905 4580 nec
942 4523 1023 4579 sic
1064 4522 1212 4579 solos
1236 4523 1477 4579 evasisse
1501 4538 1711 4579 carnea:
1762 4523 1925 4580 molis
1980 4538 2167 4581 carce-

581 4638 720 4692 rem,
764 4629 827 4678 ut
867 4635 979 4677 non
1028 4619 1348 4692 reliquerint
1407 4618 1623 4689 aliquos
1657 4618 1744 4674 sui
1772 4618 2039 4690 prepositi
2093 4627 2169 4675 te-

582 4725 694 4772 stes
715 4723 769 4771 et
801 4720 1204 4784 cooperatores,
1240 4710 1336 4782 qui
1357 4723 1550 4765 eorum
1575 4718 1631 4766 et
1651 4708 1878 4781 vestigia
1897 4709 2092 4766 imitati
2113 4718 2168 4767 et

584 4806 708 4862 lidei
739 4807 997 4863 virtutem
1028 4806 1141 4864 sint
1159 4806 1473 4880 amplexati.

652 4897 708 4952 2.
734 4895 793 4952 ln
824 4898 928 4954 hac
956 4914 1086 4972 ergo
1110 4900 1355 4956 :ecclesia
1379 4897 1650 4971 religiosae
1678 4898 1877 4955 indolis
1900 4913 2038 4970 puer
2055 4894 2157 4952 Ri-

583 4989 824 5045 cbardus
851 4990 1046 5047 litteris
1092 4992 1329 5048 traditus
1367 4990 1716 5060 imbuendus,
1756 4990 1908 5047 brevi
1948 4988 2161 5063 singula

580 5083 927 5154 percucurrit
969 5097 1093 5154 qua:
1124 5084 1516 5155 magistrorum
1551 5082 1794 5139 sollertia
1836 5097 2162 5154 percurren-

581 5173 652 5229 da
685 5172 942 5245 signavit.
991 5171 1149 5245 Cepit
1186 5174 1302 5245 jam
1342 5174 1538 5231 altiora
1568 5172 1843 5243 meditari,
1885 5182 1941 5229 et
1981 5188 2160 5246 quate

581 5263 1003 5336 magistrisnon
1052 5264 1339 5334 didicerat,
1389 5263 1683 5322 vivacitate
1724 5271 1780 5320 et
1820 5262 2161 5336 perspicacia

2264 4514 2523 4577 punctus,
2551 4506 2756 4579 gratias
2794 4507 2906 4579 egit
2927 4508 3200 4565 sacerdoti
3229 4490 3465 4574 summo.
3485 4510 3535 4560 el

2264 4594 2418 4654 tanto
2439 4599 2615 4657 artius
2640 4598 2964 4671 perfectiora
2996 4601 3273 4669 meditari,
3317 4606 3515 4671 quanto
3538 4588 3743 4678 δηίίοξδῨ

2266 4706 2382 4749 rem
2409 4692 2558 4749 circa
2586 4708 2647 4749 se
2675 4694 3011 4766 agnoscebat
3030 4693 3376 4753 dulcedinem
3396 4674 3743 4748 miserentisM-

2266 4783 2384 4841 Hoc
2408 4800 2512 4842 nos
2540 4784 2772 4842 Rodorni
2803 4787 2972 4859 positi
2996 4803 3031 4843 a
3046 4787 3184 4845 viris
3216 4783 3486 4858 religiosis
3504 4773 3746 4865 ιιιάίνίηξδν

2265 4877 2365 4948 qui
2385 4884 2442 4933 et
2453 4877 2561 4949 ipsi
2587 4893 2646 4935 se
2667 4877 2979 4936 fatebantur
2988 4879 3210 4937 audisse
3232 4895 3266 4935 a
3286 4865 3747 4953 Hugonecognm‘f'

2267 4965 2661 5037 Grammatico,
2674 4969 2796 5027 viro
2822 4979 3050 5028 strenuo
3060 4979 3115 5030 et
3137 4957 3748 5044 religiosoillotomasws"

2265 5057 2530 5115 περιθείη
2553 5058 2968 5129 archidiacono,
2998 5061 3095 5133 qui
3116 5061 3305 5117 Remis
3339 5059 3396 5114 in
3418 5047 3633 5112 ωοιεδίι
3665 5049 3748 5133 δίνΐ

2266 5155 2368 5204 ctae
2400 5147 2587 5206 Mariae
2612 5165 2857 5221 praesens
2887 5130 3065 5207 adfuit
3104 5150 3328 5224 quando
3348 5149 3447 5204 hee
3487 5146 3616 5216 se!“
3653 5130 3749 5224 ⁵¹¹¹ξξ

2337 5240 2393 5297 3.
2417 5239 2622 5298 Verum
2653 5257 2781 5299 cum
2810 5242 2867 5299 in
2903 5244 3022 5302 dies
3059 5221 3275 5301 fervore
3312 5234 3541 5314 religiosi
3562 5221 3751 5304 Ψονθδω

1883 5354 2118 5411 VARUE
2150 5355 2551 5416 LECTIONES.

654 5454 721 5484 "'
744 5453 951 5509 numeri
977 5452 1212 5523 capitum
1245 5449 1504 5507 habentur
1523 5451 1579 5504 in
1607 5449 1805 5504 codice.
1880 5449 1950 5482 ¹¹⁸
1988 5442 2137 5504 {ecus
2154 5459 2328 5505 vacat.

656 5632 766 5703 (85)
799 5630 949 5703 Patri
977 5628 1364 5703 era_tWalteri,
1406 5629 1566 5685 matri
1621 5627 1958 5687 Thcodradaa
2000 5537 2577 5703 nomigfﬁtestatur
2609 5638 2803 5689 auctor
2846 5627 2984 5687 Vitae
3023 5625 3281 5688 Richardi
3302 5639 3392 5698 ap.
3422 5610 3641 5683 stabillon
3665 5597 3773 5653 ων

582 5701 683 5761 SS.
710 5702 845 5762 Stec.
874 5702 961 5772 Vl,
985 5703 1031 5757 l.
1065 5701 1129 5756 Κ.
