3834 6304
87 315 162 373 illi
234 254 247 265 η
1296 291 1787 351 CllRONlCON.—-
1809 290 1937 347 LIB.
1975 288 2035 346 ll.

3194 293 3305 351 209

90 430 142 485 ad
169 424 333 481 altiora
369 432 542 491 penna
590 414 897 474 devotionis
947 412 1348 479 sustolleretur,
1384 420 1440 466 et
1468 425 1605 464 con»
1636 413 1680 469 Α
1708 405 2083 472 Godefridum,
2118 414 2171 462 et
2204 406 2369 462 ﬁliam
2405 405 2636 463 Odiliam
2658 451 2672 476 ,
2721 424 2845 480 quae
2883 410 2985 468 fuit
3028 412 3304 471 abbatissa

89 524 333 587 temptores
358 509 543 566 mundi
568 507 950 577 suimetipsius
982 508 1343 578 abnegatores
1380 503 1612 558 mirare-

90 622 172 675 tur,
197 606 446 674 Deumque
471 602 527 656 in
556 600 731 672 ﬁgura
749 601 932 656 crucis
962 599 1205 670 positum
1236 603 1612 661 veneraretur,

87 714 301 772 sequaces
343 711 468 752 suos
516 695 585 750 ad
614 709 673 751 se
724 694 1048 749 invitantem
1082 702 1138 749 et
1161 692 1430 749 dicentem
1468 710 1479 745 :
1512 690 1616 756 Qui

88 794 187 847 mihi
213 790 485 854 ministrat,
516 803 596 841 me
621 795 876 858 sequatur
905 785 1089 858 (Joan.
1125 801 1225 851 xu,
1269 784 1410 854 26.),
1440 798 1618 839 reme-

86 899 266 939 morans
305 881 425 952 quia
472 893 669 949 parum
719 886 868 934 esset
918 877 1236 932 ministrare
1270 875 1524 942 Domino,
1564 875 1620 929 in

87 988 171 1044 quo
194 972 323 1026 nulla
354 976 497 1025 esset
546 966 837 1039 perfectio,
865 966 975 1023 nisi
1019 974 1074 1021 et
1114 973 1434 1036 sequeretur
1467 978 1616 1031 eum,

84 1064 243 1136 delegit
267 1062 370 1118 Deo
400 1060 612 1116 ﬁrmius
652 1060 953 1127 adherere,
998 1059 1266 1131 quoniam
1302 1057 1483 1114 bonus
1512 1066 1616 1121 est,

84 1168 127 1212 et
143 1157 263 1212 beati
290 1155 378 1226 qui
406 1162 632 1224 sperant
663 1153 720 1207 in
741 1167 892 1208 eum.
913 1150 1072 1223 Cepit
1093 1152 1260 1224 igitur
1276 1152 1427 1223 larga
1450 1166 1615 1205 manu

84 1264 179 1319 quae
200 1247 329 1303 circa
351 1261 408 1302 se
433 1252 607 1301 erant
632 1244 953 1314 dispensare
975 1243 1329 1313 pauperibus,
1361 1251 1416 1297 et
1434 1242 1562 1297 licet
1587 1256 1619 1294 a

85 1340 238 1410 primis
256 1338 404 1394 annis
432 1335 817 1407 conpassionis
860 1336 917 1391 in
964 1350 1031 1391 eo
1078 1350 1246 1405 opera
1300 1335 1618 1402 claruerint,

86 1442 230 1487 tamen
253 1410 354 1502 quo
381 1428 621 1499 amplius
642 1428 862 1484 miseria
886 1428 1059 1484 seculi
1089 1436 1143 1482 et
1166 1426 1331 1481 fallax
1354 1426 1474 1496 ejus
1497 1442 1622 1498 gra-

84 1524 141 1577 tia
162 1520 643 1591 eontempnehatur,
666 1535 733 1576 eo
758 1521 936 1590 magis
964 1519 1202 1575 instabat
1232 1517 1622 1574 misericordiae

86 1614 313 1684 operibus,
334 1622 395 1667 ut
427 1612 613 1667 nudus
641 1610 923 1667 Christum
953 1611 1108 1681 sequi
1126 1653 1141 1678 ,
1166 1619 1222 1666 et
1242 1625 1452 1681 pauper
1479 1624 1619 1680 pau-

83 1720 229 1776 peram
250 1704 441 1761 imitari
469 1703 695 1769 valeret,
736 1702 830 1774 qui
886 1711 1109 1773 propter
1156 1717 1258 1759 nos
1307 1702 1618 1759 minoratus

1718 498 2040 555 ancillarum
2067 498 2164 554 Dei
2190 498 2244 554 in
2275 500 2611 556 monasterio
2638 514 2842 559 sanctae
2861 503 3070 561 Odiliae.
3105 505 3310 561 Habuit

1717 600 1771 646 et
1809 591 1977 645 alium
2025 606 2090 645 ex
2122 591 2428 647 concubina
2464 591 2637 665 filium
2678 596 2902 652 nomine
2925 578 3300 665 GodefridunrP

1721 682 2048 738 Godcfridus
2074 697 2202 739 vero
2225 684 2336 738 dux
2359 684 2414 738 in
2438 684 2643 740 divitiis
2665 695 2717 741 et
2739 681 2910 757 gloria
2934 690 3141 760 absque
3171 691 3300 747 lihe~

1719 776 1799 830 ris
1818 775 2128 831 consenuit.
2161 774 2362 831 Cozelo
2384 788 2565 832 autem
2588 778 2701 833 dux
2723 778 3077 836 Godefridum
3109 782 3305 849 ﬁlium,

1720 867 1815 938 qui
1847 876 2068 938 accepta
2099 883 2270 923 uxore
2296 866 2572 923 Bonefacii
2604 879 2795 940 postea
2835 868 3012 928 factus
3044 887 3127 929 est
3156 890 3304 930 mor-

1723 958 1870 1023 cltio,
1918 957 2174 1012 heredem
2208 958 2449 1027 reliquit.
2503 957 2616 1015 Hac
2657 975 2788 1032 ergo
2822 976 3087 1032 generosa
3138 966 3309 1037 stirpe

1720 1057 1942 1103 creatus
1969 1047 2203 1103 domnus
2229 1046 2559 1115 Fridericus,
2586 1050 2641 1103 in
2666 1051 3000 1109 sublimitate
3034 1054 3306 1110 honorum

1725 1139 1954 1209 positus,
1984 1154 2369 1195 mensurarum
2392 1156 2616 1195 suarum
2642 1143 2843 1199 limites
2877 1146 3208 1218 attendebat,
3241 1165 3310 1203 nc

1720 1231 1779 1285 in
1805 1231 2105 1301 prmeipitio
2137 1231 2207 1263 ’⁸ο
2235 1230 2430 1301 pedem
2452 1243 2679 1303 poneret
2704 1252 2719 1288 :
2752 1234 2875 1291 ideo
2903 1236 3108 1293 bonum
3132 1239 3312 1294 inten-

1723 1323 1890 1380 tionis
1921 1337 2037 1379 suae
2077 1325 2242 1379 linem
2289 1324 2523 1395 adeptus
2543 1335 2648 1390 est,
2682 1327 2778 1397 qui
2806 1337 2960 1384 extra
3005 1330 3142 1387 ﬁnes
3177 1347 3310 1388 suos

1720 1422 1954 1485 vagatus
1982 1429 2093 1469 non
2120 1427 2221 1470 est.
2252 1414 2515 1471 Hostibus
2539 1416 2819 1483 terribilis,
2854 1434 3040 1476 amore
3080 1422 3310 1492 justitia:

1723 1507 2041 1578 spectabilis
2066 1549 2081 1575 ,
2108 1509 2441 1579 pauperibus
2466 1508 2673 1581 largus,
2695 1509 2922 1580 dapsilis
2949 1512 3003 1566 in
3032 1511 3225 1582 donis;
3255 1516 3312 1571 in

1725 1599 2001 1669 parcendo
2027 1600 2172 1670 pius,
2203 1600 2260 1653 in
2289 1599 2610 1656 ulciscendo
2631 1616 2875 1658 severus.
2911 1601 3016 1670 Qui
3038 1605 3139 1659 etsi
3160 1605 3314 1676 pala-

1722 1692 1872 1747 cium
1898 1691 2299 1763 frequentabat,
2327 1692 2380 1747 in
2413 1693 2761 1763 sterquilinio
2790 1702 2973 1751 tamen
3004 1712 3129 1752 cum
3156 1698 3315 1754 beato

83 1772 315 1868 paululum
343 1797 411 1854 ab
437 1796 650 1869 angelis
668 1796 738 1851 de:
756 1772 1100 1867 pauperibus
1122 1796 1276 1851 nasci
1297 1803 1352 1851 et
1379 1795 1436 1850 ίη
1473 1811 1615 1866 pm-
1649 1772 1693 1833 Β
1720 1782 1825 1839 Job
1846 1784 2068 1840 sedebat
2114 1784 2258 1856 (Job,
2294 1801 2354 1853 ιι,
2379 1785 2435 1856 8)
2462 1803 2474 1838 :
2500 1786 2629 1856 quia
2648 1786 2694 1841 si
2721 1801 2828 1857 qua
2856 1787 3043 1845 illicito
3070 1790 3312 1863 gerebat,

82 1891 203 1961 sepia
244 1889 488 1947 reclinari
534 1889 727 1954 voluit,
760 1899 822 1944 ut
855 1898 1000 1945 esset
1045 1890 1260 1959 piorum
1292 1888 1498 1944 cibaria
1524 1889 1618 1958 ju-

83 1994 359 2039 mentorum.
423 1980 525 2038 Ubi
582 1995 715 2036 vero
750 1988 951 2037 cuncta
984 1970 1273 2037 distracta
1306 1989 1455 2048 sunt,
1522 1994 1623 2036 nec

82 2074 303 2131 desideria
357 2074 625 2131 dilatione
657 2072 968 2146 consopita,
997 2073 1130 2145 quin
1150 2073 1335 2144 potius
1356 2087 1622 2142 augmen-

83 2174 186 2233 ιλιι,
217 2167 331 2238 quia
362 2170 557 2224 sancta
592 2175 770 2231 erant,
812 2173 868 2220 et
914 2164 1313 2236 cogitationum
1350 2162 1625 2220 inundan-

80 2259 206 2327 tium,
225 2274 352 2331 quas
374 2256 704 2331 perfectioni
729 2257 957 2315 studens
984 2257 1158 2314 ﬁdelis
1184 2257 1368 2313 anima
1393 2256 1623 2328 patitur,

80 2350 274 2408 violento
302 2352 505 2424 impetu
534 2351 747 2415 sedato,
782 2349 848 2405 ad
877 2358 1096 2420 portum
1127 2350 1329 2422 quietis
1359 2349 1625 2422 appulsus

82 2442 172 2499 ﬁxit
198 2444 479 2501 ancltoram
511 2443 653 2514 spei,
685 2441 816 2513 quia
847 2441 1247 2497 deliberaverat
1269 2441 1386 2513 jam
1416 2450 1478 2496 ut
1499 2440 1623 2509 iret,

82 2534 192 2603 repit
208 2534 388 2590 iterum
409 2533 628 2591 attxiari
660 2548 773 2605 quo
796 2532 918 2599 iret,
950 2528 1115 2603 quem
1157 2533 1261 2589 sibi
1292 2534 1476 2589 locum
1512 2543 1628 2588 sta-

78 2627 208 2685 tionis
225 2631 463 2703 eiigeret;
498 2629 592 2686 ubi
620 2630 918 2701 plantatus,
944 2625 1002 2683 in
1033 2628 1246 2682 interna
1267 2625 1450 2681 cordis
1476 2641 1627 2680 amc-

81 2720 212 2777 nitate
235 2722 599 2780 viridesceret.
636 2718 867 2777 Volebat
895 2721 1043 2776 enim
1082 2720 1188 2774 hoc
1224 2718 1369 2789 quod
1417 2717 1624 2773 dictum

79 2822 142 2869 est
158 2816 276 2885 patri
306 2816 652 2875 credulitatis
678 2824 882 2872 nostrae
926 2814 1158 2869 Abrahae
1192 2830 1204 2866 :
1240 2810 1346 2866 Exi
1391 2814 1456 2865 de
1483 2820 1627 2865 terra

84 2914 231 2973 tua,et
254 2909 311 2964 de
333 2910 651 2982 cognatione
703 2918 795 2962 tua
848 2907 1002 2980 (Gen.
1036 2921 1137 2972 χιι,
1166 2905 1230 2977 l;
1270 2903 1386 2958 Act.
1416 2919 1513 2967 vn,
1546 2903 1625 2973 ⁸5),

81 2996 131 3052 ad
148 2998 353 3057 litteram
389 3002 655 3073 implere,
692 3001 787 3058 sed
812 2998 1199 3057 considerabat
1222 3012 1335 3053 non
1366 2996 1484 3052 sine
1507 2994 1629 3051 fru-

81 3088 150 3143 ctu
167 3089 285 3161 lore,
321 3095 389 3162 si,
427 3093 583 3149 inter
614 3108 745 3149 suos
774 3092 1007 3163 positus.
1037 3090 1326 3161 factusque
1351 3087 1628 3145 eis’forma

82 3181 176 3238 vita
195 3185 440 3256 honestae,
464 3186 740 3260 praeberet
760 3184 1176 3267 eisexemplum
1193 3182 1456 3254 sequendi
1474 3178 1632 3267 Chri-

80 3280 213 3341 stum,
238 3276 592 3351 adipisceudo
622 3275 905 3348 religionis
948 3272 1314 3347 propositum.
1364 3271 1630 3327 Conside-

80 3362 203 3421 nbat
228 3384 408 3427 rursus
432 3368 819 3426 difﬁcillimum
848 3384 971 3426 esse
1002 3369 1146 3426 inter
1176 3377 1338 3425 notos
1360 3376 1415 3424 et
1441 3365 1628 3425 afﬁnes

79 3459 302 3525 gravioris
326 3462 602 3534 propositi
652 3462 1017 3521 intentionem
1060 3460 1486 3534 apprehendere,
1536 3458 1629 3514 ubi

80 3547 325 3620 aliquando
348 3567 501 3611 certa
533 3566 618 3611 est
640 3555 728 3610 via
752 3550 1005 3628 periculi,
1031 3555 1240 3611 incerta
1270 3552 1628 3621 salutis,cum

80 3644 266 3700 retrahit
297 3647 583 3703 hominem
612 3648 728 3719 jam
754 3646 867 3704 Deo
893 3646 1297 3719 proximantem
1320 3661 1476 3702 amor
1497 3660 1628 3716 pro-

78 3728 385 3807 pinquorum,
414 3747 470 3795 et
501 3739 819 3795 reverberat
865 3739 1040 3795 aciem
1071 3737 1257 3794 vultus
1307 3736 1464 3808 ejus,
1520 3752 1629 3808 qua

80 3816 190 3877 Deus
212 3824 501 3884 intuendus
535 3838 702 3896 esset,
735 3829 937 3885 caritas
958 3827 1176 3895 carnis,
1205 3835 1259 3883 et
1297 3826 1631 3883 multimoda:

79 3916 361 3978 punctiones
381 3920 585 3986 seculi,
623 3936 764 3991 quas
791 3935 902 3975 non
929 3918 1067 3974 adeo
1097 3933 1292 3990 graves
1329 3918 1493 3974 sentit
1535 3919 1630 3989 qui

78 4010 459 4072 oportunitatem
512 4012 785 4068 sentiendi
820 4012 955 4068 vitat
979 4020 1033 4067 et
1068 4010 1289 4082 refugit.
1347 4009 1493 4065 lntcr
1530 4011 1629 4065 has

77 4104 117 4148 et
140 4097 256 4157 alias
283 4104 619 4175 multiplices
640 4105 1065 4177 repugnantium
1096 4103 1202 4159 sibi
1242 4102 1475 4157 invicem
1508 4118 1631 4157 car-

77 4187 143 4244 nis
159 4201 205 4247 et
232 4195 454 4266 spiritus
478 4196 905 4253 deliberationes
936 4196 1093 4253 aﬁ‘uit
1127 4195 1463 4267 adjutorium
1494 4191 1630 4249 Om-

79 4278 348 4354 llipotentis,
374 4297 428 4343 et
453 4287 665 4343 famulo
693 4305 795 4345 suo
822 4288 1110 4344 desudanti
1146 4287 1204 4342 in
1241 4288 1478 4358 palestra
1510 4286 1630 4359 glo-

76 4373 180 4429 riosi
203 4366 517 4438 certaminis
559 4382 818 4439 solatium
856 4381 1089 4453 pratbnit
1119 4381 1407 4452 cujusdam
1456 4380 1631 4435 fidelis

1723 1891 1790 1933 ea
1826 1877 1896 1932 ad
1937 1878 2139 1934 mentis
2170 1878 2363 1934 oculos
2399 1877 2693 1955 penitendo
2720 1875 3037 1938 reducebat.
3076 1884 3315 1942 Sedcbat

1724 1969 1781 2024 in
1808 1969 2174 2042 sterquilinio,
2214 1969 2343 2042 quia
2388 1984 2516 2027 cum
2551 1980 2678 2027 ante
2700 1975 2761 2029 se
2789 1984 3138 2044 peccatorum
3175 1985 3317 2034 ster-

1720 2066 1852 2119 eora
1900 2062 2178 2129 cernebat,
2216 2063 2263 2119 si
2291 2063 2425 2134 quid
2463 2063 2720 2121 elationis
2749 2065 2805 2120 in
2828 2067 3015 2124 animo
3042 2070 3317 2131 surrexis-

1725 2163 1830 2221 set,
1868 2153 2187 2210 inclinabat.
2236 2151 2304 2211 Et
2348 2165 2556 2227 quanto
2593 2171 2652 2213 se
2677 2158 2967 2228 pulverem.
2991 2171 3045 2218 et
3072 2161 3315 2220 cinerem

1724 2258 1851 2301 cum
1889 2242 1999 2300 Deo
2020 2245 2254 2316 loquens
2277 2245 2592 2316 estimabat,
2618 2256 2773 2305 tanto
2799 2249 3006 2307 celsius
3042 2266 3220 2325 usque
3244 2254 3316 2310 ad

1725 2338 1990 2396 honorem
2043 2338 2245 2397 divinae
2301 2341 2735 2413 colloquutionis
2786 2345 3139 2403 ascendebat.
3175 2345 3319 2406 liinc

1724 2438 1812 2485 est
1838 2430 1986 2500 quod
2041 2431 2118 2486 ita
2147 2446 2276 2502 vere
2304 2431 2629 2491 humiliatus
2654 2443 2738 2490 est
2756 2476 2771 2503 ,
2800 2445 2861 2492 ut
2890 2435 2961 2491 ad
2987 2437 3096 2492 alta
3141 2439 3318 2495 virtu-

1725 2528 1844 2577 tum
1879 2537 2106 2595 surgere
2124 2524 2393 2580 veraciter
2414 2534 2621 2596 posset.
2652 2524 2780 2598 Agit
2800 2527 2949 2584 enim
2974 2527 3078 2585 hoc
3100 2530 3189 2600 pia
3220 2528 3318 2587 Dei

1727 2613 2011 2669 miseratio
2056 2630 2184 2686 erga
2230 2616 2433 2672 electos
2477 2633 2628 2682 suos,
2660 2626 2720 2673 ut
2749 2628 2956 2689 quanto
2985 2635 3045 2676 se
3081 2619 3223 2676 infra
3257 2637 3319 2678 se

1728 2705 1879 2775 ipsos
1930 2705 2263 2776 despiciunt,
2323 2692 2474 2763 tanto
2520 2708 2813 2765 sublimius
2840 2709 2907 2765 ad
2943 2725 3186 2769 amorem
3220 2711 3319 2791 Dei

1727 2799 2105 2872 subriguntur,
2142 2809 2199 2857 et
2223 2816 2289 2857 eo
2311 2788 2487 2873 magis
2508 2802 2730 2875 videant
2749 2803 3054 2861 claritatem
3079 2788 3320 2879 Dci,quo

1728 2905 1824 2947 eos
1855 2892 2052 2964 magis,
2086 2907 2155 2948 ne
2175 2893 2245 2949 de
2272 2908 2332 2950 se
2356 2909 2554 2965 magna
2580 2894 2839 2963 sentiant,
2868 2897 3119 2966 reprimit
3142 2899 3320 2955 virtus

1728 3004 1869 3045 vera:
1904 2990 2252 3046 humilitatis.

1804 3082 1857 3136 4.
1887 3081 2027 3137 Cum
2051 3082 2235 3154 itaque
2260 3081 2326 3138 ad
2352 3082 2655 3141 conditoris
2682 3083 2769 3140 sui
2804 3083 3139 3143 desiderium
3167 3090 3320 3144 tctus

1732 3176 1944 3232 diutina
1969 3175 2322 3233 meditatione
2347 3177 2724 3247 incalesceret,
2741 3189 2794 3235 et
2812 3180 2927 3251 jam
2956 3163 3144 3252 aperte
3161 3198 3317 3237 mut.—

1730 3268 1784 3324 di
1811 3268 2082 3325 lenocinia
2126 3268 2411 3341 despicere
2442 3280 2498 3326 et
2523 3268 2636 3327 Deo
2660 3281 2774 3328 tota
2805 3272 3106 3330 intentione
3147 3274 3322 3331 adhe-

1731 3377 1850 3418 rere
1875 3373 2118 3435 cuperet,
2135 3363 2453 3435 videretque
2483 3365 2649 3420 homo
2674 3365 2730 3421 in
2758 3367 2960 3423 sacculo
2984 3369 3320 3427 constitutus

1730 3452 2206 3527 pernecessarium
2250 3455 2357 3513 sibi
2384 3455 2500 3513 fore
2524 3468 2583 3513 ut
2627 3458 2734 3515 hoc
2777 3474 2942 3516 suum
2982 3460 3320 3523 desiderium

1731 3548 1959 3604 cuilibet
1985 3547 2370 3621 religiosorum
2412 3550 2745 3622 propalarct,
2781 3552 2944 3625 cujus
2985 3555 3323 3612 relevaretur

1731 3641 1964 3697 consilio
2017 3651 2073 3697 et
2117 3642 2461 3699 orationibus
2511 3643 2840 3713 ﬁrmaretur,
2896 3646 3078 3703 visum
3108 3663 3195 3705 εει
3237 3649 3320 3716 ei,

1726 3720 1917 3790 divina
1948 3734 2137 3806 utique
2164 3733 2402 3795 faciente
2423 3736 2733 3815 ciententia,
2758 3746 2817 3793 ut
2844 3738 3024 3794 virum
3055 3740 3322 3812 religione

1731 3824 2258 3895 nominatissimum,
2290 3827 2628 3885 lliehardum
2658 3829 2932 3894 videlicet,
2960 3831 3031 3888 de
3063 3849 3175 3904 quo
3218 3833 3322 3892 im—

1730 3921 2150 3988 prtesentiarum
2171 3921 2354 3993 agitur
2382 3920 2517 3991 (Cfr.
2546 3921 2688 3977 ϐεδε.
2725 3921 2876 3979 Vird.
2908 3924 2988 3995 8),
3019 3910 3321 3996 expeteret,

1732 4021 1785 4067 ct
1817 4011 1868 4066 ei
1905 4022 2188 4083 tamquam
2224 4012 2328 4069 sibi
2373 4013 2530 4068 alteri
2556 4029 2616 4068 se
2651 4014 2831 4083 ipsum
2883 4014 3149 4084 crederet,
3196 4032 3324 4073 eum

1732 4120 1798 4159 co
1822 4105 2060 4159 archana
2086 4104 2270 4161 cordis
2298 4105 2381 4160 sui
2408 4105 2788 4175 participaret:
2816 4107 2969 4162 illum
2996 4123 3120 4164 esse
3140 4108 3325 4167 consi-

1731 4197 1953 4253 liarium
1975 4196 2070 4268 qui
2110 4197 2281 4252 nichil
2313 4197 2540 4253 haberet
2567 4197 2753 4265 fallax,
2780 4200 2949 4254 nichil
2979 4200 3321 4268 simulatum,

1734 4289 1903 4346 nichil
1926 4299 2195 4359 corrupta:
2224 4289 2377 4360 pacis
2399 4289 2660 4345 amicum.
2714 4289 2875 4347 Venit
2918 4307 3079 4363 ergo,
3111 4304 3165 4350 et
3192 4293 3324 4349 dum

1736 4384 1901 4439 unius
1924 4384 2176 4440 voluntas
2194 4383 2459 4454 aperitur,
2492 4383 2781 4439 amborum
2811 4383 3143 4441 desiderium
3168 4401 3323 4442 reve-

77 4464 160 4532 sui,
183 4472 267 4540 qui
292 4474 394 4528 sub
420 4474 662 4531 clamide
692 4475 983 4531 mundanaa
1015 4474 1298 4546 dignitatis
1335 4473 1632 4541 abscondL
1660 4496 1710 4559 υ
1735 4474 1899 4539 latur,
1928 4485 1981 4530 et
2014 4484 2075 4530 ut
2114 4476 2427 4545 perﬁciatur
2457 4476 2665 4531 alterna
2714 4476 3130 4534 conﬁrmatione
3161 4479 3324 4534 robo-

75 4568 164 4613 tum
180 4565 383 4632 gerebat
399 4566 856 4638 probatissimum
869 4566 1096 4623 militem
1109 4565 1332 4623 Christi.
1343 4564 1481 4636 (Fel.
1501 4564 1630 4638 743)

76 4644 356 4713 Frcdcricus
373 4674 579 4715 nomen
602 4668 717 4714 erat
729 4659 867 4726 viro,
882 4674 1146 4731 generosa
1168 4659 1303 4713 satis
1317 4656 1436 4727 ejus
1458 4666 1510 4712 et
1525 4658 1633 4712 alta

76 4750 440 4820 PYOpago.(Cfr.
451 4750 497 4805 (ἱ
501 4760 598 4805 est.
619 4750 680 4804 Vi
686 4752 746 4805 rd
754 4749 1162 4822 .9.)Comitatus
1177 4751 1385 4805 honore
1399 4749 1631 4821 vigebat,

74 4839 114 4883 (τί
126 4839 252 4902 (μιοᾱ
263 4843 571 4897 maximum
586 4853 689 4910 est,
702 4844 1021 4899 comitatum
1039 4841 1235 4898 mentis
1250 4841 1430 4897 indole
1451 4857 1628 4913 peror-

74 4924 226 4983 nabat.
252 4929 413 4989 Pater
433 4935 562 5005 ejus
590 4934 918 4992 Godcl'ridus
940 4944 1079 5003 erat,
1100 4934 1184 4990 vir
1212 4933 1483 5006 probitate
1505 4948 1632 5006 gra-

76 5015 135 5070 tia
156 5030 202 5075 et
230 5023 432 5082 divitiis
482 5038 540 5083 et
588 5028 891 5084 honoribus
942 5029 1087 5084 inter
1136 5036 1420 5099 magnates
1475 5027 1626 5097 regni

75 5112 538 5174 nominatissimus.
574 5116 818 5174 Habebat
844 5128 897 5174 et
929 5118 1069 5174 alios
1113 5117 1277 5184 ﬁlios,
1330 5116 1630 5172 Adalbero-

77 5213 175 5256 nem
207 5204 611 5265 Virdunenscm
631 5226 795 5283 quem
820 5212 1061 5268 diximus
1100 5212 1440 5281 episcopum,
1470 5208 1629 5264 Heri—

76 5305 301 5355 maunum
326 5303 398 5335 ’⁷³
426 5319 654 5375 quoque
682 5305 946 5361 comitum
976 5304 1403 5370 nobilissimum,
1451 5303 1622 5359 Code-

76 5378 243 5443 tridum
264 5407 490 5464 quoque
528 5403 581 5450 et
609 5394 941 5452 Gozeloncm
990 5395 1180 5450 duces.
1239 5393 1630 5461 Hcrimannus,

74 5476 147 5541 εξέἱ
168 5489 214 5534 et
235 5479 457 5551 llezelo,
497 5485 815 5543 Matbildcm
846 5487 1004 5544 duxit
1031 5499 1280 5554 uxorem,
1312 5502 1380 5540 ex
1408 5501 1516 5557 qua
1542 5503 1635 5557 ge-
1674 5517 1688 5525 ο

78 5568 171 5622 "uit
194 5572 323 5631 duos
366 5578 542 5644 ﬁlios,
588 5579 746 5634 bonae
783 5581 899 5649 spei
934 5579 1183 5646 arbores,
1214 5578 1539 5650 Gregorium
1582 5587 1638 5633 et

1736 4574 1909 4621 ratur.
1941 4564 2228 4622 Decretum
2250 4578 2334 4623 est
2358 4568 2521 4638 igitur
2544 4569 2823 4624 communi
2853 4578 2998 4636 voto,
3025 4580 3080 4625 et
3105 4586 3169 4625 ex
3199 4586 3327 4626 sen-

1734 4657 1902 4712 tentia
1930 4659 2206 4729 utrimque
2250 4659 2611 4715 deliberatum
2644 4671 2730 4716 est
2762 4669 2821 4716 ut
2855 4677 3061 4732 pauper
3097 4663 3329 4733 quilibet

1736 4749 1891 4805 locus
1917 4749 2230 4822 eligeretur,
2259 4752 2315 4806 in
2340 4769 2451 4823 quo
2479 4754 2656 4809 honor
2695 4754 2790 4810 Dei
2835 4763 2891 4810 et
2938 4755 3087 4827 rigor
3126 4757 3328 4828 regulae

1740 4854 2179 4911 conservaretur,
2204 4846 2297 4900 ubi
2322 4847 2445 4901 novi
2478 4846 2793 4902 christianae
2813 4849 3152 4917 paupertatis
3172 4865 3328 4906 ama-

1739 4946 1886 4992 tores
1903 4937 2168 5003 exerceri,
2186 4947 2240 4993 et
2259 4938 2339 4994 sic
2361 4938 2583 4992 demum
2605 4938 2744 4993 alios
2771 4939 2824 4992 in
2848 4940 3150 5009 spiritualis
3179 4952 3327 5014 tyro-

1735 5029 1867 5083 cinii
1920 5029 2185 5085 exercitio
2234 5031 2507 5086 instruere
2550 5040 2791 5100 possent.
2844 5030 3097 5089 Delectus
3141 5035 3330 5105 itaque

1735 5121 1891 5176 locus
1936 5119 2238 5176 Virdunum
2271 5121 2464 5176 civitas
2489 5120 2691 5186 fuit,et
2718 5121 2774 5176 in
2819 5137 2882 5178 ea
2927 5126 3326 5181 monasterium

1736 5212 2113 5282 apostolorum
2162 5210 2309 5267 Petri
2352 5220 2409 5267 et
2455 5209 2613 5266 Pauli
2661 5220 2715 5267 et
2756 5213 2933 5269 sancti
2990 5214 3329 5271 confessoris

1736 5302 1944 5359 Christi
1968 5302 2182 5370 Vitoni,
2214 5302 2360 5373 quod
2395 5310 2451 5359 et
2494 5304 2565 5360 ab
2610 5304 2836 5376 antiquo
2885 5305 3215 5374 fundatum,
3274 5317 3332 5363 et

1744 5406 2061 5457 sanctorum
2090 5395 2412 5467 patrociniis
2444 5397 2774 5469 gloriosum,
2815 5408 2871 5454 et
2898 5399 3180 5472 religionis
3209 5411 3330 5456 erat

1745 5490 1939 5547 ordine
1994 5490 2339 5564 insignitum.
2390 5490 2561 5548 Erant
2588 5492 2735 5549 enim
2763 5492 2821 5559 in
2848 5508 2917 5548 eo
2958 5491 3092 5549 boni
3134 5493 3240 5549 viri
3273 5503 3332 5548 et

1744 5583 2006 5655 religiosi,
2035 5584 2162 5640 licet
2185 5585 2463 5656 perpauci,
2497 5584 2601 5640 sub
2622 5584 2911 5658 disciplina
2946 5585 3161 5643 abbatis
3199 5581 3335 5665 Fius

1327 5666 1561 5722 VARI/IS
1598 5669 1999 5728 LECTIONES.

132 5753 190 5784 5"
221 5757 550 5816 liczelcnem
579 5765 1022 5833 suprascriptum.
1102 5763 1172 5799 ’⁸ο
1219 5762 1400 5833 pt'iPiO
1427 5778 1472 5816 C-

363 5855 645 5917 l’arnct.
686 5852 892 5917 CLIV.

2971 5861 3015 5923 ’1
