3834 6304
547 349 655 408 205

1575 338 1874 397 HUGONIS
1913 334 2203 394 ABBATIS
2240 330 2805 389 FLAVINIACENSIS
3645 328 3719 385 illi

550 466 721 538 genii,
748 477 780 519 a
808 461 1120 519 Scottorum
1155 458 1402 530 partibus
1436 454 1672 521 oriundi,
1697 455 1791 525 qui
1830 450 1923 510 illo
1963 468 2128 508 causa
2158 459 2204 509 A
2232 460 2448 521 tyrones
2479 447 2802 511 Virdunum,
2833 453 2887 498 et
2921 440 3189 512 provoluti
3214 440 3433 511 genibus
3463 439 3610 521 patris
3633 458 3721 498 mo—

551 555 839 627 rcligionis
884 557 1268 609 convenerant.
1327 545 1460 617 (Cfr.
1510 545 1655 601 Gest.
1721 545 1868 599 Vird.
1894 544 1974 616 9.)
2001 541 2130 598 'Huc

550 659 687 702 sane
713 657 840 698 cum
868 655 930 698 se
963 636 1207 695 conferre
1244 633 1691 712 destinavissent,
1720 633 1787 688 ad
1819 633 1925 687 hoc
1947 641 2128 687 tamen

554 732 888 807 exploraturi
917 732 1303 790 convenerunt,
1338 733 1399 778 ut
1426 723 1671 794 Opinioni
1711 722 1895 779 minus
1926 719 2130 776 creduli

560 826 737 882 oculis
783 821 1144 882 attenderem,
1191 817 1238 870 si
1265 832 1331 872 eo
1362 830 1422 872 se
1462 815 1716 871 ccenobio
1762 813 2125 870 recluderent.

558 912 698 984 (Fol.
735 912 844 981 75.)
873 908 1002 967 Erat
1026 907 1080 960 in
1110 906 1298 961 eadem
1323 904 1457 959 urbe
1483 912 1538 959 et
1567 904 1713 960 aliud
1742 903 2129 959 monasterium

564 1021 596 1059 a
626 999 890 1073 Wigfrido
910 998 1171 1069 episcopo
1197 1004 1572 1052 constructum
1593 1037 1608 1062 ,
1656 995 1711 1049 in
1737 1010 1848 1066 quo
1870 994 1951 1050 eis
1978 993 2130 1048 vide-

558 1094 716 1149 batur
734 1089 927 1145 melius
940 1102 1036 1143 eos
1058 1085 1269 1157 ingredi
1286 1086 1481 1142 debere
1504 1100 1602 1156 pro
1618 1085 1721 1141 loci
1734 1083 2129 1155 oportunitate;

557 1182 687 1252 quia
712 1180 844 1235 illud
864 1178 1018 1249 prius
1049 1178 1361 1233 coenobium
1387 1176 1492 1232 loci
1519 1177 1772 1249 angustia
1801 1184 1853 1230 et
1877 1175 2016 1231 situs
2039 1189 2130 1228 as-

550 1270 761 1340 peritas
797 1269 987 1324 .minus
1013 1266 1449 1332 commendabat,
1490 1266 1615 1321 licet
1653 1266 1799 1338 rigor
1839 1264 2046 1320 ordinis
2077 1263 2133 1317 in

551 1362 650 1417 illo
685 1361 885 1417 melius
924 1346 1255 1416 servaretur.
1288 1357 1643 1413 Estimationi
1695 1371 1826 1411 vero
1874 1371 1988 1411 suae
2030 1354 2135 1409 mi-

552 1471 663 1512 nus
692 1454 854 1511 fidem
889 1454 1105 1521 dantes,
1130 1452 1500 1509 Cluniacense
1522 1452 1835 1509 cmnobium
1865 1449 1984 1521 pari
2005 1458 2134 1505 voto

555 1556 808 1617 expetere
829 1536 1204 1611 decreverunt,
1239 1545 1385 1615 quod
1414 1552 1469 1600 et
1493 1545 1753 1615 religione
1777 1543 2132 1615 praecipuum,

555 1646 614 1694 et
638 1637 844 1693 divitiis
874 1635 1351 1708 opulentissimum
1372 1650 1493 1693 esse
1513 1635 1817 1702 videbatur,
1844 1642 1905 1689 ut
1927 1649 1959 1688 a
1980 1632 2137 1687 dom—

561 1745 635 1786 no
659 1728 891 1785 Odilone
922 1729 1116 1786 abbate
1146 1727 1439 1784 consilium
1470 1734 1800 1798 quarereut,
1830 1734 1885 1780 et
1915 1732 2135 1795 optento

2229 542 2454 598 nasterii
2497 541 2700 597 aditum
2730 537 3103 608 precabantur.
3144 534 3288 600 Quos
3324 547 3445 587 cum
3469 533 3623 587 senior
3640 550 3724 589 cer-

2230 641 2407 698 neret,
2429 641 2484 688 et
2508 631 2656 686 viros
2686 627 2905 683 virtutis
2928 625 2996 682 ad
3018 623 3293 680 toleranda
3326 623 3609 693 obprobria,
3629 639 3723 679 con-

2230 722 2562 777 culcationes
2585 728 2639 776 et
2665 718 2892 774 verbera
2934 716 3115 773 minus
3166 715 3387 770 idoneos
3431 723 3481 769 et
3525 714 3727 771 delicatos

2230 822 2467 886 putaret,
2490 819 2972 883 paupertatemque
2997 808 3102 865 loci
3123 822 3249 864 cum
3278 806 3491 862 illorum
3508 806 3728 862 metiretur

2229 903 2454 968 divitiis,
2471 918 2597 974 egre
2617 902 2911 958 adsensum
2937 899 3215 971 prcbebat,
3228 898 3357 968 quia
3381 906 3571 953 mentes
3587 911 3727 953 eorum

2232 995 2289 1049 in
2313 993 2497 1048 divino
2518 1007 2703 1047 amore
2724 992 3009 1047 roboratas
3047 1004 3160 1045 non
3201 997 3441 1056 noverat,
3462 1002 3586 1060 quas
3603 988 3639 1044 si
3661 1002 3728 1043 no—

2232 1085 2419 1151 visset,
2444 1098 2544 1140 nec
2570 1099 2650 1140 mt
2663 1091 2849 1138 mento
2892 1080 3176 1137 introitum
3220 1080 3434 1136 illorum
3476 1078 3728 1135 distulisset

2232 1176 2409 1233 Cessit
2464 1177 2721 1242 tamdem,
2755 1183 2811 1231 et
2862 1174 3171 1246 petentibus
3229 1188 3507 1230 assensum
3546 1173 3731 1242 prebet:

2233 1267 2543 1339 ingressum
2570 1267 2781 1334 annuit,
2808 1265 2935 1337 quia
2954 1265 3208 1321 voluntas
3232 1263 3327 1320 Dei
3351 1262 3453 1317 fuit
3488 1271 3541 1318 ut
3564 1263 3651 1318 cito
3675 1265 3733 1319 eis

2236 1368 2550 1416 occurreret
2578 1360 2725 1431 quod
2757 1359 3031 1417 volebant.
3061 1357 3267 1415 Sociati
3298 1357 3480 1428 itaque
3503 1371 3732 1427 congrega-

2236 1451 2372 1506 tioni
2401 1451 2742 1518 monasterii,
2767 1450 2896 1507 lacti
2921 1459 3049 1507 sunt
3061 1448 3318 1505 omnibus
3339 1446 3507 1503 forma
3528 1446 3734 1519 patientia

2235 1551 2291 1598 et
2313 1541 2667 1610 humilitatis,
2696 1550 2758 1598 ut
2805 1541 3012 1613 liquido
3057 1544 3477 1612 cognosceretur
3515 1554 3545 1593 a
3584 1538 3734 1593 cunctis

2236 1642 2539 1707 praeventos
2566 1648 2663 1690 eos
2691 1648 2811 1690 esse
2831 1632 3008 1705 gratia
3029 1631 3333 1689 conditoris
3360 1629 3472 1686 Dei.
3510 1628 3736 1685 Protectio-

2237 1726 2324 1782 nis
2347 1725 2496 1781 enim
2520 1725 2720 1781 divinae
2757 1724 2932 1797 gratia
2963 1722 3303 1796 perlustrati,
3327 1721 3515 1793 majori
3546 1721 3654 1777 satis
3674 1735 3734 1774 ar-

558 1821 993 1892 adquiescerent,
1031 1828 1127 1876 aut
1147 1827 1314 1887 certe,
1338 1820 1385 1875 si
1416 1828 1607 1875 sancto
1620 1812 1740 1874 viro
1763 1818 1955 1874 sanius
1985 1816 2135 1872 vide-
2165 1818 2209 1886 Β
2236 1816 2369 1873 dore
2429 1816 2655 1888 diligere
2705 1816 2977 1872 caelestem
3031 1814 3268 1886 patriam
3307 1822 3590 1885 cmperunt,
3620 1825 3736 1882 quam

560 1917 732 1977 retur,
757 1908 954 1965 ibidem
977 1908 1082 1965 sub
1110 1922 1178 1965 eo
1206 1916 1568 1965 remanerent.
1608 1906 1794 1962 lerunt
1828 1919 1978 1977 ergo.
2028 1902 2137 1960 Sed

561 2007 785 2056 sanctus
821 2000 904 2054 vir
932 1998 1229 2070 prophetiae
1277 1996 1473 2068 spiritu
1518 1997 1734 2067 plenus,
1784 1994 2138 2065 caritatisque

561 2086 760 2141 virtute
787 2083 1040 2152 refertus,
1064 2084 1213 2139 viros
1242 2083 1488 2155 egregios
1524 2090 1580 2139 et
1611 2082 1669 2137 in
1712 2080 1918 2137 Christi
1953 2094 2139 2137 amore

562 2176 831 2233 ferventes
885 2184 1162 2249 gratanter
1209 2183 1493 2245 susceptos
1525 2174 1593 2230 ad
1637 2173 1815 2229 solum
1855 2171 2137 2244 proprium

564 2266 795 2335 remisit,
823 2265 1107 2322 inculcans
1130 2264 1210 2320 eis
1242 2273 1296 2319 et
1315 2264 1638 2335 praecipiens
1666 2272 1728 2319 ut
1769 2262 1828 2318 in
1861 2269 2139 2317 monaste-

567 2358 651 2413 rio
685 2357 832 2429 quod
863 2356 1102 2427 primum
1150 2355 1482 2428 delegerant,
1508 2361 1563 2410 et
1583 2353 1675 2410 ubi
1703 2368 1761 2409 se
1789 2353 2139 2419 devoverant,

563 2456 689 2502 vota
735 2462 838 2503 sua
880 2444 994 2502 Deo
1035 2444 1345 2514 redderent,
1390 2444 1628 2502 maxime
1672 2459 1797 2500 cum
1838 2443 1914 2499 ibi
1938 2443 2143 2516 vigeret

563 2536 746 2595 fervor
770 2537 1011 2605 ordinis;
1045 2536 1309 2608 adjiciens
1332 2551 1496 2607 posse
1520 2550 1618 2607 per
1655 2550 1752 2592 eos
1787 2534 1904 2591 ﬁeri
1934 2535 1990 2591 in
2014 2549 2139 2605 pro-

566 2645 729 2686 cessu
759 2628 1042 2700 temperis,
1075 2637 1136 2683 ut
1177 2627 1488 2684 habitacula
1526 2642 1811 2683 servorum
1858 2625 1954 2683 Dei
1995 2641 2140 2682 nunc

566 2719 779 2776 modica
807 2720 1154 2790 postmodum
1185 2726 1522 2787 crescerent,
1566 2727 1620 2773 et
1656 2717 1808 2775 ﬁeret
1832 2733 2026 2774 eorum
2057 2718 2140 2773 in-

565 2809 779 2867 dustria
802 2809 957 2865 locus
979 2809 1096 2881 ipse
1123 2808 1380 2881 insignis,
1415 2809 1511 2880 qui
1543 2824 1689 2865 nunc
1726 2796 2016 2865 videbatur
2043 2824 2142 2864 an-

567 2908 760 2971 gustus
794 2907 847 2953 et
884 2898 1250 2968 despicabilis.

640 2988 694 3042 5.
732 2985 933 3041 Intueri
961 2988 1119 3058 plane
1145 2987 1276 3043 libet
1308 2988 1583 3043 ﬂammam
1604 2987 1850 3045 caritatis
1875 2988 1929 3042 in
1978 2985 2144 3043 corde'

567 3078 715 3136 beati
735 3075 1001 3145 0dilonis,
1024 3094 1147 3150 quae
1172 3094 1269 3150 per
1295 3079 1512 3135 beatum
1550 3078 1653 3135 Job
1692 3080 1773 3136 lex
1814 3078 1911 3134 Dei
1959 3078 2144 3135 multi-

2238 1909 2393 1980 prius
2422 1908 2479 1963 in
2516 1918 2730 1964 terrena
2770 1907 3061 1964 dilectione
3091 1904 3415 1978 ﬂagrabant.
3463 1902 3590 1959 Deus
3626 1917 3736 1957 nau-

2238 2015 2346 2070 que
2371 1999 2462 2065 '3’,
2501 1997 2660 2068 cujus
2687 2011 2815 2052 vera
2868 1994 3145 2052 hereditas
3184 1994 3284 2049 lux
3324 2002 3429 2059 est,
3474 2001 3524 2048 et
3562 1988 3738 2046 defectus

2238 2089 2465 2146 luminis
2486 2088 2732 2160 ejusdem
2759 2087 2942 2143 nullus
2962 2097 3067 2154 est,
3090 2086 3167 2142 ita
3194 2099 3294 2142 eos
3318 2100 3419 2141 sua
3442 2080 3735 2141 dilectionein-

2238 2178 2583 2247 lustraverat,
2606 2178 2679 2234 ita
2719 2192 2817 2233 eos
2842 2176 3054 2233 visione
3092 2190 3191 2233 sua
3226 2173 3476 2230 reﬁciens
3498 2171 3736 2242 repleverat,

2240 2282 2300 2329 ut
2333 2288 2488 2336 novae
2509 2271 2622 2342 spei
2660 2269 2855 2342 spiritu
2892 2276 3105 2324 mentes
3143 2282 3342 2323 eorum
3381 2264 3573 2330 alliam,
3596 2269 3735 2320 semet-

2241 2363 2387 2436 ipsas
2408 2363 2599 2435 quales
2621 2362 2677 2417 in
2698 2369 2913 2417 vetusta
2929 2359 3262 2432 cogitatione
3288 2356 3502 2413 fuerant
3525 2353 3738 2410 oblivisce-

2242 2464 2451 2522 rentur,
2478 2464 2538 2512 ut
2572 2453 2741 2510 nichil
2769 2453 2883 2524 jam
2909 2452 2990 2509 eis
3012 2451 3121 2507 nisi
3146 2465 3270 2521 qua
3293 2458 3492 2506 aeterna
3531 2454 3636 2503 sunt
3664 2444 3738 2515 ph-

2241 2553 2444 2614 cerent,
2458 2555 2534 2614 et,
2555 2543 2826 2616 despectis
2844 2541 3195 2609 transitoriis,
3221 2540 3343 2596 sola
3369 2554 3487 2610 quae
3503 2539 3740 2608 permaneat

2241 2635 2599 2708 requirerent.
2615 2632 2752 2707 (Fol.
2780 2632 2911 2704 75’.)
2939 2629 3078 2700 Quia
3099 2644 3231 2686 vero
3252 2627 3568 2686 venerabilis
3581 2622 3740 2680 Richar-

2243 2730 2346 2786 dus
2358 2729 2564 2799 absque
2574 2726 2845 2799 permissu
2867 2733 2921 2781 et
2941 2723 3161 2781 licentia
3177 2719 3560 2794 archiepiscopi
3574 2716 3740 2772 Remen-

2243 2820 2319 2877 sis
2349 2819 2715 2877 monasticum
2744 2817 2992 2873 habitum
3033 2821 3373 2886 susceperat,
3403 2807 3742 2883 conquerebatlr

2242 2911 2533 2983 episcopus
2560 2908 2886 2967 canonicum
2909 2922 3023 2965 suae
3049 2903 3315 2963 aacclesiae
3344 2904 3415 2960 ab
3439 2917 3502 2958 ea
3521 2897 3743 2956 inordinate

2245 3004 2558 3061 recessisse.
2614 3000 2981 3069 Quamobrem
3030 3015 3157 3057 eum
3211 2996 3513 3055 conabatur
3556 2997 3742 3063 repetet?-

2246 3092 2400 3163 Quod
2423 3092 2516 3147 ubi
2543 3091 2610 3148 ad
2631 3106 2791 3148 aures
2811 3089 3061 3162 Fiugenii
3086 3086 3305 3145 abbatis
3326 3083 3571 3158 pervenit,
3590 3084 3744 3163 evocat

564 3154 694 3241 plex
721 3168 921 3227 dicitur
969 3168 1089 3241 (Job
1110 3188 1187 3237 xl,
1219 3170 1308 3243 6),
1333 3171 1461 3242 quia
1510 3171 1669 3242 cujus
1710 3178 1948 3228 mentem
1993 3172 2150 3243 plene
2175 3173 2218 3234 C
2249 3154 2336 3252 ξο,
2359 3199 2472 3239 rem
2496 3181 2688 3239 ordine
2709 3154 3056 3253 panditillle,
3073 3186 3228 3251 patre
3252 3154 3744 3253 consolato,litarenti

571 3262 795 3334 ceperit,
822 3262 965 3319 hanc
999 3263 1066 3319 ad
1093 3262 1379 3319 innumera
1408 3278 1572 3334 opera
1602 3262 2009 3321 multiformiter
2053 3280 2148 3321 ac-

570 3353 771 3409 cendit.
795 3351 909 3410 Hac
944 3355 1088 3411 enim
1111 3362 1292 3412 actum
1318 3363 1402 3412 est
1422 3364 1482 3411 ut
1498 3356 1582 3411 vir
1600 3355 1793 3412 beatus
1817 3371 1879 3412 ea
1904 3371 2026 3427 qua:
2045 3356 2150 3413 sibi

570 3446 641 3501 ab
666 3446 839 3502 altero
862 3445 978 3502 ﬁeri
1011 3436 1554 3518 expectaret,eadem
1580 3449 1845 3522 cogitaret
1873 3449 2028 3505 alteri
2065 3448 2150 3504 fa-

571 3538 782 3594 cienda.
816 3536 929 3594 Hac
970 3539 1136 3595 etiam
1191 3549 1372 3595 actum
1412 3549 1493 3597 est
1547 3550 1607 3596 ut
1652 3541 1962 3612 proximum
2000 3549 2062 3597 ut
2094 3556 2152 3596 se

572 3629 754 3701 ipsum
815 3629 1080 3702 diligeret,
1145 3640 1205 3686 ut
1257 3632 1398 3688 bona
1453 3649 1575 3704 quae
1630 3634 1834 3689 valeret
1888 3633 2152 3705 proximis

575 3719 938 3792 impenderet,
987 3732 1042 3778 et
1094 3722 1350 3793 inplendo
1396 3739 1503 3778 non
1563 3733 1817 3781 tumeret.
1864 3723 1979 3780 Hac
2037 3725 2153 3780 nic-

576 3812 874 3869 hilominus
908 3814 969 3868 lit
1011 3823 1071 3868 ut
1104 3829 1214 3885 quo
1272 3829 1329 3869 se
1375 3815 1460 3869 vir
1522 3824 1744 3873 sanctus
1791 3817 1849 3874 in
1896 3818 2015 3874 solo
2057 3817 2153 3873 Dei

578 3914 633 3961 et
675 3905 907 3975 proximi
945 3920 1132 3961 amore
1165 3905 1437 3973 dilataret,
1465 3920 1531 3961 eo
1561 3907 1824 3978 quidquid
1863 3923 1895 3963 a
1930 3908 2154 3965 rectitu-

580 3996 705 4052 dinc
729 3997 997 4067 discrepat
1031 3996 1324 4068 ignoraret.
1353 3996 1466 4053 Hac
1491 4013 1709 4069 quoque
1734 4007 1918 4055 actum
1963 4008 2045 4056 est
2072 4009 2151 4064 ut,

584 4075 796 4145 ceteros
826 4096 1105 4170 tamquam
1136 4103 1196 4143 se
1231 4088 1480 4159 diligens,
1503 4103 1601 4159 per
1630 4090 1736 4145 hoc
1756 4089 1902 4161 quod
1943 4099 2151 4146 rectum

581 4180 638 4236 in
665 4178 789 4234 aliis
815 4178 1116 4248 conspexit,
1145 4178 1301 4249 quasi
1325 4179 1392 4234 de
1413 4188 1703 4251 augmento
1725 4181 1931 4252 proprii
1962 4196 2154 4252 prove—

580 4278 721 4337 ctus,
752 4269 1119 4325 hilaresceret.
1176 4269 1310 4337 Quis
1366 4286 1601 4343 namque
1648 4273 1996 4344 praelatorum
2051 4274 2156 4331 hoc

580 4378 726 4416 nunc
746 4360 968 4428 faceret,
984 4362 1129 4431 quod
1155 4362 1333 4417 virum
1360 4363 1765 4419 sanctissimum
1790 4374 1919 4422 tunc
1941 4374 2158 4421 constat

581 4450 809 4508 fecisse?
827 4451 967 4519 Quis
998 4461 1075 4507 tot
1100 4461 1156 4508 et
1184 4454 1319 4509 tales
1342 4455 1490 4510 viros
1517 4454 1661 4511 fama
1689 4457 1890 4527 ubique
1912 4442 2153 4512 celebra-

2253 3275 2669 3345 archiepiscopo
2692 3252 2957 3330 cartulam
3003 3269 3155 3326 misit
3197 3268 3306 3326 hec
3339 3265 3688 3324 continentem:
3707 3252 3743 3309 Si

2251 3368 2444 3439 spiritu
2472 3365 2751 3433 ducimini,
2773 3380 2875 3419 non
2904 3362 3031 3419 estis
3051 3361 3146 3418 sub
3171 3359 3304 3433 lege.
3338 3359 3507 3429 Quam
3528 3355 3603 3412 ille
3629 3345 3746 3439 δηθά·

2250 3438 2426 3530 piens,
2453 3466 2507 3514 et
2524 3457 2635 3512 vim
2661 3455 2811 3512 verbi
2838 3453 3151 3527 diligentius
3174 3438 3742 3516 intendens,meritoait:

2252 3551 2397 3606 Abiit
2421 3551 2511 3622 qui
2536 3550 2728 3620 spiritu
2758 3547 2855 3602 Dei
2878 3546 3070 3601 ductus
3092 3552 3190 3612 est,
3213 3552 3263 3598 et
3303 3542 3421 3597 ideo
3451 3558 3481 3595 a
3516 3536 3637 3593 nobis
3656 3544 3743 3600 rere

2254 3644 2437 3697 tendus
2470 3658 2573 3696 non
2599 3648 2694 3696 est.
2727 3638 2819 3695 Sic
2860 3636 3141 3693 confutata
3174 3633 3531 3705 repetentium
3561 3642 3659 3684 eum
3690 3635 3747 3676 τι·
3794 3622 3795 3627 “

2211 3789 2218 3796 ,
2252 3734 2494 3805 lumpnia
2518 3741 2621 3800 est,
2644 3733 2813 3787 immo
2832 3728 3004 3801 magis
3019 3728 3086 3784 ad
3111 3727 3438 3782 imitandum
3457 3737 3570 3780 eum
3589 3724 3747 3775 at:ch

2254 3827 2549 3882 multorum
2579 3824 2794 3881 devotio
2818 3831 2920 3879 est.
2962 3820 3198 3893 [legebat
3237 3828 3376 3875 tunc
3407 3811 3665 3873 ecclesiam
3686 3806 3747 3859 AP

2255 3917 2442 3974 nulfus
2473 3916 2717 3972 Lotharii
2748 3915 2911 3986 regis,
2936 3912 3031 3984 qui
3059 3911 3289 3983 quintus
3340 3927 3372 3967 a
3430 3906 3607 3965 Karolo
3638 3899 3749 3986 Cal"!

2254 4008 2377 4075 fuit,
2401 4007 2570 4073 ﬁlius,
2604 4005 2701 4076 qui
2735 3981 2988 4059 Traditur
3033 3981 3453 4073 cognominatus
3505 4003 3597 4062 est,
3636 3990 3687 4046 ob
3716 3981 3749 4038 id

2255 4098 2385 4171 quia
2407 4097 2678 4155 civitatem
2703 4102 2900 4165 patruo
2924 4108 3025 4149 suo
3048 4091 3248 4146 Karolo
3277 4089 3522 4155 reddidit,
3534 4098 3638 4142 cum
3655 4078 3750 4134 dole-

2255 4198 2340 4247 ret
2377 4203 2608 4261 regnum
2658 4186 2849 4242 alienaa
2882 4183 3038 4254 stirpi
3059 4183 3247 4239 datum
3272 4192 3330 4239 et
3357 4197 3467 4239 suae
3489 4180 3749 4261 prterea“!!-

2326 4281 2379 4334 6.
2418 4255 2751 4334 Droccdente
2804 4275 2972 4347 igitur
3025 4282 3291 4344 tempore,
3338 4272 3532 4328 domno
3568 4255 3751 4332 Fingin

2262 4371 2458 4426 abbate
2478 4368 2546 4424 ad
2574 4382 2810 4438 superna
2838 4373 3028 4421 evecto
3074 4364 3107 4418 8
3152 4362 3281 4419 ldus
3333 4358 3571 4418 Octobris
3611 4347 3750 4438 (10W.

2258 4469 2313 4516 et
2329 4437 2733 4525 inmonastcrio
2757 4457 2927 4512 sancti
2958 4455 3154 4511 Felicis
3176 4453 3465 4517 tumulata,
3487 4462 3596 4506 cum
3619 4437 3748 4498 decle-

582 4552 688 4609 tos,
721 4541 769 4596 si
801 4536 868 4597 ad
890 4558 950 4598 se
977 4543 1253 4599 declinare
1286 4545 1644 4617 contingeret,
1678 4548 1745 4603 ad
1777 4526 1881 4602 alia
1911 4549 2029 4605 loca
2062 4549 2154 4604 de-
2185 4529 2232 4584 ι)
2256 4551 2438 4607 ctione
2468 4548 2833 4607 substituendi
2879 4547 3093 4603 abbatis
3142 4554 3395 4617 ageretur
3447 4543 3500 4596 in
3544 4526 3750 4622 praesen“?

583 4633 819 4704 migrare
836 4643 1103 4701 moneret,
1129 4642 1183 4689 et
1205 4650 1315 4691 non
1340 4650 1435 4691 eos
1453 4637 1637 4706 potius
1658 4638 1762 4694 sibi
1792 4637 1996 4705 favore,
2034 4656 2157 4711 gra-

584 4721 678 4788 tia,
705 4722 788 4776 vel
814 4724 1087 4793 precibus,
1114 4739 1210 4779 seu
1237 4725 1476 4795 qualibet
1514 4736 1630 4781 arte
1664 4727 1897 4783 retinere
1928 4738 2157 4799 tempta-

586 4812 701 4867 ret?
734 4810 891 4879 Quod
912 4814 1015 4869 etsi
1041 4830 1149 4870 non
1174 4823 1377 4886 posset,
1399 4823 1578 4870 tamen
1599 4831 1695 4872 eos
1726 4818 1928 4874 invitus
1970 4827 2024 4874 et
2050 4834 2158 4873 non

588 4911 781 4971 sponte
805 4919 837 4958 a
870 4920 928 4959 se
948 4904 1260 4972 dimitteret,
1288 4906 1478 4961 dolens
1500 4908 1657 4977 quasi
1688 4924 1825 4978 quos
1861 4923 2158 4980 numquam

589 4992 1183 5051 habueratdimitteret.
1221 4996 1467 5064 Quantos
1504 5014 1651 5053 nunc
1694 5000 1751 5052 in
1795 4999 2025 5055 ecclesia
2063 4999 2159 5054 Dei

589 5080 838 5150 praelatos
865 5086 1158 5155 aspicimus
1180 5088 1294 5158 qui,
1324 5098 1640 5159 provectum
1670 5090 1893 5147 alterius
1915 5090 2159 5147 videntes

590 5186 751 5227 suum
775 5186 884 5227 non
905 5189 1046 5241 esse,
1072 5176 1392 5234 fastidiunt?
1430 5177 1639 5245 Quibus
1666 5182 1919 5236 omnibus
1940 5182 2160 5236 beatum

590 5260 871 5318 OJilonem
893 5264 1283 5333 praeferendum
1306 5270 1501 5325 merito
1544 5286 1847 5338 censemus,
1897 5273 1964 5327 ad
2003 5273 2161 5342 cujus

591 5353 815 5425 gloriam
851 5363 1077 5425 spectat,
1101 5358 1147 5412 si
1167 5360 1296 5428 quid
1317 5376 1413 5430 per
1434 5376 1528 5418 eos
1550 5378 1689 5433 quos
1711 5363 1866 5419 nobis
1892 5365 2157 5432 attribuit,

592 5444 834 5501 ecclesia
857 5446 946 5502 cui
971 5446 1218 5503 attributi
1246 5460 1373 5505 sunt
1394 5452 1483 5518 '3‘,
1509 5453 1564 5507 iu
1597 5453 1788 5509 ordine
1816 5462 1869 5508 et
1900 5455 2160 5526 religione

589 5535 897 5595 fructificat.
921 5538 1216 5609 Rediewnt
1236 5558 1366 5614 ergo
1389 5545 1512 5599 novi
1534 5546 1847 5602 monasticm
1880 5548 2159 5620 religionis

658 5722 727 5756 '“
767 5741 811 5781 s.
838 5744 882 5780 ι’.
960 5729 1028 5762 ’⁸⁸
1067 5745 1335 5799 enatnque
1370 5746 1416 5783 c.

2256 4638 2536 4695 Heimonis
2563 4636 2822 4709 episcopi,
2852 4645 2927 4704 et,
2956 4644 3019 4691 ut
3050 4636 3107 4689 in
3144 4635 3347 4689 talibus
3397 4629 3597 4691 assolet,
3617 4623 3750 4677 divtfil

2256 4731 2469 4786 diversa
2494 4730 2782 4794 sentirent,
2838 4737 2892 4783 et
2948 4727 3101 4782 varia
3145 4723 3503 4797 quorumdam
3545 4716 3753 4774 habemur

2254 4821 2478 4895 electio;
2504 4822 2570 4875 ad
2601 4819 3077 4891 interrogationem
3104 4816 3608 4888 pontiﬁcis,repente
3622 4811 3753 4876 puem-

2258 4929 2382 4969 rum
2409 4928 2540 4968 voce
2563 4913 2769 4968 electus
2807 4910 3045 4967 domnus
3082 4910 3391 4967 Richardus
3430 4914 3639 4962 consona
3674 4904 3753 4947 οω-

2268 5005 2420 5062 nium
2456 5021 2590 5061 voce
2622 5006 2897 5072 laudatur,
2922 5005 3180 5075 episcopo
3207 5005 3262 5059 in
3306 5002 3491 5058 laudes
3516 4996 3600 5051 Dei
3631 4997 3754 5044 εηιω·

2267 5106 2427 5169 pente
2448 5105 2504 5152 et
2523 5098 2735 5154 dicente
2762 5116 2774 5151 :
2803 5095 2887 5150 Ea:
2907 5112 2995 5151 ore
3014 5096 3300 5165 infantium
3326 5102 3375 5148 et
3402 5087 3744 5169 laetantium"
3794 5116 3795 5119 η

2268 5166 2442 5257 fecisti
2468 5186 2701 5253 laudem,
2724 5185 2948 5240 Domine
2971 5185 3111 5239 Deus
3140 5182 3310 5255 (Psal.
3334 5198 3448 5245 vut,
3471 5179 3542 5245 5).
3562 5173 3616 5227 Et
3631 5166 3756 5232 uli‘luc

2262 5280 2413 5349 justa
2446 5277 2717 5348 pontiﬁcis
2763 5276 3088 5343 enuntiatio,
3134 5275 3263 5346 quia
3312 5288 3407 5327 ore
3450 5264 3692 5324 infantium
3710 5260 3754 5349 tl

2268 5347 2584 5425 lacteutium
2612 5367 2752 5424 facta
2780 5368 2994 5436 electio,
3009 5369 3131 5423 laus
3158 5365 3253 5421 Dei
3273 5375 3390 5421 erat
3422 5372 3475 5419 et
3497 5347 3754 5432 gloriﬁcatio.

2216 5506 2222 5517 .
2266 5475 2374 5530 qua
2399 5469 2516 5514 erat
2547 5458 2851 5515 laudandus
2892 5466 2947 5513 et
2989 5456 3370 5529 glorificandus
3425 5454 3476 5507 in
3523 5443 3642 5504 ﬁdeli
3674 5447 3754 5530 suo:

2268 5526 2372 5620 (et.
2412 5547 2531 5601 Vita
2560 5547 2812 5601 Hic/tardi
2835 5547 2914 5606 6.)
2943 5526 3273 5602 Confirmata
3314 5558 3443 5601 sane
3474 5534 3704 5596 electione,
3723 5526 3756 5573 α

1884 5639 2114 5696 ἾΑῐὶΙᾹῗ
2159 5640 2559 5697 LECTIONES.
