3834 6304
80 379 160 438 205
1296 385 1774 448 CHRONICON.—«
1804 394 1930 450 LIB.
1973 395 2036 450 Π.

3154 407 3259 463 206

80 497 240 564 scripto
260 490 512 562 roborata,
531 492 812 553 deducitur
840 499 908 554 ab
933 499 1185 569 episcopo
1218 517 1388 559 novus
1413 504 1580 562 Jacob
1609 514 1652 570 Α
1682 520 1926 580 argento,
1953 512 2004 565 in
2032 512 2204 580 palliis
2227 522 2280 566 ct
2313 525 2538 570 sacratis
2583 518 2855 576 conferret
2907 525 3168 590 vestibus,
3205 539 3260 585 et

79 589 119 640 in
136 586 286 641 eordls
308 585 565 653 laetitia,et
583 588 953 644 benedictione
975 590 1096 645 data
1125 607 1276 647 more
1297 594 1579 664 solempni,

79 678 282 748 pra-latus
310 687 388 733 est
429 680 684 734 custodiae
732 682 909 753 gregis
957 681 1194 737 Domini.
1243 681 1443 739 Aderat
1469 686 1583 755 jam

77 780 244 838 tempus
266 777 319 822 ut
349 768 656 839 impleretur
677 773 958 842 prophetia
985 775 1130 830 beati
1170 775 1274 830 viri
1317 775 1582 844 Odilonis,

76 859 187 929 quod
211 875 295 928 per
312 873 429 913 eum
463 867 514 914 et
543 862 802 917 domuum
845 863 1191 920 Fredericum
1241 867 1394 924 locus
1426 877 1582 924 antea

76 950 362 1018 permodicus
387 950 753 1022 insigniretur,
782 963 841 1010 ut
865 963 920 1009 et
949 955 1064 1025 ipse
1084 958 1288 1033 beatus
1325 957 1483 1014 Odilo
1517 961 1584 1015 de

74 1040 266 1109 profectu
318 1043 526 1097 illorum
579 1053 858 1121 tamquam
921 1047 988 1101 de
1041 1061 1142 1102 suo
1197 1051 1578 1120 gratularetur.

75 1131 282 1203 Suscepta
315 1133 491 1204 itaque
515 1135 844 1204 prtelationis
883 1137 1118 1203 sarcina,
1147 1140 1355 1194 studuit
1394 1141 1582 1196 elatio-

73 1239 162 1277 nem
188 1233 234 1278 et
267 1225 572 1293 jactantiam
619 1241 828 1281 cavere.
871 1227 1090 1284 Sciebat
1147 1230 1291 1285 enim
1333 1240 1583 1301 oportere

72 1315 145 1368 sibi
168 1316 395 1384 prodesse
432 1316 689 1373 fratribus
744 1320 917 1390 magis
962 1329 1126 1390 quam
1171 1337 1424 1392 praeesse.
1479 1321 1581 1380 Cui

70 1415 228 1459 tantam
256 1405 387 1462 Deus
434 1410 661 1464 contulit
695 1410 922 1480 gratiam
952 1421 1012 1466 ut
1041 1428 1071 1466 a
1095 1413 1314 1484 regibus
1345 1421 1397 1468 et
1428 1413 1581 1483 prin-

68 1494 248 1563 cipibus,
271 1511 300 1550 a
330 1496 584 1554 divitibus
605 1507 659 1553 et
681 1500 1048 1556 mediocribus
1085 1503 1226 1557 miro
1267 1503 1582 1574 diligeretur

67 1587 242 1655 atl‘ectu;
270 1590 387 1658 quia
424 1599 478 1646 et
496 1606 800 1663 congruum
826 1603 1048 1660 eratut,
1079 1609 1239 1664 quem
1278 1594 1419 1652 Deus
1459 1609 1582 1665 per-

67 1675 229 1731 fuderat
246 1679 426 1748 gratia,
448 1681 517 1735 ab
545 1681 800 1736 omnibus
830 1691 1124 1738 amaretur.
1143 1681 1436 1740 Ordinatus
1449 1699 1580 1740 vero

65 1776 123 1821 est
143 1784 221 1836 per
245 1784 454 1824 manum
505 1770 693 1827 domui
737 1769 1015 1828 Heimonis
1066 1771 1419 1828 Virdunensis
1459 1773 1576 1843 epi-

1686 607 1856 652 totum
1882 615 1941 654 se
1971 603 2106 655 adeo
2129 603 2183 655 in
2205 619 2391 658 amore
2413 605 2532 672 eius
2555 607 2977 681 transfunderet,
3003 625 3060 671 ut
3098 616 3260 673 mira-

1682 699 1832 744 retur
1851 692 1944 761 qui
1971 692 2192 748 videret.
2571 715 2607 750 ο

1757 844 1806 898 7.
1847 841 2095 914 Opteutis
2119 847 2283 918 igitur
2309 866 2408 920 pro
2454 854 2650 922 quibus
2679 857 2908 926 abierat,
2942 863 3079 918 abba
3129 866 3257 920 relin

1683 935 1869 1006 giosus
1888 938 1955 992 ad
1982 941 2372 996 monasterium
2405 959 2565 998 suum
2597 961 2849 1004 reversus
2879 962 2983 1018 est,
3006 955 3256 1026 cepitque

1682 1027 1819 1082 velle
1849 1026 1965 1082 fieri
2000 1037 2151 1083 tanto
2184 1032 2538 1101 propinquior
2579 1036 2708 1105 Deo,
2745 1053 2948 1108 quanto
2993 1061 3088 1113 per
3131 1064 3255 1118 gra-

1683 1118 1813 1173 tiam
1843 1123 1962 1189 ejus
1984 1121 2096 1191 regi
2122 1130 2175 1176 et
2197 1123 2551 1194 principibus,
2577 1131 2920 1196 pontificibus
2948 1145 3001 1190 et
3026 1138 3254 1205 quibus-

1679 1222 1786 1279 que
1805 1212 2230 1280 przepotentibus
2255 1224 2372 1268 erat
2395 1219 2683 1287 acceptior.
2707 1220 2882 1293 Cmpit
2899 1227 3044 1280 enim
3077 1239 3250 1286 totum

1679 1315 1740 1355 se
1781 1301 2068 1360 sollicitius
2097 1303 2294 1360 divinis
2323 1309 2632 1378 mancipare
2672 1314 2928 1383 cultibus,
2963 1319 3254 1380 dominicis

1678 1389 1766 1446 die
1812 1401 2086 1464 noctuque
2145 1394 2425 1468 invigilare
2479 1399 2750 1471 laudibus,
2795 1409 3121 1468 commissos
3149 1413 3254 1469 sibi

1677 1479 1946 1553 religiosis
1966 1498 2281 1542 assuescere
2302 1489 2575 1557 moribus;
2614 1492 2688 1547 ita
2718 1503 2779 1549 ut
2797 1511 2894 1566 per
2917 1507 3085 1555 totam
3107 1501 3252 1558 Neu—

1677 1571 1866 1628 striam
1892 1582 1947 1628 et
1974 1575 2337 1646 Austrasiam,
2369 1580 2654 1661 Franciam
2685 1596 2847 1658 atque
2884 1589 3250 1664 Burgundiam

1676 1662 2066 1722 diﬂ'underetur
2087 1684 2255 1726 sonus
2284 1675 2588 1732 sanctitatis
2628 1677 2764 1748 ejus,
2792 1662 3050 1753 fieretque
3076 1688 3254 1742 omni—

1677 1753 1780 1810 bus
1802 1756 1857 1811 in
1883 1762 2167 1830 propatulo
2191 1765 2550 1822 sanctimonia
2584 1768 2722 1840 ejus.
2772 1771 2960 1828 Fiebat
3003 1775 3071 1830 ad
3125 1792 3252 1832 eum

65 1860 317 1928 smpianno
339 1862 404 1916 ab
438 1862 549 1918 inc.
573 1862 730 1918 Dom.
761 1863 919 1931 100‘,
949 1879 1074 1920 cum
1107 1865 1222 1935 iam
1259 1873 1386 1936 post
1419 1863 1576 1920 οηο,
1607 1851 1651 1908 Β
1676 1849 1896 1936 grandis
1917 1851 2298 1925 undecumque
2331 1871 2660 1928 concursus;
2707 1863 2798 1918 alii
2826 1865 2944 1935 ejus
2971 1882 3029 1922 se
3054 1869 3253 1924 subde-

64 1964 154 2002 ucm
182 1949 240 2003 lll
260 1953 489 2008 secundo
514 1953 628 2024 jam
661 1970 808 2010 anno
838 1954 1236 2026 principaretur
1282 1955 1570 2013 Heinricus

63 2041 434 2110 consanguineus
462 2043 608 2113 ejus,
637 2045 732 2114 qui
762 2045 795 2100 9
819 2043 970 2116 regni
1003 2045 1087 2100 sui
1109 2060 1253 2100 anno
1279 2045 1572 2117 imperator

63 2140 226 2185 creatus
247 2141 337 2186 est.
363 2131 539 2204 Hujus
562 2149 691 2205 ergo
737 2136 997 2206 principis
1043 2136 1251 2191 curiam
1297 2153 1394 2208 pro
1443 2139 1568 2208 qui—

63 2218 234 2273 busdam
257 2223 484 2293 negociis
524 2224 759 2280 domnus
796 2233 852 2280 et
881 2235 1034 2295 pater
1079 2224 1381 2282 Richardus
1419 2229 1569 2284 adire

63 2311 309 2378 compulsus
345 2314 710 2370 venerabilem
763 2314 1112 2371 Fredericum
1161 2331 1346 2372 secum
1392 2318 1566 2388 duxit,

59 2397 126 2465 qui
141 2407 183 2451 et
198 2399 254 2454 de
277 2400 537 2472 imperiali
564 2404 826 2477 sanguine
850 2408 1165 2477 procreatus
1213 2415 1266 2464 et
1305 2409 1566 2481 principi-

62 2489 134 2544 bus
145 2494 266 2562 regni
287 2503 397 2550 erat
416 2498 770 2566 notissimus;
796 2511 856 2554 ut
878 2502 1021 2571 quod
1045 2517 1141 2572 per
1162 2517 1221 2558 se
1245 2518 1406 2574 posse
1425 2505 1564 2560 ditii-

59 2579 189 2646 debat,
217 2584 342 2641 illius
378 2589 654 2657 optineret
703 2591 897 2662 gratia,
935 2593 1021 2648 cui
1073 2593 1387 2664 aliquando,
1433 2596 1562 2652 dum

59 2675 222 2729 essetin
249 2680 436 2746 seculo,
467 2688 581 2735 tota
609 2683 830 2752 parebat
853 2685 1024 2739 curia.
1053 2683 1255 2741 Verum
1285 2687 1564 2758 dispositis

59 2763 238 2832 sedibus,
261 2775 312 2822 et
347 2770 716 2829 residentibus
760 2774 1108 2844 pontiﬁcibus
1153 2785 1210 2832 et
1254 2778 1560 2848 abbatibus,

60 2855 292 2913 astantibus
313 2860 470 2914 etiam
493 2863 649 2933 regni
673 2863 1018 2933 primatibus,
1049 2882 1176 2922 cum
1224 2867 1382 2940 longe
1429 2868 1564 2926 infe-

59 2941 139 2997 rius
157 2947 382 3005 resideret
407 2959 568 3021 pater
595 2953 944 3022 mitissimus,
966 2966 1022 3012 et
1049 2961 1418 3016 memorabilis
1440 2960 1560 3032 ejus

57 3038 318 3107 monachus,
359 3051 419 3098 ut
457 3044 606 3114 regis
645 3054 700 3100 et
740 3047 1048 3119 principum
1094 3051 1556 3122 consanguineus,

1675 1935 1808 1993 bant
1851 1941 2183 2013 magisterio,
2216 1949 2518 2018 postposito
2553 1954 2741 2008 mundi
2783 1954 3018 2015 fallentis
3051 1960 3254 2016 lenoci-

1677 2028 1800 2097 nio;
1860 2033 1950 2086 alii
1990 2035 2131 2092 ﬁlios
2185 2053 2314 2095 suos
2359 2041 2410 2096 ei
2457 2043 2756 2102 offerebant
2809 2049 3158 2119 erudiendos,
3193 2063 3254 2109 ut

1676 2121 1950 2178 videretur
2001 2126 2113 2190 jam
2166 2134 2559 2189 monasterium
2600 2136 2720 2206 ejus
2769 2142 3118 2199 monasteriis
3164 2143 3230 2198 Ni

1675 2214 1791 2270 tria;
1819 2215 1930 2288 (84)
1960 2220 2046 2272 vel
2079 2220 2295 2294 Aﬁgypti
2324 2225 2712 2287 conferendum
2735 2248 2833 2303 pro
2858 2239 3253 2297 numerositate

1673 2305 1909 2363 ﬁdelium
1935 2309 2028 2366 illo
2057 2314 2465 2388 confluentium,
2482 2322 2576 2392 qui
2598 2325 2743 2380 velut
2765 2343 2894 2398 apes
2920 2331 2985 2386 ad
3012 2332 3250 2389 alvearia

1673 2399 1913 2470 undique
1980 2406 2304 2477 avolabant,
2358 2412 2588 2470 diversis
2642 2417 2904 2477 virtutum
2962 2427 3250 2496 speciebus

1670 2492 1854 2547 onusti
1897 2505 2135 2566 mentes,
2165 2508 2224 2554 ut
2257 2501 2360 2558 illae
2417 2507 2590 2564 mellis
2646 2520 2700 2565 et
2744 2529 2883 2570 cera:
2923 2492 3248 2578 indiscretus
3325 2505 3332 2510 l

1669 2586 1921 2643 cruribus
1945 2597 1998 2643 et
2021 2592 2247 2658 pedibus
2281 2595 2551 2655 subveunt
2572 2603 2881 2672 qualitates.
2907 2607 2950 2663 Ο
2970 2613 3160 2681 quales
3194 2625 3249 2670 et

1667 2677 1854 2746 quanti
1871 2679 1970 2734 viri
1993 2681 2111 2751 ejus
2133 2684 2441 2744 claruerunt
2461 2694 2797 2763 magisterio!
2825 2709 2987 2769 quam
2999 2704 3246 2772 preciosa

1667 2778 1719 2824 ct
1740 2769 1933 2826 devota
1968 2771 2079 2830 Deo
2119 2779 2411 2836 commissa
2471 2783 2521 2838 ei
2563 2791 2930 2859 congregatio,
2981 2794 3245 2852 doctrinis

1665 2861 1786 2931 ejus
1838 2862 2126 2935 irradiata,
2184 2878 2240 2926 et
2281 2873 2542 2931 exercitio
2597 2879 2820 2936 artioris
2869 2887 3131 2954 propositi
3175 2889 3243 2944 ad

1665 2969 1900 3027 unguem
1927 2957 2244 3018 informata!
2271 2964 2512 3024 Probant
2531 2970 2635 3026 hoc
2659 2971 2844 3030 Gallia:
2863 2985 2917 3030 et
2940 2975 3244 3037 Germaniae

1661 3048 1965 3119 pontifices,
1997 3051 2162 3110 duces
2191 3063 2246 3111 et
2274 3058 2520 3127 comites,
2547 3076 2733 3120 amore
2779 3065 2980 3122 Christi
3029 3069 3243 3128 ferven-

57 3123 156 3178 inter
173 3129 351 3197 primos
371 3135 631 3204 palatinis
662 3139 909 3196 consiliis
934 3140 1222 3198 interesset
1240 3143 1559 3200 eminentio-
1596 3222 1624 3228 ἡ
1660 3147 1762 3207 tes,
1776 3141 1871 3211 qui
1890 3158 1957 3198 ex
1978 3147 2308 3203 monasterio
2323 3159 2377 3205 et
2400 3151 2724 3224 discipulatu
2754 3156 2874 3228 ejus
2889 3163 3242 3219 monasteriis

55 3215 284 3284 ῆειυειοεο
302 3226 534 3294 sederet,
557 3234 710 3284 ηιιιε
729 3243 842 3286 non
865 3231 970 3287 sibi
991 3230 1108 3288 [οι-ε
1136 3235 1290 3301 “me,
1323 3234 1370 3291 si
1414 3235 1556 3306 patri
1583 3222 1626 3282 C
1657 3246 1798 3302 quos
1823 3233 2096 3290 habebant
2123 3245 2217 3292 aut
2237 3249 2418 3310 patres
2447 3243 2812 3313 praeticiebant
2832 3289 2846 3316 ,
2873 3250 2976 3305 sub
3009 3251 3241 3308 tuitione

53 3305 113 3357 cui
136 3309 322 3368 suberat
345 3315 694 3384 [immineret
727 3321 989 3379 sessionis
1027 3324 1237 3391 ordine,
1263 3341 1378 3381 rem
1418 3305 1560 3382 fecit
1662 3333 1841 3382 tamen
1858 3328 1978 3399 ejus
1990 3337 2046 3385 et
2062 3305 2475 3404 disciplina,aut
2495 3337 2543 3394 si
2565 3349 2749 3409 patres
2779 3342 2904 3400 inde
2925 3345 3126 3403 habere
3143 3364 3239 3404 ne-

52 3401 381 3460 memorabilem
407 3416 462 3463 et
491 3407 816 3466 imitandam
845 3414 1098 3483 posteris.
1123 3412 1363 3486 Surgens
1402 3431 1558 3472 nam—
1656 3419 1906 3489 quibant,
1939 3436 2081 3492 quos
2107 3424 2174 3480 de
2201 3401 2317 3482 suis
2346 3401 2528 3497 patres
2554 3401 2732 3489 facere
2757 3435 3085 3508 deligebam,

49 3501 124 3580 que
148 3507 174 3546 a
199 3494 346 3553 latere
363 3500 648 3572 principis,
678 3511 733 3558 et
775 3506 1180 3577 suppedaneum
1221 3523 1383 3564 suum
1438 3508 1556 3580 ipse

51 3573 195 3672 ferens,
213 3586 440 3646 abbatem
469 3573 896 3663 suum-petivit,
940 3606 996 3653 et
1037 3600 1217 3668 posito
1265 3601 1333 3656 ad
1389 3573 1553 3672 pedes

49 3668 478 3751 eillisuppedaneo,
509 3685 566 3738 in
596 3699 663 3739 eo
694 3686 807 3755 ipse
833 3688 1057 3755 resedit,
1099 3691 1238 3746 dans
1294 3693 1552 3751 omnibus

50 3766 266 3823 monachis
284 3774 490 3828 cunctis
522 3775 871 3843 postmodum
896 3774 1095 3832 futuris
1119 3781 1428 3836 seculorum
1459 3799 1548 3839 se-

47 3849 143 3906 culis
161 3852 364 3915 formam
391 3879 538 3918 vera:
565 3865 910 3932 humilitatis,
940 3875 994 3920 et
1013 3869 1158 3937 quod
1187 3885 1312 3926 vere
1343 3875 1549 3930 exalta-

48 3945 194 4040 tarqui
213 3962 386 4018 sponte
415 3972 520 4025 pro
550 3955 661 4012 Deo
703 3959 1042 4016 humiliatur.
1088 3959 1204 4020 Hoc
1258 3981 1386 4039 ergo
1428 3969 1548 4040 ejus

46 4025 192 4090 factum
213 4044 449 4101 omnibus
497 4047 603 4102 fuit
639 4050 904 4106 miraculo
929 4061 984 4107 et
1023 4053 1167 4110 laudi
1206 4025 1392 4113 datuvm
1440 4025 1543 4129 est,

46 4126 147 4214 300d
169 4144 260 4185 non
284 4150 377 4204 pro
403 4139 566 4195 laude
591 4141 896 4210 hominum,
921 4145 1015 4199 sed
1047 4161 1146 4214 pro
1165 4146 1352 4202 divino
1374 4126 1547 4206 famu;

45 4212 126 4269 litio
140 4229 182 4274 et
199 4235 402 4293 paterna
432 4234 734 4289 reverentia
768 4236 1099 4291 celebratum
1130 4245 1232 4292 est.
1284 4237 1420 4294 Nam
1457 4258 1545 4298 re-

45 4304 139 4368 galis
155 4319 526 4383 magnificentia
552 4323 909 4380 humilitatem
934 4326 1232 4384 nobilitatis
1262 4330 1407 4388 illius
1433 4348 1543 4388 am-

44 4393 612 4481 plexata,Chi-istumque
639 4413 694 4468 in
741 4413 946 4472 famulo
987 4433 1090 4474 suo
1132 4421 1325 4477 devote
1378 4439 1541 4481 vene-

44 4494 140 4551 rata,
159 4507 260 4546 cum
281 4512 398 4553 eum
429 4502 499 4555 ad
550 4517 609 4556 se
659 4503 960 4575 invitasset,
1002 4517 1058 4564 et
1099 4510 1187 4565 ille
1234 4527 1264 4568 a
1311 4514 1539 4582 pedibus

42 4579 163 4636 patris
184 4587 319 4641 avelli
351 4592 538 4656 nollet,
564 4609 660 4647 rex
693 4595 872 4651 altiori
912 4598 1130 4671 ingenio
1156 4603 1259 4656 viri
1297 4579 1536 4672 pruden-

43 4664 132 4720 tiam
149 4673 434 4748 admiratus,
474 4685 726 4741 abbatem
765 4689 832 4743 ad
881 4705 940 4745 se
975 4664 1267 4749 evocatum
1303 4711 1334 4752 e
1371 4699 1539 4755 latere

40 4765 110 4847 ευρ
131 4762 288 4822 sedere
313 4768 456 4840 fecit,
482 4783 648 4846 atque
682 4789 804 4847 post
847 4796 971 4836 eum
1020 4784 1206 4839 domui
1267 4786 1538 4847 Fredcrici

41 4846 172 4946 >0de
211 4857 315 4913 sisti
360 4867 636 4936 praecepit.
687 4846 782 4924 Sic
825 4869 1244 4930 familiaritatem
1289 4879 1432 4948 regis
1485 4891 1539 4936 et

40 4938 270 5036 principum
319 4954 544 5024 adeptus
599 4959 834 5016 domnus
887 4964 1052 5020 abbas
1105 4938 1431 5036 Richardus,
1479 4972 1534 5026 in

39 5026 158 5101 imi,
181 5046 440 5114 sapientia,
479 5054 728 5121 consilio,
753 5065 894 5123 astu,
920 5060 1202 5128 prudentia
1225 5071 1280 5117 et
1309 5065 1536 5122 honesta

37 5132 370 5219 θρηνεῖ-δτιιίοΜ
399 5131 612 5198 cunctis
638 5147 1016 5206 manifestatus
1041 5160 1147 5218 est,
1177 5163 1238 5208 ut
1265 5154 1318 5216 in
1364 5171 1533 5228 nego—

35 5210 103 5264 riis
117 5224 388 5313 curialibus
417 5233 771 5303 disponendis
794 5241 975 5296 nullus
1002 5242 1092 5297 illo
1118 5244 1325 5313 utilior,
1351 5210 1534 5305 nullus

36 5306 296 5406 {bidentium
319 5323 501 5379 nullus
522 5327 751 5383 validior
771 5338 866 5385 aut
884 5333 1156 5402 acceptior
1171 5336 1527 5406 judicaretur.

34 5389 130 5494 ςξοι.
157 5400 250 5472 76.)
282 5408 484 5469 Probat
499 5417 614 5473 hoc
642 5420 955 5491 principalis
989 5389 1116 5494 e‘rga

32 5476 132 5589 liii“,
151 5507 240 5561 qua
278 5515 374 5570 pro
400 5521 587 5564 amore
612 5510 730 5581 ejus
770 5511 1127 5583 Virdunense,
1155 5519 1243 5573 cui
1278 5531 1524 5589 praeerat,

30 5571 164 5635 dilexit
187 5595 502 5665 emnobitlm,
527 5610 586 5656 ut
606 5603 746 5658 dona
801 5605 851 5659 ei
903 5607 1138 5679 ingentia
1189 5611 1243 5665 in
1293 5626 1428 5667 auro
1472 5620 1527 5667 et

1655 3507 1786 3564 duni
1815 3511 1994 3581 primo
2019 3515 2348 3584 probandos,
2363 3517 2726 3580 instituendos
2748 3535 2803 3582 et
2823 3507 3236 3601 morigerandos

1653 3596 1976 3671 dirigebant.
1991 3601 2069 3658 Ex
2095 3605 2296 3675 quibus
2317 3623 2438 3675 nos,
2461 3610 2586 3666 licet
2603 3612 2850 3681 juniores
2875 3627 2929 3672 et
2962 3596 3232 3688 moderni,

1653 3689 1837 3760 plures
1856 3693 2141 3765 religiosos
2163 3705 2218 3753 et
2251 3699 2304 3753 in
2330 3702 2478 3756 omni
2496 3704 2702 3759 theoria
2722 3708 3138 3776 probatissimos
3158 3713 3235 3766 vi-

1651 3781 2013 3853 dimusviros,
2026 3790 2266 3860 angelica
2281 3791 2419 3849 facie
2439 3803 2494 3848 et
2513 3796 2699 3852 habitu
2715 3803 3068 3860 reverendos:
3089 3815 3148 3862 ut
3163 3823 3229 3863 ex

1651 3873 1991 3935 institutione
2012 3881 2402 3953 discipulorum
2430 3895 2732 3956 patesceret
2765 3905 2985 3962 quantae
3007 3897 3226 3970 religio-

1648 3969 1755 4036 nis,
1776 3972 2053 4041 gravitatis
2079 3983 2134 4030 et
2158 3975 2504 4045 perfectionis
2528 3997 2717 4038 eorum
2745 3987 3004 4058 magister
3016 3969 3228 4058 fuisset,

1647 4061 1804 4131 cujus
1823 4067 2143 4124 eruditionis
2170 4069 2335 4126 decus
2356 4073 2408 4126 in
2429 4074 2818 4146 discipulorum
2844 4081 3080 4139 clarebat
3103 4100 3226 4140 mo-

1646 4153 1816 4209 ribus.
1831 4154 2119 4214 Crescente
2134 4177 2264 4216 sane
2279 4179 2507 4219 numero
2523 4167 2936 4238 discipulorum,
2950 4177 3228 4232 crescebat

1643 4257 1843 4298 census
1865 4245 2153 4302 honorum.
2170 4250 2188 4318 (
2204 4250 2322 4304 Vita
2335 4252 2585 4309 Hic/tardi
2601 4297 2615 4322 ,
2639 4259 2716 4327 9.)
2741 4259 2991 4316 Clarebat
3020 4266 3226 4336 ubique

1644 4348 1842 4388 nomen
1875 4333 2151 4403 Richardi,
2183 4341 2445 4397 sanctitas
2486 4344 2606 4414 ejus
2645 4347 2847 4418 ubique
2885 4333 3220 4420 praedicaba-

1643 4431 1752 4491 tur,
1783 4433 1837 4480 et
1877 4441 2076 4483 nomen
2120 4430 2215 4486 Dei
2241 4448 2338 4502 per
2379 4449 2505 4490 eum
2552 4437 2968 4498 clariﬁcabatur.
3015 4443 3219 4502 Vidcns

1641 4524 1822 4572 autem
1847 4520 2105 4576 ecclesia:
2133 4538 2244 4578 suae
2263 4527 2630 4585 vetustissima
2655 4542 2709 4586 et
2733 4549 2868 4604 pene
2893 4535 3004 4606 jam
3035 4538 3219 4595 diruta

1641 4617 1951 4676 sartatecta,
1988 4613 2184 4686 delegit
2221 4616 2300 4671 eis
2327 4618 2548 4689 dejectis
2587 4626 2849 4695 ampliora
2877 4627 3058 4698 jacere
3088 4630 3216 4686 fun—

1638 4698 1978 4770 damenta,et
1998 4703 2052 4758 in
2071 4706 2346 4763 meliorem
2371 4718 2569 4768 statum
2591 4723 2645 4770 et
2670 4717 2991 4773 nobiliorem
3021 4737 3216 4777 novam

1638 4793 1931 4862 compilare
1954 4796 2410 4870 basilicam,quod
2435 4814 2489 4859 et
2515 4807 2661 4861 brevi
2689 4819 2869 4864 actum
2892 4820 2993 4865 est.
3017 4811 3216 4870 Turres

1637 4882 1782 4938 enim
1829 4887 2072 4942 ecclesiae
2127 4890 2301 4958 ipsius
2344 4894 2579 4951 domnus
2633 4897 2952 4956 Frcdericus
2995 4916 3060 4956 ex
3113 4917 3216 4958 suo

1634 4971 1782 5042 fecit,
1817 4985 1872 5031 et
1899 4977 2177 5033 cellarium
2196 4991 2251 5036 et
2284 4982 2627 5040 refectorium
2656 4986 2905 5043 fratrum.
2934 4990 3021 5062 (ϐ.
3063 4991 3210 5050 Vird.

1637 5065 1716 5136 9.)
1746 5065 2133 5124 Dormitorium
2156 5089 2286 5127 vero
2313 5090 2437 5129 cum
2458 5075 2722 5146 dejectum
2752 5090 3134 5153 restrueretur,
3160 5097 3215 5143 et

1634 5160 1939 5215 necessaria
1963 5162 2160 5218 domus
2185 5177 2485 5233 pararetur,
2511 5185 2611 5222 nec
2640 5183 2821 5239 posset
2864 5190 3002 5230 nova
3029 5180 3211 5247 parari

1632 5247 1739 5304 nisi
1759 5260 1913 5306 vetus
1935 5255 2308 5322 mundaretur,
2323 5259 2602 5314 accersitis
2619 5278 2849 5330 quorum
2871 5277 3015 5323 esset
3029 5270 3210 5338 operis

1630 5348 1685 5394 et
1704 5343 1868 5397 studii
1895 5343 1948 5399 id
1969 5347 2204 5416 explere,
2233 5363 2356 5404 cum
2387 5349 2554 5420 aliqui
2591 5353 2830 5422 illorum,
2862 5367 2921 5411 ut
2945 5359 3203 5426 assolent,

1631 5432 2031 5503 erubescerent,
2085 5446 2139 5492 et
2184 5453 2379 5494 manus
2425 5456 2693 5512 apponere
2747 5445 2802 5500 iu
2858 5448 3207 5504 subvehendo

1633 5524 1778 5590 quod
1805 5528 2166 5584 mundabatur
2201 5531 2656 5606 subterfugerent,
2686 5537 2768 5592 vir
2808 5537 3128 5594 humilitatis
3152 5551 3208 5597 et

1631 5618 1817 5685 gratiae
1844 5620 2162 5682 Fredericus
2199 5640 2327 5683 vere
2366 5628 2688 5700 monachus,
2713 5631 2874 5690 terrae
2899 5629 3080 5689 fossor
3107 5648 3204 5690 ac-

1444 5722 1671 5783 NOTIE.

79 5781 162 5852 (Si)
194 5789 354 5866 Pagus
387 5817 550 5874 supra
573 5805 859 5880 Memphim
886 5811 1040 5868 situs.
