3834 6304
656 366 762 427 207

1640 368 1943 427 IlUGONIS
1980 369 2271 426 ABBATIS
2310 369 2878 426 FLAVINIACENSIS
3756 381 3800 439 eo

657 473 839 550 cessit,
876 491 931 538 et
954 482 1100 555 quod
1120 482 1377 539 effossum
1414 492 1497 537 est
1532 498 1697 538 onere
1725 482 1870 539 facto
1903 486 2224 556 exportavit.
2259 492 2306 548 Α
2402 484 2454 538 8.
2489 483 2746 540 Edilicata
2779 486 3103 557 igitur‘nova
3135 485 3378 542 aecclesia
3405 488 3588 559 majori
3617 493 3800 567 ειπὼίιιιι

657 575 792 642 Quis
835 576 949 645 jam
998 576 1192 630 similia
1244 574 1420 629 facere
1468 574 1829 642 erubesceret,
1861 591 1988 631 cum
2025 577 2232 632 videret

656 667 1003 723 Fredcricum
1033 666 1245 722 comitis
1269 666 1461 733 filum,
1486 663 1710 721 fratrem
1743 667 1978 723 duorum
2004 669 2226 737 dueum,

657 759 997 829 imperatoris
1040 757 1524 828 consanguineum,
1555 766 1608 812 et
1630 756 1822 813 fecisse
1866 768 1921 814 et
1951 775 2061 815 non
2104 776 2230 815 eru-

655 848 869 903 buisse?
891 846 1037 901 Fecit
1053 851 1105 900 et
1133 845 1258 899 huic
1285 846 1462 901 simile
1486 861 1623 916 opus
1650 846 1706 901 in
1742 848 1973 903 turrium
2014 860 2229 906 exstru-

654 938 847 992 ctione.
873 936 1007 990 Cum
1030 935 1173 990 enim
1191 936 1306 1006 jam
1338 937 1394 991 in
1423 937 1594 991 altum
1615 945 1892 1014 structura
1917 940 2220 1011 porrigere-

654 1039 758 1095 tur,
798 1037 849 1082 et
870 1035 1232 1082 strumentum
1258 1028 1391 1084 illud
1419 1028 1566 1099 quot]
1601 1027 1718 1084 avis
1747 1029 1858 1102 (85)
1889 1031 2222 1099 nominatur,

648 1119 995 1175 subvectione
1023 1119 1272 1174 cmmenti
1309 1128 1572 1189 aptatum,
1614 1121 1875 1190 perpauci
1918 1131 2103 1179 essent
2129 1124 2224 1196 qui

644 1211 864 1275 ferrent,
890 1211 978 1267 bis
1006 1210 1096 1281 qui
1128 1211 1259 1267 huic
1298 1210 1473 1268 cilicio
1496 1220 1653 1266 erant
1679 1212 1918 1284 deputati
1960 1215 2116 1282 alias,
2164 1222 2225 1272 ut

642 1302 914 1357 credimus
939 1345 954 1369 ,
996 1304 1298 1373 occupatis,
1343 1303 1533 1359 videns
1588 1304 1673 1359 vir
1719 1304 1891 1361 beatae
1946 1307 2223 1364 memoriae

641 1395 930 1464 quemdam
965 1394 1032 1450 de
1060 1394 1419 1451 nobilioribus
1462 1402 1752 1464 astantem,
1782 1407 1844 1452 ut
1885 1406 2124 1453 sumeret
2152 1400 2219 1453 li-

642 1501 840 1558 gneum
864 1488 996 1542 illud
1024 1488 1481 1555 instrumentum,
1514 1497 1567 1543 et
1608 1498 1931 1545 cazmentum
1970 1490 2130 1558 collo,
2161 1499 2221 1546 ut

642 1578 811 1633 moris
832 1587 933 1645 est,
952 1580 1271 1635 subveheret
1299 1580 1623 1635 ammonuit.
1645 1580 1749 1648 Qui
1778 1597 1902 1637 eum
1929 1583 2218 1639 erubesce-

641 1671 742 1736 ret,
773 1680 827 1725 et
857 1671 972 1727 suis
1013 1672 1066 1727 id
1095 1672 1368 1728 natalibus
1392 1672 1753 1745 incongruum
1784 1674 2109 1743 adstrueret,
2136 1675 2221 1731 vir

639 1762 961 1818 mitissimus
998 1765 1205 1819 cervice
1249 1765 1530 1834 subposita
1561 1766 1707 1835 quod
1748 1767 1975 1838 rogabat
2006 1767 2219 1839 primus

639 1853 898 1925 implevit.
929 1854 1044 1927 (fol.
1066 1855 1285 1927 76’.)Ac
1309 1855 1502 1911 deinde
1531 1864 1780 1926 porrecto
1798 1858 1985 1928 juveni
2012 1859 2222 1915 instru-

638 1954 819 2001 mento
846 1947 1057 2017 eodem,
1082 1964 1182 2005 suo
1205 1949 1389 2004 docuit
1412 1950 1659 2019 exemplo
1701 1957 1760 2004 ut
1780 1949 2014 2006 disceret
2041 1950 2217 2008 facere

634 2038 781 2110 quod
808 2037 1008 2095 fecerat
1043 2055 1226 2096 comes
1248 2040 1465 2096 comitis
1492 2039 1657 2107 illius,
1681 2056 1781 2097 nec
1801 2043 2145 2099 erubesceret
2169 2045 2214 2101 si

634 2130 683 2185 ei
734 2129 1136 2200 improbaretur
1184 2129 1390 2186 factum
1441 2131 1589 2203 quod
1643 2141 1920 2188 constaret
1971 2134 2039 2189 ab
2093 2134 2214 2204 ipso

632 2222 907 2292 quondam
937 2222 1136 2279 comite
1163 2224 1417 2295 primitus
1441 2225 1744 2280 actitatum.
1779 2223 2010 2281 Sedebat
2030 2234 2212 2281 autem

631 2315 867 2384 quadam
896 2315 985 2371 die
1028 2315 1170 2371 idem
1210 2316 1295 2371 vir
1334 2316 1707 2372 memorabilis
1747 2317 1802 2371 in
1832 2317 2066 2388 coquina
2102 2316 2213 2373 fra-

632 2413 799 2473 trum,
817 2414 872 2462 et
891 2407 1071 2477 operis
1091 2408 1365 2480 quippiam
1389 2410 1693 2476 exercebat,
1709 2409 1964 2465 scutellas
1984 2409 2210 2465 abluens

630 2505 685 2552 et
700 2512 829 2553 vasa
850 2497 954 2554 alia
976 2500 1277 2569 mundans;
1308 2516 1434 2556 cum
1458 2516 1585 2557 cccc
1598 2501 1667 2557 ad
1688 2501 1891 2556 ostium
1917 2501 2209 2573 quoquinte

629 2588 954 2647 Godefridus
989 2591 1100 2647 dux
1128 2590 1295 2648 frater
1319 2591 1440 2663 ejus
1466 2592 1760 2648 adveniens
1782 2592 1988 2647 aditum
2019 2606 2207 2662 preca-

626 2678 807 2736 batur.
862 2680 964 2737 Cui
1001 2698 1126 2739 cum
1177 2685 1481 2755 aperuisset
1520 2700 1664 2741 unus
1707 2684 2082 2740 ministrorum
2111 2684 2206 2755 qui

624 2767 765 2827 forte
793 2771 999 2841 aderat,
1039 2773 1231 2830 videns
1261 2775 1373 2830 dux
1410 2773 1635 2830 fratrem
1670 2790 1830 2830 suum
1866 2775 2016 2846 operi
2049 2782 2205 2846 cepto

625 2859 988 2929 insistentem,
1023 2864 1199 2933 capite
1246 2863 1509 2920 inclinato
1541 2874 1596 2920 et
1638 2865 1885 2921 alludens
1910 2865 1977 2921 ad
2004 2880 2203 2923 nomen

624 2949 841 3006 comitis
872 2970 886 3007 :
917 2951 1039 3006 Non
1066 2954 1291 3021 deceret,
1327 2954 1422 3021 ait,
1453 2954 1695 3008 comitem
1720 2955 1852 3009 talia
1883 2956 2074 3026 facere,
2099 2972 2203 3011 non

624 3041 765 3095 enim
818 3042 920 3097 sibi
952 3046 1262 3099 conveniunt
1290 3045 1504 3099 nomina
1534 3054 1585 3100 et
1614 3054 1786 3114 actus,
1825 3046 2074 3102 nobilitas
2110 3065 2201 3120 ge-

622 3134 766 3189 neris
817 3145 870 3189 et
913 3137 1130 3191 exibitio
1186 3139 1378 3209 operis.
1432 3136 1681 3210 Cumque
1720 3138 2082 3210 egrederetur,
2113 3140 2200 3197 ille

2331 576 2648 648 elegantiori
2678 592 2861 646 opere,
2878 577 3252 632 necessarium
3288 577 3391 634 fuit
3416 589 3475 635 ut
3507 596 3707 652 corpora
3728 603 3800 660 quo

2329 666 2563 723 rundam
2600 674 2914 725 sanctorum
2946 667 3264 737 pontiﬁcum
3295 673 3635 727 transmutari
3668 675 3800 734 debui:

2329 763 2469 811 sent.
2508 753 2663 811 Tunc
2702 769 2902 825 corpus
2920 757 3093 811 sancti
3121 754 3380 819 Madclvei
3419 758 3800 831 ineorruptumrt

2327 856 2542 915 pertum
2569 851 2673 915 est,
2699 854 2754 902 et
2787 847 2842 902 in
2868 846 3041 917 cripta
3076 857 3277 904 sancta:
3307 848 3488 904 Maria:
3514 852 3609 907 sub
3637 853 3761 908 altari
3788 858 3799 909 i

2326 951 2456 992 vase
2477 951 2785 994 marmoreo
2808 937 3062 994 decenter
3074 940 3392 1010 repositum.
3414 940 3562 999 Tunc
3573 945 3711 999 etiam
3728 945 3799 1002 lact

2326 1035 2411 1084 est
2436 1027 2725 1091 translatio
2756 1028 2991 1084 duorum
3026 1028 3411 1100 episcoporum
3450 1030 3640 1087 Hildini
3670 1044 3713 1090 et
3732 1034 3800 1091 lla:

2328 1116 2475 1172 tonis
2503 1115 2690 1175 Nonas
2715 1116 2861 1186 Maii,
2892 1126 2948 1174 et
2965 1119 3033 1175 ad
3063 1119 3340 1175 dexteram
3366 1121 3542 1177 crucis
3564 1126 3800 1180 monasterii

2323 1206 2392 1261 ad
2420 1206 2699 1263 dexteram
2729 1209 2938 1264 scilicet
2961 1209 3148 1267 altaris
3169 1211 3343 1266 sancti
3362 1209 3618 1269 Johannis
3643 1214 3800 1285 baptist:

2320 1297 2514 1366 positae
2526 1313 2629 1354 sun
2639 1314 2831 1355 eorum
2848 1301 3112 1372 reliquiae.
3130 1303 3148 1375 (
3164 1302 3286 1357 Vita
3306 1303 3578 1373 Richardi,
3589 1305 3657 1377 8.)
3669 1306 3796 1378 Corpu

2321 1398 2504 1445 autem
2524 1390 2713 1447 domni
2740 1390 3050 1465 Berengerii
3072 1394 3312 1466 episcopi
3342 1382 3399 1450 et
3426 1398 3659 1453 monachi
3692 1399 3734 1453 in
3763 1400 3799 1453 in

2320 1494 2511 1551 gressu
2542 1480 2766 1536 claustri
2796 1489 2976 1538 tamen
3002 1482 3142 1538 infra
3185 1485 3572 1541 monasterium
3597 1496 3797 1556 repertum

2316 1572 2697 1643 incorruptum
2729 1574 3009 1631 inventum
3051 1584 3154 1644 est,
3189 1586 3416 1647 excepto
3439 1578 3566 1648 pede
3583 1579 3662 1649 qui
3680 1578 3723 1633 in
3743 1581 3800 1632 vit:

2316 1663 2438 1734 ejus
2468 1665 2646 1733 aruit;
2682 1674 2739 1721 et
2762 1667 2949 1723 casula
2979 1682 3104 1723 cum
3129 1669 3392 1724 sandaliis
3417 1669 3486 1724 ab
3514 1669 3622 1740 ejus
3653 1684 3800 1739 corpnn

2316 1755 2592 1812 abstracta
2612 1764 2717 1824 est,
2750 1766 2807 1813 et
2828 1758 2884 1812 in
2914 1758 3188 1815 thesauris
3215 1759 3477 1831 ecclesia:
3505 1776 3618 1815 cum
3639 1761 3800 1829 reliquiis

2248 1863 2296 1923 Β
2322 1847 2579 1919 reposita.
2621 1847 2837 1919 Corpus
2877 1864 3007 1907 vero
3035 1851 3156 1922 ejus
3196 1852 3595 1908 sanctissimum
3634 1853 3800 1923 superius

2315 1954 2510 1997 versus
2555 1941 2828 1998 cancellos
2869 1941 3025 1998 chori
3079 1951 3505 1999 transmutatum
3556 1953 3648 2011 est,
3683 1944 3800 2000 casui:

2314 2045 2457 2088 n0va
2503 2039 2559 2088 et
2592 2033 2853 2089 sandaliis
2891 2033 3119 2091 honeste
3146 2044 3519 2105 procuratum,
3544 2044 3593 2091 et
3612 2051 3639 2091 e
3657 2036 3800 2107 regione

2314 2124 2548 2194 sepulcri
2585 2124 2756 2181 altare
2793 2125 2970 2182 sancti
2999 2126 3249 2195 Firmini,
3277 2127 3427 2198 quod
3454 2127 3615 2199 ipsius
3637 2136 3800 2198 temper

2313 2213 2384 2270 ab
2407 2229 2473 2270 eo
2506 2215 2787 2272 inventum
2808 2224 2913 2283 est,
2941 2217 3203 2288 positum.
3230 2218 3303 2272 At
3323 2233 3458 2274 vero
3479 2233 3657 2290 corpus
3679 2214 3798 2273 domui

2311 2302 2552 2362 Dadonis
2590 2305 2830 2377 episcOpi
2854 2322 2885 2363 e
2911 2307 3133 2380 regione
3172 2309 3413 2366 duorum
3459 2309 3795 2381 supradictonun

2308 2396 2650 2467 pontiﬁcum,
2673 2399 2741 2454 ad
2765 2399 2957 2455 lmvam
2986 2400 3196 2475 scilicet
3244 2402 3432 2461 crucis
3459 2402 3739 2463 monasterii.
3755 2400 3793 2453 ad

2308 2487 2587 2544 sinistram
2612 2497 2821 2561 partem
2861 2491 3053 2547 altaris
3100 2493 3275 2548 sancti
3320 2492 3556 2560 Martini,
3587 2490 3794 2550 honoriﬁct

2307 2579 2646 2649 reconditum
2677 2589 2781 2637 est.
2805 2580 3160 2653 Reliquorum
3188 2600 3322 2641 vero
3359 2587 3698 2656 episcoporum
3715 2598 3790 2639 ou-

2305 2684 2440 2741 pora
2485 2670 2627 2728 infra
2657 2673 2890 2729 chorum
2919 2675 3290 2743 continentur,
3320 2685 3381 2732 et
3409 2678 3623 2749 desuper
3654 2674 3791 2732 tabula

2304 2770 2423 2819 tum
2456 2764 2523 2819 de
2546 2763 2817 2835 lapidibus
2842 2766 3007 2822 sectis
3033 2775 3090 2822 et
3113 2767 3402 2838 quadratis
3422 2768 3611 2825 factum
3635 2776 3712 2823 est.
3728 2766 3787 2819 Δι-

2304 2863 2486 2911 tamen
2523 2857 2766 2928 quinque
2796 2858 3181 2930 episcoporum
3224 2876 3459 2934 corpora
3494 2861 3786 2932 subtuspulu'

2302 2955 2439 3014 tum,
2483 2963 2594 3019 quo
2632 2949 2988 3020 sevangclium
3020 2951 3306 3022 recitatur,
3337 2954 3592 3011 contineri
3625 2970 3651 3008 a
3670 2950 3787 3007 multis

2301 3038 2631 3107 audivimus,
2683 3055 2921 3111 quorum
2971 3050 3153 3099 tamen
3199 3047 3428 3102 nomina
3469 3061 3570 3103 non
3604 3054 3783 3101 tenam

2301 3129 2441 3203 (Fol.
2460 3130 2570 3203 77.)
2593 3131 2867 3204 Pulpitum
2888 3143 3070 3191 autem
3096 3151 3203 3192 aere
3233 3138 3445 3196 crebris
3464 3135 3782 3196 tunsionibusin

622 3225 984 3298 egredientem
1005 3204 1393 3300 subsequatus,
1409 3240 1566 3287 nacta
1588 3204 1952 3301 oportunitate
1972 3204 2203 3303 loquen-
2230 3204 2276 3267 θ
2311 3222 2546 3279 laminas
2601 3226 2924 3298 tabulasque
2958 3229 3248 3299 producto,
3278 3239 3337 3287 et
3367 3232 3624 3298 deaurato,
3654 3228 3781 3284 lacum

620 3318 697 3386 di,
726 3319 806 3375 sic
838 3319 914 3376 ait
934 3319 1089 3377 fratri
1115 3339 1128 3377 :
1156 3320 1384 3392 Optime,
1410 3322 1506 3391 ait,
1529 3332 1872 3394 prosequutus
1901 3339 1976 3391 es,
2011 3340 2042 3377 ο
2070 3323 2201 3393 ἄπας,

618 3407 744 3477 quia
776 3415 929 3462 tanta
960 3417 1039 3464 est
1071 3409 1306 3480 dignitas
1340 3409 1496 3480 hujus
1522 3410 1696 3481 oﬁicii,
1722 3419 1773 3464 et
1805 3418 1982 3465 tantus
2009 3419 2088 3465 est
2115 3412 2202 3466 cui

617 3498 941 3569 inpenditur,
980 3500 1163 3556 beatus
1194 3502 1395 3563 scilicet
1432 3500 1625 3557 Petrus
1664 3503 1953 3574 apostolus,
1988 3512 2039 3559 et
2070 3521 2200 3559 san-

618 3598 733 3645 ctus
767 3592 1035 3663 confessor
1065 3590 1306 3661 Vitonus,
1328 3594 1467 3665 quod
1494 3610 1588 3650 nec
1607 3611 1735 3651 mete
1760 3597 2000 3667 congruit
2018 3597 2199 3668 parui-

620 3682 745 3750 tati,
772 3691 832 3738 ut
859 3700 1178 3756 prtesumam
1213 3685 1284 3741 ad
1310 3685 1407 3740 hoc
1450 3686 1526 3741 eis
1562 3685 1874 3742 exibendum
1908 3687 2063 3759 quasi
2104 3704 2198 3759 pro

615 3775 893 3832 nobilitate
924 3778 1125 3850 generis
1175 3779 1311 3845 mei;
1346 3795 1439 3833 nec
1469 3787 1621 3834 tanta
1648 3788 1725 3834 est
1758 3778 2035 3835 humilitas
2059 3797 2195 3850 mea,

614 3876 674 3923 ut
692 3884 894 3923 merear
917 3868 981 3922 ab
1003 3870 1078 3923 eis
1093 3867 1377 3923 initlorum
1390 3869 1479 3940 qui
1491 3868 1588 3923 hoc
1598 3869 1763 3939 officio
1773 3869 1921 3941 digni
1940 3870 2197 3925 habentur

612 3961 878 4015 consortio
904 3961 1167 4032 deputari.
1206 3958 1379 4016 Tanta
1405 3968 1523 4016 erat
1565 3971 1696 4017 tunc
1721 3961 1954 4033 abj‘ectio
1986 3969 2041 4017 et
2081 3962 2196 4018 sui-

613 4060 725 4108 met
746 4051 1019 4123 despectio
1048 4052 1105 4107 in
1124 4052 1307 4107 anima
1336 4050 1484 4107 illius
1509 4049 1703 4119 ﬁdelis,
1734 4059 1798 4106 ut
1821 4052 1940 4123 ejus
1973 4050 2195 4107 humili-

610 4152 696 4203 tas
721 4142 1126 4216 praadicaretur,
1170 4153 1226 4201 et
1251 4144 1515 4201 miraculo
1536 4151 1683 4201 esset
1713 4144 1925 4201 cunctis
1956 4144 2053 4215 qui
2094 4160 2193 4200 no—

608 4238 1177 4296 verant-nobilitatem
1204 4238 1421 4310 generis
1448 4238 1587 4309 ejus.
1637 4234 1775 4293 Nam
1823 4242 1951 4292 cum
1982 4237 2193 4294 sederet

607 4332 845 4404 quadam
885 4332 1003 4387 vice
1046 4329 1315 4402 privatus,
1370 4338 1421 4386 et
1470 4344 1693 4387 necesse
1724 4338 1868 4387 esset
1897 4329 1949 4384 ei
1980 4330 2191 4385 calceos

604 4425 913 4492 extrahere,
954 4424 1176 4494 quidam
1205 4424 1273 4480 de
1319 4421 1601 4490 fratribus,
1638 4438 1802 4494 quem
1845 4424 1964 4494 Ipse
2003 4435 2188 4479 senem

604 4516 717 4573 vidi
749 4525 804 4573 et
827 4532 859 4571 a
886 4530 997 4587 quo
1025 4516 1285 4587 puerulus
1315 4515 1422 4571 ista
1457 4514 1659 4581 audivi,
1695 4513 1971 4571 Johannes
2007 4529 2186 4570 nomi-

604 4621 691 4675 ne,
722 4605 1087 4679 procumbens
1117 4620 1241 4662 cum
1274 4604 1434 4658 vellet
1460 4604 1510 4659 ei
1550 4618 1651 4675 pro
1690 4602 1917 4658 caritate
1954 4604 2178 4672 servire,

601 4700 994 4771 obstupescens
1021 4705 1076 4752 et
1097 4695 1331 4766 quadam
1358 4688 1609 4765 religiosa
1630 4692 1996 4749 obstinatione
2017 4694 2179 4751 obse-

601 4790 794 4860 quium
835 4789 953 4860 ejus
982 4788 1223 4858 reciperc
1252 4787 1462 4853 nolens,
1491 4784 1772 4856 prohibuit
1795 4798 1923 4840 eum
1952 4784 2174 4841 dicens:

603 4881 743 4948 Quid
777 4882 907 4935 mihi
935 4879 1169 4951 prodest,
1201 4879 1389 4949 frater,
1425 4877 1643 4931 honores
1680 4876 1845 4931 seculi
1885 4876 2175 4949 reliquisse,

597 4972 647 5025 si
678 4988 713 5026 a
743 4971 998 5042 fratribus
1032 4970 1355 5041 obsequium,
1394 4968 1531 5040 quod
1563 4969 1860 5023 habuissem
1894 4971 1951 5023 in
1981 4970 2176 5037 seculo,

596 5078 719 5117 cum
752 5077 856 5116 non
881 5063 952 5117 sit
982 5078 1202 5129 necesse,
1236 5062 1479 5132 accipio?
1507 5059 1612 5125 Qui
1643 5060 1713 5114 ad
1733 5060 1827 5114 hoc
1852 5062 1964 5115 ueni
1990 5070 2046 5115 ut
2066 5078 2179 5116 ser-

596 5153 758 5218 viam,
784 5151 1054 5206 seruitium
1072 5152 1211 5222 quod
1240 5167 1344 5205 non
1370 5149 1579 5221 expedit
1602 5149 1863 5221 quomodo
1881 5152 2182 5222 accipiam?

595 5239 675 5296 lta
709 5240 918 5307 dicens,
948 5238 1134 5295 fratris
1161 5239 1419 5310 repressit
1460 5239 1727 5307 animum,
1753 5239 1892 5295 dans
1923 5240 2180 5296 omnibus

594 5329 899 5385 maximum
922 5329 1196 5400 patientiae
1232 5338 1287 5384 et
1316 5328 1640 5385 humilitatis
1678 5338 1733 5385 et
1762 5330 1989 5387 vilitatis
2015 5346 2179 5402 appe-

594 5420 771 5477 tenda:
808 5419 1214 5476 documentum.
1258 5416 1369 5475 Hec
1400 5420 1456 5474 in
1499 5428 1842 5489 transcursu,
1882 5436 1983 5490 pro
2018 5422 2179 5477 inno-

594 5510 849 5567 tescenda
875 5508 1131 5566 omnibus
1169 5509 1341 5564 beata:
1375 5509 1574 5565 mentis
1608 5510 1933 5581 abjectione,
1969 5511 2175 5568 dictum

594 5602 691 5667 sit;
732 5615 878 5655 nunc
911 5598 1257 5655 ad-ordinem
1295 5597 1373 5654 rei
1403 5598 1685 5656 ﬂectamus
1714 5602 2029 5657 articulum.

2095 5690 2328 5750 NOT/E.

666 5784 774 5859 (35)
806 5782 1084 5855 Hodieque
1112 5781 1280 5837 Gallis
1316 5781 1515 5835 oiseau.

2302 3330 2424 3372 esse
2450 3325 2666 3374 constat
2726 3319 2860 3376 satis
2900 3331 3153 3378 accurate
3193 3331 3249 3378 et
3276 3324 3566 3396 eleganter,
3590 3331 3635 3378 et
3658 3335 3724 3391 per
3744 3316 3782 3369 l9

2302 3406 2537 3475 tabulas,
2565 3408 2631 3463 l2
2661 3410 3053 3480 prophetarum
3092 3412 3383 3484 imagines,
3426 3414 3493 3469 12
3510 3411 3778 3485 apostolatui

2299 3495 2504 3554 formas
2544 3499 2985 3570 subvehentium,
3029 3504 3334 3575 sculptorio
3379 3515 3436 3561 et
3480 3504 3684 3577 polimite
3714 3496 3789 3566 (“in

2298 3602 2461 3659 θυθνε
2483 3599 2719 3647 exarata:
2751 3602 2901 3650 sunt.
2933 3592 3001 3650 Et
3029 3595 3131 3652 hec
3149 3597 3376 3668 quidem
3408 3598 3474 3654 ad
3496 3590 3787 3654 occidebatur

2295 3688 2530 3750 partem,
2556 3684 2626 3739 ad
2655 3684 2880 3741 dorsum
2922 3686 3134 3763 scilicet
3163 3690 3429 3747 stantium
3466 3699 3518 3746 et
3542 3684 3785 3763 canentia.‘

2295 3773 2487 3843 positae
2513 3783 2663 3831 sunt.
2689 3776 2759 3833 At
2778 3793 2909 3834 vero
2929 3779 2999 3835 ad
3022 3782 3515 3851 septemtrionalem
3534 3782 3564 3836 ι
3580 3778 3744 3836 ﬂuviali

2294 3865 2506 3933 species
2532 3866 2599 3922 de
2620 3869 2876 3937 paradiso
2898 3872 3274 3928 emanantium
3300 3875 3358 3930 in
3388 3876 3424 3931 4
3463 3873 3671 3946 partibus
3692 3882 3729 3922 el

2294 3964 2444 4012 nent.
2474 3955 2534 4012 In
2564 3974 2755 4031 gyrum
2780 3970 2982 4030 autem,
3013 3979 3126 4038 quo
3146 3967 3427 4038 tevangclii
3447 3965 3701 4022 recitator:

2292 4044 2669 4118 obumbratur,
2697 4048 2932 4107 Abrahae
2953 4036 3230 4110 offerentis
3270 4036 3464 4121 ﬁlium,
3496 4053 3612 4109 Abel
3627 4062 3729 4121 arum

2292 4136 2445 4195 Isaac
2468 4139 2859 4210 benedicentis,
2884 4150 2940 4199 et
2960 4142 3133 4200 Jacob
3158 4147 3569 4217 supplantantis,
3591 4152 3635 4198 et
3656 4134 3743 4193 Tolli

2292 4228 2622 4299 sepelientis,
2648 4240 2704 4286 et
2736 4231 2906 4289 David
2929 4233 3258 4292 manufortis
3282 4237 3537 4309 imagines
3554 4234 3751 4305 agnm'

2288 4327 2398 4387 tur,
2431 4320 2596 4377 simili
2619 4337 2783 4394 opere
2802 4326 3127 4397 compilatm.
3154 4326 3213 4382 In
3242 4327 3384 4385 facie
3410 4336 3576 4383 autem
3592 4319 3724 4379 domin

2287 4409 2447 4469 Iesus
2483 4412 2541 4468 in
2563 4414 2760 4472 throno
2780 4415 3083 4488 majestatis
3112 4418 3382 4487 residens,
3411 4430 3463 4475 et
3482 4417 3622 4488 Virgo
3644 4418 3734 4467 male

3644 3747 3783 3825 rimi

3688 4159 3774 4257 Ἡ

3706 4257 3772 4460 El

3576 4460 3715 4575 “ibi

3576 4460 3766 4805 ri

3706 4805 3758 5068 ι]

3636 5068 3752 5348 Ξ

3636 5248 3647 5283 I

3615 5348 3703 5377 was

3617 5348 3744 5558 ιζἱῇ

3626 5558 3740 6175 1

2288 4511 2344 4559 et
2372 4502 2615 4576 Baptista
2652 4505 2930 4565 Johannes
2975 4525 3100 4566 cum
3142 4511 3178 4566 4
3220 4510 3569 4583 mvangelistis
3605 4502 3752 4583 apis-ﬁ

2285 4595 2457 4652 Porro
2496 4598 2685 4654 dextra
2733 4600 2959 4672 levaque
3005 4601 3220 4657 Domini
3247 4604 3424 4675 angeli
3465 4611 3515 4658 et
3548 4597 3732 4663 ανοιιωεε

2281 4702 2409 4743 cum
2446 4687 2722 4745 Cherubin
2753 4699 2808 4746 et
2849 4691 3115 4763 Seraphin
3152 4692 3496 4765 Redemptori
3533 4684 3703 4755 θδεοιιιιί

2281 4777 2516 4833 exibent.
2547 4777 2975 4838 lnstrumentum
2998 4798 3129 4839 vero
3167 4784 3300 4840 illud
3323 4785 3467 4856 quod
3493 4783 3730 4855 param!!!ll

2279 4868 2519 4938 receptui
2563 4875 2743 4927 textus
2777 4873 3079 4945 a-vangelii,
3119 4873 3399 4931 Johannes
3431 4868 3731 4943 evangelista!

2281 4957 2637 5015 similitudine
2656 4962 2855 5031 aquilae
2876 4964 3111 5020 volantis
3133 4966 3381 5022 adornat.
3406 4964 3461 5021 In
3482 4979 3566 5021 ora
3583 4968 3710 5016 autem

2282 5050 2594 5107 summitate
2621 5052 2801 5123 operis
2847 5056 3098 5113 versibus
3133 5059 3424 5114 exametris
3471 5069 3587 5112 auro
3607 5052 3724 5119 diu?“

2278 5142 2449 5211 Patris
2478 5142 2736 5200 Richardi
2758 5146 2975 5202 devotio
3004 5163 3220 5204 summa
3240 5132 3478 5204 notatur.
3511 5140 3711 5212 Propicial

2280 5231 2424 5287 rium
2480 5249 2611 5291 sane
2655 5243 2971 5292 sanctorum
3020 5249 3285 5294 exornant
3330 5253 3560 5309 corpora.
3593 5229 3731 5309 αποτῆ

2281 5324 2491 5379 meritis
2510 5324 2668 5381 ﬂoret
2685 5328 2953 5385 recelesia.
2980 5329 3049 5385 Et
3069 5332 3123 5386 in
3151 5333 3329 5387 medio
3351 5326 3551 5403 quidem
3570 5324 3653 5380 alto
3666 5333 3703 5373 Si

2279 5422 2334 5468 ct
2363 5416 2690 5484 prominenti
2732 5420 2956 5491 cyborio
2988 5431 3212 5481 sanctus
3244 5424 3470 5495 quiescit
3485 5419 3664 5475 Vitonus
3691 5416 3728 5463 ﬁ

2279 5504 2507 5563 dimitus
2546 5506 2781 5566 frontem
2825 5527 2962 5569 auro
2984 5516 3280 5585 purissimo
3319 5525 3375 5571 et
3396 5511 3595 5588 gemmis
3617 5499 3705 5576 Ρκίί

2282 5600 2537 5668 sissimis,
2571 5604 2774 5672 quibus
2795 5609 3140 5667 concluditur
3161 5613 3410 5684 majestas
3433 5610 3517 5665 Dei
3539 5600 3723 5661 incirt'uI

2349 5784 2461 5856 186)
2498 5783 2857 5842 multicolore.
