3834 6304
63 370 136 432 209
762 420 765 423 .
1210 351 1625 412 CllRONlCON.
1658 382 1727 392 ——
1763 349 1892 406 LIB.
1930 349 1995 406 11.
2028 354 2031 357 λ

3133 360 3242 417 210

64 484 207 553 scripta
237 486 279 534 et
313 469 877 541 incomprehensibilis,
908 468 1117 527 habens
1156 470 1225 525 ad
1262 470 1541 529 dexteram
1573 470 1619 529 Α
1644 465 2094 536 archiepiscopus
2127 462 2299 534 petiit,
2327 471 2383 518 et
2419 463 2673 534 optinuit,
2717 474 2773 522 et
2800 482 3052 527 reversus
3080 470 3244 531 Colo-

64 574 162 631 beati
187 567 319 632 Petri,
340 572 389 618 et
410 560 475 617 ad
500 561 675 616 levam
713 559 962 630 ejusdem
1002 560 1146 615 beati
1188 558 1370 615 Vitoni
1404 573 1542 614 auro

64 662 342 735 prominentes
372 651 626 723 imagines
664 666 830 721 opere
862 650 1037 707 factas
1077 651 1370 719 caelatorio,
1405 665 1542 721 quas

62 755 239 812 ambiunt
256 750 476 807 colunnte
502 745 571 779 ⁸⁸³
594 760 660 800 ex
685 745 888 801 electro
911 744 1211 815 purissimo
1238 760 1366 801 cum
1401 746 1546 800 basi-

62 841 367 915 busargenteis
383 847 491 895 arte
518 837 665 894 fusili
696 846 751 893 et
772 836 1012 908 anaglifo
1036 838 1334 908 productae.
1361 836 1546 908 Ipsum

60 951 218 1009 quoque
237 933 486 1007 eyborium
523 930 817 987 dominicae
860 930 1302 997 resurrectionis,
1333 929 1555 1001 appari—'

60 1028 176 1084 tionis
210 1034 255 1081 et
297 1022 615 1081 admirabilis
672 1021 1021 1091 ascensionis
1074 1036 1239 1091 opere
1273 1018 1550 1076 caelatorio

60 1117 258 1191 protensis
280 1117 551 1172 adornatur
575 1114 848 1187 insigniis,
885 1114 1099 1169 habens
1132 1122 1260 1168 ante
1294 1126 1354 1168 se
1382 1112 1551 1167 altare

60 1217 260 1265 sacratum
282 1208 331 1262 in
355 1207 555 1261 honore
576 1205 753 1261 sancti
783 1202 967 1259 Vitoni
988 1211 1043 1259 et
1066 1203 1315 1259 omnium
1337 1201 1553 1258 confes-

57 1315 190 1356 sorum
215 1317 228 1354 :
252 1298 310 1354 ad
344 1299 511 1353 levam
536 1300 719 1352 autem
748 1297 920 1352 altare
954 1304 1229 1352 sacratum
1260 1295 1316 1350 in
1346 1295 1555 1349 honore

59 1391 180 1445 sancti
212 1386 453 1444 Puleronii
488 1396 546 1443 et
591 1387 840 1443 omnium
887 1394 1214 1459 martyrum,
1260 1384 1468 1440 habens
1500 1391 1556 1439 et

58 1480 184 1549 ipsum
200 1493 337 1534 suum
361 1477 662 1549 cyborium,
684 1491 797 1547 quo
824 1477 1136 1533 continetur
1175 1490 1377 1547 corpus
1403 1473 1555 1546 ejus-

58 1571 142 1626 dem
176 1571 292 1626 beati
328 1569 618 1637 Pulcronii,
653 1585 793 1625 auro
830 1580 886 1627 et
934 1577 1160 1642 argento
1194 1569 1552 1625 decoratum:

57 1660 245 1730 pun-ead
270 1660 528 1717 dexteram
562 1660 735 1717 altare
772 1661 831 1715 in
857 1660 1067 1717 honore
1106 1661 1284 1717 sancti
1328 1659 1557 1717 Posses-

56 1750 379 1822 sorishabetur,
412 1760 465 1809 et
516 1753 765 1810 omnium
812 1753 1110 1825 virginum,
1152 1768 1277 1809 cum
1309 1754 1553 1826 cyborio,

55 1853 131 1911 quo
147 1856 309 1913 corpus
326 1844 438 1916 ejus
464 1844 799 1912 continetur,
817 1844 987 1902 simili
1015 1859 1179 1917 opere
1202 1846 1550 1903 adornatum.

53 1928 186 1988 Διωτε
205 1948 314 1991 vero
340 1934 515 2007 majus
556 1936 615 1991 in
646 1937 858 1993 honore
893 1938 1069 1993 sancti
1098 1937 1247 1994 Petri
1277 1940 1555 2011 apostolo-

54 2037 139 2079 rum
157 2024 377 2097 principis
403 2035 683 2084 sacratum
712 2036 799 2084 est
824 2027 896 2083 ob
917 2028 1263 2100 privilegium
1295 2028 1557 2086 tecclesite

51 2112 193 2184 ipsius,
230 2128 338 2187 qua
373 2117 575 2189 priscis
618 2120 962 2191 temporibus
1006 2121 1065 2177 in
1117 2122 1329 2179 honore
1380 2122 1556 2193 ipsius

51 2206 223 2274 apostoli
239 2216 287 2264 et
312 2206 445 2267 facta
470 2219 532 2268 et
567 2222 890 2271 consecrata
914 2222 1018 2271 est.
1063 2214 1204 2273 Ante
1240 2217 1349 2275 hoc
1370 2216 1554 2274 tabula

49 2292 219 2355 habetur
243 2316 411 2372 aurea,
435 2318 578 2362 auro
613 2307 822 2364 mundo
846 2317 900 2364 et
927 2309 1226 2380 purissimo
1247 2322 1301 2368 et
1324 2312 1556 2384 gemmis

50 2391 382 2457 pretiosissimis
413 2398 746 2455 densissime
780 2410 1054 2470 conserta,
1108 2417 1276 2473 opere
1321 2404 1556 2460 miriﬁco

48 2488 188 2538 etarte
217 2486 452 2545 celatoria
483 2487 653 2555 facta,
681 2491 980 2562 praeferens
1017 2494 1312 2567 imaginem
1338 2494 1555 2552 Domini

52 2572 205 2643 signum
223 2582 382 2658 crucis
397 2584 699 2658 teneptjset
723 2601 887 2658 super
906 2586 1149 2658 aspidem
1165 2596 1219 2643 et
1237 2588 1555 2645 basiliscum

50 2668 318 2743 ambulantis,
343 2653 396 2732 et
416 2650 611 2734 ἀεξιῗῆ
636 2650 865 2751 levaqite
887 2650 1156 2753 imagines
1181 2683 1557 2753 apostolorum

50 2753 150 2814 Petri
167 2770 210 2819 et
225 2763 358 2823 Pauli
380 2770 631 2842 ejusdem
661 2772 845 2843 operis
866 2785 921 2829 et
944 2774 1170 2830 metalli.
1207 2774 1289 2830 Ad
1320 2789 1557 2847 quorum

47 2855 209 2927 ταιίεὶα
222 2852 658 2934 procumbentes,
671 2883 925 2924 cernercs
944 2868 1212 2943 imagines
1236 2869 1425 2925 domui
1455 2886 1555 2942 pa-

47 2944 115 3001 tris
133 2947 350 3012 Richardi
386 2967 439 3014 et
491 2957 772 3017 Matbildis
800 2960 963 3034 digne
1000 2960 1395 3031 memorabilis,
1424 2976 1558 3034 sup-

43 3036 162 3106 Ρίίαξε
184 3060 356 3105 manus
376 3052 685 3120 tendentes,
709 3061 764 3108 et
792 3053 951 3124 quasi
974 3048 1036 3109 ut
1066 3061 1219 3125 grata
1244 3053 1346 3110 hec
1365 3070 1558 3110 eorum

1645 558 1793 614 niam
1828 557 2041 625 detulit.
2086 555 2289 611 Fuerat
2329 566 2511 618 autem
2539 573 2666 613 cum
2702 573 2769 615 eo
2811 560 2866 615 in
2897 563 3245 633 expeditione
3274 616 3282 627 .

1646 653 1765 722 ipsa
1789 650 2012 722 quidam
2047 650 2168 721 ejus
2202 649 2666 722 consanguineus,
2695 652 2954 710 dominus
2984 655 3151 712 castri
3175 657 3243 717 de

1645 745 2023 802 Commarceio
2047 744 2182 815 (88),
2207 755 2262 801 et
2285 747 2459 802 multa
2483 761 2645 817 prece
2669 747 2904 805 obtinuit
2932 751 3001 806 ab
3019 766 3086 808 eo
3110 744 3258 808 bra?

1647 838 1833 893 ehium
1856 838 2105 909 corporis
2125 838 2303 893 sancti
2328 837 2696 909 Pantaleonis,
2721 841 2869 911 quod
2896 850 2951 898 et
2975 844 3031 900 in
3053 845 3244 901 accele-

1649 929 1729 985 sia
1753 928 1965 1000 praefati
1997 929 2165 985 castri
2201 930 2465 1001 reposuit.
2503 931 2747 988 Evolutis
2767 937 3117 1005 postmodum
3143 938 3243 993 ali—

1648 1029 1782 1092 quot
1812 1022 1993 1090 annis,
2011 1022 2300 1079 obsessum
2337 1021 2424 1079 cst!
2464 1032 2706 1080 castrum
2755 1023 2956 1098 ipsum,
2983 1036 3039 1084 et
3084 1044 3241 1086 ever-

1651 1125 1775 1166 sum
1832 1119 1998 1182 atque
2060 1126 2409 1168 succensum.
2471 1112 2721 1184 Cumque
2789 1116 3010 1173 ﬂamma
3082 1118 3242 1175 tectis

1651 1203 1912 1260 acclesiae
1959 1203 2275 1259 illaberetur
2298 1248 2313 1273 ,
2375 1213 2431 1261 ct
2490 1205 2807 1264 victricibus
2868 1209 3041 1280 globis
3100 1211 3243 1266 inte-

1651 1296 1798 1351 riora
1842 1286 2100 1352 aeeclcsiee
2140 1295 2425 1365 lamberet,
2472 1297 2663 1354 dolens
2708 1300 2962 1356 sacerdos
2996 1301 3062 1357 de
3086 1316 3241 1357 com-

1653 1388 1908 1444 bustione
1928 1396 2243 1445 sanctarum
2264 1389 2643 1460 reliquiarum,
2672 1389 2887 1446 cuidam
2907 1401 3246 1448 armatorum

1658 1488 1717 1535 ut
1752 1478 2057 1536 aecclesiam
2119 1480 2494 1552 ingrederetur
2518 1489 2593 1535 -et
2629 1481 2865 1551 desuper
2911 1482 3070 1537 altari
3114 1478 3247 1538 reli-'

1657 1572 1817 1643 quias
1859 1572 2089 1639 tolleret,
2132 1573 2480 1644 signiﬁcavit.
2514 1571 2620 1639 Qui
2650 1588 2777 1628 mox
2810 1573 3113 1645 ingressus,
3160 1568 3250 1629 re-

1655 1656 1856 1736 liquias
1886 1666 2012 1721 tulit
2048 1675 2102 1721 et
2136 1666 2418 1737 reposuit;
2462 1671 2517 1720 et
2545 1680 2670 1720 cum
2714 1663 2789 1720 ibi
2826 1665 3044 1722 adesset
3080 1665 3250 1721 abbas

1658 1754 1750 1824 8.,
1803 1757 2093 1829 brachium
2153 1757 2330 1813 sancti
2377 1764 2647 1829 praesente
2711 1757 3015 1828 presbitero
3065 1771 3251 1814 marca

1656 1848 1867 1920 argenti
1901 1849 1953 1905 ei
1998 1849 2273 1918 vendidit;
2317 1849 2465 1921 quod
2504 1849 2742 1906 domnus
2768 1848 2886 1920 ipse
2926 1863 3053 1906 cum
3084 1848 3254 1905 sciret

1655 1955 1757 2010 pro
1780 1948 1932 1996 certe
1964 1939 2227 2014 martyris
2249 1955 2371 1997 esse
2410 1940 2692 2012 reliquias,
2751 1939 2979 2013 Virduni
3003 1942 3250 2019 gaudens

1656 2034 1856 2102 attulit,
1893 2042 1949 2090 et
1984 2044 2240 2105 paratum
2293 2040 2522 2107 argento
2570 2040 2627 2090 et
2659 2048 2797 2089 auro
2852 2031 3048 2091 diebus
3072 2046 3077 2051 '
3098 2033 3253 2092 festis

1657 2140 1823 2197 super
1846 2126 2019 2182 altare
2049 2125 2293 2198 ponitur.
2323 2124 2477 2182 Fecit
2494 2132 2550 2182 et
2583 2124 2690 2181 alia
2720 2124 2879 2196 plura
2901 2135 3250 2196 ornamenta,

1655 2216 1826 2274 libros
1840 2218 2249 2291 evangeliorum
2273 2231 2411 2275 auro
2445 2225 2499 2274 et
2528 2226 2756 2291 argento
2785 2225 3027 2289 paratos,
3059 2231 3252 2274 cruces

1656 2318 1725 2367 ex
1746 2326 1882 2366 auro
1906 2310 2208 2382 purissimo
2230 2311 2286 2380 5,
2313 2310 2618 2368 ventilabra
2659 2318 2916 2381 argentea
2956 2309 3014 2377 2,
3030 2307 3253 2382 .librum

1656 2402 2014 2474 epistolarum
2055 2405 2080 2458 1
2122 2412 2347 2477 argento
2396 2412 2649 2476 paratum
2674 2447 2688 2472 ,
2717 2403 2942 2461 missale
2975 2404 3002 2459 1
3030 2445 3048 2471 ,
3087 2402 3256 2460 colle~

1657 2497 1891 2551 ctarium
1910 2496 1932 2551 1
1964 2495 2215 2552 similiter
2235 2507 2460 2569 argento
2482 2506 2723 2569 paratos.
2741 2495 2853 2569 (Cf.
2877 2495 2941 2552 G.
2967 2494 3117 2551 Vird.
3138 2494 3253 2568 11.)

1658 2585 1817 2643 Dedit
1859 2596 1915 2643 et
1968 2585 2259 2644 Heinricus
2306 2589 2606 2660 imperator
2671 2588 2898 2645 calicem
2947 2587 2975 2642 1
3023 2602 3256 2645 aureum

1657 2680 2060 2752 premaximum
2104 2697 2230 2736 cum
2261 2681 2492 2753 gemmis
2512 2680 2940 2753 preciosissimis
2966 2689 3023 2737 et
3053 2689 3256 2754 patena

1659 2771 1906 2844 ejusdem
1949 2772 2176 2840 metalli,
2200 2780 2254 2827 et
2297 2772 2585 2829 scutellam
2616 2774 2641 2827 1
2685 2768 2753 2828 de
2788 2772 3001 2842 berillo,
3025 2780 3081 2829 et
3115 2772 3256 2845 pixi-

1658 2863 1833 2919 demi
1867 2862 1934 2919 de
1963 2863 2243 2931 onichino,
2293 2862 2350 2918 in
2389 2878 2498 2934 qua
2535 2872 2846 2920 servaretur
2895 2877 3096 2934 cor-pus
3155 2863 3257 2919 do—

1659 2948 1926 3011 minicum
1978 2955 2292 3027 dependens
2337 2970 2507 3027 super
2572 2955 2743 3012 altare
2796 2974 2809 3010 :
2850 2963 3113 3026 praeterea
3165 2955 3255 3011 in-

1660 3061 1892 3102 numera
1938 3046 2083 3103 dona
2123 3046 2245 3101 auri
2274 3055 2328 3102 et
2363 3045 2576 3118 argenti
2616 3053 2671 3101 et
2703 3046 3034 3118 praediorum
3069 3061 3259 3104 sacra-

45 3128 240 3228 babeatur
283 3142 500 3212 oblatio,
570 3143 798 3203 alterius
846 3162 1037 3215 censu,
1092 3148 1319 3204 alterius
1374 3148 1558 3205 studio
1585 3163 1630 3228 ο
1659 3155 1896 3211 rumque
1932 3139 2188 3208 vestium,
2216 3147 2271 3194 et
2295 3137 2619 3228 philacteria
2642 3152 2809 3194 aurea
2837 3145 2892 3195 et
2913 3148 3169 3211 argentea
3203 3146 3260 3196 et

41 3218 154 3293 facta,
192 3234 559 3304 supplicantes.
597 3236 703 3310 (Cf.
742 3238 805 3294 C.
849 3236 1001 3294 γει-ά.
1028 3239 1108 3312 9.)
1135 3239 1361 3296 Factum
1388 3249 1472 3297 est
1502 3250 1557 3298 et

42 3313 163 3373 mare
180 3329 508 3393 gestatorium
557 3345 622 3386 ex
659 3346 796 3386 auro
830 3331 1131 3402 purissimo
1160 3332 1392 3389 interius
1416 3334 1557 3391 mire

40 3402 319 3499 fabrefactum
372 3438 543 3494 opere
591 3424 890 3493 consimili,
940 3425 1124 3481 studio
1174 3435 1227 3482 et
1271 3426 1557 3499 largitione

39 3495 473 3569 domniﬂerimanni
498 3513 745 3579 comitis,
772 3515 827 3570 in
853 3515 1076 3571 modum
1097 3495 1405 3571 tabularum
1424 3532 1558 3572 con-

38 3600 188 3651 sertum
212 3608 260 3656 et
297 3615 651 3677 conpactum,
680 3608 827 3678 quod
855 3623 982 3663 cum
1013 3608 1278 3680 aperitur,
1312 3617 1367 3664 et
1386 3609 1557 3666 altare

39 3688 109 3771 9η,
141 3698 183 3743 et
204 3694 385 3752 tabula:
414 3697 765 3769 aperiuntur,
808 3700 1011 3771 quibus
1061 3701 1109 3756 si
1152 3715 1366 3755 moram
1402 3700 1559 3756 adhi-

38 3770 142 3846 δας,
167 3787 291 3853 quod
333 3799 416 3845 est
449 3770 879 3847 instrumentum
911 3779 1091 3865 Moysi
1115 3800 1170 3848 et
1204 3790 1388 3848 Aaron
1420 3791 1559 3847 ima-

36 3867 195 3934 tinibus
211 3880 522 3952 gloriosum,
573 3884 805 3957 figuram
847 3884 1137 3941 dominicae
1166 3885 1347 3941 crucis
1372 3885 1557 3957 expri-

32 3959 117 4016 mit.
135 3963 278 4028 Habet
299 3974 399 4032 hoc
417 3992 448 4031 a
468 3986 738 4048 quattuor
761 3977 1075 4034 cardinibus
1096 3985 1358 4048 quattuor
1380 3994 1562 4033 acvan—

36 4050 301 4133 t-Yeiistarum,
330 4067 598 4136 hominis,
626 4056 824 4138 leonis,
851 4069 1018 4137 tauri,
1042 4079 1096 4125 et
1120 4069 1319 4139 aquila:
1350 4069 1561 4139 species

33 4155 78 4197 θ’
113 4163 302 4222 a"gente
342 4174 510 4232 opere
555 4159 736 4229 fusili,
782 4160 1069 4232 praefatum
1115 4162 1286 4217 altare
1331 4169 1559 4231 portan-

33 4236 145 4324 tium,
179 4257 224 4301 et
257 4266 311 4305 se
343 4252 588 4310 invicem
629 4253 807 4311 versis
850 4255 1095 4310 vultibus
1127 4253 1558 4324 respicientium.

33 4323 160 4400 super
184 4338 343 4409 ipsum
373 4362 511 4403 vero
544 4347 716 4402 altare
742 4346 1030 4402 brachium
1062 4347 1238 4404 sancti
1266 4334 1569 4401 Pantaleo?

32 4420 299 4494 ηίεροηίιιιι·
336 4439 507 4507 pallio
548 4439 724 4495 serico
766 4439 1094 4507 involutum,
1125 4448 1179 4495 ct
1214 4440 1364 4511 ligno
1388 4438 1565 4494 inclu-

1658 3233 1959 3290 cristallina
1996 3247 2121 3289 cum
2165 3239 2483 3288 sanctorum
2520 3214 2787 3304 reliquiis,
2830 3246 3054 3304 capsam
3102 3233 3130 3287 1
3153 3246 3256 3288 au-

1660 3339 1809 3379 ream
1841 3324 2160 3396 insigaitam
2198 3323 2447 3395 reliquiis
2492 3322 2559 3378 12
2606 3324 3005 3395 apostolorum,
3039 3332 3094 3380 et
3131 3340 3257 3381 cor-

1660 3432 1770 3472 nua
1796 3418 1832 3472 2
1876 3416 2118 3473 eburnea
2157 3416 2470 3473 idemtidem
2515 3408 2766 3487 reliquiis
2803 3415 3068 3473 conferta.
3107 3415 3261 3474 Fecit

1658 3507 1824 3564 etiam
1874 3506 2249 3564 memorabilis
2292 3516 2448 3579 pater
2500 3504 2810 3567 Richardus
2849 3524 3083 3567 coronas
3118 3509 3155 3564 2
3191 3524 3258 3589 ett

1659 3612 1888 3679 argento
1925 3613 1981 3661 et
2019 3619 2178 3672 auro,
2222 3612 2278 3660 et
2302 3604 2522 3661 tertiam
2566 3604 2877 3677 parvulam,
2927 3604 3022 3661 ubi
3048 3605 3256 3677 depen-

1660 3696 1850 3754 derent
1878 3697 2163 3770 signorum
2186 3705 2383 3755 restes.
2409 3696 2693 3754 Adverada
2718 3713 2941 3770 quoque
2973 3698 3257 3755 comitissa

1659 3788 1808 3845 dedit
1835 3796 2029 3845 sancto
2062 3787 2227 3846 Petro
2259 3789 2504 3846 casulam
2526 3789 2757 3846 viridem
2791 3806 2919 3846 cum
2951 3789 3257 3859 aurifrisio,

1660 3888 1715 3936 ct
1735 3879 1895 3935 multi
1935 3880 2109 3936 multa
2148 3880 2436 3950 dederunt,
2470 3896 2594 3953 quae
2613 3896 2960 3937 enumerare.
2996 3881 3258 3956 longissi-

1661 3987 1814 4027 mum
1858 3980 1961 4029 est.
1999 3971 2156 4029 Unde
2177 3981 2232 4028 et
2263 3971 2319 4028 in
2364 3972 2520 4030 brevi
2557 3971 2735 4030 factus
2762 3985 2847 4038 est
2879 3972 3033 4029 locus
3055 3971 3145 4028 ille
3172 3972 3257 4027 in-

1663 4068 1855 4141 signis.
1908 4067 2007 4139 (G.
2078 4066 2228 4124 Vird.
2281 4068 2351 4136 8,
2392 4068 2471 4139 9.)
2540 4067 2673 4139 Ejus
2725 4084 2963 4139 namque
3008 4067 3259 4140 exemplo

1662 4167 1958 4231 provocata
1989 4161 2280 4230 progenies
2310 4159 2495 4214 domui
2528 4159 2803 4215 Fredcrici
2833 4159 3020 4216 seculo
3054 4175 3256 4215 renun-

1664 4251 1846 4319 ciavit,
1872 4260 1925 4307 et
1952 4252 2225 4307 adhcrens
2247 4249 2600 4321 discipulatui
2624 4250 2831 4321 praefati
2858 4252 3027 4322 patris
3055 4251 3257 4323 praedia

1666 4358 1765 4399 sua
1788 4354 1842 4400 et
1862 4342 2194 4414 patrimonia
2216 4341 2479 4398 aecclesia:
2513 4341 2677 4397 dedit.
2714 4340 3041 4398 Godefridus
3072 4358 3258 4399 comes

1665 4445 1820 4508 pater
1850 4436 2149 4492 Borracum
2178 4434 2347 4503 dedit,
2380 4434 2506 4491 inde
2542 4433 2715 4491 relato
2742 4434 2854 4490 [ilio
2874 4450 2976 4492 suo
3005 4435 3075 4491 ab
3105 4434 3257 4492 Italia

32 4527 131 4583 sum,
157 4536 358 4595 argento
386 4541 441 4587 et
473 4546 617 4587 auro
646 4530 987 4598 decoratum,
1034 4532 1181 4602 quod
1225 4530 1404 4587 attulit
1431 4545 1556 4586 cum
1590 4529 2004 4593 DAdalbcronc
2051 4528 2334 4601 episeopo,
2379 4544 2507 4585 cum
2549 4543 2676 4584 eum
2720 4536 2975 4600 parentes
3026 4528 3146 4600 ejus
3201 4527 3257 4583 in

31 4618 201 4677 θθτροτρ
229 4617 468 4688 ejusdem
510 4638 544 4676 a
578 4619 939 4678 Nichomedia
982 4622 1325 4679 Coloniensis
1348 4622 1560 4693 episco-

31 4704 227 4777 Pusis"),
264 4721 548 4783 optentum
586 4714 731 4771 dono
759 4714 1349 4785 Constantinopolitani
1383 4715 1558 4784 impe-

31 4797 192 4865 ratoris,
218 4802 325 4871 (fol.
360 4805 497 4878 77‘.)
524 4807 745 4877 quando
771 4822 870 4877 pro
892 4808 1013 4878 ejus
1056 4806 1164 4861 tilia
1208 4804 1393 4876 Ottoni
1428 4802 1472 4858 ll
1506 4805 1559 4858 in

31 4888 311 4972 matrimonio
331 4899 614 4972 jungenda
631 4898 790 4971 jussu
818 4900 1064 4971 ejusdem
1082 4896 1298 4955 Ottonis
1319 4898 1385 4954 ad
1408 4914 1563 4953 eum-

31 4971 112 5030 dctn
141 4980 509 5054 imperatorem
536 4990 751 5062 legatus
779 4989 984 5045 missus
1014 4999 1117 5056 est,
1147 5005 1269 5044 cum
1295 4988 1565 5059 episcopis

31 5063 206 5139 duobus,
229 5078 457 5138 ducibus
484 5093 539 5138 et
564 5083 879 5139 comitibus.
915 5081 982 5137 Et
1011 5098 1160 5147 cum,
1206 5081 1439 5152 optentis
1466 5096 1564 5150 pro

32 5161 174 5225 litibus
194 5170 340 5239 ierat,
362 5176 649 5231 licentiam
684 5176 945 5232 redeundi
972 5176 1292 5245 accepisset,
1317 5181 1372 5228 et
1393 5173 1564 5242 impe-

31 5261 133 5312 rInter
156 5261 197 5314 ei
226 5267 504 5338 sociisque
552 5269 671 5338 ejus
706 5284 935 5325 munera
976 5269 1132 5339 plura
1165 5266 1474 5337 optulisset,
1512 5272 1566 5321 et

32 5347 213 5417 recipere
233 5359 566 5429 renuissent,
592 5376 793 5434 corpus
817 5361 995 5419 sancti
1021 5358 1373 5417 Pantaleonis
1402 5357 1470 5413 ab
1499 5372 1564 5412 eo

1663 4623 1910 4679 aacclesia
1957 4620 2015 4677 S.
2042 4620 2228 4678 Vitoni
2273 4621 2493 4693 sepeliri
2549 4620 2923 4688 mandassent,
2965 4630 3020 4676 et
3067 4628 3256 4677 contra

1663 4731 1856 4772 eorum
1895 4716 2233 4772 voluntatem
2280 4716 2335 4772 in
2380 4716 2627 4772 :ecclesia
2684 4714 2740 4770 S.
2784 4714 2967 4769 Mariae
3014 4713 3259 4783 sepultus

1666 4806 1879 4874 fuisset,
1913 4823 2013 4878 pro
2042 4808 2228 4879 requie
2257 4808 2455 4863 animae
2480 4807 2626 4863 illi'us
2662 4808 2931 4863 dederunt
2966 4805 3023 4860 S.
3058 4803 3258 4861 Vitono

1668 4894 1978 4955 Forbacum
1997 4899 2155 4972 (88‘).
2175 4901 2244 4955 At
2266 4916 2398 4955 vero
2427 4899 2814 4965 llerimannus,
2842 4898 2937 4969 qui
2960 4906 3015 4952 et
3036 4895 3256 4965 Hercle,

1668 4989 1840 5045 tilium
1885 5007 2048 5046 suum
2093 4989 2414 5063 Gregorium
2479 4991 2533 5045 in
2577 4988 2735 5044 annis
2790 4988 3092 5059 puerilibus
3145 4987 3259 5043 Deo

1669 5080 1884 5148 obtulit,
1928 5089 1981 5136 et
2019 5097 2239 5137 omnem
2283 5082 2633 5137 devotionem
2700 5096 2858 5135 suam
2910 5081 2979 5137 ad
3025 5079 3258 5136 eundem

1667 5171 1851 5227 locum
1888 5158 2069 5227 vertit.
2124 5172 2279 5228 Dedit
2324 5172 2473 5227 enim
2531 5170 2588 5226 S.
2646 5170 2809 5227 Petro
2869 5183 2922 5228 et
2949 5171 3007 5227 S.
3060 5170 3259 5229 Vitono

1670 5262 1876 5320 Haslud
1908 5280 2034 5320 cum
2080 5265 2352 5331 (ecclesia,
2377 5264 2432 5319 in
2463 5264 2695 5321 Fesseca
2735 5282 2901 5321 unam
2946 5265 3258 5332 ecclesiam,

1617 5401 1625 5413 .
1668 5356 1724 5411 in
1790 5356 2166 5430 Rotgericorte
2220 5357 2288 5411 i9.
2352 5372 2576 5445 mansos
2657 5358 2713 5413 in
2767 5356 3272 5461 Ermefredegchen'

1270 5469 1504 5527 VARle
1546 5468 1950 5526 LECTIONES.

71 5554 123 5585 m
141 5560 206 5614 itu
233 5580 275 5616 t'.

1510 5648 1742 5707 NOTAE.

69 5738 158 5805 (37)
190 5744 342 5801 Gem.

72 5809 161 5882 188)
186 5813 532 5893 Commorcy.

1745 5739 1884 5799 188‘)
1931 5742 2199 5800 Fet-bach.
