3834 6304
599 348 703 405 2H

1605 352 1904 414 HUCONIS
1937 356 2228 415 ABBATIS
2264 358 2831 420 FLAVINIACENSIS
3681 371 3752 427 Eli

604 477 774 520 unam
813 464 1135 522 ecclesiam.
1184 463 1259 522 De
1299 466 1384 522 his
1427 465 1628 523 factum
1672 478 1757 525 est
1777 480 1901 541 post
1947 483 2176 544 mortem
2202 480 2252 539 Α
2279 476 2463 543 seculi,
2508 477 2593 531 hic
2635 476 2914 549 expectabo
2962 473 3103 530 diem
3138 471 3368 531 Domini.
3412 474 3491 532 hi
3531 477 3752 539 missarum

609 556 733 627 ejus
762 558 1164 624 concamhium,
1188 567 1241 613 et
1262 558 1408 613 dedit
1435 574 1534 629 pro
1554 560 1640 617 his
1664 577 1848 619 comes
1881 564 2179 623 Balduinus

609 643 965 702 Flandrensis
1002 645 1302 702 Bonviliare
1344 662 1468 702 cum
1513 648 1737 706 dimidia
1785 653 2034 722 ecclesia,
2073 652 2181 710 He-

615 752 815 807 vcnges
869 736 1117 792 similiter
1153 752 1279 792 cum
1326 738 1571 807 dimidia,
1616 740 1670 795 in
1719 741 1955 799 Vitereio
1994 745 2182 802 vineas

609 841 736 881 cum
770 826 1004 896 quadam
1042 839 1194 895 parte
1229 827 1509 896 iecclesiae,
1562 830 1617 884 in
1642 829 1839 887 liarvia
1862 832 1932 887 50
1959 849 2182 891 mansos

613 933 738 973 cum
772 916 974 970 familia
1009 931 1226 987 magna.
1267 916 1353 989 (ϐ.
1394 918 1563 980 ,Vird.
1600 920 1679 993 9.)
1725 920 1851 979 Sine
1872 923 1978 978 isto
2000 931 2181 980 tamen

612 1008 929 1063 concamhio
940 1006 1174 1062 tradidit
1208 1008 1388 1065 adhuc
1410 1009 1648 1081 prmfata:
1666 1013 1924 1069 :ecclesiae
1944 1013 2181 1069 Monnau

613 1107 668 1154 et
701 1098 1001 1153 mcclcsiam
1042 1115 1168 1154 cum
1203 1100 1341 1157 silva
1378 1103 1656 1173 spaciosa;
1682 1103 1998 1175 Fontagiam
2044 1119 2182 1176 quo-

605 1205 711 1259 que
742 1205 870 1245 cum
910 1190 1117 1247 familia
1156 1201 1209 1248 et
1237 1193 1393 1249 vinea
1433 1196 1657 1275 optima.
1701 1195 1857 1253 Dedit
1878 1198 2039 1253 etiam
2082 1212 2182 1268 pro

610 1281 791 1336 anima
827 1282 923 1337 lilii
953 1281 1233 1339 Godcfridi
1259 1299 1328 1341 ex
1355 1287 1659 1343 concubina
1694 1288 1836 1356 nati,
1869 1288 1923 1343 in
1944 1289 2183 1346 claustro

606 1375 882 1444 tumulati,
920 1390 1028 1430 non
1056 1385 1239 1433 tamen
1269 1379 1427 1449 juxta
1469 1379 1668 1437 fratres
1700 1389 1755 1438 et
1780 1391 2010 1453 patrem,
2044 1384 2183 1442 duas

603 1466 905 1533 mcclesias,
952 1482 1188 1537 quarum
1240 1484 1348 1524 una
1398 1470 1595 1528 dicitur
1659 1470 1817 1541 llam,
1875 1473 1981 1530 alia
2040 1473 2183 1532 Gen-

611 1558 821 1629 geavia.

682 1648 735 1704 9.
778 1647 928 1704 Fecit
952 1656 1008 1706 et
1040 1658 1217 1707 vestes
1253 1661 1496 1710 sacratas
1526 1654 1579 1709 in
1622 1654 1868 1713 aecclesia
1895 1656 2185 1727 preciosis-

612 1736 802 1795 simas.
847 1738 915 1795 Et
956 1756 1082 1798 cum
1120 1744 1421 1800 aacclesiam
1454 1745 1630 1817 ipsam
1657 1762 1769 1818 prie
1797 1749 2013 1806 cunctis
2035 1761 2185 1804 mor-

2280 565 2465 637 itaqne
2492 566 2813 637 sollempnia
2839 566 2955 633 ivit,
2987 574 3043 622 et
3070 580 3197 621 cum
3224 566 3642 625 communicasset
3662 574 3755 628 vivi-

2277 654 2398 710 ficis
2452 656 2750 728 mysteriis,
2815 656 3005 711 dolore
3064 656 3454 726 aliquantulum
3501 659 3677 729 pulsata
3710 665 3755 717 ad

2278 745 2473 799 cellam
2509 745 2692 812 rediit,
2721 754 2775 801 et
2799 744 3122 800 adveniente
3150 746 3270 801 viro
3294 744 3387 801 Dei
3407 761 3523 802 cum
3546 746 3754 815 fratribus,

2278 835 2485 891 exitum
2512 852 2676 891 suum
2712 836 3057 892 orationibus
3089 837 3295 891 muniri
3316 836 3483 907 petiit,
3507 846 3555 893 et
3583 838 3647 893 sic
3664 840 3758 895 inter

2281 941 2482 983 manus
2514 928 2635 997 ejus
2673 926 2729 982 in
2758 928 2941 984 cinere
2979 936 3034 983 et
3057 927 3238 983 cilicio
3273 942 3332 983 se
3371 927 3633 996 reclinans,
3665 930 3759 985 inter

2279 1018 2445 1073 verba
2478 1018 2742 1075 orationis
2780 1018 2903 1074 laeta
2942 1018 3198 1089 spiritum
3220 1018 3434 1074 efﬂavit.
3474 1018 3759 1075 Etreoedcatc

2280 1106 2437 1164 beata
2462 1107 2667 1174 anima,
2691 1117 2844 1164 tanta
2870 1108 2981 1164 illic
3001 1108 3277 1164 emanavit
3300 1107 3565 1179 ﬂagrantia
3587 1109 3645 1142 '“
3673 1110 3761 1165 odo-

2281 1198 2383 1266 ris,
2435 1206 2500 1255 ut
2536 1199 2672 1255 nulli
2724 1200 2952 1255 dubium
3001 1198 3144 1255 foret
3177 1199 3397 1255 venisse
3431 1199 3531 1255 illic
3560 1209 3760 1255 auctorem

2282 1290 2592 1347 suavitatis.
2634 1289 2897 1347 Curatum
2939 1305 3071 1346 sane
3095 1298 3182 1347 est
3216 1305 3416 1361 corpus
3448 1290 3557 1361 ejus
3579 1290 3651 1361 pia
3676 1290 3761 1346 reli-

2282 1378 2563 1452 giosorum
2612 1379 2892 1447 instantia,
2935 1388 2989 1435 et
3034 1394 3213 1451 usque
3251 1379 3310 1433 in
3338 1378 3478 1434 diem
3513 1379 3691 1434 tertium
3712 1379 3762 1449 ,in

2282 1470 2528 1527 maciesia
2560 1471 2649 1542 pia
2680 1479 2957 1527 servatum
2991 1470 3360 1527 sollicitudine
3384 1479 3437 1524 et
3458 1469 3705 1533 industria;
3729 1478 3763 1524 et

2284 1563 2366 1620 sic
2415 1563 2644 1620 sabbato
2690 1572 2883 1620 sancto
2924 1572 3085 1619 terrae
3125 1563 3442 1618 mandatum
3488 1577 3597 1617 cum
3632 1561 3761 1631 gloria.

2286 1653 2392 1727 (Cf.
2419 1651 2483 1709 G.
2518 1652 2668 1709 Vird.
2687 1653 2766 1725 9.)
2788 1652 2849 1708 In
2870 1654 2977 1710 hoc
2996 1654 3335 1709 monasterio
3357 1652 3575 1708 domnus
3591 1650 3763 1705 Lietim-

2283 1742 2389 1799 dus
2425 1757 2612 1799 comes
2667 1743 2735 1798 de
2777 1741 3014 1799 Marceio
3058 1743 3126 1800 ad
3182 1743 3574 1799 conversionem
3608 1742 3763 1797 veniens

617 1831 816 1890 talibus
867 1834 985 1889 suis
1026 1834 1253 1892 ditasset
1299 1838 1457 1894 bonis
1474 1814 1550 1894 vet
1609 1814 2069 1909 possessionibus,
2114 1814 2258 1900 ad.l3
2287 1833 2593 1892 Bailodium
2629 1836 2880 1904 contulit.
2924 1844 2980 1891 ει
3016 1836 3205 1893 multis
3244 1836 3409 1892 annis
3450 1836 3503 1892 in
3532 1845 3684 1892 SIMO
3709 1834 3762 1888 τί-

611 1922 863 1978 ultimum
898 1925 1248 1996 semetipsum
1277 1927 1387 1984 Deo
1416 1930 1628 2000 optulit,
1682 1940 1737 1988 et
1782 1932 2082 1988 monachus
2110 1931 2187 1989 fa-

612 2022 736 2071 ctus
767 2025 870 2083 est,
899 2023 961 2072 ut
991 2015 1047 2072 in
1071 2026 1334 2073 aeternum
1370 2034 1495 2075 cum
1529 2021 1749 2079 Christo
1777 2032 2048 2094 regnaret.
2069 2023 2186 2081 Ma-

610 2104 799 2160 thildis
837 2114 1046 2173 autem,
1078 2121 1218 2163 uxor
1240 2107 1360 2178 ejus
1398 2109 1559 2181 digne
1596 2111 1991 2180 memorabilis,
2023 2113 2186 2171 bonis

608 2195 820 2267 pollens
842 2196 1137 2255 virtutibus
1162 2205 1216 2255 et
1244 2199 1634 2258 misericordiae
1657 2203 1882 2261 studens
1908 2205 2183 2276 Operibus,

608 2288 665 2343 in
697 2288 939 2345 claustro
964 2290 1137 2362 ipsius
1168 2292 1486 2350 monasterii
1523 2294 1776 2352 defuncta
1805 2297 2187 2354 venerabiliter

558 2452 563 2457 η
611 2378 848 2450 quiescit
874 2380 1119 2437 humata.
1145 2380 1318 2456 Cujus
1356 2384 1425 2441 ad
1452 2393 1615 2458 caput
1646 2385 1758 2442 filia
1791 2402 1981 2444 eorum
2008 2387 2187 2444 Odiiia

607 2472 765 2544 virgo
784 2475 1157 2532 sacratissima
1185 2476 1368 2534 locum
1384 2477 1549 2535 habet
1575 2478 1869 2550 sepulchri.
1902 2477 2040 2548 (Fol.
2074 2480 2187 2553 78.)

610 2561 689 2620 De
713 2565 818 2622 hac
839 2581 1018 2623 sermo
1038 2562 1236 2637 extitit,
1259 2578 1314 2625 et
1337 2583 1439 2627 nos
1461 2586 1494 2627 a
1521 2570 1831 2629 senioribus
1856 2571 2186 2643 audivimus,

610 2656 760 2729 quod
786 2672 1012 2731 egressa
1042 2674 1073 2714 a
1107 2659 1309 2717 finibus
1336 2658 1578 2720 Bavaria:
1600 2663 1809 2721 venerit
1829 2662 2134 2722 Virdunum
2152 2665 2189 2722 4

608 2745 747 2805 feria
776 2759 903 2808 ante
933 2761 1189 2808 sanctum
1214 2752 1356 2811 diem
1382 2755 1622 2825 paschae,
1656 2755 1847 2813 volens
1878 2773 2004 2814 cum
2035 2765 2190 2828 patre

609 2847 664 2893 et
696 2848 871 2897 matre
903 2849 958 2897 et
982 2839 1244 2900 fratribus
1275 2843 1420 2899 diem
1443 2845 1663 2915 pascha:
1688 2845 1980 2903 celebrare.
2010 2845 2188 2914 Quam

611 2943 739 2983 cum
783 2928 869 2984 vir
913 2929 1125 2987 Domini
1162 2932 1471 2991 Bicbardus
1505 2934 1738 2993 intuitus
1780 2936 2005 3006 fuisset,
2046 2938 2189 2996 inter

611 3020 810 3076 blanda
827 3022 1218 3082 consolationis
1233 3026 1492 3096 alloquia,
1520 3041 1590 3082 an
1621 3027 1829 3099 aliquid
1855 3029 2189 3088 inﬁrmitatis

612 3122 891 3185 pateretur
944 3114 1314 3191 interrogavit.
1342 3117 1461 3187 Qua
1504 3120 1869 3192 respondente
1906 3137 2098 3179 sanam
2130 3140 2189 3182 se

612 3224 757 3277 esse,
798 3218 854 3266 et
892 3210 1097 3267 nullius
1138 3212 1460 3284 egritudinis
1500 3213 1808 3271 molestiam
1857 3230 1916 3272 se
1954 3217 2185 3286 sentire;

615 3301 707 3357 ille
734 3302 1032 3372 pr0phetia:
1073 3303 1267 3374 spiritu
1305 3305 1521 3376 plenus,
1554 3304 1865 3378 praevidens
1902 3305 2189 3363 imminere

615 3399 835 3462 tempus
854 3392 1161 3449 vocationis
1186 3392 1307 3464 ejus
1334 3412 1347 3449 :
1395 3392 1540 3463 Vale,
1570 3395 1669 3463 ait,
1691 3393 1832 3465 ﬁlia,
1854 3411 1970 3450 vere
1997 3394 2188 3449 salutis

614 3492 825 3539 interna:
864 3483 1000 3555 ﬁlia.
1046 3483 1191 3539 Nam
1234 3502 1354 3540 cras
1402 3486 1592 3541 hacin
1628 3486 1762 3541 liora
1806 3486 2093 3542 assumeris
2133 3487 2190 3542 in

613 3573 820 3644 gloria;
872 3584 922 3631 et
962 3576 1179 3646 recipies
1235 3593 1269 3630 a
1316 3575 1425 3632 Deo
1459 3592 1556 3650 pro
1597 3577 1721 3633 bene
1768 3579 1926 3650 gestis
1967 3579 2190 3649 prwmia

612 3665 947 3737 sempiterna.
989 3663 1165 3739 Elegit
1204 3666 1345 3723 enim
1387 3674 1437 3724 te
1482 3664 1624 3723 Deus
1670 3668 1871 3723 sociam
1907 3685 2018 3724 esse
2064 3684 2191 3723 san-

613 3766 821 3812 ctarum
845 3759 1130 3830 virginum,
1155 3761 1283 3831 quia
1307 3759 1599 3829 jocundum
1627 3760 1677 3815 ei
1704 3761 1759 3815 in
1780 3761 1937 3816 corde
1963 3770 2053 3815 tuo
2078 3760 2189 3815 vir-

613 3851 855 3921 ginitatis
879 3853 1196 3924 praeparasti
1233 3851 1619 3908 habitaculum.
1641 3850 1934 3923 Obstupuit
1958 3852 2026 3908 ad
2048 3852 2190 3908 hanc

612 3954 807 3996 vocem
848 3941 924 4014 pii
970 3943 1145 4015 patris
1186 3943 1385 4000 ancilla
1429 3941 1547 4011 Dei,
1588 3953 1643 4000 et
1682 3945 1813 4015 quia
1854 3944 2034 3999 virum
2089 3942 2186 4000 Dei

616 4032 851 4089 credidit
870 4049 979 4090 non
1007 4050 1168 4107 posse
1187 4034 1427 4103 mentiri,
1452 4035 1633 4092 verbis
1656 4035 1777 4107 ejus
1805 4034 2024 4092 credula
2045 4036 2191 4107 cepit

612 4121 683 4179 de
712 4123 819 4180 ﬁne
856 4140 961 4182 suo
992 4134 1248 4195 tractare,
1271 4128 1546 4183 ‘excessus
1583 4140 1715 4183 suos
1752 4133 2104 4197 pertractare,
2135 4135 2190 4184 et

615 4213 937 4287 sull‘ragium
958 4216 1350 4274 consolationis
1370 4226 1425 4275 et
1439 4218 1703 4275 orationis
1730 4219 1800 4275 ab
1827 4233 1895 4275 eo
1914 4225 2185 4289 expetere.

613 4305 684 4361 At
710 4305 804 4363 ille
820 4316 983 4379 caput
1023 4318 1273 4366 sanctum
1295 4325 1463 4381 super
1494 4320 1686 4381 pectus
1705 4327 1866 4368 suum
1889 4310 2187 4378 reclinans,

609 4402 685 4463 et,
718 4397 877 4467 quasi
922 4397 1036 4468 jam
1072 4414 1171 4468 per
1215 4399 1679 4472 inwrruptioncm
1726 4401 2048 4472 corporiset
2079 4400 2191 4471 spi-

2288 1943 2422 1995 vens
2488 1928 2789 2000 proposito,
2856 1929 3074 1985 tandem
3132 1927 3507 1995 Cathalaunis,
3548 1944 3641 1999 quo
3678 1942 3761 1981 eum

2286 2019 2615 2077 obmdientia
2652 2020 2905 2087 miserat,
2953 2019 3245 2076 defunctus
3285 2029 3345 2076 et
3378 2020 3602 2090 sepultas
3628 2027 3709 2083 est,
3730 2026 3762 2071 et

2285 2110 2505 2167 demum
2541 2108 2770 2166 Virduni
2802 2109 3007 2166 relatus
3045 2109 3101 2165 in
3138 2110 3384 2166 claustro
3409 2110 3668 2165 tumulatus
3695 2115 3761 2161 est

2289 2199 2444 2273 (Vita
2480 2200 2846 2269 Richardt',9.)
2872 2198 3201 2258 Codetridus
3230 2199 3344 2257 dux
3380 2199 3637 2256 Gomlonis
3659 2196 3765 2251 frater

2288 2291 2490 2348 ibidem
2518 2292 2783 2363 sepultus,
2820 2291 2892 2348 29
2920 2306 3143 2348 mansos
3186 2291 3244 2346 in
3278 2289 3556 2348 Beurunes
3591 2288 3765 2354 detinet

2287 2394 2390 2437 sua
2412 2380 2784 2452 suppellectile
2821 2380 3001 2436 locum
3039 2379 3341 2436 admodum
3377 2378 3645 2451 ampliavit.
3667 2376 3764 2431 Dolo

2286 2473 2455 2529 etiam
2480 2473 2549 2529 de
2567 2472 2799 2530 Comitis
2820 2481 3003 2530 castro
3025 2472 3182 2544 juxta
3209 2471 3565 2531 Teodoricum
3589 2469 3764 2528 conbi-

2289 2562 2493 2621 ibidem
2537 2564 2596 2619 in
2636 2563 2888 2638 ingressu
2915 2563 3236 2621 monasterii
3258 2564 3510 2636 quiescit.
3544 2562 3765 2620 Ludovici!

2288 2669 2508 2726 quoque
2542 2670 2726 2713 comes
2757 2665 2813 2713 et
2848 2655 3172 2713 monachus.
3210 2654 3300 2729 (G.
3341 2655 3487 2712 γεω.
3522 2656 3572 2725 9,
3596 2649 3766 2724 “JH-

2289 2745 2494 2803 dradus
2519 2761 2703 2805 comes
2736 2745 3072 2804 Richardum
3106 2746 3282 2803 tilium
3315 2764 3475 2805 suum
3501 2756 3608 2819 post
3623 2744 3765 2815 episeo-

2288 2856 2417 2913 pum
2472 2842 2634 2899 beato
2676 2842 2819 2914 patri
2873 2843 3261 2915 baptizandum
3312 2843 3570 2910 on‘erens,
3612 2835 3765 2895 Batonis

2289 2942 2498 2989 curtem
2534 2944 2725 2990 sancto
2746 2932 2946 2991 Vitono
2985 2933 3162 3000 dedit,
3208 2943 3265 2990 et
3303 2932 3580 2990 defunctus
3601 2932 3646 2985 in
3676 2926 3765 2999 gali-

2289 3024 2373 3081 lea
2401 3025 2513 3099 (89)
2537 3025 2797 3082 tumulari
2834 3025 3055 3082 meruit.
3089 3023 3209 3080 Non
3241 3033 3332 3082 est
3370 3034 3544 3081 autem
3574 3020 3695 3078 facile
3715 3030 3767 3072 It-

2290 3116 2458 3187 ferre,
2479 3128 2613 3191 quot
2647 3119 2716 3175 de
2754 3118 2986 3176 diversis
3008 3119 3258 3191 partibus
3294 3118 3552 3186 Francia,
3583 3111 3770 3171 Neastriz

2288 3219 2344 3267 et
2372 3209 2693 3278 Austrasiae,
2728 3210 2928 3282 spretis
2955 3208 3251 3267 mundanae
3274 3210 3531 3267 vanitatis
3554 3202 3768 3267 illecebris.

2290 3302 2395 3359 sub
2427 3300 2717 3373 disciplina
2741 3310 2796 3357 et
2828 3301 3147 3373 magisterio
3179 3301 3365 3372 patris
3385 3298 3619 3356 Richardi
3639 3309 3767 3352 nolu-

2291 3391 2441 3448 sticae
2487 3406 2547 3447 se
2570 3389 2877 3446 subdebant
2917 3389 3189 3463 religioni.
3246 3389 3331 3447 ita
3378 3402 3595 3460 namque
3626 3386 3669 3441 in
3693 3382 3767 3452 cits

2290 3498 2475 3540 amore
2504 3500 2564 3541 se
2588 3482 2995 3540 transfuderant
3018 3499 3192 3555 reges,
3210 3484 3497 3556 pontifices
3513 3492 3561 3539 et
3581 3485 3767 3553 potentes.

2290 3585 2351 3632 ut
2382 3591 2600 3633 summo
2642 3592 2770 3633 eum
2827 3584 3219 3633 venerarentur
3262 3576 3494 3645 an‘ectu,
3546 3584 3594 3630 et
3628 3580 3768 3644 patrem

2289 3684 2417 3725 eum
2458 3669 2701 3726 dicerent
2721 3668 2912 3740 patria:
2944 3668 3015 3725 ob
3043 3678 3335 3739 paternum
3369 3669 3486 3740 ejus
3516 3680 3625 3738 erga
3643 3672 3769 3718 omnes

2289 3758 2565 3827 affectum,
2619 3774 2732 3830 quo
2781 3766 3008 3815 cunctos
3051 3755 3265 3814 fovebat
3292 3767 3350 3815 et
3393 3755 3651 3814 relevabat.
3688 3747 3770 3803 En!

2290 3848 2436 3905 enim
2463 3849 2589 3920 pius
2639 3847 2695 3904 in
2746 3848 2921 3914 vultu,
2966 3847 3303 3904 reverendus
3352 3846 3580 3911 incessu,
3619 3847 3770 3896 scietis

2288 3944 2435 4002 circa
2479 3941 2764 4014 reprobus,
2800 3940 2979 3996 dulcis
3020 3954 3151 4011 erga
3196 3939 3500 4007 benivolos,
3540 3934 3680 3991 forma
3708 3928 3803 3982 llo--

2289 4045 2503 4104 nestus,
2542 4033 2761 4091 actione
2795 4032 3154 4104 compositus,
3195 4030 3490 4102 praeferens
3519 4037 3692 4096 semper
3705 4019 3764 4073 II

2289 4134 2508 4183 nestum
2529 4124 2675 4194 utili,
2720 4124 2817 4196 qui
2848 4124 3000 4179 nullo
3045 4130 3275 4192 terrore,
3323 4122 3470 4178 nulla
3492 4114 3768 4175 adulatione:

2287 4232 2419 4276 vero
2446 4217 2752 4275 ﬂecteretur
2766 4258 2784 4286 ,
2828 4217 2886 4273 in
2911 4215 3300 4273 observatione
3341 4214 3533 4287 regula:
3564 4201 3769 4265 ferrendi-

2290 4310 2468 4368 simus
2493 4351 2511 4378 ,
2558 4311 2616 4367 in
2659 4309 2999 4381 corrigendis
3046 4308 3205 4365 viciis
3254 4303 3698 4378 prudentissimus.
3735 4291 3768 4343 ίη

2289 4402 2542 4460 castitate
2570 4402 3001 4470 cluentissimus,
3033 4400 3090 4456 in
3113 4398 3416 4456 exibitione
3448 4397 3675 4453 bonorum
3690 4394 3771 4453 οβ’

608 4487 753 4543 ritus
809 4488 1035 4544 alterata
1086 4498 1254 4556 esset,
1282 4505 1405 4545 eam
1462 4491 1800 4561 demulcens,
1846 4490 2185 4549 confortabat
2214 4499 2260 4555 ι)
2283 4510 2405 4551 rum
2436 4494 2887 4566 perfectissimus.

612 4579 866 4651 spiritum
901 4581 1021 4652 ejus
1057 4581 1114 4636 in
1159 4581 1410 4650 Domino,
1452 4597 1763 4654 proponens
1806 4585 2022 4639 beatam
2064 4598 2187 4641 eam

612 4672 749 4742 fore,
785 4689 951 4745 quam
984 4683 1193 4730 certum
1226 4683 1344 4731 erat
1383 4675 1453 4731 ad
1495 4676 1713 4748 nuptias
1736 4676 1861 4749 agni
1905 4674 2185 4734 festinare.

609 4764 745 4823 Post
782 4768 883 4824 hec
916 4783 1039 4824 eam
1076 4769 1301 4826 reficere
1329 4768 1518 4840 jussit,
1562 4772 1820 4827 omnibus
1862 4771 2189 4829 mirantibus

612 4860 888 4929 quomodo
921 4876 1041 4916 eam
1080 4877 1273 4917 sanam
1304 4871 1358 4917 et
1393 4871 1638 4933 vegetam
1669 4863 1723 4917 in
1754 4863 1998 4919 crastino
2019 4863 2190 4919 mori-

614 4958 793 5006 turam
814 4955 1127 5023 predixcrit.
1171 4954 1230 5010 In
1252 4955 1554 5011 crastinum
1580 4963 1760 5011 autem
1782 4956 1992 5027 liquore
2014 4958 2189 5012 sancti

512 5114 516 5119 ’
615 5043 724 5098 olei
766 5044 833 5099 ab
859 5060 926 5099 eo
963 5045 1205 5114 inuncta,
1250 5063 1375 5102 cum
1418 5047 1623 5102 nullam
1652 5045 1999 5119 gravedinem
2033 5055 2186 5116 pate—

511 5164 519 5175 -
614 5149 786 5203 retur,
824 5138 1078 5193 mandato
1119 5156 1420 5211 pauperum
1476 5156 1604 5196 cum
1646 5155 1712 5196 eo
1752 5138 2018 5205 interfuit,
2040 5148 2093 5195 ct
2132 5139 2187 5194 in

614 5229 809 5287 eodem
856 5246 967 5300 quo
1021 5232 1225 5287 laverat
1267 5234 1431 5303 pedes
1497 5249 1799 5305 pauperum
1852 5234 1973 5288 loco
2008 5233 2189 5288 virum

613 5319 836 5377 beatum
872 5320 1068 5376 intuita
1117 5340 1130 5375 :
1175 5321 1304 5389 Hec,
1339 5324 1432 5390 ait,
1472 5324 1671 5396 requies
1711 5338 1826 5379 mea
1854 5322 1909 5376 in
1937 5320 2188 5375 saeculum

2361 4586 2449 4641 io.
2493 4585 2676 4659 (1020)
2719 4584 3005 4641 Baldricus
3059 4583 3224 4656 igitur
3273 4579 3583 4639 Leodiensis
3625 4568 3770 4642 eris”

2288 4692 2394 4748 pus
2418 4677 2555 4750 (89')
2580 4692 2706 4734 cum
2734 4684 2954 4734 neatum
2977 4676 3158 4732 virum
3188 4675 3353 4731 unice
3374 4673 3619 4743 diligeret,

2290 4745 2443 4825 iiiuni
2484 4745 2754 4825 Lobiense
2782 4767 2990 4824 divitiis
3032 4766 3506 4839 opulentissimum
3548 4758 3592 4815 ei
3620 4745 3771 4811 tradidit

2289 4860 2609 4933 regendum,
2644 4868 2707 4917 ut
2732 4858 3005 4915 industria
3036 4858 3157 4929 ejus
3188 4857 3469 4930 religionis
3493 4855 3545 4908 in
3572 4863 3628 4905 eo
3655 4838 3769 4898 ταῦτ’

2291 4961 2467 5009 maret
2495 4952 2856 5024 propositum,
2885 4949 3034 5022 quod
3061 4949 3350 5005 videbatur
3375 4964 3407 5003 a
3431 4941 3637 5017 pristino
3652 4934 3773 5024 fit?"

2238 5084 2245 5091 .
2290 5014 2641 5101 inmutatum.
2682 5014 2856 5113 Cujus
2900 5014 3151 5113 exemplo
3186 5014 3486 5096 delectabili
3511 5014 3769 5114 ιη’(ινθσευῖῗ⁸

2290 5152 2418 5193 cum
2437 5136 2646 5192 videret
2665 5133 2978 5206 religiosam
3000 5132 3121 5202 ejus
3139 5127 3588 5187 conversationem
3607 5119 3652 5172 in

2291 5237 2347 5285 et
2372 5228 2579 5285 sanctis
2622 5200 2889 5291 moribus,
2935 5232 2991 5279 et
3032 5200 3439 5278 incrementum
3486 5202 3711 5282 religionis
3738 5200 3769 5247 α

2293 5319 2611 5375 monasticae
2653 5314 3009 5389 perfectionis
3058 5314 3116 5368 in
3145 5310 3397 5367 coenobio
3438 5303 3607 5362 codem
3642 5300 3771 5349 ειςτεο

1893 5431 2127 5487 VARUE
2164 5431 2565 5488 LECTIONES.

690 5522 758 5555 ’3‘
786 5524 863 5576 ila
896 5539 943 5576 c.

2063 5607 2291 5666 NOTAE.

686 5706 800 5778 (89)
838 5708 997 5778 Area,
1024 5704 1488 5778 nostrisgallerie.

688 5770 820 5850 (89‘)
863 5777 1164 5845 Wolbodo;
1190 5770 1269 5832 cf:
1286 5775 1425 5830 Ann.
1459 5772 1808 5860 Laubien‘scs.
1844 5771 1943 5828 SS.
1977 5770 2066 5839 ιν,
2096 5770 2181 5839 i8,

2302 5701 2461 5760 Ccsta
2495 5720 2615 5775 cpp.
2645 5702 2859 5760 Camer.
2886 5704 2921 5757 ι.
2954 5703 3006 5771 5,
3036 5716 3084 5758 c.
3128 5699 3211 5756 i5.
3242 5695 3340 5753 SS.
3372 5692 3479 5761 ΥΠ,
3511 5685 3602 5745 470
