3834 6304
83 375 182 433 213v

1266 370 1680 428 CIIRONICON.
1712 402 1777 410 η-
1799 369 1924 425 LIB.
1965 369 2027 424 ll.

3189 374 3294 430 ΞΗ

86 501 211 545 scere
247 485 472 557 gaudens
519 484 828 551 miraretur,
860 484 1001 556 cepit
1045 484 1159 557 jam
1195 487 1405 557 majora
1441 487 1614 542 medi-
1645 487 1689 543 A
1716 485 1793 539 sis
1828 484 2074 538 abbatias
2099 483 2147 537 ei
2195 481 2543 552 quamplures
2570 482 2806 547 tradidit,
2845 484 3114 539 abbatiam
3147 486 3296 540 scili-

85 579 185 645 tari,
221 586 270 633 et
305 578 358 632 in
400 576 659 632 suburbio
695 575 982 632 Leodiensi
1008 577 1064 632 in
1091 579 1297 633 honore
1336 577 1615 634 Laurentii

84 668 303 738 martyris
327 666 714 721 monaSterium
743 665 989 722 ediﬁcari
1029 668 1334 722 constituit.
1376 667 1614 724 Evocato

85 777 190 826 ergo
211 759 271 813 ad
297 773 353 814 se
381 757 572 813 eodem
603 758 816 824 abbate,
847 759 1178 814 desiderium
1214 775 1376 814 suum
1403 760 1454 815 ei
1482 775 1611 830 ape-

83 849 187 914 ruit,
209 857 257 901 rt
275 857 332 902 ut
350 847 602 902 desiderii
618 848 737 917 ejus
757 857 1074 918 cooperator
1088 848 1363 905 accederet
1385 850 1612 916 monuit,

83 951 123 994 et
165 940 453 994 obtestatus
488 949 572 995 est
601 941 844 996 adiciens
883 943 1113 996 multum
1147 941 1467 1011 perfectioni
1495 943 1616 1013 ejus

82 1044 214 1098 posse
256 1028 529 1097 proﬁcere,
575 1030 620 1084 si
655 1030 772 1100 ejus
806 1030 985 1085 studio
1029 1040 1084 1085 et
1126 1031 1395 1086 industria
1422 1031 1616 1087 domus

85 1119 160 1174 Dei
199 1127 548 1185 extrueretur,
595 1120 650 1173 in
694 1137 805 1190 quo
838 1121 958 1176 laus
999 1130 1052 1176 et
1080 1123 1248 1192 gloria
1295 1121 1391 1177 Dei
1422 1123 1616 1177 devote

82 1213 150 1267 die
195 1221 452 1283 noctuque
503 1212 888 1268 celebraretur.
941 1212 1083 1283 (Fol.
1148 1212 1278 1282 78’.)
1327 1213 1616 1284 Adquievit

83 1302 148 1355 vir
187 1300 429 1367 Domini,
483 1310 539 1357 et
564 1303 906 1374 congregatis
954 1302 1286 1370 artiﬁcibus,
1322 1304 1616 1375 delegatis-

82 1407 166 1461 que
215 1392 528 1448 necessariis
578 1395 924 1464 sumptibus,
971 1393 1190 1449 Christo
1242 1394 1465 1450 domino
1520 1395 1617 1450 ad—

78 1484 282 1554 iurante,
321 1491 374 1538 et
418 1485 579 1539 beato
618 1485 912 1541 Laurentio
959 1495 1316 1556 cooperante,
1361 1502 1498 1557 opus
1538 1487 1616 1541 in-

81 1575 292 1628 choatum
318 1574 534 1644 agiliter
561 1576 838 1645 perﬁcitur
882 1587 936 1632 et
961 1578 1244 1633 dedicatur
1262 1620 1276 1646 ,
1303 1588 1356 1634 et
1397 1578 1613 1646 fratres,

81 1665 153 1734 qui
173 1664 270 1719 Deo
302 1666 594 1723 cotidianis
625 1667 991 1735 desert-irent,
1021 1685 1088 1726 ex
1117 1670 1453 1726 monasterio
1484 1687 1615 1727 san-

79 1757 134 1810 cti
155 1754 316 1810 Vitoni
343 1756 722 1826 adducuntur;
746 1760 948 1829 quibus
974 1761 1096 1816 loco
1130 1761 1406 1830 praepositi
1441 1762 1619 1832 praeﬁ-

80 1844 191 1899 citur
224 1844 450 1902 domnus
502 1847 844 1918 Stephanus,
898 1849 992 1918 qui
1040 1850 1096 1904 in
1133 1848 1359 1919 pnefato
1386 1850 1617 1906 cenobio

79 1933 303 1991 eellerarii
323 1935 502 1994 ofﬁcio
529 1936 873 2009 fungebatur.
898 1937 1101 1995 Tactus
1129 1939 1294 1994 simili
1327 1940 1486 1997 bona:
1516 1940 1613 1997 de-

79 2029 272 2084 votionis
302 2029 584 2086 desiderio
631 2030 866 2086 domnus
913 2031 1206 2104 Rotgerius
1251 2033 1618 2091 Catalaunicae

78 2117 272 2175 civitatis
289 2121 604 2191 episcopus,
619 2121 888 2177 industria
901 2131 956 2178 et
975 2123 1160 2179 labore
1182 2123 1422 2194 ejusdem
1446 2125 1618 2195 patris

79 2205 294 2265 Richardi
321 2212 375 2266 in
399 2213 670 2268 suburbio
707 2213 1093 2271 Catalaunensi
1119 2216 1175 2270 in
1207 2217 1414 2272 honore
1440 2219 1617 2273 sancti

79 2295 196 2354 Petri
223 2303 610 2359 monasterium
652 2320 683 2359 a
713 2303 1080 2362 fundamentis
1111 2308 1455 2374 construxit,
1503 2319 1557 2366 et
1585 2325 1617 2366 a

80 2393 362 2450 monasterio
384 2393 631 2466 sepefato
651 2395 848 2452 fratres
871 2412 997 2452 cum
1018 2399 1175 2456 libris
1204 2408 1260 2454 et
1280 2403 1618 2460 ornamentis

79 2485 374 2553 necessariis,
405 2487 506 2558 qui
536 2487 670 2542 inibi
703 2488 1058 2558 deservirem,
1087 2491 1330 2560 deduxit,
1357 2501 1411 2549 et
1432 2493 1485 2548 in
1509 2493 1618 2550 vita

79 2573 273 2646 suaipse
298 2591 396 2648 per
412 2593 476 2634 se
517 2586 750 2651 utraque
793 2580 932 2636 rexit
963 2583 1316 2640 monasteria.
1345 2583 1500 2656 (Vita
1523 2584 1621 2640 Ri-

77 2666 244 2737 chardi,
263 2671 441 2743 ωε.)
469 2669 552 2728 De
571 2688 684 2744 quo
711 2673 815 2730 hoc
836 2673 1010 2730 fertur
1035 2675 1304 2745 mirabile,
1333 2678 1461 2748 quia
1491 2694 1616 2735 cum

78 2767 221 2816 times
240 2761 478 2820 ecclesia:
509 2766 688 2821 sancti
724 2765 1006 2823 Laurentii
1049 2768 1104 2823 in
1141 2769 1310 2824 altum
1347 2769 1462 2840 jam
1491 2786 1619 2842 por-

78 2859 220 2921 rectae,
263 2862 315 2910 et
346 2871 531 2927 usque
571 2857 638 2912 ad
681 2872 946 2914 cacumen
983 2859 1226 2928 elevatae,
1265 2863 1614 2931 postmodum

79 2946 265 3003 reclines
280 2948 619 3017 viderentur,
643 2958 697 3006 et
718 2951 775 3007 in
807 2951 966 3006 ruina
990 2967 1183 3007 eorum
1207 2953 1276 2985 ’⁸⁸
1299 2962 1445 3009 certa
1473 2965 1619 3012 esset

77 3032 263 3105 dejectio
295 3039 584 3106 περιθείη,
629 3040 714 3096 vir
748 3039 846 3095 Dei
875 3041 1190 3108 adveniens,
1233 3043 1475 3099 dolorem
1505 3043 1618 3101 fra-

79 3130 370 3197 trum,quem
393 3144 465 3184 ex
492 3127 642 3184 tedio
658 3129 976 3199 dcjiciendae
1001 3140 1056 3186 et
1081 3131 1280 3187 iterum
1302 3135 1616 3204 reparandae

79 3215 211 3272 turris
230 3217 517 3286 habebant,
558 3219 754 3275 blande
783 3222 1098 3278 consolatus
1125 3230 1236 3291 est;
1275 3233 1329 3279 et
1351 3235 1618 3281 nocturno

78 3311 274 3377 tempore
313 3311 622 3368 ecclesiam
652 3312 956 3384 ingressus,
997 3331 1123 3370 cum
1168 3315 1376 3373 diutius
1408 3317 1463 3372 in
1493 3334 1618 3374 ora-

79 3397 190 3456 tione
210 3412 600 3473 pernoctasset,
625 3406 812 3477 januis
837 3406 1123 3476 patefactis
1148 3424 1403 3480 egressus
1431 3420 1534 3477 est,
1564 3419 1619 3466 et

78 3488 233 3548 iterum
252 3497 484 3553 orationi
517 3498 842 3554 incumbens
864 3514 989 3554 cum
1019 3502 1368 3568 surrexisset,
1399 3504 1615 3574 signum

77 3586 222 3643 crucis
240 3589 420 3656 edidit,
448 3599 507 3646 et
529 3590 818 3647 confestim
841 3601 1042 3659 turres,
1072 3609 1194 3663 quae
1214 3595 1447 3651 reclines
1476 3595 1618 3652 vide-

76 3673 252 3746 bantur,
295 3683 426 3738 dato
466 3683 712 3738 maximo
764 3684 994 3754 strepitu
1046 3685 1102 3739 in
1147 3701 1268 3741 sese
1315 3688 1616 3745 resilientes

77 3764 425 3826 subsederunt:
458 3781 535 3837 et,
559 3781 620 3827 ut
646 3774 996 3828 cernentibus
1015 3781 1184 3844 patet,
1216 3774 1289 3830 ita
1315 3775 1369 3830 in
1397 3792 1454 3832 se
1477 3778 1615 3834 resi-

75 3855 254 3928 lierunt,
274 3871 333 3918 ut
359 3864 580 3920 cunctis
619 3865 798 3935 palam
843 3865 1068 3922 daretur
1095 3867 1340 3940 intelligi,
1371 3871 1616 3940 angelico

76 3946 116 4001 id
141 3949 318 4009 factum
349 3971 476 4012 esse
516 3955 842 4012 ministerio.
875 3955 1084 4015 Tantus
1116 3967 1296 4014 autem
1321 3961 1616 4018 resilientis

74 4039 116 4093 in
137 4058 186 4098 se
203 4054 489 4104 structura:
521 4048 764 4118 crepitus
790 4047 968 4106 factus
997 4061 1099 4119 est,
1128 4061 1189 4106 ut
1209 4051 1404 4108 fratres
1425 4069 1616 4109 mona-

75 4135 195 4188 sterii
217 4146 492 4196 tantorum
522 4150 994 4198 sacramentorum
1024 4143 1202 4214 ignari
1238 4159 1267 4198 a
1304 4144 1458 4200 lectis
1489 4163 1615 4201 cum

72 4229 269 4285 maximo
312 4234 513 4288 timore
553 4243 897 4305 exurgerent,
923 4243 1176 4305 putantes
1214 4236 1270 4289 in
1312 4236 1469 4292 ruina
1501 4245 1617 4293 tur-

73 4315 182 4372 rium
193 4337 344 4390 quam
357 4325 692 4381 verebantur
705 4327 967 4397 dejectam
981 4343 1102 4384 esse
1113 4336 1322 4398 partem
1334 4331 1610 4387 aacclesiae.

71 4405 188 4471 Quos
211 4415 289 4469 vir
317 4415 540 4474 Domini
562 4419 630 4474 ad
656 4421 1196 4476 consuetudinarium
1223 4423 1614 4480 matutinorum

1719 576 1843 629 licet
1865 576 2037 630 sancti
2060 574 2205 629 Petri
2235 575 2557 641 Gandensis,
2595 577 2866 631 abbatiam
2899 580 3071 634 sancti
3101 581 3300 635 Aman-

1717 668 1793 733 di,
1822 667 2095 721 abbatiam
2127 668 2298 722 sancti
2328 668 2554 734 Bertini,
2586 670 2857 724 abbatiam
2887 673 3060 726 sancti
3096 670 3295 728 Richa-

1717 758 1785 812 rii
1815 766 1870 812 et
1899 759 2174 812 abbatiam
2216 759 2390 813 sancti
2417 758 2628 814 Judoci.
2673 760 2829 814 Rexit
2869 769 2924 815 et
2951 762 3057 816 alia
3097 778 3295 832 quam-

1718 848 1951 917 plurima
1992 846 2261 913 ccnobia,
2318 847 2740 915 Bretulicnsem,
2798 849 3292 914 llumulariensem,

1718 939 1891 993 sancti
1919 937 2165 1004 Quintini
2181 939 2247 993 de
2269 937 2468 1005 Monte,
2495 942 2667 996 sancti
2689 941 3092 1011 Wandregisili,
3117 946 3296 999 sancti

1719 1026 1966 1096 Huberti,
2015 1029 2188 1084 sancti
2224 1027 2495 1096 Remacli,
2535 1031 3107 1099 Malmundarienscm,
3150 1034 3314 1096 Wals;

1719 1118 2105 1186 tiodorensem,
2147 1118 2408 1186 Belliloci,
2453 1122 2626 1176 sancti
2680 1121 2907 1189 Urbani,
2942 1124 3117 1178 sancti
3162 1124 3326 1179 Vin--

1719 1209 1879 1264 centii
1907 1209 2189 1266 Mettensis
2240 1211 2452 1279 insulze,
2495 1221 2549 1266 et
2589 1213 2692 1267 alia
2741 1215 2995 1283 perplura
3024 1231 3148 1286 qua:
3181 1231 3292 1271 non

1719 1310 2018 1357 occurrunt
2048 1303 2345 1368 memoriae,
2379 1319 2516 1374 quas
2541 1319 2732 1360 omnes
2753 1305 2807 1359 in
2841 1307 3116 1362 meliorem
3141 1323 3301 1378 repa:

1719 1392 1861 1447 ravit
1893 1401 2116 1462 statum,
2144 1403 2199 1449 et
2222 1395 2524 1450 melioratis
2554 1396 2776 1452 abbates
2798 1399 2864 1452 de
2885 1399 2999 1454 suis
3022 1417 3163 1470 quos
3188 1402 3298 1458 elc—

1718 1484 1797 1554 git
1825 1484 2079 1540 instituit.
2125 1485 2425 1542 Cenobium
2472 1503 2601 1542 vero
2639 1487 2900 1557 Belliloci,
2935 1494 3104 1547 sancti
3152 1493 3297 1551 Petri

1717 1575 2156 1644 Catalaunensis,
2195 1579 2372 1634 sancti
2413 1577 2619 1634 Urbani
2655 1581 2726 1611 "°
2780 1581 2896 1650 ipse
2936 1583 2990 1635 in
3038 1583 3147 1638 vita
3198 1601 3298 1640 sua

1717 1668 1876 1722 rexit.
1901 1666 2124 1724 Preerat
2153 1677 2284 1724 tunc
2305 1669 2686 1725 Cameracensi
2709 1670 2968 1726 azcclesiae
2988 1682 3041 1727 et
3071 1673 3299 1728 Atreba-

1720 1758 1859 1813 tensi
1891 1757 2166 1814 Gerardus
2186 1760 2511 1815 venerabilis
2534 1761 2844 1832 episcopus.
2880 1760 2978 1817 Hic
2999 1763 3300 1819 azcclesiam

1719 1851 1896 1906 sancti
1935 1850 2155 1906 Vedasti
2199 1853 2254 1906 in
2301 1853 2567 1908 suburbio
2609 1853 2956 1909 Atrebatensi
3002 1854 3183 1922 sitam,
3235 1857 3303 1912 de

1719 1939 1973 1995 maximis
1999 1940 2208 1996 divitiis
2250 1942 2318 1996 ad
2350 1943 2645 1997 maximam
2688 1943 2964 1998 redactam
2990 1944 3301 2014 penuriam,

1718 2045 1863 2086 anno
1896 2031 1967 2087 ab
2016 2031 2394 2089 incarnatione
2429 2033 2646 2100 Domini
2697 2033 2834 2088 1008
2866 2035 2994 2091 huic
3029 2037 3168 2106 patri
3200 2053 3302 2092 no-

1719 2132 1852 2188 stro,
1901 2137 2064 2193 quem
2095 2124 2256 2180 unice
2285 2125 2562 2198 diligebat,
2616 2126 2943 2197 assignavit;
2985 2128 3041 2182 in
3081 2145 3189 2200 qua
3219 2130 3305 2186 vir

1717 2210 1932 2267 Domini
1963 2222 2110 2269 tanta
2137 2216 2246 2286 egit
2285 2225 2339 2271 et
2358 2231 2556 2286 passus
2581 2226 2684 2284 est,
2711 2225 2791 2284 ut,
2834 2218 2879 2275 si
2912 2219 3128 2290 singula
3165 2222 3304 2277 scri-

1717 2302 1994 2371 berentur,
2027 2313 2080 2358 et
2116 2305 2303 2360 lectori
2334 2314 2394 2361 ut
2414 2321 2605 2361 vereor
2638 2307 2844 2363 tedium
2873 2316 2927 2364 et
2956 2309 3304 2367 audientibus

1720 2404 2048 2465 generarent
2078 2394 2388 2466 fastidium;
2429 2399 2526 2454 sed
2565 2399 2632 2454 de
2663 2400 2850 2456 multis
2877 2417 3052 2471 pauca
3075 2400 3305 2457 dicenda

1718 2494 1868 2552 sunt,
1901 2496 1956 2543 et
1982 2486 2216 2545 fortasse
2250 2490 2438 2546 utilius
2477 2491 2796 2561 proderunt.
2835 2491 3092 2549 Dicamus
3119 2491 3304 2562 itaque

1717 2576 1848 2647 quid
1881 2593 2065 2633 rerum
2096 2578 2486 2645 intercesserit,
2527 2589 2590 2634 ut
2635 2581 2704 2636 ad
2753 2580 2992 2652 inopiam
3025 2580 3302 2654 redigere-

1719 2675 1806 2721 tur
1833 2667 1994 2725 locus
2025 2677 2299 2745 tantarum
2319 2670 2656 2726 divitiarum.
2683 2669 2804 2727 Non
2825 2678 3008 2728 autem
3039 2671 3178 2740 visa,
3205 2672 3303 2730 sed

1717 2775 1750 2817 a
1778 2761 2091 2820 senioribus
2120 2763 2303 2819 audita
2325 2761 2638 2821 referimus.

1789 2854 1876 2909 ll.
1906 2852 2142 2921 Quidam
2165 2855 2522 2912 servientium
2559 2855 2732 2912 sancti
2762 2854 2980 2912 Vedasti
3007 2855 3063 2910 in
3091 2862 3302 2912 tantam

1715 2955 1970 3016 eruperat
1995 2946 2326 3016 proterviam
2350 2946 2442 3015 "7,
2471 2947 2526 3001 in
2557 2954 2766 3002 tantam
2801 2956 3120 3003 excrcverat
3149 2946 3304 3004 inso-

1716 3037 1960 3105 lentiam,
2001 3037 2131 3108 quia
2171 3036 2451 3107 aliquanto
2489 3036 2836 3093 necessarius
2862 3047 2984 3094 erat
3013 3037 3299 3105 aecclesim,

1720 3138 1779 3184 ut
1819 3128 1962 3186 infra
2001 3129 2202 3184 atrium
2238 3129 2556 3185 monasterii
2594 3130 2817 3185 domum
2857 3130 2961 3185 sibi
2995 3130 3302 3186 constitue-

1721 3229 1802 3276 ret
1830 3237 2040 3292 magna:
2071 3221 2374 3277 altitudinis
2405 3230 2460 3276 et
2492 3220 2830 3278 fortitudinis
2859 3221 3020 3292 quasi
3057 3235 3159 3292 pro
3197 3221 3326 3276 tui-.

1720 3313 1867 3368 tione
1892 3313 2018 3368 loci.
2053 3311 2157 3368 Sed
2182 3323 2341 3368 nacta
2380 3313 2748 3384 oportunitate
2769 3314 3120 3369 contumatiae
3140 3328 3301 3368 exer-

1718 3404 1922 3471 cendaa,
1961 3405 2323 3460 secularitatis
2353 3404 2409 3460 in
2459 3405 2799 3462 monasterio
2828 3405 3295 3476 superabundanti

1717 3495 1923 3552 desidia
1953 3506 2300 3568 provocatus,
2326 3497 2739 3570 propugnacula
2763 3498 2957 3566 erexit,
2998 3496 3299 3554 inﬁrmiora

1720 3588 1973 3654 munivit,
2014 3596 2070 3643 et
2096 3604 2205 3644 non
2227 3589 2340 3660 jam
2372 3605 2473 3660 pro
2507 3590 2652 3658 loco,
2678 3590 2774 3648 sed
2816 3597 3007 3646 contra
3030 3590 3214 3646 locum
3249 3599 3306 3648 et

1717 3679 1888 3736 Deum
1925 3679 2187 3736 rebellare
2215 3680 2371 3737 nisus
2391 3689 2495 3749 est,
2519 3682 2664 3738 bona
2687 3682 2949 3738 mcclesiae
2969 3681 3298 3752 diripienda,

1716 3773 2042 3830 vernaculos
2069 3782 2124 3830 et
2147 3775 2432 3832 ancillulas
2461 3775 2680 3831 sibimet
2709 3775 3072 3848 aggregando,
3096 3791 3297 3832 canum

1720 3866 1957 3934 turbam,
2004 3867 2332 3923 histrionum
2376 3876 2430 3924 et
2471 3885 2789 3924 scurrarum
2821 3868 3061 3938 ineptam
3100 3883 3302 3939 conge-

1717 3959 1853 4014 riem
1889 3959 2230 4026 deducendo,
2267 3976 2368 4016 nec
2405 3976 2500 4017 eos
2541 3961 2610 4015 ab
2653 3960 2900 4031 ingressu
2946 3959 3171 4015 claustri
3207 3975 3301 4014 ar-

1716 4051 1930 4107 cendo:
1970 4050 2088 4123 (fol.
2123 4051 2212 4123 79)
2240 4067 2365 4107 cum
2395 4051 2576 4122 potius
2619 4052 2732 4122 ipse
2780 4052 2833 4106 in
2879 4067 2946 4107 eo
2995 4043 3305 4124 obsequen-

1718 4142 1854 4195 tium
1883 4141 2116 4212 stipatus
2153 4142 2341 4197 cuneis
2369 4142 2588 4197 assidue
2616 4141 2849 4208 sederet,
2893 4151 2946 4196 ct
2984 4141 3299 4198 habitacula

1719 4248 2003 4289 servorum
2036 4232 2132 4288 Dei
2161 4233 2373 4288 actibus
2414 4233 2616 4287 illicitis
2647 4233 3034 4303 pr0phanaret.
3082 4231 3185 4288 Ubi
3207 4248 3304 4288 ve-

1719 4339 1782 4380 ro
1823 4325 1908 4379 vir
1950 4323 2046 4380 Dei
2085 4323 2395 4379 cmnobium
2435 4323 2614 4392 ipsum
2641 4323 2939 4394 regendum
2961 4325 3218 4394 suscepit,
3247 4333 3305 4378 et

1720 4434 1748 4471 a
1789 4417 2079 4483 fratribus,
2129 4415 2328 4486 quibus
2380 4423 2498 4470 erat
2536 4430 2694 4470 mens
2741 4415 2956 4481 sanior,
3011 4425 3301 4484 susceptus

73 4499 544 4576 ulliciuminvitans,
565 4509 680 4580 ipse
695 4527 820 4567 cum
842 4513 922 4568 eis
937 4511 1203 4580 interfuit,
1219 4522 1274 4569 et
1290 4531 1450 4571 mane
1471 4514 1615 4572 facto
1646 4536 1692 4596 ι)
1718 4519 1820 4576 est,
1852 4526 1964 4564 non
1995 4519 2079 4564 est
2105 4523 2299 4578 passus
2321 4516 2527 4562 tantam
2560 4507 2756 4563 domus
2791 4506 2885 4563 Dei
2926 4507 3109 4562 videre
3133 4506 3297 4562 deso-

73 4591 290 4655 beneﬁcia
330 4600 554 4657 Domini
594 4603 768 4660 oculis
819 4605 1051 4662 videnda
1081 4607 1424 4674 monstravit,
1449 4617 1615 4680 atque

72 4683 122 4737 ad
135 4701 349 4746 amorem
373 4709 472 4750 eos
503 4695 639 4749 tanti
662 4695 908 4751 beneﬁcii
939 4697 1212 4769 largitoris
1247 4700 1476 4756 miriﬁce
1497 4702 1615 4756 ani-

73 4779 222 4834 mavit.
246 4780 414 4854 Hujus
438 4786 690 4842 miraculi
712 4788 866 4844 testis
885 4799 967 4844 est
991 4798 1102 4846 tota
1134 4790 1520 4848 Leodiensium
1545 4793 1618 4849 ci-

73 4866 199 4936 Vitas,
211 4883 258 4927 et
270 4886 448 4944 patres
465 4879 562 4948 qui
573 4879 826 4935 viderunt
841 4891 1196 4938 narraverunt
1217 4899 1281 4938 ea
1294 4884 1439 4950 ﬁliis,
1452 4892 1505 4940 et
1519 4883 1616 4939 lilii

74 4955 270 5020 ﬁliorum
296 4967 440 5035 ﬁliis,
471 4978 530 5024 ut
558 4979 911 5042 cognosceret
931 4975 1205 5043 generatio
1229 4975 1416 5028 altera.
1449 4975 1613 5030 Tem-

74 5051 260 5112 poribus
301 5056 406 5113 illis
449 5058 862 5129 principabatur
911 5060 1138 5117 Francis
1183 5062 1474 5130 Robertus,
1518 5065 1614 5134 qui

73 5134 406 5201 Constantiam
429 5149 588 5204 duxit
618 5166 864 5206 uxorem.
904 5151 1004 5209 llic
1030 5160 1113 5208 ter
1139 5154 1299 5209 beato
1342 5157 1483 5226 patri
1510 5173 1613 5211 no-

75 5237 163 5284 stro
187 5234 451 5293 abbatiam
489 5242 662 5296 sancti
692 5242 836 5297 Petri
873 5243 1285 5302 Corbeiacensis
1319 5249 1611 5317 regendam

75 5323 378 5392 contradidit,
413 5336 474 5381 ut
499 5329 618 5398 ejus
649 5330 991 5388 institutione
1012 5342 1064 5387 et
1087 5334 1268 5404 vigore
1303 5323 1612 5390 servaretur

75 5405 116 5459 in
144 5424 200 5465 eo
229 5418 408 5487 regula
445 5421 615 5489 patris
638 5421 934 5490 Benedicti,
964 5432 1018 5478 et
1047 5424 1195 5494 rigor
1225 5425 1614 5482 reformaretur

75 5507 352 5564 monastica:
381 5511 758 5569 institutionis.
801 5515 1096 5570 Balduinus
1134 5532 1264 5570 vero
1308 5517 1610 5572 Flandren-

1721 4603 2012 4663 lationem;
2051 4600 2184 4670 quin
2211 4599 2379 4654 immo
2414 4601 2480 4655 ad
2507 4600 2626 4671 ejus
2659 4599 2989 4656 omnimodis
3018 4615 3075 4654 se
3110 4615 3302 4669 super—

1722 4695 1963 4750 extendit
1995 4692 2354 4763 ereptionem.
2383 4692 2656 4764 Cogitavit
2693 4702 2874 4748 tamen
2920 4691 2967 4746 si
3010 4700 3195 4760 posset
3228 4691 3292 4744 li-

1722 4786 1862 4841 berti
1898 4787 2044 4840 illius
2081 4785 2324 4839 emollire
2363 4785 2563 4840 mentis
2605 4784 2896 4849 duriciam,
2924 4792 2979 4837 et
3007 4782 3299 4836 verborum

1721 4877 2008 4932 dulcedine
2038 4877 2107 4908 ²⁸⁸
2135 4877 2305 4932 lenire
2346 4876 2697 4946 proterviam,
2743 4883 2803 4927 ut
2845 4885 3084 4929 cessaret
3109 4875 3178 4929 ab
3201 4890 3302 4945 op-

1720 4969 2001 5039 pressione
2035 4978 2090 5022 et
2127 4968 2538 5023 conculcatione
2569 4963 2846 5030 tecclcsiae,
2874 4965 2963 5019 cui
2990 4980 3090 5036 pro
3116 4965 3300 5024 debito

1718 5071 1771 5115 et
1788 5061 1911 5131 jure
1924 5068 2132 5115 natura:
2151 5042 2380 5114 debebat
2402 5056 2584 5126 potius
2611 5055 2834 5110 subesse
2857 5071 3023 5126 quam
3045 5072 3297 5127 praeesse.

1721 5153 1828 5207 Sed
1851 5167 2065 5206 servum
2082 5151 2285 5205 malum
2317 5165 2424 5202 non
2458 5147 2717 5218 frangunt
2742 5148 2903 5203 verba
2932 5149 3024 5205 sed
3049 5149 3297 5214 verbera,

1719 5245 1861 5300 sicut
1897 5244 2031 5299 dicit
2066 5241 2363 5312 Sapientia,
2389 5240 2650 5309 quoniam
2677 5241 2766 5311 qui
2810 5241 2996 5296 mentis
3035 5250 3110 5304 est
3150 5241 3300 5298 dum

1722 5325 1969 5405 suscipiet
2015 5335 2229 5388 vulnera
2279 5331 2458 5401 (Prov.
2501 5348 2688 5398 xxvm,
2728 5333 2832 5400 Μ).
2882 5332 2946 5387 Et
2981 5332 3105 5386 licet
3135 5333 3300 5389 verba

1721 5428 1987 5497 sapientis
2013 5427 2122 5480 sint
2163 5434 2422 5494 tanquam
2449 5425 2585 5480 clavi
2624 5425 2676 5478 in
2707 5425 2876 5478 altum
2901 5423 3082 5491 deﬁxi,
3112 5432 3298 5481 tamen

1722 5536 1828 5572 non
1853 5519 2023 5572 audiit
2063 5517 2260 5572 stultus
2286 5517 2447 5571 verba
2493 5517 2810 5586 prudentim,
2849 5516 2974 5588 quia
3005 5530 3114 5571 non
3154 5516 3300 5575 dice-

1331 5676 1560 5731 VARIIE
1602 5674 1996 5729 LECTIONES.

133 5795 192 5828 ³⁸⁵
210 5801 281 5855 ita
303 5820 348 5858 ε.

430 5807 499 5837 "‘3
529 5808 703 5878 aliqua
733 5827 907 5864 erasa.
988 5811 1051 5842 ²⁸⁷
1079 5810 1442 5881 proptcrviam
1469 5827 1515 5863 ι’.
1594 5810 1662 5842 ³⁸⁸
1691 5807 1973 5865 dulrcnide
1999 5825 2042 5864 σο
