3834 6304
524 341 631 398 215

1540 332 1841 391 ιιιυοΝιε
1879 332 2093 389 ABBA'I

2210 331 2783 391 FLAVINIACENSIS
3684 341 3775 399 illa

522 439 618 516 bat
663 473 728 514 ea
767 473 891 528 qua:
924 455 1285 513 versabantur
1338 453 1392 507 in
1423 452 1586 508 corde
1634 453 1775 522 ejus.
1819 450 2108 521 impletum
2137 452 2184 509 Α
2210 439 2535 506 mitteretur.
2568 451 2770 509 Totum
2800 467 2935 524 ergo
2955 468 3015 509 se
3040 454 3399 510 committens
3418 454 3669 525 Dommo,
3693 458 3773 516 ivit

522 552 672 607 enim
701 558 821 606 erat
856 549 993 605 illud
1017 548 1318 605 veridicum
1364 544 1676 600 Salomonis
1711 544 2060 613 proverbium
2092 562 2105 597 :

524 642 632 710 Qui
658 643 827 699 nutrit
848 659 1052 697 servum
1081 640 1322 705 delicate,
1346 638 1535 691 sentiet
1564 635 1721 689 illum
1747 643 2110 690 contumacem

526 733 711 807 (Prov.
742 749 894 800 ηις,
918 731 1029 801 21).
1055 729 1193 797 Quid
1216 727 1439 794 faceret,
1464 741 1576 797 quo
1599 740 1658 781 se
1686 733 1919 782 verteret
1946 724 2109 781 anxia

524 841 683 884 mens
733 825 835 881 viri
887 823 1017 878 Dei?
1049 821 1241 876 Cilicio
1305 820 1491 890 itaque
1535 818 1878 883 obvolvitur,
1924 817 2109 872 cinere

523 917 852 990 aspergitur,
881 925 954 980 et,
988 915 1042 969 in
1069 911 1332 969 excubias
1358 910 1641 967 commissi
1663 909 1844 981 gregis
1873 909 2110 979 pervigi-

520 1009 603 1065 les
638 1014 823 1063 noctes
846 1005 1075 1068 ducens,
1109 1002 1280 1058 Deum
1301 1002 1629 1073 precabatur
1643 999 1929 1065 attentius,
1953 1007 2016 1054 ut
2037 997 2107 1053 ab

522 1095 874 1170 oppressione
915 1093 1130 1149 inimici
1169 1103 1225 1149 et
1276 1094 1650 1149 membrorum
1690 1092 1811 1162 ejus
1858 1100 2105 1147 tueretur

517 1187 816 1244 :ecclesiam
849 1201 1030 1253 suam,
1076 1186 1431 1242 misereretur
1463 1184 1725 1255 parvulis,
1753 1192 1809 1239 et
1849 1192 2102 1255 protege—

517 1291 602 1338 ret
630 1298 661 1337 a
688 1282 976 1349 seandalo;
1008 1298 1068 1338 se
1088 1282 1269 1352 ipsum
1309 1296 1557 1351 quoque,
1583 1294 1747 1350 quem
1774 1278 1857 1334 eis
1891 1292 2104 1349 praepo-

522 1384 731 1443 suerat,
773 1375 941 1430 talem
992 1373 1199 1430 faceret
1236 1382 1297 1429 ut
1332 1372 1567 1429 subditis
1611 1387 1737 1428 eum
1776 1380 1831 1427 et
1870 1380 2103 1427 matrem

512 1468 689 1539 pietas
713 1475 769 1522 et
804 1477 1015 1539 patrem
1050 1467 1293 1522 exiberet
1316 1466 1626 1537 disciplina,
1654 1473 1714 1520 ut
1768 1471 1914 1520 esset
1953 1464 2008 1519 in
2036 1478 2102 1518 eo

513 1569 568 1614 ct
597 1560 749 1629 juste
776 1559 1075 1613 consulens
1117 1556 1514 1623 misericordia,
1542 1565 1597 1611 et
1621 1555 1708 1625 pie
1745 1555 1959 1610 seviens
1989 1554 2102 1609 dis-

515 1651 738 1720 ciplina.
782 1648 947 1705 Nacta
978 1649 1143 1720 igitur
1162 1649 1422 1720 temporis
1447 1647 1816 1719 oportunitate
1837 1646 2100 1718 populum

2214 543 2481 612 cubitum,
2514 556 2676 616 caput
2714 546 2923 602 habens
2952 557 3242 615 retectum,
3269 559 3533 619 paratus,
3573 542 3773 607 si'Deus

2210 640 2391 705 vellet,
2421 640 2487 695 ad
2512 639 2893 710 excipiendum
2912 640 3186 712 jugulum.
3216 641 3359 696 Cum
3382 657 3514 698 ecce
3533 653 3654 698 ante
3672 659 3771 699 ma-

2210 731 2449 785 tutinum
2477 739 2714 800 tempus,
2743 731 3001 787 omnibus
3025 741 3151 803 post
3183 733 3431 789 laborem
3460 733 3771 803 quiesceb-

2209 822 2337 886 bus,
2370 822 2480 877 duo
2517 822 2616 889 illi,
2649 838 2884 892 quorum
2908 832 3031 879 erat
3054 825 3242 895 operis
3274 833 3332 879 et
3361 825 3661 903 voluntatis
3690 841 3772 895 pa—

2211 924 2349 968 trem
2402 913 2691 984 jugulare,
2750 924 3041 984 surgentes
3107 915 3362 971 clanculo
3412 915 3772 971 dormitorium

2207 1003 2596 1075 egrediuntur;
2625 1013 2679 1059 et
2692 1004 2927 1060 accincti
2956 1005 3171 1076 gladiis,
3200 1021 3327 1061 cum
3349 1005 3419 1061 de
3437 1005 3773 1076 perpetrando

2208 1096 2416 1151 scelere
2451 1110 2509 1151 se
2535 1104 2728 1152 mutuo
2753 1096 3075 1153 devotantes
3111 1107 3576 1166 contestarentur,
3606 1099 3668 1154 ad
3688 1100 3772 1155 hoc

2205 1189 2461 1243 ultimum
2487 1189 2825 1246 devenerunt
2858 1198 2918 1245 ut
2957 1206 3102 1246 unus
3138 1190 3359 1246 illorum
3410 1190 3771 1262 pedetemptim

2205 1280 2420 1352 singula
2446 1272 2760 1336 dermitorii
2802 1281 2944 1337 lecta
2975 1282 3257 1348 circuiret,
3292 1298 3360 1337 ne
3381 1282 3588 1354 aliquis
3608 1297 3773 1352 super-

2202 1383 2350 1429 esset
2383 1374 2480 1444 qui
2519 1374 2792 1445 vigilaret,
2837 1388 2869 1428 a
2911 1388 3023 1445 quo
3064 1374 3398 1445 deprehendi
3447 1374 3769 1432 verebantur.

2203 1465 2361 1533 Quod
2392 1467 2485 1522 ubi
2510 1466 2716 1523 factum
2740 1475 2845 1535 est,
2868 1476 2922 1522 et
2941 1467 3032 1522 ille
3060 1476 3147 1523 est
3180 1481 3438 1524 reversus
3467 1467 3539 1527 ad
3566 1467 3769 1532 socium,

2202 1568 2416 1629 captata
2444 1558 2819 1629 oportunitate
2847 1559 3084 1614 malicize
3104 1559 3507 1629 perpetranda,
3526 1558 3689 1613 simul
3705 1573 3771 1627 pa-

2201 1653 2303 1709 tris
2338 1651 2601 1707 Richardi
2644 1650 2825 1706 cubile
2858 1651 3063 1706 adeunt
3087 1651 3382 1721 videatque
3415 1650 3603 1705 virum
3623 1651 3771 1719 capite

514 1741 870 1810 conveniens,
923 1757 1047 1798 cum
1089 1757 1263 1812 pauca
1306 1757 1406 1812 pro
1437 1757 1495 1796 re
1536 1749 1592 1796 et
1628 1748 1873 1811 tempore
1904 1747 2096 1795 contra
2128 1811 2163 1815 _
2198 1752 2403 1801 retecto
2433 1753 2770 1815 50poratum.
2791 1742 2930 1815 (Fel.
2952 1741 3346 1815 79‘.)Cumque
3368 1758 3518 1799 unus
3540 1742 3771 1797 audacior

514 1833 831 1904 superbiam
871 1811 1255 1901 disseruisset,
1299 1811 1354 1888 ct
1397 1834 1466 1890 de
1513 1833 1773 1889 sectando
1818 1832 2095 1903 religionis
2128 1811 2171 1866 Β
2203 1838 2260 1893 in
2309 1811 2516 1893 scelere
2550 1811 2819 1892 armatam
2859 1836 2915 1891 in
2957 1811 3113 1891 illum
3155 1811 3431 1892 vibrasset
3473 1835 3768 1899 dexteram,

511 1925 796 1996 proposito
819 1926 1212 1983 nichilominus
1225 1926 1461 1998 quedam
1480 1934 1810 1997 perorasset,
1842 1925 1937 1980 ubi
1963 1924 2102 1979 vidit

510 2017 751 2075 deﬂexos
774 2019 843 2075 ad
871 2035 930 2076 se
953 2021 1167 2076 animos
1189 2020 1396 2091 populi,
1420 2019 1777 2075 munitionem
1807 2033 1973 2090 quam
2001 2033 2099 2089 pa-

508 2111 749 2166 tiebatur
781 2110 1038 2169 infestam
1065 2113 1255 2180 adivit,
1287 2120 1361 2181 et,
1402 2128 1468 2167 ea
1510 2111 1756 2168 funditus
1796 2112 2096 2181 destructa,

508 2203 667 2258 illum
691 2203 786 2275 qui
831 2215 1025 2260 contra
1046 2205 1318 2275 justitiam
1340 2205 1585 2261 tumidus
1608 2204 1977 2275 superbiebat,
2000 2221 2097 2261 ca-

506 2303 667 2366 ptum
691 2295 748 2350 in
775 2296 1078 2352 elemosina
1114 2299 1290 2353 sancti
1320 2297 1540 2355 Vedasti
1569 2299 1760 2357 sedere
1799 2307 1856 2355 et
1884 2300 1953 2356 de
1983 2299 2087 2354 ele-

506 2387 728 2444 mosina
747 2389 932 2445 vivere
969 2388 1224 2457 instituit,
1268 2391 1461 2463 sicque
1489 2393 1671 2448 locum
1694 2392 1765 2447 ah
1786 2393 1906 2462 ejus
1927 2399 1983 2447 et
2006 2390 2100 2447 ob-

506 2482 858 2551 sequentium
891 2481 1014 2553 ejus
1061 2482 1489 2554 importunitate
1517 2484 1737 2554 eripuit.
1784 2482 1941 2553 Cepit
1967 2497 2098 2555 ergo

507 2581 667 2628 tanto
692 2571 996 2630 ferventior
1016 2575 1215 2632 studiis
1243 2574 1519 2648 religiosis
1540 2575 1820 2643 insistere,
1845 2583 1903 2630 et
1933 2574 2099 2631 dedu-

506 2664 611 2720 ctis
644 2679 677 2720 a
712 2663 959 2724 Virduno
998 2666 1263 2723 fratribus
1299 2668 1356 2722 in
1393 2667 1699 2739 spiritualis
1738 2666 1983 2723 exercitii
2013 2675 2097 2738 ty-

505 2756 721 2813 rocinio
762 2759 1008 2829 probatis
1051 2775 1242 2816 curam
1293 2759 1400 2816 ioci
1430 2759 1725 2828 commisit,
1768 2760 1914 2816 inter
1954 2774 2097 2831 quos

509 2856 629 2903 erat
674 2847 991 2931 Rothardus
1017 2867 1048 2907 a
1074 2850 1279 2908 Leodio
1311 2851 1582 2923 sapientia
1617 2862 1671 2908 et
1700 2852 1964 2923 religione
1994 2865 2097 2908 no-

505 2941 932 3010 minatissimus,
959 2952 1168 3014 quanto
1206 2953 1432 3000 noverat
1450 2954 1505 3000 et
1532 2944 1637 3003 sibi
1659 2944 1753 3015 qui
1776 2951 2008 3014 praeerat
2040 2950 2096 2998 et

505 3030 590 3087 eis
635 3032 730 3101 qui
776 3034 1040 3089 suberant
1080 3034 1355 3106 expedire.
1410 3034 1612 3091 Verum
1651 3035 1782 3106 quia
1828 3036 1935 3090 vita
1973 3036 2095 3106 ejus

511 3133 666 3180 casta
695 3132 751 3180 et
777 3134 967 3182 sancta
990 3128 1236 3184 moribus
1262 3126 1686 3183 inhabitantium
1717 3128 2092 3196 aversabatur,
2122 3156 2164 3214 ρ

511 3218 823 3289 durumque
854 3219 937 3275 eis
973 3219 1260 3275 videbatur
1294 3220 1441 3292 quod
1462 3220 1519 3275 in
1541 3229 1724 3276 mente
1742 3222 1910 3278 veteri
1931 3238 2092 3294 coge—

504 3310 709 3366 bantur
723 3325 865 3367 nova
879 3311 1155 3380 meditari,
1178 3328 1247 3369 ex
1270 3313 1566 3370 rebellione
1593 3313 1822 3370 audacia
1848 3324 2088 3387 sumpta,

503 3403 687 3459 conati
721 3413 852 3461 sunt
873 3404 1097 3476 quidam
1125 3420 1316 3462 eorum
1343 3406 1410 3463 de
1436 3405 1558 3477 ejus
1584 3414 1759 3463 morte
1781 3416 2034 3465 tractare.

580 3497 671 3551 12.
714 3495 1043 3554 imminente
1079 3499 1266 3570 itaque
1311 3499 1769 3572 quadragesimali
1809 3510 2053 3572 tempore
2072 3544 2087 3571 ,

503 3588 638 3660 quia
661 3589 763 3645 hec
795 3598 915 3646 erat
960 3591 1281 3647 monasterii
1319 3591 1508 3664 regula
1547 3598 1609 3647 ut
1654 3592 1712 3648 in
1755 3592 1863 3649 illis
1896 3592 2092 3650 diebus

502 3680 698 3736 artiori
723 3697 782 3738 se
807 3683 1041 3755 quisque
1058 3692 1323 3740 mactaret
1349 3683 1705 3753 continentia,
1736 3700 1862 3740 cum
1890 3685 1957 3741 ad
1986 3685 2091 3741 hoc

507 3774 853 3845 propensiori
896 3788 1031 3831 cura
1065 3785 1119 3832 et
1153 3772 1468 3832 fcrventiori
1498 3777 1975 3848 compellerentur,
2005 3784 2089 3833 te-

503 3874 630 3922 ctus
660 3865 716 3921 in
752 3867 919 3924 corde
937 3868 1080 3923 livor
1104 3869 1247 3940 cepit
1272 3868 1438 3925 altius
1474 3885 1712 3942 serpere,
1742 3877 1797 3926 et
1824 3870 1892 3925 ad
1923 3869 2089 3940 perli-

501 3958 761 4015 ciendum
786 3960 935 4031 quod
980 3961 1369 4018 anhelaverant
1397 3963 1451 4017 in
1492 3962 1609 4019 dies
1631 3972 1869 4018 mentem
1892 3978 2091 4018 excru-

503 4050 706 4108 ciatam
734 4066 1070 4123 permovere.
1110 4053 1253 4122 Quid
1293 4055 1482 4111 multis
1521 4055 1901 4112 inmoramur?
1930 4053 2092 4111 Venit

504 4144 916 4217 sacratissimus
955 4145 1070 4201 dies
1119 4161 1289 4201 cmna:
1334 4146 1655 4213 dominicre,
1701 4156 1755 4202 ct
1796 4162 1920 4218 quae
1970 4155 2090 4202 erat

504 4235 658 4308 pacis
677 4244 732 4291 et
752 4237 1077 4306 concordiae,
1110 4239 1572 4296 reconciliationis
1593 4248 1647 4295 ct
1676 4240 2089 4309 misericordiae,

506 4328 627 4383 haec
667 4327 914 4385 factiosis
954 4331 1209 4386 convenit
1246 4332 1364 4389 dies
1406 4333 1732 4402 proditionis
1773 4342 1827 4389 et
1867 4334 2090 4390 malitiae

503 4422 899 4493 perpetranda:
933 4421 1302 4479 Deliberatum
1348 4433 1434 4480 est
1482 4425 1627 4479 enim
1662 4425 1806 4496 apud
1852 4427 1976 4482 illos
2030 4436 2090 4482 ut

2201 1931 2428 1986 brachio
2448 1930 2829 2000 obrigescente
2856 1928 3101 1984 divinam
3127 1943 3260 1999 erga
3282 1943 3343 1984 se
3363 1927 3545 1984 sensit
3567 1927 3771 1983 clemen-

2200 2022 2356 2089 tiam,
2389 2037 2460 2077 ne
2490 2021 2740 2092 perderet
2774 2027 3017 2091 patrem,
3058 2020 3156 2091 qui
3190 2019 3396 2075 multos
3437 2019 3514 2075 ad
3538 2027 3769 2075 retern-

2203 2113 2636 2171 transmissurus
2682 2120 2804 2167 erat
2850 2111 3231 2167 hereditatem.
3285 2110 3481 2167 Stabat
3505 2121 3697 2167 exerta
3718 2110 3771 2143 ὐ

2199 2209 2412 2273 dextra,
2442 2206 2603 2276 inpos
2639 2205 2707 2261 ad
2742 2203 3073 2272 feriendum,
3105 2219 3209 2260 nec
3240 2204 3402 2275 inpos
3443 2204 3519 2259 ad
3555 2203 3767 2275 glath

2200 2298 2596 2372 roponendum.
2640 2294 2686 2351 0
2724 2295 3051 2352 admirabile
3094 2293 3194 2350 Dei
3227 2295 3609 2365 praeconium!
3654 2293 3767 2349 mira

2198 2390 2496 2463 patientia!
2529 2388 2705 2460 pietas
2741 2385 3127 2459 praedicanda!
3152 2384 3376 2441 Poterat
3408 2383 3583 2441 Iesus
3611 2393 3767 2441 noster

2200 2498 2332 2540 suos
2356 2482 2480 2537 illos
2520 2480 2829 2552 palestrites
2869 2494 2902 2534 a
2942 2479 3157 2549 peccati
3197 2479 3483 2536 voluntate
3522 2489 3769 2543 avertere,

2197 2580 2445 2646 poterat,
2494 2587 2622 2627 mox
2676 2581 2738 2627 ut
2790 2571 3030 2643 cogitata
3080 2571 3151 2627 ad
3193 2570 3449 2628 doctum
3495 2571 3769 2642 pervincere

2198 2672 2634 2735 temptaverunt,
2698 2672 2877 2719 morte
2927 2663 3182 2719 multare.
3252 2661 3361 2719 Sed
3413 2664 3679 2721 sustinuit
3721 2663 3762 2718 ia

2197 2756 2369 2812 multa
2402 2755 2668 2826 patientia
2701 2755 2846 2811 ﬁlios
2876 2754 2994 2823 irae,
3031 2763 3093 2810 ut
3134 2753 3339 2811 faceret
3379 2754 3530 2812 ﬁlios
3571 2756 3763 2813 miseri-

2198 2848 2419 2904 cordiae.
2452 2846 2658 2903 Invasit
2682 2862 2814 2917 ergo
2839 2847 3108 2903 miserum
3135 2846 3292 2903 illum
3326 2846 3499 2904 timor
3537 2862 3665 2904 arm
3698 2845 3761 2901 fe-

2197 2940 2316 3007 bre,
2360 2947 2418 2995 et
2456 2939 2686 2994 recessit
2723 2954 2754 2994 a
2801 2939 2948 2995 lecto
2995 2939 3203 3017 patris,
3265 2954 3433 3009 quem
3477 2939 3765 3011 protegebat

2197 3033 2372 3105 gratia
2393 3030 2824 3103 Omnipotentis.
2849 3030 2961 3088 Nec
2983 3032 3156 3089 multo
3176 3042 3300 3103 post
3320 3032 3486 3103 signo
3507 3032 3636 3086 dato
3656 3045 3761 3085 ven~

2198 3134 2313 3180 tum
2337 3132 2424 3180 est
2449 3124 2517 3181 ad
2540 3124 2869 3191 aacclesiam,
2896 3133 2951 3180 et
2972 3124 3064 3179 ille
3097 3139 3263 3195 quem
3288 3124 3638 3180 remordebat
3659 3137 3762 3178 coo-

2196 3217 2431 3274 seientia
2456 3258 2471 3283 ,
2532 3216 2677 3272 inter
2724 3215 2870 3272 alios'
2907 3216 3218 3271 nocturnali
3266 3216 3450 3271 sinaxi
3500 3214 3757 3278 interfuit,

2194 3324 2513 3382 quanquam
2541 3317 2806 3374 tremens,
2833 3322 3151 3379 quanquam
3180 3307 3456 3374 inﬁrmus,
3476 3320 3761 3378 quanquam

2194 3401 2472 3458 mordacis
2500 3401 2856 3457 conscientia:
2885 3401 3126 3459 stimulis
3150 3410 3501 3474 aggravatus.
3533 3399 3638 3456 Ubi
3658 3411 3763 3454 vero
3830 3450 3831 3453 η

2194 3505 2421 3552 ventum
2473 3503 2558 3551 est
2602 3493 2670 3549 ad
2708 3493 2996 3560 tenebras,
3052 3493 3224 3549 miser
3273 3493 3389 3561 ille,
3437 3493 3572 3550 dum
3620 3490 3763 3563 Kgrir

2193 3588 2404 3660 eleyson
2424 3602 2553 3643 cum
2578 3586 2835 3643 versibus
2858 3594 3194 3653 cautaretur,
3233 3586 3401 3642 corde
3426 3592 3761 3656 compunctus

2194 3680 2427 3753 genibus
2446 3679 2622 3750 patris
2652 3679 2945 3735 advolutus
2965 3686 3073 3747 est,
3098 3680 3347 3735 clamans
3375 3688 3431 3735 et
3462 3679 3581 3750 ipse
3600 3676 3758 3750 patri:

2194 3772 2440 3839 Domine,
2477 3772 2744 3837 miserere,
2775 3772 2984 3828 scilicet
3012 3781 3072 3827 ut
3112 3772 3198 3827 sui
3236 3772 3613 3837 misereretur,
3645 3769 3761 3826 sicut

2195 3862 2367 3918 Deum
2398 3863 2505 3919 sibi
2543 3863 2798 3919 misereri
2837 3864 3183 3934 precabatur.
3212 3862 3513 3933 Obstupuit
3542 3863 3628 3918 vir
3656 3876 3761 3917 san-

2194 3967 2316 4012 ctus
2338 3955 2405 4011 ad
2444 3963 2650 4012 tactum
2691 3953 2879 4011 fratris
2914 3955 3165 4027 vestigiis
3191 3954 3313 4024 ejus
3351 3951 3756 4026 procumbentiS.

2192 4047 2398 4118 etquid
2424 4057 2571 4102 esset
2603 4060 2831 4117 prorsus
2859 4047 3168 4118 ignorabat.
3200 4045 3469 4117 Suscepto
3506 4055 3680 4101 tamen
3707 4056 3759 4096 eo

2192 4149 2248 4194 et
2307 4140 2363 4195 in
2416 4148 2632 4209 partem
2682 4139 2973 4206 declinato,
3030 4139 3338 4194 orationem
3384 4138 3686 4209 complevit,
3717 4144 3759 4187 et

2192 4231 2322 4287 dato
2369 4231 2578 4286 lumine
2618 4232 2821 4287 ceteris
2857 4230 2925 4288 ad
2964 4239 3137 4287 strata
3185 4231 3641 4302 regredientibus,
3675 4227 3747 4282 ali-

2192 4338 2334 4395 quos
2368 4323 2435 4377 de
2468 4321 2731 4377 fratribus
2771 4337 2962 4377 secum
3003 4322 3267 4388 retinuit;
3318 4322 3681 4392 secedensque
3714 4319 3757 4370 in

2193 4417 2377 4473 locum
2408 4431 2735 4487 congruum,
2779 4414 2908 4471 data
2948 4416 3320 4485 oportunitate
3365 4415 3641 4486 loquendi,
3663 4422 3756 4466 tre-

500 4529 569 4570 eo
592 4515 680 4569 die
714 4516 1045 4585 perexplcto,
1074 4531 1200 4571 cum
1242 4525 1364 4586 post
1388 4517 1677 4572 ministerii
1701 4518 1958 4575 salutaris
1988 4536 2087 4575 ex-
2118 4505 2165 4563 θ
2193 4518 2432 4565 mentem
2475 4506 2699 4562 fratrem
2725 4516 2780 4562 εί
2819 4508 3145 4579 librantem»
3180 4516 3401 4577 ιοιοίιιιθ
3423 4521 3647 4577 corpore
3665 4513 3754 4559 ιη’

500 4605 795 4677 plctioncm
830 4607 917 4661 vir
944 4608 1137 4664 beatus
1175 4608 1320 4664 fessa
1348 4610 1594 4679 corporis
1633 4612 1879 4666 membra
1916 4613 2087 4683 quieti

500 4698 731 4766 laxaret,
773 4713 899 4753 cum
941 4714 1134 4756 omnes
1160 4700 1482 4767 dormirent,
1517 4702 1585 4757 ab
1614 4702 1694 4757 eis
1729 4704 1922 4775 gladiis
1944 4706 2089 4774 peri-

501 4800 761 4846 meretur.
796 4788 841 4846 Ο
870 4791 1225 4861 praesumptio
1264 4793 1581 4848 temeraria!
1621 4812 1653 4850 o
1680 4794 1967 4867 impudens
1993 4813 2090 4852 au-

500 4882 677 4937 datia!
716 4882 849 4949 Quis
893 4884 1065 4947 furor,
1092 4893 1216 4954 post
1251 4885 1587 4942 immolatum
1634 4888 1782 4943 illam
1822 4890 1948 4960 agni
1996 4905 2092 4959 pa-

502 4975 704 5030 schalis
730 4976 1105 5043 victimam,ca
1127 4977 1212 5033 die
1236 4978 1322 5033 vel
1351 4988 1509 5034 nocte
1540 4996 1869 5052 quemquam
1892 4998 2088 5052 quam-

502 5067 588 5150 vis
644 5068 1099 5124 nocentissimum
1149 5072 1313 5126 morti
1346 5072 1719 5143 adjudicavit?
1768 5072 1877 5130 Nec
1932 5075 2089 5131 latuit

499 5161 681 5216 virum
707 5162 925 5216 beatum
963 5161 1148 5219 feralis
1181 5164 1271 5220 illa
1304 5165 1577 5225 malorum
1609 5166 1948 5223 deliberatio.
1976 5169 2088 5222 Au-

500 5252 603 5309 diit
647 5269 884 5324 namque
926 5256 1072 5325 quod
1117 5271 1180 5311 ea
1228 5268 1387 5314 nocte
1424 5260 1493 5314 ab
1528 5260 1709 5330 impiis
1735 5262 2087 5331 pcrimendns

500 5354 667 5413 esset,
712 5362 812 5402 nec
846 5346 1048 5404 timuit.
1092 5346 1280 5405 Timor
1321 5353 1466 5406 enim
1510 5351 1726 5408 Domini
1752 5362 1960 5421 castus,
1991 5355 2087 5425 qui

501 5448 786 5520 permanet
822 5439 875 5494 in
912 5442 1156 5497 seculum
1191 5445 1379 5513 seculi,
1412 5462 1441 5501 a
1474 5456 1653 5502 mente
1680 5446 1802 5519 ejus
1835 5448 2086 5505 timorem

501 5532 697 5587 mortis
738 5534 1001 5601 exclusit,
1045 5536 1172 5605 quia
1215 5547 1439 5594 noverat
1476 5540 1622 5609 quod
1667 5543 1871 5596 nemini
1922 5558 2087 5613 super

498 5638 626 5680 eum
653 5633 895 5695 potestas
916 5628 1159 5695 daretur,
1198 5630 1305 5689 nisi
1340 5642 1607 5701 quantum
1635 5650 1665 5689 a
1697 5633 1930 5691 Domino
1957 5653 2085 5709 per-

2193 4618 2268 4657 rm
2299 4610 2573 4672 prostrato
2593 4601 2771 4671 capite
2796 4609 2996 4657 terram
3022 4600 3332 4668 ferientem,
3359 4601 3491 4671 quid
3513 4608 3757 4671 pateretur

2193 4693 2501 4764 requisivit.
2536 4691 2631 4747 ille
2654 4693 2857 4763 gemitu
2896 4692 3328 4764 interrumpente
3363 4712 3377 4748 :
3410 4694 3650 4759 Peccavi,
3684 4692 3753 4743 in-

2193 4788 2332 4859 quit,
2350 4788 2403 4841 in
2428 4786 2618 4853 celum,
2642 4796 2814 4855 pater,
2842 4794 2891 4839 et
2918 4802 3096 4839 coram
3121 4797 3190 4853 te,
3216 4789 3307 4857 qui
3339 4786 3572 4842 nolebam
3592 4784 3693 4838 dici
3715 4790 3755 4834 ct

2193 4897 2302 4934 esse
2322 4879 2469 4949 ﬁlius
2500 4888 2644 4944 tuus,
2671 4878 2848 4948 factus
2874 4894 2989 4932 sum
3025 4888 3370 4951 persequutor
3389 4889 3530 4933 tuus.
3563 4876 3625 4930 Et
3645 4888 3754 4946 pro-

2198 4972 2378 5027 ferens
2408 4971 2648 5043 gladium
2684 4971 2753 5025 de
2781 4970 2887 5025 sub
2916 4972 3129 5026 cuculla
3162 4990 3174 5025 :
3204 4969 3363 5037 Ecce,
3396 4971 3591 5041 inquit,
3623 4981 3754 5038 eum

2192 5066 2405 5121 extendi
2444 5074 2594 5119 nocte
2630 5065 2730 5118 hac
2775 5064 2845 5117 ad
2893 5064 3186 5134 feriendum
3230 5073 3297 5131 te,
3346 5064 3439 5119 sed
3471 5061 3619 5117 Iesus
3653 5069 3754 5111 tua

2192 5160 2425 5229 protexit
2469 5166 2536 5212 te.
2575 5152 2732 5211 Volui
2772 5157 2987 5228 quidem
3016 5158 3229 5227 perdere
3272 5167 3341 5224 te,
3382 5157 3472 5211 sed
3514 5161 3757 5225 protector

2196 5259 2316 5305 tuus
2354 5249 2613 5305 Dominus
2643 5249 2880 5319 defendit
2912 5259 2981 5303 te.
3018 5247 3208 5303 Exemi
3244 5249 3479 5320 gladium
3509 5248 3561 5299 in
3600 5242 3755 5309 θανά

2194 5344 2345 5412 cujus
2374 5352 2451 5397 est
2477 5342 2643 5396 virtus
2672 5351 2720 5396 et
2747 5343 3057 5412 imperium,
3083 5340 3319 5413 gladium
3347 5340 3618 5405 continuit,
3649 5346 3695 5389 et
3718 5344 3753 5384 ιε

2196 5453 2229 5491 α
2268 5443 2453 5502 morte,
2484 5452 2564 5489 me
2598 5434 2661 5488 ab
2697 5435 2921 5489 interitu
2950 5435 3145 5491 anima:
3174 5443 3225 5489 et
3262 5434 3327 5488 ab
3354 5429 3632 5487 homicidio
3656 5425 3750 5479 sal-

2194 5541 2353 5594 vavit.
2383 5538 2554 5593 Parce
2580 5554 2701 5610 ergo
2730 5538 2881 5606 mihi,
2906 5539 3032 5609 quia
3064 5538 3296 5592 converti
3328 5543 3539 5606 paratus
3571 5548 3681 5586 sunt
3713 5543 3753 5580 rt

2196 5642 2303 5695 tuis
2334 5640 2551 5695 monitis
2589 5639 2944 5710 adquiescere,
2967 5638 3397 5710 rcgnlaribnsque
3416 5634 3565 5691 subdi
3611 5632 3749 5689 insti-

1746 5752 1976 5808 VARME
2009 5754 2411 5815 LECTIONES.

570 5808 642 5849 ’θ’
665 5821 848 5869 exerta
888 5815 1103 5887 corrigit
1136 5814 1198 5870 L.
1232 5824 1415 5873 extera
1448 5834 1495 5873 ε.
