3834 6304
95 359 187 417 bl'i.
715 352 719 355 ’
1285 353 1609 411 CllRONlCC

1763 385 1794 394 κ
1823 353 1950 409 LIB.
1975 353 2039 408 ll.
3174 350 3277 408 2i8

98 472 222 535 tutis;
253 475 439 522 toruum
473 466 608 520 dona
640 466 776 520 mihi
812 467 950 537 quod
987 467 1186 538 deliqui
1226 470 1282 522 in
1318 478 1384 534 te,
1423 479 1471 522 et
1506 484 1600 522 ora
1628 470 1675 526 A
1700 467 1931 544 videtur,
1965 465 2111 536 quod
2145 473 2297 520 tanto
2351 479 2475 519 cum
2515 462 2710 518 all‘ectu
2759 463 2962 531 dilexit,
3009 480 3170 536 quem
3211 467 3278 522 de

97 564 227 616 Deum
250 575 334 629 pro
353 574 447 614 me.
471 556 586 612 Non
610 567 729 613 erat
750 559 853 613 hoc
876 575 1039 630 grave
1053 560 1211 615 beato
1234 561 1373 626 viro,
1398 561 1604 616 donare
1706 569 1879 614 morte
1911 575 2009 613 sua
2031 567 2295 613 tractasse
2315 565 2659 628 cognoverat.
2684 554 2740 610 In
2760 570 2868 626 quo
2885 555 3280 614 consideranda

96 649 389 721 peccantibus
414 647 467 702 in
494 662 572 715 se,
611 647 707 717 qui
733 648 801 703 ad
834 649 1082 718 proprias
1115 649 1346 718 injurias
1375 657 1492 704 erat
1516 665 1608 719 pa-
1705 661 1788 706 est
1808 651 1983 720 pietas
2003 651 2122 720 ejus
2151 659 2204 704 et
2228 649 2488 720 patientia
2511 647 2824 716 invicibilis,
2853 663 2974 718 quae
2993 649 3169 704 vicem
3199 649 3250 706 lc

97 739 417 795 tientissimus.
469 735 602 792 Toto
641 752 772 809 ergo
809 753 1035 808 corpore
1070 749 1363 808 prostrato,
1403 740 1606 810 gratias
1704 743 1958 798 dentibus
1993 743 2284 811 rependere
2307 755 2417 796 non
2445 739 2614 806 novit,
2639 756 2746 810 qua
2783 739 2838 794 in
2868 748 3078 794 tantum
3105 740 3281 795 abun-

95 829 455 902 cgitprotectori
482 843 582 884 suo
617 828 750 898 Deo,
776 831 901 886 inde
929 830 1086 886 fratri
1110 832 1342 903 benigne
1381 832 1607 886 indulsit
1706 832 1870 888 dabat
1895 833 2064 888 animi
2085 833 2206 902 ejus
2221 832 2424 888 directa
2450 831 2789 911 simplicitas,
2817 842 3048 901 utqnem
3081 846 3281 902 passus

96 921 308 991 quidquid
339 920 390 974 in
429 935 485 975 se
512 920 832 990 deliquerat,
868 923 1163 993 plurimum
1189 938 1318 978 eum
1356 924 1608 979 consola-
1707 923 1886 980 fuerat
1915 924 2220 991 inimicum,
2251 939 2376 978 eum
2413 923 2518 978 sibi
2548 923 2787 978 crederet
2813 923 2976 978 ﬁdum
3018 925 3276 978 amicum.

95 1024 177 1077 tus,
210 1009 465 1066 ineulcans
494 1018 552 1064 ut
589 1011 942 1067 conﬁteretur
980 1012 1210 1068 Domino
1239 1023 1459 1083 peccata
1484 1029 1604 1080 sua;
1707 1013 1752 1072 Ο
1775 1031 1931 1071 mens
1965 1030 2092 1071 vere
2111 1015 2268 1084 plena
2311 1014 2453 1069 Deo!
2480 1014 2799 1084 simplicitas
2833 1014 2950 1069 sine
2973 1015 3280 1070 simulatio-

95 1103 241 1158 dicens
266 1109 530 1170 peccatum
550 1102 844 1171 aliquando
861 1117 982 1158 esse
1007 1111 1312 1172 peccatum,
1331 1112 1385 1158 et
1410 1117 1608 1172 penam
1708 1108 1794 1162 ne!
1827 1105 2030 1161 caritas
2054 1108 2171 1162 sine
2195 1106 2545 1160 cmulationc!
2603 1103 2708 1160 Sed
2761 1104 3026 1160 sufﬁciant
3065 1106 3280 1161 interim

94 1192 276 1262 peccati,
299 1207 413 1261 quae
451 1191 634 1246 omnia
677 1191 851 1248 vitare
899 1193 1110 1263 Quiret,
1145 1194 1241 1263 qui
1275 1191 1608 1248 confessioni

1766 1208 1832 1264 ta,
1869 1196 2236 1253 festinandum
2273 1197 2430 1252 nobis
2463 1205 2548 1252 est
2593 1196 2661 1251 ad
2709 1197 2934 1266 reliqua.
2973 1195 3092 1252 Non
3134 1199 3280 1253 enim

96 1297 274 1352 operam
311 1281 474 1338 daret.
517 1281 700 1339 Pauca
740 1298 870 1356 ergo
913 1301 1012 1355 pro
1054 1294 1296 1356 tempore
1326 1286 1606 1355 loquutus,
1708 1303 1900 1343 omnes
1920 1287 2038 1357 ejus
2060 1287 2291 1342 virtutes
2314 1285 2483 1340 animi
2504 1284 2809 1340 describere
2834 1301 3151 1355 possumus.
3179 1286 3284 1340 Su-

96 1374 269 1428 fratrcm
305 1376 637 1430 consolatum
671 1376 924 1443 dimisit,
963 1377 1100 1432 dans
1142 1377 1196 1431 in
1241 1377 1514 1432 mandatis
1549 1386 1610 1432 ut
1707 1379 2102 1450 persedendum
2147 1378 2418 1448 aliquibus
2452 1386 2554 1443 est,
2602 1387 2663 1431 ut
2696 1377 2764 1432 ad
2810 1379 3023 1447 potiora
3059 1378 3287 1434 sufﬁcia-

96 1478 218 1518 mane
240 1462 369 1518 facto
397 1465 462 1518 ad
488 1481 547 1520 se
589 1466 809 1532 rediret,
853 1475 908 1521 et
937 1482 1058 1536 quae
1084 1467 1188 1523 sibi
1213 1467 1608 1537 imperarentur
1709 1485 1854 1525 mus.
1883 1469 1949 1524 Et
1974 1485 2119 1525 nunc
2137 1470 2356 1540 quidem
2377 1469 2444 1524 de
2469 1467 2832 1524 beniﬁcientia
2864 1469 3112 1525 dicamus
3137 1471 3283 1540 quod

93 1553 269 1621 faceret,
304 1567 353 1610 et
386 1556 460 1610 ita
493 1556 800 1614 discessum
845 1569 948 1613 est.
973 1557 1133 1613 Pater
1161 1558 1463 1615 Ricbardus
1486 1575 1610 1614 ora-
1709 1581 2026 1636 possumus,
2062 1565 2190 1634 quia
2229 1579 2338 1618 non
2368 1563 2551 1618 omnia
2606 1577 2922 1633 possumus,
2954 1557 3060 1633 qua
3087 1563 3161 1617 ita
3186 1563 3288 1617 sibi
3356 1589 3361 1594 ι

95 1645 250 1699 torium
277 1646 437 1714 petiit,
479 1657 538 1701 et
577 1647 725 1717 quod
759 1647 1032 1718 superfuit
1055 1650 1232 1705 noctis
1271 1650 1327 1704 in
1354 1651 1610 1706 laudibus
1708 1658 1947 1713 ﬁliorum
1993 1657 2208 1713 animos
2258 1657 2613 1727 obligaverat,
2649 1664 2708 1709 ut
2743 1655 3012 1710 inmemor
3054 1654 3290 1725 injuriae,

93 1737 316 1793 Creatoris
337 1739 533 1810 exegit.
566 1738 666 1796 Die
689 1738 857 1808 facto,
893 1740 1069 1810 prima
1109 1741 1274 1810 dicta,
1314 1750 1610 1798 consuetu-
1639 1817 1672 1820 μ
1710 1763 1920 1806 memor
1945 1747 2132 1820 gratiae
2171 1747 2458 1804 diceretur.
2489 1746 2883 1803 Considerabat
2921 1745 3065 1800 enim
3099 1745 3290 1816 singu-

91 1828 256 1886 dinarie
289 1829 457 1885 ollicio
486 1832 722 1902 expleto,
756 1833 849 1887 ubi
889 1841 1106 1903 tempus
1143 1842 1476 1903 oportunum
1507 1833 1608 1888 da—
1639 1817 1682 1872 Β
1709 1841 1884 1896 lorum
1929 1817 2174 1906 affectus,
2227 1839 2604 1904 necessitates,
2660 1837 3080 1908 oportunitates,
3138 1845 3193 1890 et
3219 1836 3294 1892 ita

91 1929 178 1974 tum
197 1930 284 1988 est,
302 1931 506 1991 patrem
530 1922 678 1980 ﬁlius
692 1924 998 1994 requisivit,
1019 1933 1075 1980 et
1093 1925 1220 1982 data
1242 1923 1604 1993 confessione,

1786 1933 2016 2002 ibusque
2061 1931 2296 1987 mirabili
2346 1931 2641 1986 verborum
2688 1938 2744 1984 et
2778 1929 2964 1984 vultus
2995 1928 3170 2000 gratia
3202 1943 3296 1984 oc-

91 2011 441 2083 pcnitentiaque
479 2023 728 2084 accepta,
771 2015 954 2079 alacer
997 2025 1051 2072 ct
1086 2031 1278 2088 sospes
1313 2017 1383 2072 ab
1417 2033 1484 2076 eo
1522 2033 1611 2072 re-
1709 2025 1954 2092 curebat,
1976 2024 2240 2095 adjiciens
2279 2024 2444 2079 verba
2484 2023 2627 2078 bona
2647 2021 2812 2077 rebus
2845 2020 3025 2088 bonis,
3073 2030 3126 2075 et
3153 2035 3295 2090 prae-

92 2103 232 2170 εθεείι,
263 2103 439 2160 dicens
485 2106 722 2162 multum
746 2107 850 2162 sibi
880 2107 1138 2177 prodesse
1169 2109 1316 2179 quod
1355 2110 1458 2164 hac
1482 2125 1609 2165 eum
1709 2117 1984 2173 dicatione
2007 2116 2240 2187 benigna
2273 2125 2328 2172 et
2362 2116 2602 2170 humana
2631 2128 2692 2170 se
2719 2114 2836 2185 ipse
2879 2112 3294 2180 commendans,

92 2195 326 2251 occasione
345 2195 612 2254 Dominus
649 2199 755 2255 sibi
785 2199 1061 2256 asciverit.
1083 2199 1181 2256 Hic
1199 2217 1264 2257 ex
1291 2210 1421 2256 tunc
1439 2203 1610 2272 patris
1711 2218 1772 2264 ut
1798 2210 1970 2279 pluris
1998 2210 2346 2265 estimaretur
2366 2208 2585 2263 animus
2613 2207 2752 2277 ejus,
2785 2221 2951 2276 quam
2979 2204 3113 2259 illud
3141 2204 3298 2275 quid-

92 2283 295 2342 Ricliardi
313 2287 413 2344 fuit
437 2290 591 2346 ﬁlius
612 2290 965 2350 dulcissimus
997 2305 1051 2348 et
1069 2307 1253 2349 comes
1277 2293 1608 2361 individuus,
1711 2302 1840 2372 quid
1864 2302 2169 2370 essetquod
2198 2300 2546 2372 querebatur.
2574 2297 2680 2372 [Cf.
2708 2296 2922 2366 Senam,
2949 2296 3026 2352 De
3038 2297 3205 2366 benef.
3233 2312 3294 2364 ιι,

93 2375 158 2433 hic
176 2379 508 2438 consiliomm
549 2382 843 2456 particeps.
889 2383 1019 2455 quia
1053 2394 1170 2442 erat
1207 2385 1485 2443 nobilibus
1515 2401 1609 2442 or-
1712 2396 1796 2469 2.]
1837 2395 2304 2464 Quemadmodum
2331 2394 2474 2451 enim
2513 2393 2568 2449 in
2612 2392 2755 2465 egris
2806 2389 3146 2463 oportunitas
3189 2388 3295 2446 cibi

92 2475 157 2558 ius
178 2471 425 2529 “mullus
455 2484 516 2530 θῑ
551 2473 748 2532 “ueris
785 2476 1029 2546 adprime
1053 2478 1321 2545 eruditus,
1364 2488 1419 2534 ει
1461 2479 1613 2534 νῖάθ-
1713 2489 1969 2546 salutaris
1997 2499 2098 2554 est,
2125 2496 2180 2544 et
2205 2503 2344 2558 aqua
2370 2485 2688 2557 tempestive
2712 2486 2837 2541 data
2867 2483 3091 2549 remedii
3114 2483 3295 2537 locum

92 2556 220 2615 batin
248 2577 307 2618 eo
328 2566 684 2636 penitentiam
718 2582 846 2623 cum
865 2569 1210 2625 verecundia.
1239 2569 1298 2648 In
1313 2571 1606 2642 capitulum

1787 2582 1939 2648 tinet,
1963 2581 2039 2635 ita
2067 2556 2327 2636 beneﬁcia
2356 2556 2496 2649 ejus,
2526 2577 2778 2648 quamvis
2809 2576 2966 2644 levia,
3002 2574 3130 2645 quia
3160 2589 3299 2644 pra:-

93 2650 162 2706 nbi
187 2662 378 2710 ventum
406 2666 516 2725 est,
553 2659 830 2729 publicam
860 2661 1211 2730 penitentiam
1236 2662 1346 2733 egit
1374 2677 1499 2718 eum
1522 2677 1613 2718 so-
1715 2650 1800 2730 εἷο
1833 2681 2009 2737 erant,
2035 2671 2166 2742 quia
2188 2671 2549 2727 occurrebant
2576 2667 2863 2733 voluntati,
2894 2667 3125 2736 gratiam
3165 2679 3293 2735 pre-

99 2743 318 2801 ciocorde
340 2748 578 2804 contrito
605 2759 660 2806 et
700 2751 1008 2819 humiliato.
1041 2761 1094 2808 et
1118 2751 1316 2808 fratres
1340 2752 1612 2824 gloriﬁca-
1713 2764 1872 2832 ciosi,
1899 2764 1992 2819 sed
2036 2763 2166 2819 lenti
2194 2773 2248 2817 et
2287 2761 2382 2817 diu
2430 2760 2652 2832 cegitati
2704 2759 2950 2815 muneris
2978 2757 3292 2812 vincebant.

93 2846 241 2894 "Tum
270 2837 454 2908 Deum.
505 2841 603 2911 qui
656 2843 851 2899 ἓνθηίι
901 2852 1184 2913 Peccatum
1235 2844 1341 2899 hoc
1389 2844 1458 2898 ab
1501 2845 1612 2911 eis;
1715 2855 2038 2913 Gratissima
2085 2853 2231 2910 enim
2265 2861 2422 2909 erant
2467 2853 2598 2922 quia
2657 2861 2868 2922 parata,
2924 2850 3054 2921 quia
3094 2848 3296 2917 facilia,

93 2928 234 2999 “iam
257 2931 306 2986 in
328 2933 528 3003 majori
556 2935 905 2991 νθυθΐθῑῖθηθ
925 2943 1174 2992 sanctum
1191 2934 1288 2991 Dei
1312 2935 1512 2992 habere
1532 2951 1619 2992 εθ-
1716 2946 1844 3019 quia
1875 2944 2240 3012 occurrentia,
2269 2945 2364 3000 ubi
2396 2943 2545 2998 nulla
2565 2951 2684 2998 erat
2724 2956 2876 2996 mora
2913 2940 3020 2995 nisi
3051 2941 3106 2994 in
3150 2939 3302 2995 acci-

91 3031 260 3089 perunt,
287 3038 442 3093 quem
482 3023 600 3080 Deo
625 3024 1012 3095 karissimum,
1049 3027 1240 3084 mortis
1275 3027 1605 3098 inpavidum,

1783 3039 1914 3095 entis
1948 3035 2292 3094 verecundia.
2320 3034 2558 3090 Noverat
2575 3033 2720 3090 enim
2744 3033 3011 3104 optimum
3037 3047 3159 3087 esse
3189 3033 3260 3085 an
3282 3057 3297 3072 -

93 3113 157 3166 sui
190 3125 626 3188 contemptorem,
671 3117 888 3189 injuriae
942 3119 1295 3187 donatorem,
1337 3127 1392 3175 et
1442 3119 1514 3174 ob
1561 3119 1607 3174 id

1784 3134 1958 3190 :edere
1986 3130 2252 3202 cujusque
2280 3128 2635 3192 desiderium,
2661 3136 2716 3181 et
2758 3125 3067 3196 proximum
3115 3122 3298 3192 sequi;

93 3200 224 3260 Deum
246 3207 584 3265 defensorem
613 3219 668 3265 et
701 3217 938 3266 tutorem
957 3210 1174 3267 ‘habere
1207 3211 1468 3268 sciebant.
1493 3209 1616 3266 1am
1645 3200 1684 3214 ν
1718 3225 1852 3282 illud
1870 3239 2001 3280 vero
2057 3200 2275 3288 melius,
2332 3234 2604 3290 occupare
2649 3227 2942 3288 antequam
2986 3213 3296 3288 rogaretur.

93 3305 234 3385 autem
254 3299 297 3356 si
328 3302 450 3371 quis
475 3311 627 3358 esset
656 3303 750 3373 qui
777 3302 896 3357 viro
928 3302 1026 3358 Dei
1063 3303 1359 3375 aliquando
1382 3303 1618 3362 infestus
1716 3318 1853 3374 Nam
1875 3333 2000 3374 cum
2029 3315 2238 3372 homini
2260 3313 2454 3385 probo,
2485 3320 2547 3367 ut
2567 3310 2644 3366 ait
2669 3308 2874 3365 Seneca
2900 3309 2956 3364 in
2980 3309 3122 3364 libro
3145 3306 3300 3378 (11,1)

93 3383 262 3478 ἷέξίδδειι
295 3393 553 3464 ευτεθδθι
579 3392 638 3448 in
672 3393 873 3463 medio:
893 3404 948 3450 ει
976 3395 1334 3451 εοιιίίιθδδῑυΐ
1352 3395 1619 3466 quidquid
1717 3411 1784 3466 de
1817 3408 2120 3475 Beneﬁciis,
2143 3408 2212 3463 ad
2240 3383 2545 3478 rogandum
2573 3410 2966 3470 osconcurrat,
2995 3411 3050 3456 et
3085 3400 3299 3456 suffun-

93 3474 194 3532 illud
209 3491 356 3549 esset,
397 3483 541 3539 satis
566 3499 764 3542 verens
797 3499 867 3540 ne
900 3485 1064 3541 etiam
1094 3485 1242 3541 circa
1261 3500 1320 3540 se
1349 3487 1607 3543 desevirel

1791 3511 1879 3558 tur
1900 3503 2088 3568 rubor,
2110 3501 2206 3571 qui
2229 3474 2335 3556 hoc
2357 3500 2685 3555 tormentum
2722 3494 2950 3551 remittit
2982 3487 3305 3564 multiplicat

94 3565 340 3640 indignatio
367 3574 579 3630 divina.
604 3572 976 3632 Precabantur
994 3577 1180 3648 itaque
1201 3592 1392 3634 omnes
1416 3579 1608 3648 pariter

1791 3609 1939 3652 inus.
1987 3591 2146 3648 Nulla
2199 3592 2345 3647 enim
2386 3607 2476 3647 res
2511 3589 2696 3647 carius
2719 3596 2956 3654 constat,
2979 3601 3144 3657 quam
3181 3599 3305 3655 qua:

94 3657 182 3758 8ubi.
201 3661 468 3758 indulgeri,
525 3666 653 3736 quia
695 3681 821 3721 eum
855 3681 967 3758 non
1005 3675 1067 3722 ut
1103 3668 1376 3758 decuisset
1407 3677 1618 3758 patrem
1720 3686 1975 3758 precibus
2026 3694 2208 3755 empta
2257 3691 2361 3739 est.
2413 3681 2553 3738 Hinc
2606 3690 2832 3737 sanctus
2879 3677 3200 3733 Benedictus
3235 3675 3303 3730 de

93 3747 410 3846 et.d.om_inum
433 3762 824 3846 "aciaverant’
845 3763 900 3809 et
927 3753 1071 3811 fama
1105 3765 1188 3812 θδί
1208 3757 1368 3812 ruina
1385 3757 1619 3813 duorum
1719 3747 1915 3836 dandis
1943 3747 2282 3832 necessariis,
2305 3790 2502 3846 agens:
2533 3771 2860 3837 Considera,
2905 3767 3102 3839 inquit,
3134 3764 3302 3818 abbas

94 3839 159 3892 sui
186 3841 339 3910 ipsius
365 3855 419 3901 et
453 3845 756 3901 multorum
793 3846 852 3902 in
881 3847 1075 3919 spiritu
1096 3849 1442 3906 resurrectio.
1475 3849 1608 3922 (Fol.

1791 3869 2060 3924 firmitates
2088 3839 2460 3937 indigentium,
2491 3881 2596 3919 non
2629 3862 2829 3918 malum
2850 3861 3170 3916 voluntatem
3221 3857 3305 3910 in-

94 3927 194 4026 βο.)
225 3931 380 4004 igitur
434 3937 525 3991 vir
574 3935 671 3993 Dei
711 3940 951 4010 generali
991 3941 1247 3998 omnibus
1287 3941 1608 4013 indulgentia

1787 3927 2028 4016 lentium.
2055 3957 2162 4026 Qui
2190 3927 2616 4014 considerandas
2656 3953 2999 4009 inﬁrmitates
3038 3948 3301 4022 praecipit,

92 4023 206 4118 flama
228 4037 368 4086 “mm
398 4031 469 4064 ³⁸⁸
501 4031 556 4086 in
586 4041 866 4103 Ροθεθτυω
903 4032 972 4088 ab
991 4033 1247 4089 omnibus
1289 4033 1515 4090 εθτίίδίθ
1539 4035 1623 4090 ἀί*
1721 4023 2118 4108 occurrendum
2147 4050 2308 4105 docet
2355 4048 2631 4118 precibus,
2666 4045 3014 4101 divinandam
3039 4042 3306 4110 cujusque

94 4115 230 4175 lectus
259 4134 355 4192 est,
379 4135 437 4180 ut
471 4126 671 4181 merito
697 4125 968 4182 diceretur
995 4141 1010 4178 :
1042 4124 1172 4181 Hinc
1200 4127 1424 4181 mutatio
1445 4127 1608 4182 dexte-

1789 4142 2126 4207 lcessitatem,
2157 4151 2217 4195 ut
2235 4115 2470 4210 rogandi
2498 4136 2796 4192 necessitas
2848 4132 3146 4188 auferatur.
3199 4131 3303 4185 Ce-

93 4224 148 4263 rae
169 4209 352 4269 Επειδὶ
374 4216 555 4288 (Psal.
590 4233 772 4284 1.xxv1,
807 4217 917 4288 Η).

1790 4248 1902 4289 rum
1928 4241 1982 4286 et
2011 4233 2117 4286 hoc
2159 4231 2214 4286 in
2256 4209 2407 4301 patre
2454 4238 2644 4284 nostro
2687 4225 3074 4282 beneﬁcientiac
3121 4234 3304 4293 partes

146 4302 486 4363 15.0rdinata
509 4308 690 4380 itaque
704 4309 899 4366 dehinc
919 4309 1162 4366 aecclesia
1176 4309 1426 4380 personis
1451 4318 1505 4364 et
1529 4325 1625 4365 ne-
1725 4321 2015 4392 adjuvabat
2050 4321 2199 4390 quia,
2235 4320 2281 4375 si
2311 4318 2434 4390 quis
2457 4318 2507 4373 ei
2527 4317 2594 4372 de
2616 4316 2840 4371 secretis
2874 4315 3092 4379 animae,
3119 4314 3185 4367 de
3221 4314 3307 4373 iu-

91 4396 305 4452 ccssariis
351 4399 682 4469 sumptibus,
737 4397 1039 4455 Virdunum
1083 4401 1260 4468 rediit,
1307 4403 1605 4472 pricdictun

1792 4414 1897 4470 ruis
1919 4414 2117 4469 mentis
2141 4413 2384 4468 motibus
2421 4408 2797 4474 conﬁtebatur,
2851 4414 3001 4461 tanta
3027 4405 3076 4459 ei
3133 4401 3306 4458 inerat

94 4481 273 4576 huc"!
307 4507 496 4546 secum
521 4493 813 4560 deducens,
838 4494 968 4562 (ιιιίιι
1003 4494 1482 4566 ίιηοηίϐυδπευιη
1520 4496 1627 4552 υιί·
1658 4507 1705 4566 ι)
1731 4507 1930 4562 mentis
1953 4505 2278 4576 benignitas,
2316 4512 2465 4560 tanta
2490 4501 2738 4567 dulcedo,
2779 4509 2928 4554 tanta
2975 4495 3303 4568 compassio,

93 4573 226 4634 Ῑυνειε
250 4580 492 4637 rulul‘um
529 4584 584 4637 in
619 4584 781 4638 domo
831 4583 1067 4640 Domini-
1107 4584 1215 4640 Nec
1239 4602 1362 4640 eum
1392 4603 1516 4657 Spes
1547 4587 1628 4641 ΓΟ·
1727 4608 1787 4653 ut
1819 4598 1912 4668 qui
1935 4573 2396 4653 solus'advencrat
2448 4603 2507 4649 ut
2554 4609 2613 4648 se
2634 4592 2907 4663 proderet,
2957 4591 3186 4646 alterum
3243 4602 3304 4642 se

95 4668 199 4723 Hlit
235 4671 381 4742 Cepit
405 4676 554 4730 enim
594 4685 755 4732 totus
788 4675 1049 4731 alteratus
1093 4675 1416 4746 perfectiora
1459 4679 1630 4734 medi-
1731 4690 1881 4744 illum
1927 4702 2047 4743 esse
2077 4687 2320 4743 crederet
2345 4685 2431 4741 cui
2469 4683 2842 4748 conﬁtebatur,
2862 4680 2948 4735 cui
2985 4693 3091 4732 non
3118 4678 3309 4730 imme-

93 4760 190 4849 ίῆιῖί,
223 4779 400 4821 amare
447 4768 810 4834 honestatem.
865 4768 1088 4838 diligere
1132 4769 1400 4837 ordinem.
1439 4784 1632 4826 omnes
1731 4781 1838 4835 rito
1865 4789 2142 4849 tamquam
2179 4778 2334 4832 alteri
2376 4777 2479 4832 sibi
2510 4775 2754 4830 animum
2791 4787 2951 4828 suum
2993 4768 3305 4838 applicaret,

94 4847 174 4905 sibi
197 4871 522 4927 Ρηὲνοῐιεῐθν
560 4876 618 4916 Se
651 4861 905 4915 millibus
933 4869 1279 4931 Ροδιρουθνθν
1317 4870 1371 4916 et
1411 4862 1458 4917 Si
1498 4863 1630 4931 Quid
1730 4847 2062 4941 ctscipsum
2099 4869 2359 4923 crederet.
2401 4865 2734 4922 Occurrebat
2762 4877 2997 4931 namque
3043 4858 3308 4914 voluntati

93 4948 307 5014 θείηυοίι
354 4950 534 5006 Virum
579 4952 868 5007 Ιιοηεεωω
907 4952 1114 5019 deceat,
1163 4953 1232 5007 ad
1267 4952 1322 5008 id
1356 4955 1535 5008 mOdiS
1571 4971 1631 5010 $8
1730 4963 1870 5034 ejus,
1899 4971 1953 5016 et
1978 4961 2057 5015 ita
2091 4960 2138 5014 ei
2170 4958 2634 5022 conformabatur,
2677 4971 2801 5010 cum
2839 4953 3054 5007 dolente
3095 4950 3307 5015 dolet-is,

95 5038 312 5120 omnibus
339 5041 654 5118 iiiformare-
695 5042 1060 5109 Quam0bl‘em
1097 5044 1422 5115 diligebatur
1444 5060 1475 5099 3
1512 5045 1631 5102 Viro
1734 5070 1856 5110 cum
1891 5053 2149 5108 tribulato
2182 5051 2436 5120 spiritum
2458 5059 2513 5105 et
2540 5050 2656 5118 ipsc
2695 5045 3120 5115 contribulatum
3155 5041 3313 5096 adhi-

95 5119 187 5193 θυί,
207 5138 256 5184 ει
279 5133 550 5189 Cotidiana
577 5135 875 5190 monitione
909 5137 976 5191 ad
1007 5135 1231 5190 meliora
1263 5137 1516 5193 sectanda
1547 5137 1634 5193 in-
1735 5146 1890 5212 beris,
1921 5154 1981 5200 ut
2018 5159 2184 5198 unam
2213 5119 2460 5198 animam
2490 5139 2703 5195 duobus
2744 5139 2923 5194 inesse
2965 5133 3308 5206 corporibus,

95 5216 345 5278 citabatur.
393 5225 672 5282 Leduinus
725 5243 923 5282 nomen
956 5235 1075 5282 erat
1120 5227 1258 5283 viro.
1303 5227 1402 5283 Hic
1430 5238 1515 5284 est
1546 5229 1634 5284 ille
1737 5237 1867 5293 dum
1890 5237 2119 5293 alterum
2142 5251 2201 5291 se
2231 5243 2411 5302 stupet
2449 5233 2496 5286 is
2527 5231 2622 5302 qui
2657 5231 2968 5296 advenerat,
2999 5230 3308 5284 miraretur.

96 5303 355 5379 Lciuiuus,
390 5317 486 5386 qui
512 5318 855 5388 postmodum
878 5318 1038 5389 iussu
1078 5327 1133 5373 et
1165 5319 1470 5376 obedientia
1492 5335 1635 5390 prae-
1740 5327 1871 5394 Quae
1901 5343 1990 5383 res
2011 5326 2320 5398 gratissima
2353 5333 2436 5379 est
2463 5324 2847 5389 mediocribus,
2886 5322 3114 5376 utillima
3147 5316 3328 5388 pus-ib

94 5398 199 5455 die“
219 5408 378 5473 Patris
402 5410 507 5464 θυι)
531 5425 596 5465 eo
621 5411 794 5466 εἰωθῑὶ
830 5409 1042 5466 VGdaSli
1089 5410 1247 5466 annis
1275 5411 1462 5467 multis
1502 5411 1644 5466 rexit
1737 5420 1826 5484 lis,
1859 5419 1951 5488 qui
1981 5434 2045 5472 eo
2092 5426 2316 5472 utuntur
2347 5416 2540 5472 affectu
2594 5431 2704 5487 quo
2739 5416 2923 5471 vident
2947 5410 3314 5485 sibi‘adclines

97 5493 383 5552 ecclesiam.
420 5499 615 5558 Verum
642 5503 744 5559 hoc
772 5503 825 5558 in
867 5514 1016 5573 patre
1050 5514 1238 5562 nostro
1287 5506 1642 5562 memorabile
1741 5510 1940 5578 quibus
1966 5509 2261 5579 loquuntur
2289 5523 2382 5564 seu
2410 5510 2752 5565 conﬁtentur.

1338 5662 1570 5716 \'.\Rl.E
1617 5663 2006 5720 LECTlONl‘IS.

157 5741 213 5772 ""
236 5754 396 5802 Ianua
417 5766 465 5802 ρ.
1582 5749 1588 5755 '
1629 5751 1632 5755 '
2725 5723 2766 5753 ⁸
