3834 6304
118 309 209 365 Si!

1329 305 1748 362 mmomcox.
1793 339 1857 348 -
1887 308 2014 364 LIB.
2042 286 2102 362 [ιζ

3272 319 3378 375 222

117 431 168 477 et
186 420 360 477 uniti:
387 418 585 475 unitati
623 417 869 489 corporis
897 417 957 473 in
990 416 1195 474 Christi
1228 419 1404 488 capite
1434 420 1696 474 membris
1727 424 1770 482 Α
1801 422 1898 476 tati
1929 422 2192 490 videntes,
2216 438 2303 478 me
2338 423 2551 480 concite
2584 423 2778 481 adesse
2805 425 2962 498 signo
2988 425 3216 496 faciunt,
3240 430 3371 486 duo-

117 513 419 567 Richardus
452 509 550 566 Dei
596 509 810 565 favente
847 509 1022 580 gratia
1051 510 1178 564 licet
1212 509 1466 580 indignus
1508 510 1697 577 abbas,

119 605 214 658 ista
261 602 568 673 legentibus
618 611 891 671 perpetua:
937 601 1127 656 salutis
1158 600 1372 670 gaudia.
1422 599 1558 670 (Fol.
1609 600 1700 670 8i)

120 693 438 765 Evangelica
465 693 693 748 veritate
734 693 913 747 edocti
939 701 993 747 et
1022 692 1190 746 totius
1227 691 1549 763 evangelica:
1580 692 1701 746 ﬁdei

117 788 440 842 auctoritate
494 787 549 840 in
599 786 818 841 Christo
874 785 1107 853 fundati,
1158 795 1382 858 paterna
1427 802 1553 857 erga
1603 802 1702 840 vos

120 878 772 948 quodammodojunctus
814 878 1200 944 sollicitudine,
1238 887 1476 931 vestram
1507 875 1703 932 fratres

119 970 455 1025 dilectissimi
484 969 781 1039 exemplari
808 970 885 1024 rei
913 969 1175 1024 divinitus
1204 977 1368 1039 gestae
1390 983 1702 1022 commone-

119 1062 252 1118 facio
289 1063 596 1128 caritatem,
624 1078 787 1132 quam
813 1062 881 1116 ad
912 1061 1360 1117 commonitionis
1391 1069 1584 1115 vestrae
1609 1075 1702 1116 so-

120 1154 306 1208 latium
338 1169 436 1223 per
459 1153 731 1223 quendam
765 1150 987 1206 fratrem
1017 1158 1262 1205 nostrum
1295 1166 1391 1219 per
1421 1165 1514 1204 sex
1543 1150 1704 1204 hora-

120 1261 232 1300 rum
290 1245 474 1314 spacia
529 1244 726 1313 spiritu
777 1245 923 1298 velut
969 1243 1167 1297 mentis
1214 1258 1440 1297 excessu
1493 1251 1700 1312 raptam

120 1334 274 1390 nobis
307 1334 549 1389 voluisse
584 1333 698 1388 ﬁeri
749 1333 1116 1397 manifestam,
1163 1331 1400 1385 divinam
1433 1331 1704 1400 conjicere

119 1441 413 1498 possumus
451 1424 701 1495 gratiam.
752 1424 884 1490 Qua:
913 1424 1038 1478 licet
1081 1422 1455 1492 spiritualibus
1486 1437 1586 1476 nos
1616 1437 1702 1476 res

120 1533 359 1589 pugnare
389 1517 668 1586 nequieris
703 1514 1043 1570 multimodis
1067 1514 1464 1584 scripturarum
1490 1513 1668 1567 divina
1687 1541 1700 1550 -

121 1624 233 1663 rum
287 1609 522 1662 occultis
569 1615 622 1660 et
667 1607 783 1676 ipsa
839 1606 927 1660 vix
957 1605 1313 1661 subtilissima
1346 1604 1544 1659 mentis
1587 1603 1703 1658 acie

121 1682 520 1753 contrectandis
562 1711 777 1766 semper
806 1697 1044 1750 instruat
1083 1695 1447 1761 documentis,
1487 1710 1587 1749 nos
1623 1703 1703 1748 ta-

1800 528 2032 583 rumque
2078 513 2310 569 fratrum
2351 515 2576 585 junctus
2611 517 2897 588 obsequio,
2944 535 3107 590 quam
3139 522 3375 591 primum

1801 604 1952 670 affui,
1979 613 2032 659 et
2052 621 2178 660 mox
2201 607 2447 676 exposito
2474 606 2612 662 lecto
2643 609 2772 678 quia
2809 611 3033 680 spiritus
3070 613 3250 668 exitus
3291 612 3378 669 sui

1802 695 2141 763 separatione
2171 697 2581 768 colluctabatur,
2608 699 2922 768 psalmodiae
2949 702 3265 774 litaniisque
3287 704 3376 759 in-

1802 783 2001 839 sistens
2036 800 2253 840 omnem
2291 787 2479 842 adesse
2508 786 2612 842 feci
2645 791 3136 860 congregationem.
3169 792 3378 860 Quibus

1801 873 2051 942 expletis,
2089 874 2410 931 funebribus
2458 876 2652 932 intenti
2693 879 2940 948 exequiis
2969 889 3028 935 ut
3072 898 3103 936 a
3139 883 3378 938 circum-

1803 967 2104 1033 stantibus,
2172 967 2301 1036 quia
2363 968 2616 1037 spiritum
2675 968 2921 1026 funditus
2967 972 3232 1028 exalasset
3289 975 3375 1029 vix

1803 1070 2015 1111 summa
2029 1064 2241 1126 poterat
2260 1056 2535 1127 diligentia
2557 1057 2781 1128 inquiri,
2796 1060 3023 1116 dicendo
3046 1081 3060 1115 :
3079 1060 3376 1128 Subvenite,

1802 1145 1974 1198 sancti
2001 1145 2121 1211 Dei,
2145 1145 2349 1200 exitum
2390 1145 2508 1215 ejus
2549 1156 2604 1202 et
2645 1162 2708 1204 os
2746 1150 3040 1206 emundare
3070 1153 3208 1220 cepi.
3240 1153 3377 1208 Cum

1803 1236 2018 1290 interim
2042 1236 2155 1306 jam
2182 1237 2378 1292 subitis
2402 1239 2469 1268 ²⁹²
2493 1239 2764 1306 turbatus,
2789 1257 2875 1296 me
2900 1243 3115 1312 corpori
3137 1242 3377 1298 defuncti

1803 1329 2058 1398 applicui,
2090 1345 2363 1399 manuque
2389 1345 2508 1385 mea
2533 1330 2650 1400 ejus
2679 1332 2760 1386 ori
2789 1333 2994 1402 pectori
3019 1334 3381 1404 vitabbusque

1804 1420 2162 1475 subtilissima
2191 1421 2539 1490 indagatione
2572 1421 2810 1492 admota,
2849 1424 3100 1492 spiritum
3127 1427 3272 1480 velut
3301 1436 3372 1480 te.

1803 1508 2055 1564 nuissimi
2076 1525 2140 1564 ac
2162 1510 2506 1564 subtilissimi
2525 1511 2668 1567 aeris
2685 1511 2874 1566 flatum
2900 1513 3077 1568 inesse
3099 1515 3379 1583 praesensi,

1802 1610 1857 1657 et
1884 1602 2112 1658 remissa
2159 1603 2609 1659 commendaticia
2641 1605 2908 1672 oratione,
2949 1606 3205 1676 quidnam
3237 1606 3381 1663 futu-

1803 1710 1926 1748 rum
1955 1705 2097 1751 esset
2120 1695 2364 1765 cepimus
2391 1706 2696 1766 expectare.
2730 1695 2867 1751 Cum
2897 1707 3020 1768 post
3051 1699 3194 1752 velut
3217 1698 3380 1754 unius

123 1803 236 1841 men
270 1803 341 1842 ex
391 1787 710 1842 assiduitate
760 1795 1056 1858 torpentes,
1103 1801 1486 1856 corporeazque
1523 1785 1701 1854 impa-
1734 1763 1776 1822 Β
1805 1784 1954 1839 hora:
1978 1785 2224 1855 spacium
2267 1785 2592 1842 tenuissimo
2620 1795 2673 1841 et
2714 1786 2804 1840 vix
2849 1787 3092 1842 sensibili
3143 1787 3381 1860 singultu

123 1877 299 1932 tientis
364 1886 573 1931 natura:
625 1876 984 1933 remissiones
1038 1877 1329 1932 adversum
1380 1875 1705 1946 pernitionis

123 1966 271 2038 quasi
303 1984 375 2022 ex
405 1967 694 2023 securitate
727 1967 871 2024 hosti
907 1984 972 2023 ex
997 1968 1226 2024 adverso
1251 1968 1529 2023 insidianti
1555 1976 1705 2038 pate-

125 2059 400 2127 facientes,
428 2059 716 2115 manifesta
746 2076 842 2132 per
876 2061 1020 2116 hanc
1047 2061 1316 2117 visionem
1343 2061 1440 2116 Dei
1466 2063 1702 2117 misera—

125 2152 279 2218 tione,
296 2151 380 2206 'ad
405 2152 672 2206 internum
699 2152 898 2207 mentis
925 2161 1126 2208 nostra:
1149 2161 1204 2206 et
1225 2152 1587 2208 discussionis
1617 2167 1705 2208 re-

125 2243 372 2298 ducimur
404 2244 780 2310 subtilitatem,
827 2253 991 2314 prout
1024 2244 1258 2315 quisque
1288 2254 1536 2301 nostrum
1570 2245 1703 2300 sub-

125 2336 384 2392 tilissimae
413 2336 610 2391 mentis
638 2345 693 2391 et
741 2335 1089 2392 discretionis
1131 2336 1292 2392 oculo
1319 2338 1704 2410 transfigurata

127 2437 542 2499 comparataque
568 2427 698 2484 huic
724 2426 956 2482 visionis
977 2427 1260 2483 sententia).
1291 2428 1702 2498 prophetarum,

126 2517 515 2586 apostolorum,
571 2516 1030 2589 evangelistarum
1079 2531 1298 2587 quoque
1347 2516 1706 2572 invictissima

127 2607 448 2665 discretione
475 2609 580 2664 hoc
622 2609 678 2664 in
707 2624 767 2665 se
794 2607 863 2664 ad
905 2609 1199 2664 utilitatem
1248 2623 1408 2665 suam
1458 2607 1705 2666 veritatis

129 2698 514 2754 transformare
579 2698 853 2756 studuerit
897 2697 1207 2754 testatione.
1269 2696 1496 2754 Cunctis
1537 2697 1704 2754 etiam

130 2789 306 2859 liquet,
343 2789 493 2859 quod
527 2788 644 2844 sine
674 2788 1004 2844 detrimento
1040 2787 1243 2844 silentii
1288 2785 1547 2857 tegimine
1592 2801 1705 2843 non

129 2881 350 2948 velatur,
393 2879 543 2952 quod
587 2880 784 2937 divina:
831 2879 1203 2936 miserationis
1243 2879 1608 2936 ostentatione
1647 2879 1706 2935 in

133 2973 350 3028 salutem
382 2982 629 3028 nostram
665 2972 1068 3029 manifestatur.
1115 2971 1350 3027 Narrare
1379 2987 1511 3028 vero
1539 2987 1705 3044 opera

133 3063 337 3119 Domini
365 3079 493 3119 cum
527 3065 599 3120 sit
641 3065 1025 3132 honorificum,
1061 3079 1127 3120 ea
1173 3064 1390 3120 silentio
1434 3064 1701 3136 subprimi

133 3155 507 3224 perniciosum.
533 3155 674 3223 Quid
693 3173 930 3228 namque
956 3167 1068 3212 tam
1098 3156 1518 3213 saluberrimum
1540 3166 1703 3229 atque
1731 3151 1773 3176 “

134 3246 436 3313 utillimum,
490 3264 657 3319 quam
700 3248 900 3304 divinae
945 3248 1215 3320 largitatis
1267 3249 1504 3315 donum,
1560 3249 1706 3320 quod

134 3339 287 3397 habet
336 3342 607 3413 quispiam
657 3343 954 3414 singulare,
1002 3360 1125 3398 cum
1172 3343 1294 3399 aliis
1323 3341 1704 3413 participando

134 3430 288 3487 faciat
313 3433 444 3488 illud
469 3449 591 3489 esse
621 3450 912 3489 commune
941 3453 954 3488 :
986 3435 1131 3505 quod
1163 3451 1289 3490 cum
1325 3434 1403 3500 ﬁt,
1442 3434 1534 3488 illa
1581 3433 1704 3489 Sal—

134 3525 546 3596 vatorisjussio,
577 3542 684 3597 qua
707 3526 946 3582 dicitur:
976 3525 1128 3591 Quod
1178 3526 1298 3580 dico
1347 3526 1490 3580 vobis
1530 3527 1586 3580 in
1630 3535 1708 3581 te-

136 3615 296 3670 nebris
323 3616 540 3689 (Matth.
572 3635 624 3685 x,
652 3617 743 3685 '27)
771 3627 824 3672 et
847 3617 1075 3688 reliqua.
1110 3617 1281 3688 Cujus
1315 3616 1707 3688 nonjussionis

133 3708 241 3762 vim
267 3710 672 3780 perpendentes,
698 3719 753 3764 et
785 3718 898 3764 toto
927 3709 1126 3766 mentis
1158 3709 1356 3766 annisu
1386 3709 1534 3764 illam
1556 3726 1707 3766 com-

134 3801 272 3871 plere
297 3802 555 3868 volentes,
579 3803 726 3872 quod
759 3801 813 3856 in
844 3802 1084 3858 tenebris
1112 3811 1166 3858 et
1188 3803 1245 3858 in
1279 3818 1433 3870 aure,
1462 3803 1515 3858 id
1543 3812 1626 3859 est
1651 3803 1707 3858 in

135 3893 357 3961 occulto,
384 3895 716 3960 audivimus,
752 3895 823 3950 ob
853 3895 1149 3950 multorum
1189 3895 1478 3950 utilitatem
1511 3894 1566 3950 in
1593 3911 1708 3951 me-

136 3983 277 4038 dium
303 3984 647 4054 proferimus.
702 3984 846 4042 Sane
891 4001 1052 4041 nemo
1083 3995 1328 4042 autumet
1371 3985 1462 4042 hic
1501 3985 1708 4057 aliquid

140 4072 376 4131 falsitatis
398 4091 518 4133 esse
543 4077 894 4148 permixtum,
923 4087 1018 4134 aut
1045 4094 1076 4132 a
1102 4077 1330 4134 veritate
1360 4077 1706 4148 aliquatenus

141 4165 311 4222 credat
337 4168 594 4236 alienum,
624 4171 886 4240 quoniam
916 4170 1057 4226 sicut
1092 4170 1423 4238 audivimus,
1448 4169 1704 4238 vidimus,

147 4258 335 4329 absque
363 4263 631 4318 mendacii
681 4262 808 4318 fuco
853 4263 996 4318 ﬁdeli
1039 4263 1351 4319 narratione
1385 4263 1708 4334 perstrinxi-

147 4364 275 4406 mus.
315 4351 470 4409 Nunc
511 4354 678 4425 igitur
707 4355 776 4410 ad
803 4356 1174 4410 narrationem
1205 4354 1282 4410 rei
1321 4361 1484 4426 gesta:
1521 4354 1706 4410 stilum

1803 1876 2006 1947 pariter
2047 1885 2101 1931 et
2139 1877 2382 1932 anhelitu
2411 1893 2602 1948 cepere
2629 1877 2772 1932 labia
2802 1886 3056 1943 tremere,
3087 1878 3385 1950 deindeque

1806 1970 2140 2026 inconditum
2164 1971 2321 2042 quasi
2346 1971 2580 2041 suspiria
2603 1972 2867 2043 gementis
2889 1980 2942 2026 et
2955 1972 3186 2027 dolentis
3203 1972 3385 2042 lingua

1804 2072 2182 2118 summotenus
2217 2062 2463 2118 emittere
2501 2063 2764 2130 sonitum,
2809 2063 3144 2133 subindeque
3184 2063 3387 2118 discre-

1807 2164 1943 2223 tum,
1968 2155 2115 2210 velut
2139 2153 2354 2227 vagitus
2387 2154 2658 2210 infantum
2699 2155 2866 2210 verba
2911 2154 3149 2210 formare
3195 2154 3383 2224 volen-

1804 2257 1940 2303 tum.
1983 2246 2182 2319 Sicque
2205 2257 2289 2304 est
2320 2263 2387 2304 eo
2415 2264 2591 2320 usque
2610 2257 2952 2320 perventum,
2983 2257 3043 2303 ut
3070 2255 3276 2302 rectum
3315 2245 3384 2300 ad

1803 2349 2053 2396 nostrum
2085 2339 2347 2398 formaret
2372 2341 2538 2397 verba
2559 2342 2824 2398 auditum.
2860 2340 2966 2397 Sed
2990 2355 3178 2412 quaeso
3207 2340 3387 2395 inten-

1803 2427 1937 2494 dite,
1966 2426 2096 2498 quia
2128 2426 2371 2499 linguam
2396 2429 2774 2484 commovebat
2799 2435 3030 2495 tantum,
3055 2441 3181 2482 cum
3216 2425 3274 2480 in
3296 2440 3386 2481 re-

1803 2517 1967 2589 liquis
1995 2518 2243 2589 corporis
2273 2519 2556 2587 membris,
2583 2519 2759 2590 capite
2790 2518 2936 2586 dico,
2973 2516 3150 2574 oculis
3176 2525 3231 2572 et
3268 2531 3389 2574 ma-

1804 2609 1988 2678 nibus,
2038 2611 2191 2668 coxis
2237 2619 2293 2668 et
2330 2611 2561 2682 pedibus
2595 2611 2782 2668 nullus
2816 2609 3043 2666 omnino
3079 2624 3144 2665 ac
3167 2607 3214 2666 si
3240 2609 3389 2680 ligno

1803 2699 1928 2757 vitae
1963 2701 2168 2757 inesset
2197 2701 2444 2772 spiritus,
2475 2703 2621 2774 quod
2651 2716 2888 2773 praesens
2909 2700 3140 2756 fratrum
3183 2710 3238 2755 et
3276 2698 3381 2754 fre-

1805 2807 1980 2863 quens
2040 2793 2412 2848 indubitanter
2462 2792 2760 2848 testabatur
2806 2798 3061 2846 attactus.
3119 2787 3226 2845 Sed
3271 2788 3386 2844 visa

1807 2884 1940 2940 inibi
1971 2893 2024 2940 et
2054 2885 2369 2956 colloquuta
2392 2892 2582 2940 nostro
2616 2881 2824 2938 auditui
2856 2882 3020 2938 verba
3049 2881 3165 2937 sola
3204 2881 3385 2953 lingua

1808 2976 2097 3044 formabat;
2127 2994 2249 3048 quae
2281 2977 2337 3031 in
2388 2992 2446 3032 se
2484 2973 2831 3046 postmodum
2874 2989 3127 3029 reversus
3173 2989 3203 3027 a
3239 2972 3387 3027 nullo

1807 3069 1909 3125 sub
1940 3069 2054 3124 celo
2080 3069 2364 3125 hominum
2405 3067 2532 3124 sciri
2561 3067 2804 3137 putabat.
2850 3065 2952 3121 Cui
2993 3065 3258 3120 assistens
3285 3079 3387 3119 no-

1807 3162 1998 3229 tarius,
2028 3161 2290 3232 inpressis
2317 3161 2505 3216 eadem
2541 3159 2794 3230 signabat
2813 3158 3030 3225 litteris,
3053 3172 3175 3228 qua:
3197 3167 3250 3212 et
3276 3156 3388 3226 ipse

1807 3266 2070 3321 corporeo
2094 3250 2438 3320 postmodum
2463 3264 2598 3304 usus
2637 3247 2930 3318 colloquio,
2958 3263 3068 3303 non
3092 3248 3194 3301 alia
3225 3257 3388 3316 atque

1807 3341 1911 3396 alia
1941 3341 2243 3396 testabatur
2271 3355 2302 3394 a
2331 3355 2388 3395 se
2417 3339 2530 3394 visa
2565 3348 2619 3394 et
2647 3340 2959 3410 colloquuta
2985 3354 3106 3394 esse
3140 3339 3193 3393 in
3229 3338 3383 3393 caelo.

1807 3436 1992 3506 Quem
2006 3451 2141 3492 eum.
2154 3436 2208 3490 in
2230 3433 2688 3506 subsequentibus
2710 3434 2879 3491 lector
2897 3433 3157 3501 audieris,
3170 3448 3236 3488 ne
3257 3430 3386 3504 quid

1806 3544 1997 3584 eorum
2032 3526 2232 3598 ambigi
2265 3540 2427 3597 posse
2458 3525 2774 3594 credideris,
2806 3525 3181 3580 vehementius
3207 3537 3386 3578 emor-

1807 3631 1964 3676 tuum
1995 3634 2194 3690 corpus
2223 3619 2461 3672 humana
2501 3617 2740 3673 formare
2765 3632 2928 3688 posse
2958 3616 3121 3670 verba
3155 3615 3386 3670 mirabe-

1807 3719 1906 3786 ris,
1929 3732 2096 3789 quam
2123 3716 2170 3771 si
2211 3723 2266 3770 et
2303 3714 2593 3784 utriusque
2635 3711 2946 3768 testamenti
2979 3710 3264 3766 verissima
3298 3724 3388 3766 as-

1806 3811 1975 3868 sertio
1997 3809 2144 3866 credi
2190 3808 2485 3880 compellit,
2527 3807 2596 3862 ab
2643 3822 2708 3862 eo
2759 3815 2820 3861 ut
2863 3803 3031 3862 refert
3061 3804 3240 3860 visum
3271 3817 3390 3859 esse

1806 3917 1918 3958 non
1946 3899 2301 3957 dubitaveris.
2340 3896 2652 3971 Egredienti
2687 3911 2720 3952 a
2748 3910 2978 3967 corpore
3005 3894 3202 3950 animae
3243 3891 3381 3948 mali-

1807 4009 2043 4067 gnorum
2085 3993 2378 4066 spirituum
2412 4001 2524 4048 tres
2567 3989 2686 4062 ipsa
2721 4005 2820 4048 sua
2865 3988 3076 4045 visione
3124 3985 3392 4043 terribiles

1807 4087 2138 4152 astiterunt;
2178 4084 2266 4140 cui
2304 4083 2463 4154 quasi
2486 4081 2745 4138 horrifico
2773 4079 3012 4151 impulsu
3041 4078 3392 4144 insultantes,

1807 4178 2062 4234 dicebant
2097 4191 2155 4232 se
2187 4175 2472 4230 habituros
2513 4174 2662 4228 hunc
2697 4173 2989 4229 tormentis
3033 4170 3392 4226 infernalibus

1807 4267 2188 4334 cruciandum,
2239 4280 2464 4320 suarum
2512 4264 2589 4318 illi
2635 4262 3043 4318 attestationem
3099 4259 3392 4314 inferentes

1807 4361 2095 4431 culparum
2122 4376 2136 4412 :
2159 4357 2437 4413 cultellum
2467 4356 2675 4412 scilicet
2699 4353 2984 4424 cujusdam
3009 4351 3197 4408 fratris
3219 4349 3393 4406 nostri

145 4451 416 4501 vertamus.
444 4445 634 4501 Debita
657 4447 933 4519 religionis
961 4448 1259 4503 reverentia
1283 4447 1562 4517 paschalia
1603 4465 1703 4505 no-
1734 4461 1778 4517 ι)
1802 4448 2091 4525 parvulum
2120 4461 2283 4518 quem
2308 4445 2578 4500 oblivione
2597 4453 2653 4500 et
2671 4441 2998 4514 negligentia
3025 4440 3230 4496 dudum
3273 4454 3376 4510 per

148 4531 224 4588 bis
244 4535 304 4589 50
326 4537 536 4592 dierum
570 4540 964 4609 exequentibus
992 4540 1329 4610 sollempnia,
1357 4555 1482 4594 cum
1510 4541 1565 4594 in
1596 4541 1703 4599 hoc

147 4628 354 4684 cenobio
400 4631 547 4700 quod
594 4640 678 4686 est
722 4632 1160 4688 Atrebatensium
1212 4633 1380 4688 situm
1433 4633 1492 4687 in
1545 4634 1701 4704 urbe,

149 4721 503 4784 pretiosissimi
531 4723 866 4780 confessoris
892 4724 1096 4780 Christi
1120 4724 1340 4781 Vedasti
1371 4726 1520 4781 cultu
1550 4727 1704 4782 dica-

148 4816 250 4864 tum
296 4814 615 4882 honoriﬁco,
673 4819 762 4873 cui
813 4819 928 4888 ipse
982 4818 1313 4873 monachicae
1359 4819 1707 4876 continentiae

151 4897 473 4962 instituendis
511 4908 816 4978 disciplinis
862 4910 972 4963 Deo
1022 4917 1245 4964 auctore
1290 4909 1560 4976 deservio,
1605 4912 1708 4968 hec

152 4989 385 5053 divinitus
421 5000 622 5054 accidit
646 5001 804 5056 visio.
850 4999 1082 5066 Quidam
1125 4999 1354 5054 fratrum
1390 5011 1704 5058 nostrorum

153 5081 394 5145 debilitate
422 5093 670 5162 corporis
711 5101 1038 5164 praeventus,
1071 5093 1211 5147 lecto
1251 5102 1336 5148 est
1364 5095 1704 5164 azgritudinis

155 5189 441 5249 occupatus.
483 5183 682 5254 Sicque
709 5185 923 5240 duobus
950 5185 1242 5240 transactis
1272 5185 1482 5252 diebus,
1512 5186 1566 5240 in
1588 5187 1707 5258 ipso

157 5271 289 5326 ιρι-ςΞί
311 5275 413 5329 dici
442 5277 620 5332 noctis
641 5286 964 5347 perventum
990 5285 1074 5333 est
1099 5276 1350 5342 articulo,
1376 5293 1499 5332 cum
1523 5279 1710 5333 dolore

159 5362 421 5421 anxietatis
467 5384 580 5422 suae
609 5368 782 5423 nimio
830 5369 935 5424 hoc
965 5369 1116 5424 visus
1143 5377 1226 5424 est
1273 5368 1416 5440 exigi
1463 5368 1710 5426 funditus

162 5445 368 5521 migrare
393 5457 460 5513 de
493 5460 696 5515 seculo.
731 5459 889 5526 Quod
911 5459 1111 5516 fratres
1147 5458 1338 5530 vigiles
1369 5459 1503 5514 inibi
1534 5461 1706 5529 depu-

1808 4542 2042 4607 diderat,
2067 4538 2228 4609 cujus
2262 4537 2561 4608 quamlibet
2584 4536 2811 4592 minima
2835 4533 3081 4589 videatur
3107 4529 3265 4601 culpa
3295 4543 3392 4584 nec

1809 4634 1980 4707 priori
2018 4631 2272 4690 confessa
2328 4647 2428 4688 nec
2479 4631 2636 4687 venia
2690 4630 2868 4686 fuerat
2915 4628 3185 4684 absoluta.
3229 4623 3392 4679 Affuit

1809 4727 1972 4782 etiam
2005 4726 2155 4795 pacis
2185 4732 2240 4780 et
2274 4724 2414 4779 lucis
2443 4721 2672 4779 Michael
2709 4722 2955 4793 angelus,
2992 4717 3369 4782 hostilisinva

1811 4818 1983 4874 sionis
2014 4825 2162 4872 tutor
2190 4815 2594 4872 serenissimus.
2629 4813 2840 4880 Quibus
2861 4812 3138 4881 utrimque
3161 4823 3380 4864 conven-

1812 4911 1901 4977 tis,
1932 4911 1988 4965 in
2011 4919 2288 4965 momento
2313 4907 2677 4963 infernalibus
2703 4906 2924 4962 astitere
2954 4902 3230 4959 claustris.
3289 4899 3392 4956 Ubi

1812 5002 1954 5072 ignis
2006 5001 2279 5056 maximus
2319 4999 2678 5070 quantitatem
2727 4994 3118 5067 magnitudinis
3169 4991 3393 5048 omnino

1813 5093 2103 5160 excedens,
2139 5091 2275 5147 locis
2302 5091 2408 5145 illis
2443 5089 2756 5144 cruciandis
2779 5088 3065 5142 animabus
3088 5094 3205 5140 erat
3232 5085 3385 5156 depu-

1815 5191 1979 5250 tatus,
2010 5183 2198 5253 nigras
2225 5182 2362 5235 adeo
2390 5188 2444 5234 et
2473 5178 2701 5234 fetentes
2741 5179 2992 5235 emittens
3031 5178 3301 5244 ﬂammas,
3336 5175 3393 5232 in

1804 5291 1914 5347 quo
1939 5275 2174 5330 traditor
2213 5272 2424 5326 Domini
2457 5270 2626 5327 Judas
2663 5280 2853 5328 catena
2876 5271 3117 5342 undique
3147 5269 3392 5336 strictus,

1807 5365 2109 5436 majoribus
2133 5363 2188 5418 in
2213 5363 2299 5417 die
2321 5361 2514 5430 judicii
2547 5362 2834 5418 tormentis
2858 5371 3105 5443 servatur
3137 5361 3392 5416 crucian-

1805 5459 1928 5513 dus.
1981 5456 2193 5523 Quibus
2242 5453 2423 5508 anima
2454 5469 2513 5510 se
2557 5453 2870 5525 deputatam
2917 5469 3172 5525 sperans,
3213 5453 3387 5508 nimio

1379 5566 1612 5622 VARUE
1645 5567 1936 5625 LECTION
1945 5566 2047 5622 ES.

166 5658 545 5741 ξςρῌξᾳνυεὶρίςτε
572 5671 914 5741 ευαῃειρτςρι-ηιΞ
946 5659 1184 5741 Singula:
1218 5661 1428 5741 pagina;
1462 5659 1994 5741 continentninternfﬁ
2018 5668 2068 5741 et
2095 5657 2162 5714 75
2189 5657 2377 5741 lineas.
2413 5656 2598 5741 Ita‘lf.
2626 5657 2713 5741 CI.
2738 5657 3091 5741 ιζβιιᾳῃε,
3133 5660 3220 5714 cui
3261 5677 3389 5731 ανο-

167 5721 390 5782 ΨΡαέηυη
416 5721 663 5798 {oliorum
688 5732 861 5794 81—83,
877 5721 1139 5788 debemvus.

1221 5729 1302 5765 ’ω’
1328 5731 1497 5802 fuitne
1525 5730 1758 5788 subtus?
1798 5731 1860 5787 U.
1891 5730 2144 5787 Fortasse
2166 5729 2406 5789 motibus
2437 5736 2529 5784 aut
2560 5729 2666 5783 tale
2689 5729 2816 5801 quid
2838 5730 3050 5786 excidit.
