3834 6304
443 314 552 371 9.23

1459 321 1760 381 necoms
1796 302 2089 386 seems
2125 331 2692 391 FLAVINIACENSIS

3598 337 3692 397 221

447 428 732 497 prmsentis
770 431 967 488 mortis
1019 440 1412 489 tormentorum
1463 443 1671 493 terrore
1716 441 2033 513 constricta,
2064 445 2110 503 A
2135 461 2383 504 seorsum
2400 449 2515 519 jam
2541 448 2777 505 cessisse
2801 447 3060 516 liberam;
3102 447 3304 504 laicum
3332 463 3689 520 quoque,.cu-

450 522 705 581 misereri
728 523 831 579 sibi
861 522 1031 580 Deum
1057 534 1384 595 sanctosque
1415 527 1694 597 apostolos
1712 527 1937 587 Petrum
1975 542 2030 590 et

448 611 706 682 Paulum,
745 613 1048 671 Johannem
1085 630 1302 686 quoque
1332 617 1622 687 baptistam
1675 625 1728 676 et
1768 636 2047 694 magnum'

451 704 822 768 confessorem
848 705 1053 762 Christi
1086 706 1176 761 cui
1205 707 1544 765 deserviebat
1575 709 1890 780 Vedastum,
1915 711 2027 769 fre-

451 798 641 867 quenti
674 807 729 853 et
753 798 967 869 lugubri
994 813 1127 853 voce
1150 799 1411 855 iterabat.
1448 799 1560 857 lllis
1586 816 1717 857 vero
1746 802 2029 860 inferenti-

453 886 557 943 bus
579 901 760 945 veram
780 888 947 958 priori
975 888 1061 944 sui
1082 887 1360 945 distulisse
1377 888 1802 959 confessionem,
1824 903 1883 947 ut
1899 909 2026 948 eum

452 978 804 1050 dampnarent
849 979 1226 1035 testiﬁcabant.
1267 979 1508 1037 Tandem
1545 983 1901 1039 miseratione
1930 984 2026 1041 Dei

454 1080 720 1144 prteventa
753 1079 807 1126 et
846 1071 1088 1143 angelica
1122 1073 1438 1128 conlinitate
1471 1074 1697 1141 conﬁsa,
1746 1075 2027 1144 spiritibus

404 1230 415 1233 _
450 1164 691 1223 discussa
724 1164 1043 1231 immundis,
1072 1164 1176 1220 soli
1207 1166 1403 1221 abinde
1439 1166 1795 1236 amplioribus
1832 1180 2025 1237 proce-

447 1254 582 1308 dunt
616 1255 1051 1324 perserutandis,
1096 1265 1153 1310 et
1193 1271 1321 1311 ecce
1363 1255 1545 1312 subito
1586 1257 1820 1313 discreto
1871 1257 2026 1311 alteri

445 1349 651 1425 generi
679 1359 1082 1406 tormentorum
1138 1350 1447 1407 consistunt
1493 1351 1550 1407 in
1597 1351 1739 1420 loco,
1773 1351 1865 1407 ubi
1910 1360 2029 1408 erat

446 1440 628 1501 hiatus
674 1441 952 1505 inferioris
995 1441 1225 1509 inferni,
1273 1442 1331 1497 in
1366 1441 1590 1498 modum
1630 1431 1780 1514 putei
1820 1444 1941 1499 lata:
1973 1451 2027 1499 et

446 1530 887 1601 profundissimaa
920 1532 1303 1602 inmensitatis,
1355 1534 1448 1605 qui
1482 1536 1633 1591 velut
1676 1536 1851 1593 nubes
1903 1536 2023 1608 glo-

447 1632 726 1677 merantur
759 1624 814 1677 in
844 1622 1132 1693 imbribus,
1164 1625 1449 1684 fumiferas
1473 1636 1790 1685 eructuante
1810 1628 2026 1686 camino

448 1717 761 1772 removebat
790 1717 1057 1774 ﬂammas.
1099 1717 1275 1791 Super
1308 1720 1460 1777 hunc
1483 1720 1631 1776 velut
1650 1736 1786 1793 rupe
1808 1721 1864 1776 in
1889 1726 2027 1792 prse—

449 1807 640 1878 cipitio
688 1809 1007 1877 constituta,
1060 1810 1152 1867 ille
1182 1826 1313 1867 vero
1345 1827 1505 1868 verso
1542 1812 1694 1868 vultu
1738 1812 1792 1867 in
1835 1813 2024 1879 altera,

450 1908 606 1971 rogat
647 1908 705 1955 ut
731 1901 1090 1972 introspiciat.
1128 1901 1299 1974 Cujus
1329 1904 1500 1961 nimio
1537 1892 1731 1960 timore
1764 1903 2028 1975 jussio'ni-

452 1991 554 2047 bus
599 2007 797 2062 parens
829 1993 1169 2066 introspexit,
1212 2002 1267 2051 et
1300 1995 1438 2050 inibi
1472 1995 1721 2068 torqueri
1743 1986 2027 2056 Albertum

453 2080 880 2141 Na'mueensium
933 2087 1219 2143 comitatui
1248 2086 1565 2158 prmfectum
1595 2086 1729 2160 (9i),
1759 2103 1922 2160 quem
1960 2102 2028 2144 ex

452 2170 657 2231 nostris
697 2177 852 2232 multi
884 2188 1172 2247 noverunt,
1202 2180 1540 2252 recognovit.
1578 2179 1711 2247 Quae
1748 2195 1874 2236 cum
1916 2172 2029 2237 illic

450 2264 684 2335 propriae
714 2266 1034 2337 perditionis
1057 2262 1289 2323 nimium
1325 2268 1492 2324 dubia
1523 2276 1780 2325 tremeret
1816 2264 2045 2323 sublata

450 2355 522 2410 ab
551 2356 764 2429 angelo,
809 2367 1077 2415 venerunt
1099 2375 1210 2415 non
1253 2359 1416 2432 longo
1456 2358 1593 2416 adeo
1632 2357 1929 2416 interstitio
1959 2359 2027 2415 ad

452 2462 650 2521 aquam
681 2451 822 2507 sicut
861 2467 927 2508 ex
955 2452 1141 2509 nimiis
1182 2462 1236 2510 et
1274 2450 1568 2510 fetentibus
1592 2452 1807 2525 pruinis
1847 2452 2028 2525 colligi

452 2543 666 2613 poterat
702 2543 973 2615 frigidam,
1008 2545 1155 2601 circa
1201 2556 1366 2618 quam
1392 2545 1540 2602 velut
1577 2544 1743 2602 medii
1783 2545 2028 2616 corporis

452 2631 820 2702 proftmditate
868 2634 1092 2692 inmersi
1132 2637 1372 2691 maxima
1417 2635 1689 2693 residebat
1729 2634 2027 2691 multitudo

452 2725 756 2797 hominum,
790 2712 915 2785 licet
938 2729 1332 2801 aliquantulum
1364 2714 1514 2796 boni,
1560 2737 1743 2784 tamen
1778 2727 1909 2799 quia
1955 2727 2026 2783 de

449 2821 636 2877 seculo
662 2823 910 2880 exierunt
949 2823 1169 2896 impuri,
1203 2818 1457 2896 usquein
1483 2821 1729 2880 futurum
1759 2820 2027 2892 judicium

454 2917 737 2985 penalibus
780 2920 939 2975 undis
986 2918 1204 2991 frigoris
1233 2929 1288 2975 et
1337 2918 1526 2975 fetoris
1557 2918 1861 2975 venialibus
1899 2924 2029 2973 sunt

454 3006 697 3065 diluendi
745 3001 1005 3080 peccatis.
1036 3009 1241 3067 Deinde
1285 3019 1552 3067 venerunt
1577 3011 1643 3068 ad
1679 3011 1863 3079 aliam,
1907 3026 2030 3080 quae

2122 537 2342 608 jusdam
2383 539 2569 596 fratris
2596 541 2767 595 nostri
2802 541 2895 611 qui
2930 539 3065 595 inibi
3102 540 3350 596 adstabat
3380 550 3602 611 patrem,
3629 544 3687 599 de

2127 647 2259 703 quo,
2283 635 2413 705 quia
2439 632 2603 690 vitam
2627 634 2899 702 novimus,
2928 634 3151 689 minime
3188 633 3523 701 dubitamus,
3556 636 3684 691 mul-

2128 734 2319 796 tosque
2361 725 2496 781 alios
2523 712 2662 797 ques
2707 722 2972 782 memeria
3002 735 3184 792 notos,
3238 724 3335 781 sed
3387 726 3681 782 multimoda

2126 830 2365 885 praesens
2416 817 2558 872 ratio
2607 815 2739 873 fecit‘
2789 833 2912 874 esse
2970 817 3203 889 ignotos.
3270 814 3486 872 Abhinc
3532 818 3681 873 lector

2126 924 2297 979 queso
2326 909 2608 980 diligenter
2634 911 2875 983 intende,
2906 911 3035 981 quia
3065 925 3193 964 mox
3240 918 3303 965 ut
3336 908 3472 964 exiit
3507 911 3572 965 ab
3594 910 3679 965 im-

2126 999 2348 1055 mundis
2379 1000 2680 1072 spiritibus,
2730 1009 2786 1056 et
2827 1000 2961 1056 visis
3002 1007 3402 1055 tormentorum
3448 999 3681 1069 periculis

2127 1090 2229 1145 hec
2259 1091 2443 1145 anima
2467 1099 2551 1148 est
2579 1090 2827 1159 liberata,
2867 1090 3220 1161 ductorisque
3248 1088 3333 1146 sui
3361 1089 3678 1145 serenissimi

2126 1192 2186 1235 ut
2210 1190 2295 1237 est
2322 1180 2687 1237 familiaritate
2706 1198 2870 1254 quam
2886 1182 3114 1237 dulciter
3137 1189 3404 1248 recreata,
3430 1180 3679 1251 qubmodo

2126 1274 2426 1343 majoribus
2453 1273 2915 1344 amplioribusque
2944 1281 3103 1328 aucta
3130 1282 3184 1328 et
3225 1272 3452 1327 incensa
3494 1270 3680 1327 deside-

2126 1366 2227 1422 riis
2264 1364 2575 1436 inquirendi
2606 1374 2661 1421 et
2688 1365 3063 1437 perserutandi
3107 1365 3289 1435 aliqua
3329 1380 3455 1435 quae
3479 1364 3681 1419 commi-

2128 1457 2266 1513 nisci
2292 1459 2359 1513 ab
2381 1473 2444 1512 ea
2474 1467 2742 1529 poterant,
2771 1467 2825 1513 et
2850 1457 3123 1529 quomodo
3157 1457 3273 1527 ipsa
3308 1472 3410 1512 sua
3436 1457 3680 1527 importu-

2125 1548 2296 1604 nitate
2345 1563 2512 1618 quam
2548 1548 2834 1618 sepissime
2873 1548 3101 1604 dicendo
3132 1567 3145 1602 :
3187 1546 3231 1603 0
3269 1547 3481 1601 domine
3527 1558 3684 1600 sancte

2127 1639 2376 1710 Michael,
2414 1641 2498 1710 pie
2546 1650 2716 1710 pater,
2763 1639 2851 1694 dic
2898 1639 3082 1694 mihi!
3131 1654 3347 1710 semper
3392 1640 3682 1705 extorserit,

2126 1747 2249 1803 quae
2290 1732 2349 1787 in
2393 1729 2668 1803 reliquum
2714 1729 2917 1802 scripta
2970 1729 3159 1786 audire
3202 1728 3440 1800 poteris;
3480 1739 3536 1783 et
3574 1730 3685 1800 quia

2127 1821 2355 1895 singulis
2393 1823 2569 1895 angeli
2603 1821 3056 1893 responsionibus
3089 1821 3251 1877 anxia
3280 1821 3386 1876 hoc
3412 1820 3483 1853 ’”
3510 1820 3683 1875 iterum

2128 1916 2436 1987 iterumque
2459 1911 2574 1973 suis
2601 1916 2831 1971 vexabat
2870 1912 3337 1985 iuquisitionibus,
3375 1913 3682 1970 clamando:

2131 2006 2176 2063 0
2197 2007 2406 2062 domine
2422 2017 2609 2069 sancte
2636 2006 2888 2076 Michael,
2913 2006 2998 2061 dic
3023 2007 3153 2061 mihi
3183 2006 3390 2060 adhuc!
3412 2004 3516 2062 sub
3540 2005 3683 2061 inter-

2126 2099 2411 2171 rogatione
2455 2099 2655 2155 animee
2693 2106 2749 2155 et
2787 2098 2964 2171 angeli
3008 2097 3366 2169 responsione
3395 2113 3523 2153 cum
3548 2096 3684 2165 ‘omni

2125 2187 2372 2261 diligenti
2396 2188 2662 2246 assidenti
2706 2188 2842 2245 inibi
2870 2196 2933 2246 ut
2982 2204 3149 2260 supra
3198 2188 3441 2244 diximus
3470 2186 3684 2254 notario,

2126 2281 2272 2353 quod
2297 2288 2469 2339 restat
2492 2280 2809 2338 curabimus
2850 2281 3109 2349 scribere,
3155 2296 3266 2336 non
3294 2280 3565 2352 permixta
3605 2294 3684 2335 nec

2125 2382 2335 2429 mutata
2361 2389 2394 2428 a
2422 2372 2581 2428 nobis
2604 2371 2891 2441 latinitate,
2918 2388 3020 2431 nec
3043 2373 3228 2440 verbo,
3257 2372 3354 2430 sed
3378 2372 3564 2428 omnia
3586 2387 3685 2443 qua

2127 2463 2235 2535 ipsi
2284 2464 2593 2520 alternatim
2642 2465 3082 2522 scrmocinabant
3104 2507 3118 2532 ,
3165 2464 3355 2521 eadem
3402 2465 3509 2521 hec
3550 2464 3683 2520 nobis

2126 2558 2183 2612 in
2212 2565 2357 2613 terra
2383 2557 2578 2631 positis
2605 2572 2702 2629 per
2724 2557 2969 2630 linguam
3009 2557 3245 2615 emortui
3275 2557 3528 2628 corporis
3552 2572 3682 2613 reso-

2126 2650 2291 2705 nabat
2316 2649 2552 2720 Spiritus
2580 2659 2835 2718 sanetus;
2860 2658 2914 2706 et
2938 2642 3062 2707 cum
3089 2650 3417 2721 impressum
3441 2666 3683 2720 quarum-

2126 2740 2259 2797 libet
2292 2741 2600 2799 litterarnm
2649 2740 2923 2798 inveneris
2952 2742 3191 2814 signum,
3238 2742 3435 2797 anima:
3481 2742 3679 2796 interro-

2128 2832 2307 2904 gantis
2338 2832 2395 2888 in
2422 2841 2476 2888 te
2504 2832 2741 2890 transfer
2765 2833 3038 2902 allectum,
3070 2842 3133 2889 ut
3161 2833 3468 2906 angelicum
3498 2832 3684 2891 facilius

2128 2916 2307 2995 possis
2337 2922 2635 2997 intelligere
2658 2939 2984 2996 responsum
3014 2942 3027 2979 ς
3056 2923 3272 2981 Anima.
3308 2922 3353 2979 0
3389 2908 3565 2978 sancte
3593 2921 3683 2976 lli-

2129 3015 2300 3084 chael,
2337 3006 2547 3072 dimitte
2597 3033 2678 3071 me
2719 3006 2799 3072 ire
2853 3017 2922 3070 ad
2972 3017 3165 3087 fratres
3224 3032 3385 3085 meos,
3434 3024 3486 3068 et
3533 3014 3686 3068 dicam

455 3097 789 3158 ferventibus
847 3102 1010 3160 undis
1060 3111 1116 3158 et
1167 3102 1549 3160 ebullientibus
1602 3102 2097 3187 innumerabilesc
2126 3100 2238 3156 illis
2284 3101 2481 3157 omnia.
2530 3102 2789 3175 Angelus.
2852 3100 2978 3157 Non
3025 3103 3297 3157 dimittam
3347 3111 3417 3171 te,
3460 3102 3571 3157 veni
3615 3117 3686 3156 sc-

454 3192 579 3249 visu
613 3194 862 3250 volvebat
901 3195 1201 3266 lugentium
1249 3195 1525 3266 strepitus.
1575 3193 1823 3262 Quorum
1855 3202 2028 3250 torto-

460 3301 569 3354 res,
609 3300 896 3358 equorum,
925 3302 1125 3343 canum
1166 3285 1522 3358 omniumque
1568 3284 1683 3342 fere
1722 3285 2028 3357 repentium

455 3375 870 3433 similitudinem
900 3376 1270 3449 praeferentes,
1285 3376 1542 3448 quoniam
1572 3375 1840 3449 gravioris
1856 3377 2030 3448 culpa:

459 3465 702 3535 fuerunt,
739 3467 1042 3537 homicidii,
1085 3466 1484 3536 fornicationis,
1512 3466 1784 3535 adulterii,
1809 3467 2031 3524 sacrile-

458 3557 555 3629 gii,
582 3573 770 3613 eorum
794 3559 1095 3615 miserabili
1111 3558 1353 3628 interitu,
1376 3559 1704 3630 impudendo
1727 3558 2032 3630 gaudebant

459 3648 608 3705 vocis
653 3657 708 3704 et
751 3650 993 3722 corporis
1024 3660 1198 3724 gestu.
1236 3648 1334 3707 llis
1381 3650 1626 3721 angelico
1653 3648 1820 3705 ductu
1849 3656 2030 3707 trans-

459 3739 657 3807 cursis,
691 3738 940 3795 exierunt
975 3740 1031 3796 in
1059 3741 1411 3812 pulcherrimi
1436 3740 1577 3811 prati
1618 3738 1813 3795 ﬂorum
1847 3740 2032 3796 diver-

458 3828 618 3887 sitate
642 3824 920 3888 vernantis
944 3841 1214 3904 tantaeque
1227 3831 1617 3906 magnitudinis
1638 3831 1955 3902 planiciem,
1972 3839 2035 3887 ut

460 3920 509 3977 si
548 3931 764 3994 aequato
806 3924 956 3979 omni
987 3925 1107 3981 orbi
1149 3932 1416 3981 terrarum
1450 3924 1569 3979 sub
1594 3922 1762 3978 unius
1794 3921 2037 3979 hominis

460 4015 582 4071 visu
607 4016 790 4090 colligi
810 4026 1013 4088 posset,
1041 4017 1171 4073 huic
1191 4015 1498 4089 comparari
1527 4030 1637 4071 non
1670 4023 1875 4086 posset.
1924 4013 2036 4070 Lo-

457 4118 558 4160 cus
590 4104 681 4160 hic
707 4106 943 4176 quadam
988 4106 1074 4163 sui
1103 4115 1256 4177 parte
1301 4103 1601 4176 refrigeria,
1637 4098 1874 4174 quadam
1905 4118 2035 4159 vero

458 4194 688 4252 diversis
719 4207 1114 4254 tormentorum
1140 4209 1194 4254 et
1215 4198 1558 4253 ﬂammarum
1590 4194 1809 4267 ignibus
1833 4193 2034 4250 distin-

456 4295 578 4343 ctus
603 4297 745 4358 erat;
775 4288 848 4346 ita
887 4296 947 4346 ut
985 4291 1080 4362 qui
1108 4290 1405 4346 levioribus
1435 4288 1631 4359 pressi,
1665 4287 1813 4342 velut
1838 4301 2035 4342 aurum

460 4378 583 4452 igne
609 4382 843 4454 purgati,
880 4398 1129 4439 seorsum
1157 4384 1412 4440 secedant
1432 4380 1809 4452 refrigerandi.
1843 4378 1901 4433 in
1931 4379 2049 4434 hoc"

2126 3196 2282 3263 quere
2317 3209 2418 3248 me.
2464 3188 2613 3247 Vide.
2649 3192 2866 3249 Anima.
2902 3192 2947 3250 0
2988 3193 3216 3261 domine,
3255 3210 3414 3264 quam
3458 3192 3686 3264 pulchras

2127 3284 2460 3352 mansiones;
2499 3285 2587 3339 dic
2615 3284 2766 3354 mihi,
2802 3286 2920 3363 quis
2961 3285 3110 3340 debet
3147 3287 3201 3339 in
3243 3302 3331 3340 eas
3363 3285 3608 3341 habitare.
3644 3282 3686 3338 0

2125 3380 2285 3446 quam
2294 3375 2569 3446 pulchram
2590 3377 2934 3431 mansionem.
2957 3375 3001 3432 0
3014 3384 3193 3431 sancte
3206 3373 3432 3430 Michael
3450 3375 3535 3429 dic
3553 3374 3685 3429 mihi.

2126 3465 2385 3538 Angelus.
2434 3467 2658 3536 Anima,
2706 3484 2811 3523 non
2856 3478 3002 3539 potes
3051 3468 3204 3523 scire.
3259 3466 3379 3522 Ista
3426 3466 3559 3520 bona
3600 3475 3687 3519 est.

2128 3556 2349 3614 Anima.
2394 3559 2438 3614 0
2471 3558 2681 3615 domine
2718 3569 2898 3615 sancte
2935 3559 3184 3627 Michael,
3213 3560 3299 3614 dic
3330 3558 3459 3613 mihi
3491 3574 3599 3629 qua
3621 3568 3689 3611 est

2128 3646 2237 3700 ista
2261 3645 2429 3701 altera
2459 3648 2686 3703 mansio.
2715 3647 2817 3703 Dic
2846 3649 2974 3702 mihi
3001 3649 3117 3720 quis
3139 3648 3318 3704 debeat
3341 3648 3425 3701 hic
3446 3647 3688 3701 habitare.

2128 3741 2388 3811 Angelus.
2416 3739 2731 3796 Fredericus
2764 3742 2897 3814 (93).
2928 3743 3143 3798 Anima.
3174 3742 3218 3799 0
3244 3743 3473 3809 domine,
3493 3756 3693 3811 panum

2131 3831 2463 3903 refrigerium
2493 3840 2570 3887 est
2601 3834 2656 3887 in
2675 3834 2782 3888 ista
2803 3835 3091 3911 mansione.
3122 3832 3380 3907 Angelus.
3404 3832 3584 3887 Adhuc
3606 3847 3694 3886 non

2131 3930 2209 3976 est
2232 3931 2446 3978 rectum.
2475 3922 2692 3980 Anima.
2727 3923 2889 3980 Video
2914 3926 3141 3993 domine,
3166 3926 3352 3997 pulcra
3379 3934 3455 3980 est
3484 3925 3697 3987 mansio,

2136 4014 2184 4067 si
2217 4014 2449 4085 perfecta
2479 4015 2685 4087 fuisset.
2737 4015 2781 4074 0
2810 4017 3032 4072 domnus
3061 4018 3245 4087 abbas,
3284 4017 3453 4072 multa
3490 4016 3681 4070 mirabi-

2133 4106 2207 4160 lia
2231 4107 2454 4162 ostendit
2476 4106 2733 4163 Dominus
2762 4126 2854 4180 per
2881 4119 2949 4165 te.
2987 4108 3209 4180 Magnus
3237 4107 3571 4174 Fredericus,
3602 4107 3690 4177 for-

2138 4197 2206 4250 tis
2233 4204 2283 4250 et
2310 4196 2618 4252 laudabilis.
2673 4197 2717 4254 0
2762 4199 2989 4266 domine,
3034 4216 3137 4253 non
3173 4200 3449 4269 permittas
3500 4214 3581 4251 me
3626 4196 3689 4249 hic

2136 4294 2299 4354 stare,
2322 4287 2532 4341 dimitte
2565 4304 2646 4342 me
2686 4289 2763 4344 ire
2791 4290 2860 4343 ad
2889 4291 3081 4360 fratres
3113 4306 3272 4357 meos,
3305 4299 3355 4343 et
3382 4289 3561 4343 dicam
3602 4287 3693 4341 illis

2137 4381 2316 4433 omnia
2359 4395 2696 4451 quwcumque
2721 4381 2850 4436 vidi.
2903 4380 3160 4453 Angelus.
3204 4379 3345 4435 Non.
3390 4378 3515 4434 Non
3555 4389 3627 4434 est
3652 4378 3691 4429 in

465 4471 731 4545 refrigerii
801 4474 921 4529 loco
965 4472 1260 4529 Notkerum
1305 4471 1418 4544 (92)
1467 4471 1781 4542 recognovit
1826 4470 2035 4539 episco—
2067 4480 2115 4536 ι)
2140 4487 2254 4525 mea
2283 4479 2559 4542 potestate,
2587 4473 2677 4527 sed
2705 4474 2761 4527 in
2797 4471 3113 4528 Saluatoris.
3150 4472 3365 4527 Anima.
3408 4471 3452 4526 0
3484 4470 3690 4533 domine,

461 4577 610 4633 pum.
638 4561 698 4615 lu
725 4562 1009 4616 tormentis
1034 4578 1161 4617 vero
1185 4562 1350 4616 alium
1378 4560 1676 4630 intercepto
1707 4558 1925 4613 nomine
1946 4574 2032 4613 re-

461 4649 717 4721 cognovit
747 4650 1081 4721 episcopum,
1110 4651 1205 4721 qui
1240 4666 1271 4705 a
1307 4650 1447 4706 collo
1498 4658 1692 4704 catena
1736 4648 1936 4720 ligatus
1978 4647 2033 4702 in

461 4742 647 4807 dorso,
677 4741 918 4814 linguam
951 4758 1060 4812 qua
1082 4741 1281 4813 pepulo
1308 4741 1602 4812 praedicare
1628 4739 1837 4806 debuit,
1868 4737 2047 4795 foreia

465 4830 624 4903 pibus
646 4833 815 4904 igneis
839 4843 1071 4890 tortores
1092 4833 1212 4905 ejus
1231 4834 1546 4889 nitebantur
1564 4832 2031 4889 extrahere........

463 4923 630 4978 draco
680 4939 793 4994 ore,
837 4926 1062 4982 naribus
1104 4926 1439 4996 auribusque
1465 4923 1715 4980 ﬂammas
1756 4924 1810 4978 in
1842 4923 2037 4980 faciem

466 5012 778 5070 mortiferas
997 5016 1325 5088 presbiteros
1352 5014 1646 5071 Eucarium
1696 5023 1748 5070 ct
1781 5013 2045 5070 Rainbol--

468 5106 621 5174 dum,
643 5105 864 5163 fratrem
890 5110 1049 5164 etiam
1072 5124 1229 5166 suum
1246 5111 1535 5181 puerulum
1557 5109 1776 5164 nomine
1794 5106 2036 5175 Petrum,

465 5213 709 5255 sororem
741 5215 806 5255 cx
834 5200 953 5271 ejus
975 5203 1257 5272 conspexit
1277 5203 1347 5236 "3
1372 5201 1526 5258 aduri
1555 5200 1749 5266 latere;
1767 5215 2037 5255 sororem-

463 5304 575 5362 que
600 5289 761 5345 aliam
820 5299 934 5346 toto
986 5306 1098 5362 quo
1144 5292 1347 5347 advixit
1398 5305 1626 5363 corpore
1675 5298 2034 5354 contractam,

2137 4576 2296 4630 quam
2323 4560 2479 4631 longa
2509 4561 2593 4615 via
2621 4569 2697 4616 est
2732 4561 2822 4615 ubi
2858 4571 2935 4616 est
2964 4562 3285 4631 paradisus?
3315 4561 3572 4631 Angelus.
3599 4556 3689 4611 Ea-

2140 4667 2276 4719 mus,
2306 4667 2515 4722 sequere
2549 4668 2648 4706 me.
2684 4651 2899 4708 Anima.
2935 4652 3134 4724 Sequor
3168 4662 3236 4707 te.
3282 4651 3327 4708 0
3359 4651 3596 4734 domine,
3623 4646 3689 4700 dit

2138 4742 2269 4797 mihi
2291 4744 2417 4815 quid
2441 4744 2836 4817 est?Angelus.
2874 4744 3019 4801 Unus
3048 4746 3331 4816 paradisus
3370 4752 3467 4798 est.
3500 4742 3687 4796 Anima.

2143 4833 2189 4890 0
2219 4835 2412 4903 Adam,
2446 4836 2608 4907 quare
2635 4837 2910 4892 credidisti
2943 4838 3098 4892 uxori
3127 4838 3272 4892 tum?
3317 4835 3361 4892 0
3394 4833 3528 4901 Eva,
3555 4844 3688 4904 quare

2138 4925 2387 4997 decepisti
2411 4929 2581 4983 virum
2614 4930 2801 4983 tuum?
2822 4928 2866 4984 0
2898 4929 3126 5001 maligne
3157 4945 3364 4999 serpens
3405 4925 3688 4984 Leviathan,

2138 5032 2301 5086 quare
2343 5018 2601 5073 seduxisti
2643 5018 2953 5074 mulierem?
3002 5018 3046 5075 0
3077 5028 3256 5073 sancte
3297 5016 3490 5084 Petre,
3538 5021 3687 5070 sancte

2140 5106 2331 5174 Paule,
2375 5120 2554 5165 sancte
2584 5109 2872 5177 Iohannes,
2907 5125 3125 5181 magnus
3176 5117 3389 5163 sanctus
3436 5105 3684 5161 Vedastus,

2139 5199 2577 5256 misericordiam.
2613 5200 2658 5257 0
2680 5202 2771 5272 pia
2803 5200 2999 5269 Maria,
3035 5208 3221 5256 sancta
3245 5211 3295 5255 et
3327 5198 3554 5271 gloriosa
3587 5191 3685 5248 lla-

2139 5290 2241 5357 ria,
2268 5293 2526 5348 miserere.
2555 5293 2599 5349 0
2623 5294 2850 5362 domine,
2875 5293 3084 5349 dimitte
3102 5309 3198 5348 me.
3223 5290 3481 5364 Angelus.
3499 5286 3684 5345 Anima,

1727 5378 1962 5435 VARUE
1989 5378 2391 5438 LECTlOlVES.

539 5472 609 5506 ’”
637 5489 706 5530 ex
745 5514 757 5528 .
800 5516 813 5530 .
855 5488 952 5544 csp
992 5514 1006 5529 .
1055 5487 1071 5529 .'
1113 5513 1127 5528 .
1169 5490 1217 5529 c.
1285 5473 1359 5507 ’σθ
1386 5473 1553 5543 fuitne
1579 5472 1712 5528 hcc?

1961 5539 2185 5597 ΝΟΤιΕ.

538 5631 653 5703 (9|)
687 5627 832 5685 omn
858 5646 906 5686 ε.
939 5629 1193 5703 ωολφ
1224 5630 1296 5688 cf.
1329 5629 1621 5703 Moesis.
1653 5629 1765 5698 vn,
1803 5647 1855 5701 p.
1900 5632 2032 5700 ise;

468 5702 503 5758 l.
530 5690 843 5773 iugalem,
870 5716 922 5771 p.
948 5690 1146 5773 44031.
1172 5690 1282 5771 iw,
1319 5720 1371 5773 Ρ.
1406 5700 1536 5767 475;
1568 5702 1598 5756 l.
1632 5717 1682 5757 γ.

539 5770 651 5842 (se)
688 5769 834 5828 omn
863 5769 910 5827 εἰ.
949 5771 1104 5828 1008.
1269 5769 1274 5771 '
1319 5769 1336 5773 ·
1986 5802 1989 5803 κ

2210 5633 2322 5704 (95)
2361 5632 2685 5704 praepositus
2714 5630 2771 5686 S.
2798 5628 3019 5704 Yedasti
3052 5636 3108 5684 et
3130 5618 3687 5704 comes_Virdunegsi$s

2138 5689 2340 5776 de‘qu’o
2361 5689 2517 5776 llug‘o
2552 5703 2704 5772 plura
2731 5701 2922 5770 refert;
2952 5718 3003 5757 v.
3044 5715 3211 5772 supra
3239 5698 3345 5755 col.
3370 5694 3495 5767 201,
3513 5689 3622 5749 202.
