3834 6304
146 346 232 405 925

1329 335 1742 393 CHRONICON.
1769 369 1840 380 --
1869 337 1999 395 ΗΒ.
2039 337 2081 393 ll

3134 342 3139 345 ’
3250 345 3360 403 226

146 480 228 517 non
252 459 497 514 dimittam
540 463 607 522 te,
635 455 772 521 sede,
797 454 936 520 sede,
963 452 1101 508 sede.
1126 450 1340 505 Anima.
1369 430 1546 516 Quare
1575 466 1677 504 non
1706 454 1749 512 Α
1780 452 2024 519 Domine,
2046 453 2133 507 dic
2158 453 2308 521 mihi,
2330 455 2456 524 quid
2481 454 2735 525 faciemus
2760 462 2904 510 tunc.
2930 455 3193 528 Angelus.
3225 458 3359 514 Dico

144 552 335 608 dimittis
357 546 733 617 me?Angelus.
758 544 888 617 ~Non
910 543 1177 596 dimittam
1199 551 1267 606 te,
1291 542 1395 594 nisi
1420 541 1677 594 veniemus

145 643 201 696 ad
226 640 545 695 Salvatorem.
577 637 835 707 Angelus.
873 632 1023 700 Veni,
1044 649 1246 686 eamus.
1271 632 1485 686 Anima.
1514 630 1558 686 0
1584 631 1680 684 do-

145 733 258 787 mine
291 740 458 783 sancte
506 725 753 795 Michael,
785 726 871 781 dic
917 725 1045 779 mihi
1076 740 1194 794 quae
1241 732 1318 777 est
1363 725 1469 776 ista
1510 721 1681 775 altera

143 819 620 890 mansioiAngelus.
644 817 796 871 Alter
831 815 1114 886 paradisus
1143 824 1240 868 est.
1269 813 1486 867 Anima.
1519 812 1681 867 0'doo

125 914 274 979 'mine,
302 909 414 983 quis
441 920 515 964 est
548 911 647 964 iste
676 909 869 963 homo?
896 907 1154 978 Angelus.
1185 905 1302 958 Duo
1327 904 1499 958 sancti
1526 902 1679 957 Elius

142 1014 184 1059 et
202 1003 345 1056 Enoc.
377 1001 588 1055 Anima.
625 996 922 1065 0‘domine,
947 998 1075 1069 quid
1108 997 1317 1067 faciunt
1353 995 1479 1049 hic?
1504 994 1683 1065 Ange-

144 1098 228 1153 lus.
257 1094 534 1165 Expectant
553 1093 821 1163 judicium
842 1091 960 1146 Dei.
989 1090 1203 1144 Anima.
1233 1088 1278 1145 0
1300 1088 1529 1154 domine,
1554 1086 1680 1159 quid

143 1190 306 1260 facient
326 1186 482 1239 tunc?
507 1184 765 1255 Angelus.
806 1181 977 1236 Erant
999 1181 1072 1235 ibi
1093 1196 1357 1252 quousque
1378 1180 1550 1233 veniat
1572 1178 1683 1232 An-

143 1282 364 1334 ticristus.
396 1277 610 1345 Anima.
656 1274 881 1340 Quando
922 1274 1084 1328 veniet
1115 1272 1457 1337 Anticristus,
1504 1285 1534 1324 o
1580 1270 1680 1324 do-

143 1372 271 1436 mine,
295 1369 415 1440 quid
446 1366 826 1437 facient'tunc?
860 1363 1117 1437 Angelus.
1155 1363 1300 1418 Tunc
1333 1372 1545 1434 surgent
1575 1361 1677 1416 illi.

144 1459 322 1515 Anima.
377 1457 475 1513 Ubi
510 1457 762 1528 pergent?
799 1455 1057 1527 Angelus.
1100 1453 1183 1507 Ad
1224 1452 1405 1507 secula
1453 1460 1677 1507 terrena.

144 1552 322 1606 Anima.
367 1549 411 1604 0
436 1550 669 1615 domine,
703 1548 823 1619 quis
846 1557 925 1601 est
947 1547 1038 1601 ille
1062 1544 1465 1601 Antichristas?
1506 1544 1683 1616 Ange—

142 1642 227 1697 lus.
255 1639 466 1713 Magnus
487 1639 733 1693 diabolus
761 1646 860 1705 est,
892 1638 1001 1708 ipse
1043 1636 1215 1690 dicet:
1246 1633 1359 1706 Ego
1380 1650 1498 1688 sum
1522 1631 1682 1688 Chri-

140 1742 261 1797 stus;
302 1732 496 1802 Helyas
540 1729 677 1786 dicet
718 1746 840 1797 non,
868 1738 921 1783 et
962 1726 1140 1781 Enoch
1170 1725 1437 1781 similiter.
1463 1723 1678 1779 Anima.

145 1823 180 1879 0
198 1833 357 1878 sancte
378 1805 630 1890 Michael,
650 1823 779 1893 quid
805 1820 1001 1892 facient
1029 1820 1189 1874 tunc?
1206 1819 1298 1873 die
1321 1818 1471 1873 mihi.
1501 1819 1682 1888 Ange-

141 1916 225 1971 lus.
260 1914 380 1969 Dico
410 1914 533 1970 tibi.
571 1911 867 1969 Saluatoris
896 1920 1050 1967 testes
1073 1920 1248 1978 erant,
1287 1918 1338 1965 et
1366 1909 1542 1964 dicent
1570 1908 1681 1979 ejus

140 2004 477 2073 testimonium,
493 2013 545 2061 et
567 2002 922 2057 testimonium
942 2018 1123 2056 eorum
1150 2017 1328 2056 verum
1345 2009 1443 2055 est.
1461 1997 1681 2055 Anima.

141 2094 178 2150 0
198 2110 353 2150 omnes
382 2103 559 2167 gentes
594 2111 699 2149 non
739 2093 970 2148 credatis
994 2093 1110 2159 illi;
1152 2092 1350 2148 credite
1382 2092 1531 2159 mihi,
1558 2092 1684 2164 quia

139 2185 351 2242 Salvator
372 2197 448 2242 est
478 2189 537 2242 in
561 2186 705 2254 celo;
748 2187 841 2257 qui
875 2186 973 2240 hoc
995 2202 1099 2241 non
1121 2185 1308 2254 credit,
1337 2185 1499 2241 vitam
1526 2194 1682 2241 aeter—

140 2295 238 2333 nam
259 2296 352 2334 non
378 2279 611 2335 habebit.
664 2277 711 2334 0
755 2294 932 2333 omnes
963 2288 1136 2349 gentes
1180 2292 1284 2331 non
1331 2277 1558 2331 credatis
1592 2277 1682 2331 isti

138 2373 403 2438 seductori;
449 2388 558 2427 non
600 2370 810 2426 habebit
856 2379 1188 2440 potestatem.
1243 2368 1295 2424 0
1339 2368 1681 2436 Antichriste,

135 2481 267 2536 quare
300 2464 507 2521 seducis
538 2465 752 2537 gentes?
809 2462 978 2518 Verba
1023 2471 1118 2518 tua
1157 2476 1261 2517 non
1302 2471 1427 2516 sunt
1460 2465 1598 2517 vera.
1637 2461 1682 2519 0

135 2568 283 2614 sancte
302 2556 551 2625 Michael,
577 2558 705 2628 quid
726 2556 921 2627 facient
944 2556 1106 2611 tunc?
1124 2550 1383 2626 Angelus.
1403 2554 1539 2608 Dico
1566 2553 1682 2622 tibi,

138 2651 458 2706 testimonium
496 2649 883 2722 prophetabunt
922 2648 1049 2720 quia
1087 2645 1339 2705 Salvator
1371 2648 1567 2711 veniet;
1595 2647 1684 2718 qui

136 2742 212 2797 hoc
242 2744 415 2812 credit,
461 2742 642 2798 salvus
672 2742 793 2797 erit.
830 2740 966 2794 Dico
1011 2740 1128 2809 tibi,
1159 2739 1316 2794 multi
1358 2738 1569 2794 credent
1595 2755 1687 2809 per

138 2830 328 2903 Hclyam
367 2842 416 2889 et
449 2831 656 2887 Enoch.
682 2814 908 2885 Anima.
942 2830 989 2886 ο
1032 2839 1214 2885 sancte
1253 2829 1512 2897 Michael,
1544 2827 1685 2900 .quid

138 2922 301 2989 facient
323 2925 489 2978 tunc?
523 2921 781 2995 Angelus.
823 2920 959 2976 Dico
999 2921 1131 2988 tibi;
1158 2921 1542 2992 prophetabunt
1570 2933 1685 2972 om—

136 3014 209 3068 nia
233 3031 340 3072 vera
366 3032 532 3088 usque
557 3016 629 3069 ad
655 3023 896 3070 mortem.
929 3014 1143 3069 Anima.
1173 3012 1293 3079 Qua
1329 3023 1495 3068 morte
1534 3020 1687 3067 erant

1781 542 1899 609 tibi,
1930 550 2053 597 tunc
2089 545 2257 599 veniet
2279 542 2374 598 ille
2403 545 2462 599 in
2495 560 2647 600 cruce
2678 552 3032 616 prwparatus.
3060 549 3279 605 Anima.
3311 550 3356 608 0

1778 633 2009 700 domine,
2038 634 2126 687 dic
2147 635 2296 701 mihi,
2315 635 2443 706 quid
2474 635 2729 706 faciemus
2756 640 2918 693 tunc?
2936 639 3193 711 Angelus.
3226 641 3359 696 Dico

1782 723 1897 791 tibi,
1949 732 2071 779 tunc
2101 724 2238 779 dicet
2289 723 2582 780 Salvator:
2618 725 2664 782 0
2706 743 2881 782 omnes
2912 740 3108 800 gentes,
3157 732 3357 801 angeli,

1768 816 2106 887 archangeli,
2136 816 2396 886 apostoli,
2438 832 2469 871 ο
2492 833 2679 871 omnes
2714 828 2910 888 gentes,
2951 820 3119 874 videte
3151 822 3357 875 dolores

1781 922 1955 972 meos;
1983 905 2198 977 palpate
2223 915 2273 960 et
2300 907 2495 971 videte;
2521 907 2687 962 videte
2706 910 3001 978 passionem
3023 927 3213 979 meam,
3230 931 3357 967 .nza—
3412 962 3417 969 ,

1780 1014 1879 1053 nus
1910 1015 2085 1064 meas;
2108 999 2247 1053 sicut
2279 998 2357 1068 fui
2377 1000 2434 1053 in
2472 1015 2622 1053 cruce
2644 1010 2854 1072 prapter
2877 1018 2986 1067 vos,
3022 1003 3101 1056 sic
3127 1010 3244 1057 "sum
3270 1022 3359 1058 co—

1766 1108 1898 1145 .ram
1923 1091 2085 1145 vobis.
2125 1089 2169 1145 0
2208 1106 2383 1144 omnes
2408 1099 2604 1162 gentes,
2633 1108 2740 1146 non
2777 1110 2967 1147 aurum
2999 1103 3049 1148 et
3083 1106 3358 1165 argentum

1766 1189 1991 1252 propter
2037 1198 2124 1236 vos
2168 1181 2312 1247 dedi,
2350 1197 2453 1236 .nec
2499 1180 2671 1235 ullum
2701 1182 2979 1253 hominem,
3033 1186 3125 1239 sed
3148 1201 3358 1257 corpus

1780 1289 1973 1328 meum.
2007 1271 2050 1328 0
2081 1289 2256 1327 omnes
2291 1281 2486 1343 gentes,
2520 1289 2613 1343 ego
2651 1277 2821 1328 natavi
2850 1292 2963 1343 uos,
3006 1278 3207 1332 tradidi
3236 1295 3356 1333 cor-

1763 1379 1879 1432 .pus
1912 1378 2084 1417 meum
2116 1370 2328 1431 propter
2362 1377 2472 1427 vos,
2510 1361 2676 1416 videte
2714 1362 2914 1417 dolores
2954 1380 3113 1421 meos.
3138 1366 3356 1421 Anima.

1785 1453 1831 1509 0
1867 1455 2095 1522 domine,
2118 1454 2245 1525 quid
2277 1454 2657 1525 respondebunt
2689 1456 2849 1510 tunc?
2872 1456 3127 1528 Angelus.
3165 1458 3359 1514 Omnia

1762 1561 1939 1615 opera
1978 1553 2158 1599 vestra.
2191 1544 2572 1615 respondebunt
2623 1555 2834 1616 propter
2883 1563 2992 1601 vos.
3046 1548 3262 1603 Anima.
3308 1548 3356 1603 0

1780 1635 2010 1703 domine,
2033 1636 2160 1706 quid
2184 1637 2404 1705 postea?
2430 1635 2690 1708 Angelus.
2745 1636 2889 1693 Tunc
2929 1639 3175 1693 sedebant
3228 1654 3359 1709 apo-
3462 1684 3467 1689 ,

1780 1726 1906 1781 stoli
1946 1727 2016 1781 ad
2043 1728 2312 1783 dea-teram
2338 1738 2387 1783 et
2434 1744 2612 1784 omnes
2657 1729 2850 1800 angeli.
2908 1729 3124 1786 Anima.
3174 1730 3219 1787 0
3259 1731 3359 1785 do-

1782 1819 1923 1873 mine
1945 1828 2124 1874 sancte
2156 1818 2405 1885 Michael,
2432 1819 2520 1874 die
2552 1820 2869 1891 mihi,.quid
2893 1821 3150 1890 faciemus
3193 1824 3363 1877 tunc?

1780 1910 2040 1982 Angelus.
2083 1910 2243 1967 Bene.
2287 1911 2504 1966 Anima.
2557 1910 2602 1967 0
2640 1911 2877 1979 domate,
2924 1912 3058 1984 quid
3106 1913 3360 1983 faciemus

1771 2002 1940 2058 .tnac!
1958 2003 2213 2074 Angelus.
2248 2002 2466 2069 Anima,
2488 2019 2651 2073 quare
2671 2019 2775 2057 non
2809 2019 2979 2058 cessas
2999 2005 3025 2058 .9
3067 2003 3285 2060 Anima.
3314 2003 3361 2060 0

1770 2094 1991 2150 domine
2020 2095 2108 2166 pie
2150 2103 2329 2151 sancte
2357 2093 2604 2162 Michael,
2630 2095 2718 2150 dic
2764 2096 2914 2151 mihi.
2942 2095 3202 2167 Angelus.
3242 2095 3361 2153 Scis

1766 2203 1979 2256 rerum,
2011 2203 2188 2242 verum
2208 2197 2354 2260 potes
2385 2188 2541 2255 scire,
2568 2188 2695 2259 quia
2717 2187 2909 2243 Petrus
2942 2190 3145 2257 primus
3172 2189 3363 2260 loquu-

1767 2290 1869 2335 'tus
1899 2290 1998 2335 est.
2030 2279 2247 2336 Anima.
2282 2280 2524 2347 Domine,
2549 2280 2679 2351 quid
2715 2280 2874 2351 faciet
2894 2290 3109 2339 sanctus
3130 2280 3365 2336 Petrus?

1781 2371 2040 2444 Angelus.
2068 2371 2170 2428 Ille
2185 2373 2454 2443 judicabit
2480 2372 2986 2443 primus,-s‘ecandus
3006 2372 3239 2439 Pindus,
3259 2382 3365 2426 ter-

1783 2465 1896 2519 cius
1926 2463 2195 2520 Iohannes
2208 2464 2490 2536 Baptista;
2515 2474 2637 2525 tunc
2661 2479 2838 2519 manes
2858 2465 3116 2536 apostoli;
3136 2474 3258 2519 tunc
3278 2466 3367 2535 ju—

1782 2560 2036 2615 dicabant
2090 2560 2265 2614 sancti
2320 2560 2617 2625 heremitte;
2662 2567 2793 2613 tunc
2829 2559 3048 2629 perfecti
3101 2560 3362 2614 monachi.

1783 2652 2000 2706 Anima.
2036 2648 2082 2706 0
2106 2650 2335 2716 domitae,
2363 2651 2490 2721 quid
2537 2660 2660 2704 tunc
2699 2650 3061 2722 judicabant?
3104 2648 3362 2722 Angelus.

1784 2740 1921 2797 Boni
1946 2734 2178 2812 episcopi
2206 2752 2332 2796 tunc
2362 2741 2581 2796 reddent
2620 2743 2881 2796 rationem
2905 2742 2969 2797 de
3002 2744 3145 2796 omni
3187 2758 3367 2813 pecore
3418 2763 3438 2779 κ

1784 2849 1900 2889 suo.
1938 2830 2154 2888 Anima.
2201 2831 2249 2888 0
2289 2833 2518 2899 domine,
2557 2832 2684 2904 quid
2713 2833 2877 2887 tunc?
2915 2833 3173 2904 Angelus.
3221 2833 3368 2889 Tunc

1768 2928 1989 2983 venient
2009 2926 2129 2981 boni
2145 2925 2453 2997 presbyteri,
2480 2934 2601 2979 tunc
2610 2925 2928 2996 judicabant
2947 2925 3051 2980 illi.
3080 2926 3299 2982 Anima.
3322 2926 3368 2982 0

1786 3018 2017 3085 domine,
2042 3018 2171 3089 quid
2196 3019 2451 3089 faciemus
2482 3018 2655 3072 tunc?
2693 3018 2953 3089 Angelus.
2994 3017 3140 3072 Tunc
3167 3017 3369 3074 venient

137 3108 384 3164 morituri?
428 3107 695 3179 Angelus.
730 3103 1009 3175 Interfecti
1031 3113 1183 3159 erunt
1211 3120 1308 3174 pro
1350 3103 1449 3159 Dei
1486 3118 1683 3158 αηιοτϐο
1715 3133 1757 3191 ο
1790 3113 1912 3168 boni
1932 3110 2093 3184 logei,
2115 3122 2167 3168 et
2181 3110 2502 3183 judicabant
2518 3111 2697 3171 omnia
2715 3106 2868 3168 bona.
2898 3108 2994 3167 Illi
3006 3126 3124 3168 vero
3142 3113 3233 3186 qui
3247 3123 3370 3169 sunt

136 3195 316 3253 Anima:
344 3198 389 3254 0
414 3198 632 3253 domine
653 3205 833 3251 sancte
859 3194 1109 3261 Michael,
1157 3194 1244 3249 dic
1271 3195 1421 3263 mihi,
1446 3195 1575 3266 quid
1600 3196 1687 3265 fa—

132 3288 301 3343 ciemus
323 3299 445 3345 tunc
462 3289 492 3344 ?
510 3288 771 3360 Angelus.
800 3286 850 3342 0
869 3286 1071 3353 anima,
1088 3298 1254 3341 cessa.
1280 3285 1496 3340 Anima.
1525 3284 1571 3342 0
1590 3286 1688 3341 do-

136 3380 250 3434 mine
273 3391 448 3435 sancte
487 3377 738 3447 Michael,
768 3379 851 3449 pie
880 3387 1052 3449 pater,
1097 3376 1185 3432 dic
1228 3377 1379 3432 mihi.
1425 3376 1683 3450 Angelus.

116 3470 256 3526 Tunc
290 3472 495 3527 ardebit
545 3472 715 3527 omnis
764 3480 928 3526 terra.
970 3468 1188 3525 Anima.
1238 3468 1379 3535 Quid
1431 3469 1686 3539 faciemus

136 3571 254 3631 tunc,
283 3563 534 3619 domine?
553 3563 639 3617 dic
660 3562 810 3617 mihi.
834 3562 1095 3634 Angelus.
1133 3560 1472 3631 Tuncveniet
1499 3559 1688 3617 Salva-

135 3663 219 3710 tor.
237 3656 442 3712 Anima.
482 3654 583 3710 Pie
603 3654 833 3721 domine,
859 3653 988 3725 quid
1018 3652 1274 3723 faciemus
1318 3654 1480 3708 tunc?
1503 3653 1686 3725 Ange-

134 3745 221 3802 lus.
243 3747 377 3805 Tanc
396 3747 605 3804 venient
635 3744 901 3813 Matheus,
928 3744 1166 3813 Marcus,
1192 3743 1366 3801 Lucas
1396 3754 1448 3801 et
1477 3744 1680 3802 Johan-

127 3854 221 3893 πει.
255 3837 343 3894 Illi
368 3841 549 3895 dicent
581 3854 600 3894 :
626 3837 763 3895 0ssa
791 3838 970 3905 arida,
996 3837 1230 3909 surgite;
1270 3837 1451 3895 audite
1475 3839 1687 3894 verbum

132 3928 336 3986 Domini.
372 3931 523 3988 Tunc
555 3932 818 3987 veniemus
860 3945 1043 3985 coram
1072 3927 1382 3996 Salvatore;
1425 3939 1550 3985 tunc
1582 3933 1685 3987 erit

130 4022 327 4077 mundus
355 4038 522 4078 novas
540 4032 592 4077 et
622 4032 764 4077 terra
795 4037 945 4076 nova.
965 4020 1183 4076 Anima.
1219 4018 1264 4077 0
1285 4020 1495 4077 domine
1506 4032 1687 4079 sancte

132 4110 332 4169 Michael
375 4116 463 4186 pie
515 4122 701 4185 pater,
738 4112 867 4185 quid
913 4112 1170 4183 faciemus
1216 4114 1382 4168 tunc?
1424 4112 1683 4185 Angelus.

132 4197 242 4262 Dico
268 4208 381 4262 tibi.
410 4206 633 4262 Anima.
659 4204 762 4260 Dic
788 4204 939 4273 mihi,
975 4204 1032 4259 in
1059 4220 1163 4275 qua
1190 4204 1364 4274 forma
1397 4206 1681 4263 veniemus.

130 4293 356 4367 Angelus.
410 4297 458 4354 0
489 4298 695 4363 anima,
739 4311 907 4364 cessa,
954 4295 1090 4350 satis
1136 4295 1339 4351 audisti
1382 4298 1681 4368 prophetas.

132 4385 291 4442 Omnis
310 4389 455 4460 plebs
478 4387 689 4444 habebit
720 4387 948 4457 formam
974 4386 1195 4458 triginta
1219 4404 1500 4457 annorum,
1523 4388 1685 4443 simul

1780 3205 2058 3277 agricolae,
2091 3205 2259 3260 multa
2282 3205 2436 3271 bona,
2460 3206 2641 3259 omnia
2666 3205 2821 3259 bona
2838 3204 3234 3273 laboraverunt,
3256 3222 3370 3261 orna

1774 3298 1877 3352 nia
1904 3298 2038 3351 bona
2061 3305 2382 3368 receperunt.
2406 3295 2625 3352 Anima.
2652 3294 2697 3351 0
2720 3296 2948 3364 domine,
2967 3297 3093 3368 quid
3115 3297 3370 3368 faciemus

1787 3391 1951 3444 tunc?
1977 3388 2237 3461 Angelus.
2265 3387 2411 3443 Tunc
2431 3389 2634 3444 venient
2656 3384 2920 3443 mulieres.
2946 3387 3163 3444 Anima.
3192 3388 3371 3444 0-υό-

1784 3482 1925 3536 mine
1954 3491 2149 3539 sancte
2179 3479 2430 3549 Michael,
2457 3481 2584 3552 quid
2622 3479 2880 3551 faciemus
2913 3482 3076 3535 tunc?
3107 3481 3367 3553 Angelus,

1783 3571 1920 3628 Dico
1947 3570 2063 3627 tibi.
2095 3570 2198 3626 Ille
2222 3572 2312 3642 qui
2332 3570 2514 3627 dixit:
2557 3569 2703 3627 Vade
2733 3570 2945 3637 mulier,
2962 3570 3082 3642 jam
3108 3571 3220 3625 noli
3249 3587 3364 3642 pee-

1782 3678 1907 3718 care
1930 3678 1994 3717 ne
2014 3661 2242 3717 deterius
2272 3663 2371 3716 tibi
2387 3661 2595 3734 aliquid
2624 3662 2893 3734 contingat
2919 3661 3140 3733 (Joann.
3172 3677 3224 3728 ν,
3255 3663 3367 3733 li),
3398 3656 3401 3659 ’

1774 3753 2044 3825 judicabit
2079 3753 2227 3809 illas.
2281 3752 2499 3809 Anima.
2557 3752 2602 3809 0
2645 3753 2874 3821 domine,
2924 3754 3367 3821 misericordiam,

1780 3845 1912 3917 quid
1938 3845 2192 3916 faciemus
2221 3846 2389 3901 tunc?
2430 3845 2689 3917 Angelus.
2728 3844 2867 3900 Dico
2898 3846 3015 3901 tibi.
3053 3845 3199 3901 Tunc
3230 3847 3370 3902 dicet

1786 3951 1884 3995 res:
1914 3933 2166 3993 Salvator
2192 3937 2373 3992 omnia
2418 3937 2554 3992 bona
2588 3936 2670 3992 his
2693 3938 2785 4008 qui
2826 3948 2951 3992 sunt
2978 3939 3048 3992 ad
3074 3938 3368 4014 dexteram,

1782 4034 1835 4083 et
1860 4027 2039 4083 omnia
2067 4026 2214 4084 mala
2257 4027 2340 4083 his
2369 4029 2460 4100 qui
2489 4037 2616 4083 sunt
2656 4028 2728 4083 ad
2754 4016 3050 4084 sinistram.
3092 4028 3238 4084 Tunc
3266 4031 3370 4085 erit

1785 4136 1879 4201 rea
1902 4137 2125 4191 magnus
2148 4130 2200 4176 et
2221 4120 2398 4191 fortis,
2421 4121 2593 4187 omnis
2613 4120 2758 4193 plebs
2779 4122 3085 4178 humiliata.
3118 4121 3263 4177 Tunc
3289 4122 3373 4177 di-

1784 4221 1863 4267 cet
1902 4209 2154 4268 Salvator
2178 4228 2197 4266 :
2231 4211 2421 4267 Omnes
2449 4221 2624 4282 gentes
2653 4215 2827 4268 amavi
2853 4230 2976 4280 vos;
3002 4214 3143 4270 volui
3193 4227 3252 4271 ut
3280 4228 3368 4270 vas

1784 4303 1940 4358 domo
1964 4303 2244 4367 veniretis;
2265 4318 2352 4356 vos
2374 4302 2641 4358 noluistis.
2674 4303 2891 4360 Anima.
2926 4305 2972 4361 0
2990 4306 3222 4373 domine,
3238 4308 3367 4378 quid

1786 4403 1909 4450 tunc
1952 4395 2125 4449 dicent
2153 4394 2259 4462 illi,
2298 4395 2389 4466 qui
2432 4394 2567 4450 bona
2607 4396 2883 4466 fecerunt?
2924 4397 3181 4469 Angelus.
3235 4396 3368 4453 Dico

131 4488 224 4532 tam
241 4484 405 4551 pueri,
422 4482 665 4552 juvenes,
691 4478 1045 4535 adolescentes
1073 4495 1233 4550 quam
1257 4496 1423 4535 senes.
1460 4480 1676 4536 Anima.
1706 4475 1760 4539 D
1785 4486 1904 4554 tibi,
1934 4495 2058 4540 tunc
2085 4485 2464 4556 respondebant
2478 4486 2617 4557 justi
2642 4502 2662 4542 :
2692 4487 2935 4557 Domine,
2964 4490 3178 4561 quando
3209 4499 3258 4544 te
3284 4491 3367 4544 υἱι-

133 4567 170 4624 0
197 4569 427 4641 Domine,
453 4571 584 4645 quid
609 4572 866 4642 faciemus
899 4572 1063 4626 tunc?
1105 4571 1363 4644 Angelus.
1406 4571 1552 4627 Tunc
1579 4573 1679 4628 ha-

130 4659 290 4718 bebitis
308 4680 496 4719 novam
514 4680 747 4719 carnem.
778 4662 921 4719 Tunc
954 4664 1214 4719 veniemus
1242 4680 1421 4718 coram
1455 4663 1680 4719 Domino

128 4768 282 4810 omnes
312 4757 488 4829 angeli
523 4764 574 4811 et
604 4754 927 4827 archangeli,
964 4763 1088 4809 tunc
1120 4754 1397 4809 duodecim
1431 4755 1677 4825 apostoli.

129 4844 319 4902 Anima.
353 4848 496 4915 Quid
531 4848 730 4918 facient
748 4846 834 4902 illi
852 4847 878 4899 ?
898 4845 1154 4918 Angelus.
1191 4845 1285 4900 Illi
1315 4846 1563 4901 sedebant
1591 4864 1682 4901 su-

129 4949 207 4989 ver
230 4938 373 4994 sedes
403 4937 711 5005 duodecim,
750 4944 800 4995 et
830 4937 1149 5007 judicabant
1188 4936 1467 4992 duodecim
1509 4937 1678 4992 tribus

131 5024 298 5084 Israel.
340 5029 561 5086 Anima.
602 5028 649 5086 0
678 5029 888 5085 domine
917 5038 1097 5084 sancte
1131 5028 1360 5083 Michael
1394 5030 1480 5100 pie
1509 5038 1680 5100 pater,

128 5116 236 5183 quid
257 5117 508 5188 faciemus
522 5126 648 5172 tunc
663 5118 691 5171 ?
714 5115 817 5172 Dic
836 5117 986 5172 mihi.
1016 5114 1276 5189 Angelus.
1305 5115 1498 5173 Omnia
1524 5130 1682 5189 opera

129 5210 276 5261 omnis
306 5210 450 5278 plebs
471 5209 681 5264 habebit
699 5209 756 5263 in
777 5224 937 5264 manu
957 5224 1075 5264 sua.
1104 5206 1322 5263 Anima.
1366 5206 1410 5264 0
1451 5209 1691 5276 domine,

127 5300 314 5364 quando
349 5303 515 5356 veniet
556 5299 843 5356 Salvator?
878 5299 1137 5371 Angelus.
1165 5298 1351 5354 Adhuc
1382 5316 1485 5355 non
1521 5302 1678 5355 venit.

130 5386 322 5445 Anima.
356 5391 401 5448 0
420 5393 648 5460 domine,
669 5391 880 5463 quando
897 5391 1083 5459 veniet,
1097 5391 1225 5462 quid
1249 5391 1500 5461 faciemus
1517 5400 1641 5447 tunc
1657 5392 1683 5446 ?

130 5477 362 5551 Angelus.
398 5483 540 5537 Tunc
563 5484 727 5538 veniet
747 5491 961 5536 sanctas
991 5481 1182 5537 Petrus
1209 5483 1448 5553 princeps
1471 5492 1685 5555 aposto-

52 5600 59 5608 -
129 5564 299 5636 lorum,
329 5582 378 5626 et
398 5572 533 5628 dicet
557 5587 576 5626 :
606 5571 651 5627 0
675 5573 889 5642 fratres,
915 5571 1087 5626 sedete
1116 5587 1291 5626 omnes
1315 5581 1508 5642 gentes.
1537 5572 1681 5629 Tunc

131 5662 279 5713 veniet
303 5680 518 5734 magnus
555 5663 710 5718 Iesus
754 5656 997 5717 salvator
1025 5670 1075 5717 et
1112 5660 1423 5733 redemptor.
1462 5664 1676 5720 Anima.

135 5749 172 5803 0
191 5753 407 5825 domine,
442 5774 593 5826 quam
622 5772 867 5827 magnam
891 5756 1189 5826 angustiam
1213 5755 1500 5812 videbimus
1529 5761 1682 5814 tunc?

1785 4579 2001 4633 dimus?
2050 4576 2340 4650 Nunquam
2390 4588 2440 4634 te
2475 4579 2733 4647 vidimus;
2776 4596 2867 4636 nec
2902 4591 2952 4638 te
2992 4582 3218 4637 vidimus
3276 4598 3368 4637 nec

1784 4672 2033 4725 minimos
2065 4678 2201 4725 tuos.
2236 4668 2381 4725 Tunc
2409 4670 2548 4726 dicet
2576 4670 2823 4728 Salvator
2850 4691 2869 4728 :
2905 4674 3131 4741 Quando
3162 4675 3367 4745 fecistis

1782 4762 1880 4816 uni
1905 4762 1969 4816 de
1996 4761 2234 4816 minimis
2259 4761 2401 4829 istis,
2426 4762 2555 4817 mihi
2595 4764 2794 4833 fecistis
2835 4764 3053 4835 (Matth.
3093 4778 3218 4833 xxv,
3247 4766 3361 4838 40).

1782 4853 2004 4909 Anima.
2024 4852 2069 4908 0
2090 4852 2321 4920 domine,
2337 4853 2464 4923 quid
2479 4854 2732 4923 faciemus
2756 4865 2878 4909 tunc
2893 4858 2919 4909 τ’
2940 4856 3203 4928 Angelus.
3219 4856 3253 4911 .l
3259 4862 3364 4914 usti

1787 4942 1933 5009 bene,
1965 4941 2089 4997 bene
2109 4942 2268 5012 justi.
2310 4942 2453 4996 Tunc
2498 4943 2636 4997 dicet
2678 4960 2771 4999 res:
2792 4960 2812 4998 :
2865 4944 3065 5013 Venite,
3106 4947 3364 5004 benedicti

1785 5033 1955 5102 patris
1978 5033 2101 5098 mei,
2123 5032 2383 5102 possidete
2405 5049 2617 5104 regnum
2637 5035 2776 5105 quod
2802 5036 2943 5091 vobis
2963 5041 3151 5107 paravi
3166 5040 3230 5094 ab
3252 5043 3366 5096 ori-

1785 5124 1907 5193 gine
1939 5122 2122 5177 mandi
2151 5122 2372 5195 (Matth.
2401 5139 2527 5189 xxv,
2566 5124 2677 5194 5i).
2714 5123 2857 5181 Tunc
2901 5130 3001 5183 erit
3031 5130 3205 5200 gloria
3244 5149 3361 5187 ma-

1786 5229 1892 5284 gna
1915 5229 2074 5284 super
2118 5229 2226 5268 eos.
2262 5212 2479 5268 Anima.
2513 5214 2667 5281 Post,
2717 5218 2947 5288 domine,
3003 5223 3132 5292 quid
3164 5224 3360 5293 facient

1782 5304 1871 5359 illi
1901 5305 2304 5360 adsinistram.
2334 5305 2592 5376 Angelus.
2625 5307 2670 5363 0
2713 5311 2916 5379 animo,
2940 5330 3107 5370 cessa.
3141 5315 3358 5373 Anima.

1788 5395 1835 5452 0
1855 5395 2063 5452 domine
2097 5405 2276 5451 sancte
2326 5397 2572 5466 Michael,
2622 5400 2709 5454 dic
2738 5403 2889 5459 mihi.
2920 5405 3176 5477 Angelus.
3226 5409 3360 5463 Dico

1756 5546 1759 5550 ,
1784 5487 1903 5542 tibi.
1932 5486 2090 5542 Ibunt
2121 5489 2177 5542 in
2203 5489 2522 5560 supplicium
2546 5501 2818 5548 internum.
2856 5494 3070 5552 Anima.
3105 5497 3360 5554 0'sancte

1756 5581 1760 5585 “
1787 5578 2037 5648 Michael,
2063 5580 2149 5635 dic
2180 5581 2308 5635 mihi
2331 5583 2421 5637 ubi
2448 5594 2668 5656 pergunt
2695 5585 2842 5641 ilice?
2866 5586 3018 5653 Quod
3042 5589 3089 5642 si
3100 5591 3211 5643 erit
3246 5591 3356 5644 illis

1783 5668 1931 5724 altra
1962 5670 2143 5742 aliqua
2178 5675 2708 5747 remissio.Angelus.
2748 5678 2792 5734 0
2827 5682 3041 5748 anima,
3082 5680 3203 5734 dico
3230 5683 3348 5736 tibi.

1784 5760 2122 5835 Indulgentia
2149 5765 2246 5821 Dei
2271 5778 2534 5824 succurret
2566 5769 2694 5839 illis,
2725 5779 2775 5825 et
2806 5772 2977 5841 angeli
3023 5772 3121 5827 Dei
3160 5773 3350 5827 facient
