3834 6304
479 318 582 377 2‘27

1517 312 1818 372 llUGONlS
1857 312 2151 370 ABBATIS
2186 310 2755 370 FLAVINIACENSIS

3654 320 3738 378 228

483 443 696 506 raptum
718 448 874 503 super
896 432 1038 486 illos.
1062 430 1253 486 Omnes
1276 431 1445 483 sancti
1473 431 1792 483 intercedent
1819 432 1886 484 ad
1907 431 2074 484 Deum
2106 433 2150 487 A
2177 430 2394 483 Anima.
2445 430 2488 484 0
2519 430 2748 497 domine,
2807 429 2987 500 quales
3033 430 3276 500 inﬁrmi?
3331 429 3589 504 Angelus.
3652 435 3739 500 Qui

482 540 576 587 vro
607 524 735 579 illis.
764 523 983 578 Anima.
1012 522 1055 577 0
1081 522 1308 587 domine,
1335 522 1381 574 si
1417 537 1592 574 omnes
1629 522 1843 576 liberati
1876 524 2071 576 erunt?

485 615 744 686 Angelus.
798 613 1088 667 Possumus
1128 627 1429 664 succurrere
1483 610 1615 664 illis.
1678 610 1920 664 Paucum
1968 621 2065 665 est.

482 705 700 760 Anima.
736 703 780 760 0
808 704 1016 758 domine
1057 710 1235 755 sancte
1266 700 1514 768 Michael,
1566 701 1654 756 dic
1680 703 1833 770 mihi,
1859 703 1949 773 qui
1980 703 2067 772 fa-

483 797 630 851 cient
653 793 1190 867 raptum?Angelus.
1223 792 1358 846 Dico
1386 793 1503 849 tibi.
1583 834 1596 848 .
1677 833 1690 847 .
1771 835 1784 847 .
1864 834 1878 848 .
1959 835 1971 847 .
2051 835 2064 848 .

481 989 532 1035 et
560 979 834 1033 duodecim
859 975 1103 1046 'apostoli
1156 976 1353 1046 facient
1399 985 1632 1046 raptum,
1659 985 1710 1030 et
1745 993 1920 1032 omnes
1967 993 2068 1031 an-

483 1071 606 1143 geli.
636 1071 849 1124 Anima.
883 1069 927 1124 0
954 1069 1163 1123 domine
1189 1079 1372 1124 sancte
1416 1068 1690 1136 Michael,.
1771 1110 1786 1125 .
1864 1109 1880 1124 .
1958 1109 1973 1125 .
2053 1109 2066 1123 .

479 1253 692 1308 Anima.
735 1252 780 1309 0
803 1253 1035 1321 domine,
1065 1255 1156 1326 qui
1187 1253 1401 1309 liberati
1430 1270 1533 1308 non
1577 1254 1794 1324 fuerint,
1825 1254 1954 1326 quid
1983 1254 2073 1324 fa-

475 1343 612 1396 cient
636 1343 765 1397 illi?
784 1343 1044 1416 Angelus.
1081 1343 1233 1400 Certe
1257 1344 1478 1400 malum.
1505 1345 1722 1400 Anima.
1751 1344 1796 1400 0
1819 1345 2069 1401 domine..

475 1443 600 1488 tunc
626 1436 756 1505 quid
787 1436 983 1494 facient
1007 1437 1076 1468 ’³⁸
1101 1439 1126 1491 ?
1155 1436 1416 1508 Angelus.
1461 1437 1505 1493 0
1543 1438 1747 1506 anima,
1781 1454 1944 1509 quare
1970 1455 2074 1492 non

475 1527 694 1580 cessas?
729 1525 819 1580 Vis
863 1528 1050 1581 audire
1082 1528 1210 1598 quid
1246 1528 1484 1598 facient?
1518 1527 1680 1595 Deus,
1722 1529 1863 1584 Deus
1895 1530 2075 1585 reddet

477 1613 587 1668 illis
611 1615 898 1670 secundum
909 1632 1066 1687 opera
1087 1634 1184 1671 sua
1202 1618 1616 1672 retributionem.
1631 1617 1926 1689 Postquam
1936 1619 2074 1674 dicet

471 1706 550 1760 eis
581 1706 651 1738 ⁸⁸⁸
677 1725 691 1763 :
713 1706 986 1763 Discedite
1003 1708 1272 1764 maledicti
1292 1710 1350 1764 in
1373 1710 1545 1781 ignem
1567 1719 1822 1766 ceternum
1849 1709 2067 1782 (Matth.

2171 520 2304 572 satis
2327 521 2720 574 excusationem
2751 539 2854 575 non
2897 523 3087 577 habent
3131 523 3196 578 de
3238 526 3472 594 peccatis
3513 523 3640 595 suis,
3673 530 3738 584 illi

2172 608 2420 661 sedebunt
2462 625 2618 679 super
2659 610 2889 665 rivulum
2939 612 3122 667 istum.
3169 613 3388 669 Anima.
3441 615 3487 671 0
3533 617 3736 686 domine,

2170 697 2297 765 quid
2328 697 2624 766 faciemus?
2646 699 2904 770 Angelus.
2949 699 3098 768 Veni,
3137 705 3410 758 ostendam
3451 705 3586 759 tibi.’
3609 705 3735 762 Vide.

2171 787 2388 842 Anima.
2427 787 2471 843 0
2499 788 2728 858 domine,
2765 792 2892 862 quid
2921 801 2996 846 est
3019 793 3157 848 hoc?
3181 794 3448 866 Angelus.
3486 795 3614 851 Hinc
3639 809 3738 852 sunt

2173 887 2432 933 tormenta
2455 897 2474 944 ,'
2515 880 2588 934 ibi
2616 883 2864 936 sedebunt
2890 885 3108 954 impuri,
3132 895 3189 939 ut
3220 886 3293 940 ibi
3317 889 3586 958 peniteant
3608 905 3739 959 super

2171 971 2400 1025 rivulum
2430 973 2594 1026 istum
2637 990 2800 1046 usque
2846 976 2904 1029 in
2945 976 3085 1030 diem
3124 977 3324 1047 judicii
3377 979 3500 1035 Dei.
3545 960 3760 1037 Anime.1

2175 1061 2220 1117 0
2242 1062 2470 1130 domine,
2496 1080 2686 1134 magna
2709 1074 2832 1118 sunt
2860 1066 2966 1120 ista
2991 1076 3271 1122 tormenta.
3301 1068 3443 1135 Quid
3462 1071 3740 1140 faciemus?

2171 1153 2427 1224 Angelus.
2457 1155 2605 1222 Veni,
2629 1157 2903 1212 ostendam
2927 1159 3044 1213 tibi.
3074 1158 3299 1230 Sequere
3317 1177 3417 1217 me.
3451 1161 3581 1217 Vide
3594 1165 3739 1234 ignem

2173 1261 2440 1316 magnum.
2473 1246 2689 1302 Anima.
2730 1248 2774 1304 0
2796 1250 3027 1318 domine,
3050 1253 3167 1323 quis
3210 1261 3287 1307 est
3328 1253 3423 1309 ille
3446 1255 3474 1308 ?
3503 1256 3736 1327 Angelus.

2183 1335 2313 1391 Vide
2351 1336 2573 1406 ludam,
2612 1341 2702 1410 qui
2751 1341 2976 1395 tradidit
3021 1341 3210 1397 Deum.
3256 1343 3478 1400 Anima.
3517 1344 3562 1401 0
3593 1345 3737 1413 luds,

2172 1445 2334 1501 quare
2373 1430 2658 1484 vendidisti
2703 1449 2890 1504 corpus
2918 1442 2968 1488 et
3007 1435 3318 1505 sanguinem
3356 1437 3564 1492 domini
3597 1440 3740 1492 nostri

2171 1519 2301 1576 Iesu
2354 1520 2600 1576 Christi?
2664 1523 2840 1589 Quare
2905 1526 3180 1580 tradidisti
3239 1527 3518 1583 dominum
3574 1532 3743 1583 tuum?

2176 1611 2353 1678 Quare
2417 1615 2589 1684 fecisti
2642 1616 2788 1670 hoc?
2834 1617 3092 1688 Angelus.
3161 1617 3334 1674 Multa
3402 1620 3554 1674 mala
3617 1622 3740 1691 fecit,

2171 1713 2446 1774 propterea
2477 1705 2687 1776 recipiet
2719 1708 2898 1762 omnia
2936 1707 3102 1762 mala.
3144 1707 3299 1763 Vides
3327 1711 3459 1765 istos
3484 1711 3743 1767 homines?

475 1813 605 1865 xxv,
629 1797 743 1871 M),
775 1799 978 1855 reddite
1025 1817 1183 1871 opera
1224 1812 1396 1856 vestra
1429 1802 1631 1874 angelis
1663 1803 1848 1857 vestris
1877 1803 2065 1873 quibus
2104 1784 2147 1839 Β
2175 1794 2279 1850 "le
2320 1797 2423 1866 fuit
2463 1798 2628 1866 diva,
2670 1800 2824 1853 modo
2855 1809 2932 1855 est
2958 1817 3177 1871 pauper.
3210 1801 3427 1858 Anima.
3465 1802 3513 1860 0
3535 1804 3739 1870 domine,

473 1890 801 1945 servivistis.’
824 1908 928 1947 non
951 1894 1052 1948 erit
1091 1894 1236 1948 ultra
1272 1893 1388 1949 ulla
1427 1895 1814 1950 misericordia.
1855 1894 1943 1949 Ibi
1963 1896 2066 1950 erit

471 1978 714 2036 luctuosa
737 1991 786 2037 et
811 1983 1082 2039 tenebrosa
1118 1986 1343 2040 mansio.
1382 1984 1528 2039 Tunc
1576 1986 1744 2039 veniet
1792 1982 2059 2040 Salvator.

471 2071 688 2130 Anima.
739 2074 783 2132 0
809 2076 1039 2144 domine,
1068 2077 1195 2148 quid
1220 2077 1380 2148 faciet
1404 2077 1649 2131 dominus
1675 2076 1816 2132 Deus
1835 2078 1860 2132 ?
1880 2077 2060 2149 Ange-

471 2165 579 2221 lus.
612 2163 885 2236 Oanima,
928 2186 1090 2240 quare
1122 2186 1226 2224 non
1255 2170 1472 2225 cessas?
1504 2168 1701 2223 Anima
1730 2169 1822 2223 ³⁸⁷.
1873 2166 1917 2224 0
1962 2169 2061 2222 do-

471 2257 632 2324 mine,
655 2259 741 2312 dic
773 2260 926 2326 mihi,
971 2261 1099 2332 quid
1133 2260 1389 2332 faciemus
1418 2262 1581 2315 tunc?
1611 2260 1872 2331 Angelus.
1925 2259 2061 2313 Dico

475 2345 595 2401 tibi.
626 2346 771 2402 Tunc
804 2348 946 2404 dicet
975 2347 1266 2404 Salvator:
1324 2349 1502 2406 Venite
1530 2351 1598 2404 ad
1633 2367 1714 2404 me
1757 2367 1932 2404 omnes
1972 2351 2062 2420 qui

473 2438 734 2495 laboratis
759 2449 809 2496 et
833 2445 1038 2497 onerati
1063 2445 1211 2512 estis,
1243 2454 1295 2499 et
1330 2461 1422 2515 ego
1447 2445 1683 2514 reﬁciam
1715 2460 1802 2498 vos
1841 2443 2058 2516 (Matth.

472 2544 552 2596 ιι,
588 2530 702 2600 28).
747 2529 849 2586 Vos
893 2534 984 2604 qui
1026 2536 1235 2605 sequuti
1257 2537 1384 2590 estis
1412 2553 1493 2590 me
1519 2535 1766 2591 sedebitis
1799 2552 1956 2606 super
1975 2552 2060 2590 se-

471 2619 562 2675 des
609 2620 933 2693 [duodecim,
969 2625 1303 2698 judicantes]
1343 2627 1619 2682 duodecim
1671 2627 1838 2682 tribus
1888 2626 2062 2682 Israel

471 2712 694 2784 (Matth.
725 2732 841 2783 nx,
869 2717 982 2789 28).
1024 2717 1184 2772 Modo
1239 2719 1404 2774 venite
1440 2719 1510 2773 ad
1543 2735 1658 2784 me;
1700 2735 1792 2790 ego
1821 2719 1889 2773 do
1916 2718 2060 2774 vobis

471 2804 670 2877 gaudia
717 2815 938 2876 (eterna,
970 2808 1027 2864 in
1070 2808 1259 2881 quibus
1301 2810 1694 2881 permunebitis.
1739 2809 1958 2864 Anima.
2013 2808 2059 2865 0

469 2897 701 2965 domine,
731 2899 858 2969 quid
895 2901 1112 2970 facient,
1136 2902 1224 2971 qui
1249 2901 1402 2956 illam
1447 2917 1619 2956 vocem
1662 2899 1907 2956 audiunt.
1947 2900 2060 2955 An-

473 2989 649 3058 gelus.
675 2988 811 3044 Dico
833 2991 952 3045 tibi.
977 2990 1312 3046 Letabuntur
1334 2992 1450 3047 sine
1480 2993 1603 3062 ﬁne,
1631 2991 1846 3047 Anima.
1883 2991 1928 3048 0
1958 2992 2057 3046 do-

470 3081 612 3135 mine
636 3092 817 3136 sancte
853 3081 1102 3151 Michael,
1139 3082 1265 3153 quid
1302 3083 1558 3152 faciemus
1605 3093 1746 3137 tunc.
1795 3083 2053 3154 Angelus.

472 3168 522 3228 0
543 3173 749 3240 animo,
781 3189 947 3241 quare
967 3190 1071 3229 non
1095 3190 1270 3230 cessas
1284 3176 1540 3232 2Anima.
1572 3174 1618 3234 0
1643 3177 1854 3232 domine
1876 3187 2056 3233 sancte

471 3261 724 3332 Michael,
767 3265 942 3322 adhuc
995 3267 1085 3322 dic
1142 3267 1292 3324 mihi.
1343 3269 1602 3342 Angelus.
1666 3267 1890 3341 Sequere
1952 3287 2051 3326 me.

467 3351 689 3417 Anima.
717 3354 762 3412 0
784 3366 968 3413 sancte
993 3357 1245 3427 Michael,
1274 3359 1366 3414 ubi
1405 3359 1561 3415 debeo
1584 3361 1730 3432 sequi
1755 3369 1804 3416 te
1820 3362 1847 3416 ἲ
1875 3361 2056 3434 Ange-

467 3444 578 3504 lus.
604 3445 718 3518 Ego
744 3447 864 3503 dico
890 3449 1008 3505 tibi.
1065 3448 1252 3504 Adhuc
1279 3451 1495 3506 ostendo
1543 3452 1641 3518 tibi
1667 3469 1861 3525 magna
1895 3453 2052 3521 bona,

469 3555 719 3611 magnum
739 3543 1070 3612 paradisum.
1110 3543 1254 3600 Vide.
1281 3543 1497 3600 Anima.
1520 3544 1570 3601 .0
1594 3555 1774 3601 sancte
1801 3545 2051 3614 Michael,

468 3647 500 3686 ο
531 3634 759 3700 domine,
807 3652 967 3706 quam
992 3637 1180 3707 pulcra
1229 3647 1307 3693 est
1352 3639 1458 3694 ista
1483 3640 1722 3694 mansio!
1765 3640 1906 3706 Quid
1958 3642 2054 3696 hoc

467 3734 546 3780 est
577 3726 831 3782 domine?
850 3728 1108 3799 Angelus.
1145 3729 1268 3784 Non
1294 3731 1411 3786 dico
1458 3733 1556 3788 tibi
1591 3735 1775 3801 modo;
1806 3736 1896 3790 sed
1937 3737 2054 3793 vide

469 3815 719 3872 alterum.
745 3816 962 3874 Anima.
1007 3819 1187 3887 Video,
1219 3822 1450 3890 domine,
1473 3826 1596 3895 quia
1629 3826 1816 3896 pulcra
1844 3838 1920 3882 est
1947 3830 2054 3884 ista

473 3908 704 3976 mansio,
740 3911 867 3979 quia
915 3910 1129 3980 pulcher
1163 3915 1468 3982 paradisus.
1496 3914 1598 3969 Dic
1642 3918 1794 3984 mihi,
1821 3919 2050 3987 domine,

467 4000 596 4070 quid
631 4010 708 4054 est
740 4002 855 4057 hoc.
886 4003 1142 4074 Angelus.
1174 4005 1288 4060 Hoc
1320 4017 1397 4061 est
1423 4008 1755 4079 refrigerium
1779 4010 2053 4080 justarum

468 4093 790 4147 animarum.
811 4093 1048 4149 Tercium
1062 4114 1165 4151 non
1195 4109 1338 4168 potes
1365 4100 1553 4164 videre.
1583 4101 1800 4156 Anima.
1824 4102 2055 4158 0domi-

469 4200 534 4239 ne
547 4194 728 4240 sancte
751 4186 1000 4256 Michael,
1026 4191 1466 4248 misericordiam.
1489 4193 1743 4265 Angelus.
1772 4195 1905 4250 Dico
1929 4198 2049 4265 tibi,

468 4290 574 4328 non
599 4275 792 4331 videbis
825 4279 1064 4346 tercium,
1088 4280 1250 4336 donec
1273 4283 1443 4336 veniat
1473 4283 1583 4337 dies
1602 4284 1798 4353 judicii
1813 4284 2047 4339 Domini.

466 4365 683 4422 Anima.
721 4368 765 4424 0
786 4370 1017 4442 domine,
1031 4372 1157 4442 quid
1173 4373 1429 4442 faciemus
1444 4375 1468 4428 ?
1482 4373 1739 4445 Angelus.
1758 4375 1914 4429 Modo
1945 4377 2050 4430 ibi-

2169 1889 2297 1959 quid
2323 1889 2393 1921 ³³⁸
2417 1889 2598 1960 faciet,
2626 1891 2833 1946 habebit
2863 1893 3224 1950 remissionem
3262 1895 3327 1949 de
3359 1907 3577 1966 peccato
3621 1899 3742 1951 suo?

2163 1982 2422 2054 Angelus.
2460 1981 2585 2038 Non
2631 1985 2734 2038 nisi
2760 1985 2816 2038 in
2843 1985 3100 2056 judicio;
3144 1995 3268 2041 tunc
3306 1987 3644 2044 dimittentur
3674 1990 3740 2043 illi

2165 2073 2344 2127 omnia
2377 2083 2594 2144 peccata
2635 2091 2753 2130 sua.
2791 2074 3008 2132 Anima.
3061 2076 3105 2132 0
3140 2078 3372 2146 domine,
3417 2081 3549 2151 quid
3601 2081 3739 2151 facie-

2164 2168 2331 2221 mus?
2368 2167 2626 2239 Angelus.
2661 2168 2794 2222 Dico
2825 2169 2941 2224 tibi.
2984 2169 3192 2224 Eamus
3244 2172 3308 2226 de
3351 2174 3456 2226 isto
3501 2174 3736 2244 periculo.

2164 2257 2386 2330 Sequere
2434 2277 2532 2315 me.
2589 2260 2747 2315 Modo
2798 2263 3072 2316 ostendam
3100 2264 3200 2316 tibi
3249 2280 3443 2335 magna
3489 2264 3738 2319 mirabilia

2161 2368 2281 2423 quae
2319 2353 2491 2406 adhuc
2527 2369 2630 2406 non
2679 2354 2880 2408 vidisti.
2947 2353 3098 2409 Vide.
3149 2354 3367 2410 Anima.
3431 2355 3479 2412 0
3529 2358 3735 2422 domine,

2162 2441 2289 2511 quid
2336 2449 2414 2496 est
2467 2443 2614 2496 hoc?
2672 2443 2928 2514 Angelus.
3001 2442 3251 2514 Infernus
3315 2445 3630 2516 malignus;
3680 2447 3736 2502 ibi

2161 2529 2340 2583 sedent
2389 2529 2642 2599 adulteri,
2686 2531 2910 2602 perjuri,
2959 2532 3087 2602 falsi
3116 2534 3368 2604 episcopi,
3402 2535 3534 2604 falsi
3561 2536 3731 2605 presbi-

2163 2619 2282 2686 teri,
2307 2617 2436 2688 falsi
2468 2620 2734 2688 monachi,
2772 2619 2847 2674 ibi
2889 2621 3139 2676 sedebunt
3177 2640 3340 2694 usque
3385 2625 3456 2678 ad
3491 2625 3734 2694 judicium

2162 2709 2281 2765 Dei.
2325 2710 2542 2766 Anima.
2603 2711 2648 2768 0
2698 2721 2878 2767 sancte
2921 2714 3193 2782 Michael,
3247 2715 3377 2786 quid
3431 2717 3734 2786 faciemus!

2159 2801 2692 2873 Angelus.'Seqnere
2732 2819 2834 2858 me.
2884 2803 3071 2859 Adhuc
3118 2806 3393 2860 ostendam
3431 2805 3531 2862 tibi
3581 2808 3732 2860 omnia

2161 2896 2325 2950 mala.
2353 2895 2571 2951 Anima.
2609 2895 2654 2951 0
2683 2896 2912 2965 domine,
2950 2913 3048 2967 que
3074 2901 3246 2954 sunt?
3277 2898 3542 2971 Angelus.
3572 2901 3731 2954 Adhuc

2161 2988 2484 3042 monstrabo.
2520 2987 2674 3042 Vides
2699 2997 2926 3059 quantas
2949 2990 3156 3045 animas
3171 2991 3197 3044 ?
3215 2991 3434 3046 Anima.
3465 2991 3510 3046 0
3527 2992 3731 3057 domine,

2159 3082 2297 3137 unde
2331 3083 2628 3137 venerunt?
2653 3081 2914 3153 Angelus.
2972 3081 3089 3136 Hoc
3126 3091 3205 3138 est
3229 3092 3340 3137 tota
3371 3092 3536 3139 terra.
3569 3085 3730 3138 Adhuc

2156 3189 2263 3230 non
2287 3181 2366 3229 est
2400 3171 2634 3244 plenum,
2670 3172 2844 3228 adhuc
2884 3187 2988 3228 non
3026 3181 3150 3228 sunt
3176 3188 3373 3228 omnes.
3415 3171 3577 3229 Vides
3600 3173 3731 3229 illum

2156 3281 2407 3340 magnum
2453 3267 2544 3338 qui
2592 3275 2671 3320 est
2715 3266 2914 3338 ligatus
2968 3267 3168 3322 catenis
3191 3268 3218 3322 ?
3253 3266 3476 3324 Anima.
3507 3265 3728 3333 Domine,

2155 3361 2325 3416 video.
2374 3359 2635 3432 Angelus.
2677 3357 2782 3415 Ille
2811 3376 3033 3432 magnus
3059 3360 3164 3430 fuit
3193 3359 3522 3416 Coloniensis
3546 3361 3726 3430 episco-

2153 3469 2252 3525 pus
2281 3453 2416 3524 (94).
2467 3451 2685 3508 Anima.
2737 3451 2782 3508 0
2835 3452 3066 3521 domine,
3121 3453 3238 3524 quis
3289 3452 3442 3522 fuit?
3486 3451 3726 3523 Angelus.

2156 3545 2354 3601 Pastor
2391 3545 2532 3616 fuit;
2559 3561 2673 3599 non
2700 3545 2803 3616 fuit
2830 3552 3035 3615 pastor,
3064 3544 3154 3598 sed
3185 3545 3618 3609 mercennarius;
3649 3543 3726 3596 ille

2153 3639 2310 3709 lupus
2333 3638 2457 3709 fuit.
2495 3637 2711 3692 Anima.
2754 3636 2798 3692 0
2826 3637 3055 3704 domine,
3091 3636 3556 3701 misericordiam;
3588 3634 3721 3689 habe-

2155 3730 2231 3785 bit
2276 3729 2710 3800 indulgentiam?
2764 3729 3022 3800 Angelus.
3080 3727 3225 3783 Non.
3282 3727 3511 3798 Magnus
3563 3738 3723 3796 pastor

2156 3824 2279 3893 fuit,
2325 3823 2416 3876 sed
2466 3839 2569 3876 non
2613 3822 2896 3878 custodiuit
2941 3830 3202 3890 prwcepta
3248 3819 3485 3874 Domini.
3525 3820 3720 3873 Anima.

2159 3915 2204 3972 0
2232 3915 2476 3983 Domine,
2512 3916 2638 3986 quid
2670 3916 2924 3984 faciemus
2953 3916 2978 3966 ?
3023 3914 3282 3984 Angelus.
3315 3913 3558 3978 Eamus;
3587 3913 3720 3966 modo

2154 4007 2426 4061 ostendam
2459 4006 2591 4071 tibi;
2623 4023 2833 4077 sequere
2863 4023 2960 4060 me.
3008 4005 3167 4059 Modo
3197 4005 3339 4073 sede,
3371 3994 3572 4072 animo,
3596 4004 3716 4059 sede.

2153 4099 2368 4155 Anima.
2402 4098 2446 4155 0
2479 4101 2706 4166 domine,
2735 4116 2898 4171 quare
2929 4115 3031 4152 non
3057 4099 3287 4154 dimittis
3324 4100 3449 4153 me?
3483 4097 3714 4168 Angelus.

2153 4190 2338 4244 Adhuc
2387 4191 2557 4244 multa
2600 4189 2863 4244 miracula
2919 4188 3288 4244 demonstrabo
3341 4188 3460 4242 tibi.
3521 4186 3718 4258 Sequere

2156 4297 2254 4335 me.
2305 4281 2451 4336 Vide.
2489 4283 2705 4337 Anima.
2743 4281 2787 4338 0
2809 4283 3038 4349 domine,
3063 4281 3190 4352 quid
3219 4291 3296 4336 est
3319 4282 3460 4336 hoc?
3482 4281 3713 4352 Angelus.

2157 4370 2270 4426 Hoc
2301 4383 2422 4426 sunt
2460 4373 2549 4443 qui
2583 4375 2760 4427 omnia
2789 4373 2924 4427 bona
2961 4373 3353 4439 laboraverunt,
3379 4383 3430 4427 et
3456 4375 3623 4428 sedent
3646 4372 3716 4422 hic

467 4472 583 4510 mus
595 4457 960 4529 adinfernum.
979 4460 1194 4516 Anima.
1214 4460 1500 4528 Odomine,
1521 4464 1646 4532 quid
1663 4465 1736 4518 ibi
1756 4465 2050 4533 faciemus?
2081 4468 2126 4527 D
2154 4480 2313 4534 usque
2343 4465 2410 4517 ad
2433 4465 2701 4533 judicium
2727 4465 2846 4519 Dei.
2888 4464 3104 4519 Anima.
3133 4464 3178 4520 0
3200 4466 3431 4531 domine,
3456 4482 3612 4536 quare
3630 4479 3713 4516 non

464 4549 724 4622 Angelus.
754 4551 1040 4606 Ostendam
1063 4553 1157 4606 tibi
1185 4561 1465 4607 tormenta.
1495 4554 1711 4609 Anima.
1741 4555 1785 4610 0
1815 4556 2045 4625 domine,

2153 4553 2347 4607 vadunt
2370 4555 2426 4607 in
2462 4572 2675 4625 regnum
2717 4554 2815 4610 Dei
2840 4557 2866 4609 ?
2904 4557 3163 4627 Angelus.
3198 4557 3413 4624 Ani-ma,
3452 4559 3570 4612 dico
3615 4555 3708 4609 tibi.

465 4656 531 4696 ne
555 4644 834 4712 permittas
860 4659 940 4696 me
961 4643 1178 4697 intrare.
1215 4643 1472 4714 Angelus.
1509 4644 1641 4700 Dico
1668 4647 1786 4714 tibi,
1835 4663 1937 4701 non
1969 4658 2044 4704 est
2155 4640 2353 4696 Nullus
2399 4643 2619 4697 intrabit
2670 4660 2834 4716 usque
2868 4645 2923 4698 in
2955 4645 3223 4715 judicium
3272 4645 3393 4700 Dei.
3441 4647 3646 4701 Anima.
3673 4641 3708 4696 0

465 4733 618 4788 homo
660 4736 718 4789 in
756 4744 918 4802 terra,
970 4736 1059 4806 qui
1087 4752 1189 4789 non
1219 4735 1401 4790 debeat
1449 4737 1638 4792 videre.
1688 4736 1911 4810 Sequere
1941 4757 2038 4795 me,
2149 4733 2378 4799 domine,
2406 4734 2531 4804 quid
2554 4735 2858 4804 faciemus?
2904 4736 3163 4807 Angelus.
3215 4735 3367 4791 Sede.
3427 4736 3518 4792 Vis
3565 4735 3709 4790 adhuc

476 4824 624 4881 Vide.
661 4827 877 4883 Anima.
920 4827 964 4882 0
1007 4828 1236 4895 domine,
1284 4827 1410 4898 quid
1457 4837 1581 4882 sunt
1615 4829 1747 4884 lue?
1782 4829 2040 4902 Angelus,
2146 4825 2324 4878 dicam
2347 4826 2493 4880 tibi?
2531 4825 2749 4881 Anima.
2799 4826 2946 4882 Volo.
2977 4828 3238 4899 Angelus.
3267 4828 3403 4883 Dico
3435 4829 3551 4884 tibi.
3577 4826 3708 4884 Mulli

465 4915 766 4972 Hansiones
794 4920 882 4974 ubi
906 4920 1149 4974 habitant
1183 4919 1403 4974 diaboli.
1440 4919 1658 4976 Anima.
1722 4920 1766 4976 0
1812 4922 2042 4991 domine,
2143 4915 2376 4969 homines
2414 4917 2618 4968 suntin
2648 4917 2900 4970 mundum
2943 4917 3034 4985 '99,
3065 4919 3156 4988 qui
3205 4919 3301 4974 hoc
3344 4937 3449 4974 non
3497 4922 3706 4976 viderunt

461 5008 593 5078 quid
614 5009 906 5078 faciemus?
931 5011 1188 5082 Angelus.
1219 5010 1439 5083 Sequere
1461 5029 1559 5067 me.
1601 5012 1759 5068 Modo
1782 5017 2042 5071 veniemus
2143 5009 2280 5078 quod
2318 5018 2373 5062 ιιι
2398 5010 2561 5064 vides.
2599 5009 2814 5064 Anima-
2873 5009 2917 5065 0
2967 5011 3198 5079 domine,
3244 5013 3374 5083 quid
3403 5016 3428 5068 ?
3476 5012 3702 5084 Angelus-

460 5101 532 5154 ad
587 5118 829 5171 magnam
860 5111 908 5155 et
942 5103 1128 5170 fortem
1179 5120 1392 5174 aquam.
1449 5103 1664 5158 Anima.
1727 5103 1770 5158 0
1807 5104 2038 5171 domine,
2144 5104 2278 5158 Dico
2305 5105 2420 5159 tibi.
2456 5104 2614 5158 Multi
2638 5105 2872 5158 homines
2903 5115 3048 5171 sunt,
3078 5107 3168 5175 qui
3201 5122 3305 5160 non
3331 5107 3567 5161 viderunt
3591 5102 3704 5176 quod

445 5179 622 5263 quare
667 5209 770 5246 non
817 5191 1043 5246 dimittis
1088 5196 1214 5248 me?
1247 5194 1506 5265 Angelus.
1545 5192 1672 5248 Veni
1695 5206 1742 5247 et
1766 5195 2038 5249 ostendam
2129 5204 2203 5249 σω
2225 5196 2386 5250 vides.
2411 5196 2626 5249 Anima.
2672 5195 2715 5250 0
2742 5196 2971 5262 domine,
3007 5196 3216 5250 dimitte
3250 5215 3332 5251 me
3355 5201 3431 5252 ire
3453 5199 3520 5251 ad
3541 5198 3703 5266 fratres

460 5285 578 5342 tibi.
622 5283 766 5339 Vide.
804 5284 1017 5337 Anima.
1073 5283 1116 5339 0
1164 5285 1392 5352 domine,
1444 5287 1570 5357 quid
1633 5288 1839 5356 faciunt
1899 5287 1982 5340 hic
2016 5290 2041 5342 ?
2145 5302 2304 5354 meos,
2335 5296 2383 5340 et
2409 5287 2586 5340 dicam
2611 5286 2720 5339 illis
2765 5288 2942 5341 omnia
2973 5303 3091 5357 quae
3132 5288 3263 5342 vidi.
3311 5287 3563 5361 Angelus.
3602 5284 3703 5337 Non

458 5378 718 5450 Angelus.
753 5375 838 5430 Ibi
875 5375 1125 5430 sedebant
1146 5377 1345 5446 infirmi
1375 5396 1537 5450 usque
1579 5381 1635 5434 in
1660 5381 1801 5434 diem
1826 5380 2026 5449 judicii
2143 5379 2248 5431 nisi
2289 5377 2532 5430 dominus
2573 5375 2821 5431 Salvator
2857 5377 3099 5432 voluerit.
3135 5377 3270 5434 Dico
3311 5380 3448 5446 tibi;
3484 5381 3603 5434 sicut
3636 5373 3702 5426 leo

1757 5489 1994 5544 VARUE
2033 5489 2434 5544 LECTIONES.

1561 5585 1630 5616 ¹⁹⁷
1669 5601 1768 5639 vox
1803 5584 1964 5639 deest.
2044 5583 2113 5615 ’³⁸
2153 5585 2230 5637 ita
2257 5601 2302 5638 c.
2379 5585 2446 5616 ’9’
2481 5582 2551 5653 qd
2578 5601 2625 5636 c.

1963 5671 2196 5729 ΝΟΤίΕ.

523 5585 592 5615 ¹⁹δ
622 5600 718 5637 vox
741 5583 970 5636 evanuit.
1047 5581 1116 5614 "°
1142 5597 1241 5635 vox
1269 5583 1477 5637 evanui.

516 5747 625 5818 (94)
663 5730 989 5817 Evergerurn
1021 5744 1248 5799 innuere
1279 5743 1508 5798 videtur.
