3834 6304
101 322 184 380 ω
1309 313 1615 373 cunomo

1788 347 1820 358 η
1846 315 1972 373 LIB.
2018 314 2080 372 ιι.
2308 302 2309 305 ‘
3194 327 3302 383 230

98 431 289 503 rugiens,
315 428 389 483 sic
419 424 652 482 diabolus
690 427 827 482 inter
869 426 1059 497 fratres
1087 433 1221 481 tuos.
1256 427 1621 481 Misericordia
1654 431 1701 491 Α
1724 428 1949 483 devoret.
1976 429 2190 485 Anima.
2228 428 2469 499 Domine,
2500 449 2592 504 ego
2613 450 2712 489 non
2735 436 2842 499 vidi
2873 453 3033 506 cum;
3065 442 3156 496 ubi
3179 455 3257 499 est
3278 447 3306 502 .’

98 520 274 577 Domini
296 535 442 589 super
471 518 590 572 illos
613 519 737 589 fuit,
774 519 986 589 quando
1029 528 1179 573 sexta
1225 518 1289 573 ab
1335 519 1432 572 hac
1476 528 1624 573 nocte
1725 522 1985 605 Angelus.
2035 520 2199 578 Omne
2238 525 2378 596 quod
2418 527 2617 597 cogitat
2660 529 2812 599 facit.
2851 524 2956 595 Ille
3002 534 3132 593 dicit
3178 540 3304 609 quia

96 610 298 666 diabolus
329 624 538 679 puerum
568 609 738 663 vivum
767 623 833 663 ea:
870 608 1126 678 fratribus
1153 609 1258 662 tuis
1294 608 1627 679 strangulare
1725 600 1899 681 ﬁdelis
1928 620 2047 676 est;
2088 614 2180 667 sed
2217 623 2294 668 est
2331 616 2580 685 inﬁdelis.
2628 617 2844 682 Animo.
2892 620 2937 677 0
2981 600 3209 692 domine;
3243 629 3305 683 de

96 704 242 758 roluit.
290 701 496 755 Anima.
547 700 705 755 Modo
747 701 844 754 hoc
891 716 1071 755 verum
1119 716 1446 772 recognosco,
1499 701 1627 771 quia
1726 702 1943 773 antiquo
1985 705 2104 774 quis
2148 706 2275 759 est?
2320 704 2576 778 Angelus.
2630 708 2761 764 Dico
2804 710 2919 777 tibi,
2961 714 3087 783 quia
3120 716 3167 769 si
3202 733 3304 771 non

94 794 293 863 interfui.
323 791 556 858 Domine,
590 800 666 846 est
704 791 797 846 ille
837 791 1141 846 liberatus?
1169 791 1428 863 Angelus.
1480 790 1624 857 Non,
1723 795 2096 861 emendauerit,
2133 812 2225 866 per
2273 796 2372 851 Dei
2428 798 2662 869 gladium
2722 801 2876 865 illum
2929 821 3107 860 coram
3160 808 3305 878 plebe

94 888 192 940 asia
217 900 372 939 rerum
393 882 766 953 confessionem
795 883 923 937 dare
944 898 1048 937 non
1071 882 1201 937 uult.
1235 881 1396 936 Multi
1420 882 1624 950 dicunt,
1725 887 1830 940 cito
1857 886 2225 941 demonstrabo
2259 889 2314 943 in
2339 906 2528 962 magna
2559 894 2769 953 uirtute.
2812 894 3028 952 Anima.
3071 897 3141 953 Ve
3175 900 3259 954 illi
3284 900 3306 954 .'

94 979 192 1048 quia
224 977 463 1030 servimus
501 973 747 1041 Domino,
787 973 877 1028 sed
901 973 1136 1028 serviunt
1167 973 1403 1040 diabolo.
1435 973 1626 1030 Omnes
1731 975 1775 1032 O
1808 976 2051 1045 Domine,
2088 980 2204 1049 quis
2249 990 2325 1034 est
2351 981 2554 1038 homo?
2602 983 2705 1050 Qui
2746 995 2867 1049 sunt
2906 990 3166 1057 monachi,
3214 992 3305 1064 qui

95 1068 309 1134 maculas,
353 1065 602 1137 quidquid
644 1065 871 1135 faciunt,
915 1065 1277 1120 demonstrant
1314 1082 1407 1136 per
1451 1082 1628 1121 veram
1726 1082 1830 1121 non
1852 1066 2098 1121 obcdiunt
2134 1069 2324 1123 domno
2362 1070 2583 1128 abbati?
2626 1074 2882 1151 Angelus.
2940 1077 3027 1132 Vis
3075 1082 3307 1137 audire?

94 1157 435 1227 confessionem.
493 1153 553 1209 Si
597 1170 700 1208 non
741 1155 971 1225 faciunt,
1008 1154 1127 1209 dico
1170 1154 1289 1221 tibi,
1338 1155 1467 1226 quia
1521 1156 1627 1209 cito
1726 1157 1961 1215 Domnus
2002 1161 2258 1217 Robertus
2279 1163 2469 1220 obcdit.
2517 1167 2731 1227 Anima.
2784 1170 2925 1245 Quid
2969 1174 3103 1244 facit
3150 1179 3303 1231 modo

82 1246 250 1309 ridebis
275 1260 511 1315 magnum
533 1243 844 1315 periculum.
879 1242 1091 1300 Cessent
1116 1244 1410 1299 murmuria
1435 1247 1627 1312 magna
1724 1249 1820 1306 ille
1845 1253 1872 1307 .9
1908 1252 2166 1323 Angelus.
2216 1255 2348 1310 Dico
2373 1255 2489 1324 tibi,
2528 1260 2653 1329 quia
2702 1242 2854 1321 modo
2889 1242 2977 1318 est
3004 1266 3059 1319 in
3095 1283 3192 1321 ara
3233 1268 3303 1301 ³⁸⁸

94 1337 137 1389 in
155 1335 233 1389 illo
258 1334 383 1388 loco.
419 1333 554 1388 Dico
596 1333 732 1399 tibi;
774 1351 908 1389 unus
936 1344 1080 1389 vetus
1128 1341 1227 1402 est,
1272 1334 1361 1405 qui
1394 1349 1498 1387 non
1549 1342 1626 1388 est
1726 1357 1906 1398 coram
1951 1343 2082 1399 Deo,
2143 1344 2240 1399 Dic
2265 1346 2414 1412 mihi,
2452 1349 2579 1419 quid
2626 1351 2866 1422 cogam?
2909 1353 3083 1420 Quare
3127 1360 3306 1415 omnia

94 1435 291 1496 acceptus
309 1441 484 1479 coram
510 1424 641 1481 Deo.
671 1425 890 1482 Anima.
924 1424 969 1482 O
993 1426 1223 1494 domine,
1247 1426 1364 1497 quis
1389 1434 1467 1481 est
1490 1424 1583 1480 ille
1603 1426 1631 1481 .’
1724 1451 1844 1507 qua:
1870 1437 2136 1506 cogitasti,
2177 1454 2270 1509 per
2288 1455 2463 1494 ueram
2493 1442 2871 1512 confessionem
2913 1463 3015 1502 non
3059 1449 3304 1506 demens-

94 1517 305 1589 Angelus.
367 1516 541 1584 Tace,
595 1518 825 1582 anirna’;
880 1518 1058 1572 omnia
1111 1534 1217 1571 non
1270 1517 1422 1572 debes
1466 1518 1622 1572 scire.
1727 1525 1885 1579 trasti
1907 1526 1933 1579 .9
1960 1524 2176 1581 Anima.
2205 1527 2448 1597 Domine,
2495 1532 2693 1589 malum
2717 1550 2819 1597 non
2838 1539 3081 1609 cogitari.
3125 1540 3304 1612 Ange—

93 1608 267 1662 Anima.
299 1606 340 1662 0
362 1606 592 1675 domine,
615 1608 663 1662 si
689 1608 920 1662 dimittis
948 1625 1028 1664 me
1060 1608 1139 1663 ire
1168 1608 1238 1662 ad
1272 1608 1418 1675 illos,
1448 1609 1625 1664 dicam
1725 1615 1831 1673 lus.
1872 1615 2188 1673 Demonstro
2217 1622 2561 1693 cogitationes
2610 1635 2751 1685 tuas.
2792 1606 3008 1689 Anima.
3062 1606 3303 1700 Domine,

92 1698 176 1752 illis
193 1699 370 1754 omnia.
400 1698 662 1771 Angelus.
702 1696 834 1795 Non.
871 1699 1021 1795 debe_s
1055 1700 1192 1755 scire
1225 1699 1435 1795 omnia;
1467 1697 1623 1754 mulli
1656 1773 1698 1795 ἢ
1726 1723 1842 1762 mea
1879 1709 2037 1780 culpa
2061 1752 2078 1779 ,
2115 1713 2247 1766 satis
2271 1716 2515 1786 cogitavi.
2554 1716 2810 1791 Angelus.
2845 1719 2986 1793 Quid
3013 1696 3308 1795 cogitasti?

92 1798 204 1855 sunt,
227 1789 307 1859 qui
334 1788 519 1843 nolunt
565 1789 665 1842 ιὶὺὶ
712 1788 938 1844 credere.
969 1788 1226 1844 Dominus
1259 1790 1357 1845 ιὶὺί
1399 1789 1616 1844 demon-
1654 1773 1700 1835 Β
1726 1815 1903 1856 ueram
1923 1773 2301 1873 εόηίέδεὶοηεῃι
2321 1773 2412 1862 ἇα,
2442 1773 2671 1866 Anima:J
2696 1773 2938 1881 υᾶηιίῑιε,
2967 1773 3305 1886 πηεαΰοαιρας

91 1890 213 1936 urat.
237 1879 436 1937 Anima.
478 1879 525 1937 0
565 1881 796 1949 domine,
834 1890 1044 1936 tantum
1072 1891 1379 1938 amaverunt
1422 1899 1522 1938 me.
1575 1881 1622 1939 Ο
1720 1894 1854 1948 satis
1877 1896 2104 1966 cogitavi
2124 1898 2303 1952 omnia
2330 1898 2495 1956 mala.
2526 1900 2785 1973 Angelus.
2816 1879 2959 1973 Non,
2980 1905 3072 1960 sed
3090 1879 3234 1975 bene,
3257 1879 3306 1961 si

88 1974 274 2041 domine,
297 1975 418 2046 quid
444 1974 648 2046 facient
682 1976 875 2047 fratres
904 1976 1009 2071 mei
1032 1978 1058 2031 1’
1080 1975 1243 2071 aiunt
1282 1988 1533 2071 quatuor.
1575 1977 1622 2035 0
1721 1986 1876 2041 modo
1895 2003 2076 2058 posses
2099 1990 2405 2061 adimplere.
2431 1993 2650 2049 Anima.
2679 1994 2920 2064 Domine,
2946 1997 3044 2052 hoc
3072 2000 3303 2071 cogitavi

91 2066 299 2162 donum,-
322 2067 542 2162 domnus
593 2066 920 2162 σῶαι-(95)
958 2068 1089 2162 quid
1120 2068 1331 2162 faciet?
1361 2070 1620 2162 Angelus.
1719 2079 1860 2150 quod
1873 2078 2131 2135 Dominus
2154 2081 2327 2137 locum
2344 2087 2517 2140 sancti
2534 2086 2742 2143 Bertini
2764 2088 3022 2147 uisitaret.
3043 2066 3301 2162 Angelus.

94 2156 246 2211 Omnia
283 2157 416 2214 bene.
475 2157 606 2215 Vere
651 2168 730 2215 est
764 2158 1073 2228 Israhelita,
1112 2160 1171 2215 in
1203 2177 1304 2232 quo
1340 2161 1494 2217 dolus
1521 2166 1624 2217 non
1721 2168 1855 2224 Dico
1887 2170 2024 2238 tibi,
2053 2170 2221 2227 multa
2249 2174 2325 2230 ibi
2354 2184 2478 2229 sunt
2505 2185 2719 2247 peccata
2738 2192 2761 2243 ;
2796 2156 3160 2237 misericordia
3205 2181 3304 2241 Dei

90 2254 174 2346 est.
206 2248 400 2346 Anima.
456 2248 503 2306 0
551 2249 806 2317 Domine,
856 2250 1089 2346 domnus.
1137 2249 1454 2346 Fredericus
1497 2254 1623 2326 quid
1721 2262 1958 2318 uisitabit
1991 2263 2165 2319 locum
2195 2265 2369 2321 illum.
2408 2268 2625 2324 Anima.
2650 2269 2762 2324 Deo
2791 2273 3015 2342 gratias,
3044 2272 3152 2328 Deo
3181 2292 3305 2346 gra-

92 2338 253 2407 facict.’
269 2339 340 2440 in
364 2341 461 2440 Dei
488 2343 701 2398 nomine
728 2343 815 2440 dic
845 2343 1028 2440 miclii.
1061 2342 1323 2440 Angelus.
1355 2344 1399 2401 O
1420 2346 1623 2415 anima,
1724 2355 1850 2411 tias.
1884 2356 2145 2430 Angelus.
2192 2357 2321 2415 Dico
2350 2358 2449 2416 tibi
2473 2402 2488 2428 ,
2530 2360 2757 2419 multum
2790 2338 2914 2425 sunt
2940 2338 3160 2440 maligni
3181 2338 3306 2440 *διή-

91 2446 217 2487 cessa.
259 2430 320 2486 In
358 2433 451 2489 Dei
492 2436 706 2490 nomine
742 2435 860 2490 dico
905 2436 1043 2491 tibi:
1079 2435 1273 2493 Omnia
1299 2438 1433 2495 bona
1467 2456 1625 2511 opera
1724 2448 1859 2504 ritus
1882 2449 1939 2505 in
1964 2450 2062 2506 illo
2089 2451 2203 2507 loco
2245 2494 2259 2508 .
2339 2495 2354 2509 .
2432 2495 2447 2510 .
2534 2496 2549 2511 .
2629 2497 2644 2512 .
2722 2498 2736 2514 .
2816 2499 2832 2515 .
2910 2499 2927 2517 .
3005 2501 3022 2517 .
3071 2430 3133 2517 '.-
3191 2430 3233 2516 .'
3285 2502 3300 2517 .

92 2521 230 2591 faciet,
254 2524 334 2579 sed
356 2542 456 2580 non
490 2536 618 2581 sunt
663 2527 838 2599 adhuc
875 2527 1153 2601 completa.
1186 2528 1401 2586 Anima.
1438 2530 1483 2586 O
1525 2531 1626 2586 do-

91 2616 211 2685 mine,
255 2618 313 2673 de
370 2618 496 2674 aliis
526 2620 791 2689 fratribus
841 2620 929 2674 dic
980 2620 1111 2675 mihi
1159 2622 1303 2677 bene.
1361 2622 1622 2694 Angelus.
1724 2632 1795 2687 ad
1822 2630 2172 2690 Salvatorem.
2202 2635 2421 2693 Anima.
2454 2636 2557 2694 Ubi
2576 2649 2654 2694 est
2677 2638 2964 2697 Salvator?
2998 2680 3016 2699 .
3093 2682 3110 2698 .
3188 2683 3203 2699 .
3285 2684 3299 2699 .

90 2706 253 2764 Bonum
286 2726 491 2780 possum
524 2710 624 2765 tibi
648 2711 852 2777 dicere;
897 2727 1020 2767 vera
1058 2712 1315 2784 confessio
1355 2722 1626 2768 succurret
1723 2723 1982 2796 Angelus.
2024 2724 2184 2780 Modo
2213 2729 2380 2782 ueniet
2457 2768 2472 2783 ,
2547 2770 2562 2784 ,
2642 2770 2656 2785 ,
2737 2772 2752 2786 ,
2831 2773 2844 2787 ,
2922 2773 2936 2788 ,
3012 2773 3028 2789 ,
3097 2773 3112 2788 ,
3189 2774 3204 2789 ,
3285 2777 3342 2793 ,_

91 2798 192 2896 illis.
226 2800 428 2859 Anima.
464 2802 511 2860 O
552 2803 764 2896 domine
808 2803 936 2875 quid
972 2803 1152 2896 faciet.
1179 2843 1195 2859 ο
1221 2843 1235 2859 ο
1268 2844 1281 2859 ι
1309 2844 1322 2860 ο
1363 2803 1622 2876 Αηεθιιιε-
1728 2855 1742 2869 .
1823 2855 1836 2870 .
1914 2858 1929 2871 .
2005 2856 2021 2871 .
2095 2857 2111 2873 .
2187 2818 2409 2876 Domine
2431 2819 2669 2876 salvator
2691 2831 2742 2876 et
2769 2824 3063 2896 redemptor
3095 2826 3300 2893 mundi,

92 2891 228 2957 01m
255 2912 348 2951 non
379 2913 555 2952 tecm
585 2897 613 2952 1’
646 2894 771 2951 Non
791 2895 911 2953 dico
936 2895 1053 2952 tibi.
1079 2896 1296 2952 Anima-
1323 2895 1368 2953 0
1393 2897 1623 2965 domine.
1722 2922 1969 2962 succurre
1995 2908 2125 2963 mihi
2152 2910 2589 2967 misericordiam.
2621 2911 2885 2971 Salvator.
2917 2891 3058 2982 Quid
3079 2891 3306 2989 quieris?

93 2991 418 3080 meusrsanguis
448 2991 563 3062 ipse
590 2996 641 3046 et
674 3006 800 3044 caro
828 3006 944 3045 mea
972 2989 1100 3061 quid
1124 2990 1283 3060 faciet
1312 2990 1338 3045 ?
1361 2989 1448 3046 dic
1469 2990 1620 3046 mihi.
1722 2997 1938 3055 Anima.
1977 3000 2022 3056 ο
2050 3000 2281 3072 domine,
2317 3004 2739 3060 misericordiam
2761 3015 2810 3062 et
2834 3008 3217 3080 indulgentiam
3240 3011 3307 3065 de

90 3077 297 3188 Angelus.
319 3081 522 3187 .Omnia
543 3082 690 3188 bene.
719 3082 938 3188 Anima.
968 3081 1221 3188 Domine,
1246 3081 1384 3188 quid.
1408 3082 1492 3137 illi
1509 3084 1620 3188 duo
1645 3128 1689 3188 ϐ
1721 3091 1963 3147 omnibus
1984 3096 2214 3165 peccatis
2243 3096 2392 3152 meis.
2430 3096 2508 3153 De
2539 3099 2794 3169 magistro
2830 3077 3051 3171 require,
3088 3101 3300 3171 respice.

92 3168 332 3262 numqua
348 3174 941 3247 fugamicomuudus
956 3185 1007 3231 et
1022 3174 1614 3249 Balduinus.Angelus.
1647 3168 1689 3188 ν
1721 3184 1991 3244 Salvator.
2032 3187 2166 3244 Dico
2198 3190 2333 3258 tibi,
2370 3190 2496 3262 quia
2535 3168 2747 3262 ςκάηάο
2792 3190 2868 3247 ibi
2896 3168 3045 3248 ’ωηεε
3088 3168 3303 3249 sanctus

89 3258 191 3315 Dico
206 3263 308 3332 tibi,
326 3274 644 3337 prwparata
668 3275 794 3322 sunt
839 3266 951 3322 illis
979 3267 1276 3323 mansiones
1307 3268 1364 3323 in
1388 3268 1603 3340 inferno.

1788 3280 1991 3347 rrtinus,
2040 3281 2201 3336 multi
2245 3258 2458 3352 fuerunt
2509 3258 2741 3350 diaboli,
2793 3300 3079 3357 numquam
3129 3295 3302 3342 tamen

90 3350 259 3448 Anima.
303 3356 615 3427 Odomine,
657 3358 747 3414 dic
797 3358 949 3414 mihi.
1000 3358 1260 3431 Angelus.
1308 3359 1444 3414 Dico
1499 3360 1618 3429 tibi,
1720 3370 1935 3442 fuerunt
1965 3373 2099 3428 tanti
2141 3350 2281 3428 sicut
2326 3374 2483 3429 modo
2528 3384 2669 3430 sunt.
2709 3350 2942 3433 Anima:
2969 3375 3014 3434 O
3053 3377 3262 3434 domine
3284 3421 3302 3448 ,

89 3444 245 3544 malum
273 3449 387 3544 fecit
413 3449 643 3544 domnus
852 3450 989 3544 quia
1015 3452 1484 3544 emcommunicavil
1509 3469 1617 3508 008-
1722 3505 1737 3520 .
1817 3505 1832 3520 .
1905 3505 1919 3520 .
1999 3507 2013 3521 .
2088 3466 2152 3521 de
2177 3466 2274 3529 illo
2298 3466 2411 3520 loco
2437 3476 2487 3521 et
2515 3468 2756 3523 omnibus
2779 3469 3035 3539 fratribus
3057 3473 3149 3544 qui
3176 3444 3302 3527 sunt

88 3534 259 3634 Anima.
283 3538 518 3634 Domine,
551 3542 640 3596 die
661 3542 791 3597 mihi
826 3542 890 3597 de
909 3542 1170 3614 fratribus
1184 3544 1333 3599 ’ποίει
1357 3544 1616 3615 Angelus-
1718 3557 1777 3613 in
1812 3574 1892 3614 eo.
1934 3556 2201 3614 Salvator.
2243 3547 2377 3613 Dico
2400 3558 2517 3625 tibi,
2547 3559 2632 3614 illi
2653 3534 2789 3615 sunt-
2802 3564 2956 3634 quasi
2972 3564 3046 3618 ad
3068 3534 3302 3619 secutum

88 3623 189 3682 Dico
206 3630 309 3699 tibi,
338 3632 601 3689 Dominus
621 3634 775 3706 elegit
797 3634 1075 3689 duodecim
1100 3634 1384 3705 apostolos,
1410 3645 1459 3690 et
1483 3652 1602 3691 unua

1789 3651 2054 3723 mendum.
2092 3650 2310 3706 Anima.
2355 3650 2399 3707 O
2433 3623 2663 3721 domine,
2693 3623 2903 3709 dimitte
2931 3672 3010 3710 me
3035 3656 3110 3711 ire
3140 3657 3210 3730 ad
3235 3657 3303 3711 il-

86 3732 135 3769 es
152 3720 241 3776 illis
267 3723 501 3781 diabolus
524 3726 653 3796 fuit.
679 3724 748 3779 In
772 3726 1034 3796 fratribus
1075 3727 1179 3781 tuis
1204 3728 1400 3782 summi
1427 3729 1549 3784 boni
1571 3738 1621 3784 et
1717 3720 1821 3810 (05;
1846 3744 2022 3799 dicam
2042 3742 2154 3798 illis
2177 3752 2237 3798 ut
2262 3742 2557 3816 relinquam
2584 3720 2655 3778 ³⁸⁵
2676 3746 2947 3801 mundum.
2982 3727 3201 3802 Dimitte
3224 3765 3304 3803 me

492 3817 718 3874 Allima-
786 3817 831 3875 0
894 3819 1124 3887 domine,
1180 3819 1308 3891 συίά
1371 3820 1623 3891 ludam-9
1717 3836 1796 3892 ire
1822 3836 2233 3907 adepiscopum,
2260 3814 2437 3891 dicam
2464 3836 2549 3890 illi
2594 3845 2654 3892 ut
2700 3839 2978 3907 respiciam
3022 3839 3093 3871 ³⁸⁵
3129 3839 3303 3894 locum

88 3898 294 3972 Angelus.
347 3906 541 3963 Dicam
592 3908 710 3964 tibi.
763 3909 980 3966 Anima.
1047 3908 1223 3978 Quare
1266 3912 1336 3945 ³⁸⁸
1388 3912 1602 3969 dimitti:

1788 3945 1893 3983 um.
1933 3898 2402 3984 'Salva'tordlstud
2439 3926 2580 3984 verbi
2621 3898 2875 3984 secretum
2902 3930 3126 3986 custodi.
3165 3930 3302 3986 Ani--

86 3989 370 4065 indulgentia
402 4002 690 4070 medicum,
714 4011 773 4057 ut
797 4019 913 4058 eam
952 4003 1022 4059 ad
1063 4003 1186 4060 illos
1213 4013 1262 4060 et
1287 4005 1463 4060 dicam
1505 4004 1600 4062 illi

1791 4035 1829 4076 ι.
1867 4020 2088 4075 Dimitte
2111 4037 2193 4075 me
2213 4021 2290 4075 ire
2314 4021 2389 4075 ad
2404 4021 2654 4075 damnum
2679 4002 2944 4087 abbatem;
2975 4022 3059 4077 illi
3093 4022 3195 4078 soli
3225 4023 3305 4078 di-

88 4088 242 4143 omnia.
284 4090 537 4164 Angelus.
583 4093 708 4150 Non
748 4104 826 4150 est
866 4113 981 4151 mea
1007 4097 1242 4165 licentia,
1266 4098 1356 4151 sed
1377 4096 1595 4152 Domini

1790 4126 1856 4165 m.
1898 4108 2164 4166 Salvator.
2199 4109 2260 4166 Si
2287 4110 2414 4165 aliis
2438 4112 2638 4165 dixeris
2663 4153 2678 4179 ,
2704 4120 2869 4167 morte
2898 4115 3160 4171 morieris.
3187 4115 3304 4171 Μο-

88 4173 255 4236 Anima.
289 4182 331 4240 O
350 4185 583 4254 domine,
606 4188 734 4259 quid
760 4189 958 4259 facient
987 4190 1179 4261 fratres
1207 4191 1306 4244 mei
1323 4191 1349 4243 Ρ
1392 4188 1620 4243 Tantum
1717 4202 1786 4256 άο
1821 4204 1950 4256 vade
1976 4202 2033 4255 in
2055 4219 2201 4271 ροσε,
2229 4204 2407 4257 omnia
2434 4213 2632 4258 secreta
2655 4173 2882 4260 custodi.

88 4273 223 4325 amari
239 4289 335 4330 eos.
375 4276 638 4350 Angelus.
689 4279 831 4346 Quid
862 4281 957 4335 tibi
983 4297 1194 4351 possum
1221 4281 1443 4337 dicere?
1480 4279 1602 4336 Pas-

1795 4314 1814 4349 ‹
1844 4292 1942 4349 His
1967 4292 2042 4349 ita
2066 4292 2253 4361 (initis,
2285 4295 2467 4349 anima
2500 4296 2567 4351 ad
2598 4311 2797 4366 corpus
2830 4313 3069 4366 reversa,
3098 4300 3153 4354 in
3184 4314 3303 4355 mo-

88 4365 215 4458 ‘f’m
232 4364 426 4425 habent.
455 4370 679 4426 Anima-
712 4371 1008 4440 Οάοηιὶηε.
1052 4373 1139 4428 die
1180 4374 1327 4429 mihi-
1356 4373 1615 4448 Angelus.
1719 4397 1903 4444 mento
1954 4386 2113 4458 nobis
2167 4385 2476 4443 videntibus
2528 4364 2713 4443 frater:
2752 4389 2841 4451 ille
2889 4364 3140 4457 erectus,
3207 4392 3307 4447 ali-

95 4447 246 4554 rerum
262 4459 476 4518 dicerem
522 4464 643 4533 tibi,
668 4467 758 4521 sed
801 4468 897 4522 tibi
938 4468 1122 4524 nolunt
1144 4470 1367 4525 credere.
1395 4447 1609 4525 Anima.

1786 4480 2044 4536 tantulum
2081 4452 2198 4535 ista
2251 4487 2437 4534 tamen
2480 4479 2836 4537 dissimulans
2884 4489 2971 4537 est
3019 4480 3300 4553 loquutus.

91 4538 129 4644 ll
150 4544 346 4619 donline,
392 4553 516 4610 bene
552 4557 779 4612 credent.
825 4557 1082 4630 Angelus.
1139 4556 1200 4615 Si
1244 4576 1379 4614 unus
1426 4560 1605 4629 credit1

1792 4573 1859 4627 οι.
1890 4572 2023 4642 82’.)
2052 4572 2185 4627 Acta
2216 4580 2344 4627 sunt
2379 4571 2480 4628 hec
2507 4572 2575 4628 15
2596 4569 2713 4628 Kal.
2739 4572 2864 4642 Mai,
2897 4589 3042 4630 anno
3073 4538 3306 4631 domini-

88 4632 194 4689 alter
210 4656 299 4695 non
318 4647 501 4702 credit.
551 4646 655 4713 Qui
683 4659 761 4703 est
789 4664 855 4704 ex
895 4649 1007 4704 Deo
1052 4651 1238 4718 credit,
1267 4651 1359 4723 qui
1393 4668 1497 4706 non
1537 4662 1617 4706 est
1825 4632 2220 4720 incarnationis
2266 4662 2425 4719 1011.

87 4728 240 4789 “Deo
261 4752 356 4792 non
377 4740 566 4795 credit.
618 4740 812 4797 Omnia
843 4743 1018 4797 sciunt
1060 4752 1338 4810 tormenta,
1374 4744 1465 4798 sed
1513 4760 1601 4799 nor

1798 4774 1818 4807 ‹
1856 4755 2037 4827 (1012.
2073 4753 2181 4809 Jul.
2210 4754 2289 4825 4.)
2312 4753 2588 4812 Consueto
2605 4755 2798 4812 ordine
2824 4756 3103 4829 religionis
3148 4759 3305 4817 nobis

88 4821 335 4899 intelligunt
356 4850 375 4898 ;
400 4851 495 4890 cor
520 4851 703 4890 eorum
724 4844 802 4891 est
823 4833 1068 4891 clausum
1093 4836 1182 4891 ³⁰¹.

1792 4848 2114 4919 cquentibus
2139 4848 2482 4918 propositum
2506 4858 2707 4905 sanctae
2727 4847 3084 4919 professionis
3107 4850 3162 4906 in
3183 4868 3306 4923 prc-

144 4930 360 5009 tAnima.
388 4939 523 5006 Quis
549 4950 627 4997 est
651 4959 858 5012 serpens
878 4940 1179 5014 ?'Angelus.
1205 4943 1356 4997 Laici
1381 4944 1615 5001 homines
1723 4941 1937 4997 titulato
1970 4940 2187 4996 civitate
2219 4938 2490 4997 Atrebatas
2521 4941 2700 5027 posito
2734 4942 3124 5011 preciosissimi
3169 4959 3304 5000 con-

88 5027 305 5086 ‘Wncd
332 5032 559 5085 audiunt
585 5034 710 5104 quia
734 5034 925 5087 bonum
939 5045 1017 5088 est
1031 5034 1290 5103 conﬁdere
1311 5035 1365 5088 in
1391 5034 1618 5091 Domino
1725 5031 1952 5090 fessoris
1983 5031 2187 5087 Christi
2215 5030 2433 5087 Vedasti
2460 5032 2688 5087 cenobio
2714 5075 2730 5101 ,
2761 5047 2828 5088 eo
2865 5033 2985 5104 ipso
3029 5049 3061 5089 a
3103 5050 3304 5105 praece-

87 5118 467 5186 Wmconﬁdere
489 5121 783 5176 inhomine.
800 5122 1018 5176 Anima.
1040 5121 1256 5188 Quisest
1272 5122 1409 5192 quod
1431 5123 1623 5193 fratri-
1725 5123 1876 5180 denti
1900 5123 2109 5179 visione
2132 5137 2278 5177 anno
2308 5122 2680 5193 subsequenti,
2708 5123 2766 5178 in
2791 5140 2980 5181 mense
3007 5125 3100 5196 qui
3128 5125 3305 5183 Julius

89 5196 160 5251 δυ
176 5208 318 5269 possit
339 5214 678 5267 succurrere?
695 5213 953 5285 Angelus.
978 5211 1141 5279 Audi,
1158 5212 1356 5267 anima.
1379 5212 1626 5270 Albricus
1682 5246 1687 5249 τ
1725 5215 1945 5282 dicitur,
1968 5215 2055 5270 die
2081 5221 2298 5285 quarto,
2321 5212 2461 5269 forte
2489 5215 2800 5285 quempiam
2829 5215 3059 5272 fratrum
3088 5228 3305 5274 nostro-

90 5300 254 5357 δεφειιε
265 5314 498 5372 magnus,
510 5303 648 5357 sicut
670 5304 751 5358 leo
773 5305 982 5375 rugiens
1007 5302 1448 5374 circuitquaerens
1473 5323 1626 5376 quem
1726 5323 1850 5363 rum
1882 5306 2033 5379 gravi
2055 5304 2299 5375 corporis
2320 5303 2645 5360 dissolutum
2670 5307 2997 5375 valetudine,
3026 5308 3304 5379 aliquanto

1314 5393 1550 5452 VARIIE
1588 5397 1992 5456 LECTIONES.
2483 5417 2487 5421 '

91 5473 582 5566 .nT‘AEsciditneﬂin
609 5486 923 5566 finememb.
948 5487 1032 5566 n?
1070 5485 1136 5543 U.
1215 5486 1285 5520 ⁸⁸³
1325 5485 1442 5566 Hic
1455 5490 1691 5566 spatium
1720 5491 1950 5546 duarum
1972 5488 2235 5543 linearum
2256 5503 2479 5543 uacuum
2510 5489 2846 5562 relinquitur.
2925 5490 2998 5525 ³⁸³
3034 5488 3147 5544 aiz'a
3180 5488 3297 5544 cod.

107 5540 143 5570 "
172 5546 237 5600 ita
259 5566 302 5603 c.
331 5569 398 5605 an
426 5540 930 5632 relinquant?w'“_
949 5540 1215 5631 itacsan
1242 5540 1541 5630 respiciat?

1558 5649 1785 5710 ΝΟΤΛΕ.

146 5722 238 5798 ($5)
262 5727 577 5793 Richardus.
