  <div class='ocr_page' id='page_1' title='image "/cluster/home/n/w/nwhite01/storage/ocr_20150623/154/hvd.32044015473820/121.png"; bbox 0 0 3834 6304; ppageno 0'>
   <div class='ocr_carea' id='block_1_1' title="bbox 539 292 644 348">
    <p class='ocr_par' dir='ltr' id='par_1_1' title="bbox 539 292 644 348">
     <span class='ocr_line' id='line_1_1' title="bbox 539 292 644 348; baseline -0.019 0"><span class='ocrx_word' id='word_1_1' title='bbox 539 292 644 348; x_wconf 73' lang='grc'><strong>251</strong></span> 
     </span>
    </p>
   </div>
   <div class='ocr_carea' id='block_1_2' title="bbox 1536 283 3724 363">
    <p class='ocr_par' dir='ltr' id='par_1_2' title="bbox 1536 283 3724 363">
     <span class='ocr_line' id='line_1_2' title="bbox 1536 283 3724 363; baseline 0.002 -24"><span class='ocrx_word' id='word_1_2' title='bbox 1536 283 1836 341; x_wconf 81' lang='lat' dir='ltr'><strong>HUGONIS</strong></span> <span class='ocrx_word' id='word_1_3' title='bbox 1875 284 2166 340; x_wconf 80' lang='lat' dir='ltr'><strong>ABBATIS</strong></span> <span class='ocrx_word' id='word_1_4' title='bbox 2205 283 2773 363; x_wconf 72' lang='lat' dir='ltr'><strong>FLA‘VINEACENSlS</strong></span> <span class='ocrx_word' id='word_1_5' title='bbox 3647 287 3724 344; x_wconf 68' lang='grc'><strong>253</strong></span> 
     </span>
    </p>
   </div>
   <div class='ocr_carea' id='block_1_3' title="bbox 539 395 3722 478">
    <p class='ocr_par' dir='ltr' id='par_1_3' title="bbox 539 395 3722 478">
     <span class='ocr_line' id='line_1_3' title="bbox 539 395 3722 478; baseline -0.003 -17"><span class='ocrx_word' id='word_1_6' title='bbox 539 406 751 478; x_wconf 76' lang='lat' dir='ltr'><strong>dicrum</strong></span> <span class='ocrx_word' id='word_1_7' title='bbox 780 403 957 474; x_wconf 88' lang='lat' dir='ltr'><strong>spatio</strong></span> <span class='ocrx_word' id='word_1_8' title='bbox 987 402 1217 475; x_wconf 85' lang='lat' dir='ltr'><strong>contigit</strong></span> <span class='ocrx_word' id='word_1_9' title='bbox 1244 400 1566 456; x_wconf 87' lang='lat' dir='ltr'><strong>inﬁrmassc.</strong></span> <span class='ocrx_word' id='word_1_10' title='bbox 1599 399 1705 465; x_wconf 85' lang='lat' dir='ltr'><strong>Qui</strong></span> <span class='ocrx_word' id='word_1_11' title='bbox 1740 399 1910 454; x_wconf 89' lang='lat' dir='ltr'><strong>nimio</strong></span> <span class='ocrx_word' id='word_1_12' title='bbox 1945 399 2128 469; x_wconf 84' lang='lat' dir='ltr'><strong>ingra-</strong></span> <span class='ocrx_word' id='word_1_13' title='bbox 2158 401 2203 458; x_wconf 82' lang='grc' dir='ltr'>Α</span> <span class='ocrx_word' id='word_1_14' title='bbox 2228 399 2321 455; x_wconf 87' lang='lat' dir='ltr'><strong>bat</strong></span> <span class='ocrx_word' id='word_1_15' title='bbox 2349 418 2362 453; x_wconf 91' lang='lat'><strong>:</strong></span> <span class='ocrx_word' id='word_1_16' title='bbox 2420 397 2543 454; x_wconf 89' lang='lat' dir='ltr'><strong>Non</strong></span> <span class='ocrx_word' id='word_1_17' title='bbox 2572 399 2673 452; x_wconf 88' lang='lat' dir='ltr'><strong>erit</strong></span> <span class='ocrx_word' id='word_1_18' title='bbox 2706 399 2816 460; x_wconf 87' lang='lat' dir='ltr'><strong>ita;</strong></span> <span class='ocrx_word' id='word_1_19' title='bbox 2848 406 2904 450; x_wconf 90' lang='lat' dir='ltr'><strong>tu</strong></span> <span class='ocrx_word' id='word_1_20' title='bbox 2940 412 3042 450; x_wconf 89' lang='lat' dir='ltr'><strong>non</strong></span> <span class='ocrx_word' id='word_1_21' title='bbox 3069 412 3130 450; x_wconf 87' lang='lat' dir='ltr'><strong>ea</strong></span> <span class='ocrx_word' id='word_1_22' title='bbox 3164 395 3425 466; x_wconf 83' lang='lat' dir='ltr'><strong>confessus</strong></span> <span class='ocrx_word' id='word_1_23' title='bbox 3449 396 3600 466; x_wconf 82' lang='lat' dir='ltr'><strong>fuisti.</strong></span> <span class='ocrx_word' id='word_1_24' title='bbox 3621 398 3722 461; x_wconf 77' lang='lat' dir='ltr'><strong>Des.</strong></span> 
     </span>
    </p>
   </div>
   <div class='ocr_carea' id='block_1_4' title="bbox 544 490 2120 571">
    <p class='ocr_par' dir='ltr' id='par_1_4' title="bbox 544 490 2120 571">
     <span class='ocr_line' id='line_1_4' title="bbox 544 490 2120 571; baseline -0.006 -18"><span class='ocrx_word' id='word_1_25' title='bbox 544 505 794 553; x_wconf 73' lang='lat' dir='ltr'><strong>vescente</strong></span> <span class='ocrx_word' id='word_1_26' title='bbox 814 494 1096 571; x_wconf 83' lang='lat' dir='ltr'><strong>languoris</strong></span> <span class='ocrx_word' id='word_1_27' title='bbox 1126 494 1211 549; x_wconf 93' lang='lat' dir='ltr'><strong>sui</strong></span> <span class='ocrx_word' id='word_1_28' title='bbox 1236 491 1421 548; x_wconf 90' lang='lat' dir='ltr'><strong>dolore</strong></span> <span class='ocrx_word' id='word_1_29' title='bbox 1449 491 1516 545; x_wconf 91' lang='lat' dir='ltr'><strong>ad</strong></span> <span class='ocrx_word' id='word_1_30' title='bbox 1546 491 1724 560; x_wconf 88' lang='lat' dir='ltr'><strong>ipsum</strong></span> <span class='ocrx_word' id='word_1_31' title='bbox 1755 490 2120 559; x_wconf 77' lang='lat' dir='ltr'><strong>Kalendarum</strong></span> 
     </span>
    </p>
   </div>
   <div class='ocr_carea' id='block_1_5' title="bbox 545 578 2124 660">
    <p class='ocr_par' dir='ltr' id='par_1_5' title="bbox 545 578 2124 660">
     <span class='ocr_line' id='line_1_5' title="bbox 545 578 2124 660; baseline -0.004 -17"><span class='ocrx_word' id='word_1_32' title='bbox 545 588 914 660; x_wconf 74' lang='lat' dir='ltr'><strong>Augustarum</strong></span> <span class='ocrx_word' id='word_1_33' title='bbox 943 586 1103 659; x_wconf 86' lang='lat' dir='ltr'><strong>(Aug.</strong></span> <span class='ocrx_word' id='word_1_34' title='bbox 1156 585 1207 653; x_wconf 84' lang='grc'><strong>1)</strong></span> <span class='ocrx_word' id='word_1_35' title='bbox 1243 583 1337 654; x_wconf 87' lang='lat' dir='ltr'><strong>qui</strong></span> <span class='ocrx_word' id='word_1_36' title='bbox 1376 598 1474 652; x_wconf 92' lang='lat' dir='ltr'><strong>pro</strong></span> <span class='ocrx_word' id='word_1_37' title='bbox 1523 582 1753 638; x_wconf 84' lang='lat' dir='ltr'><strong>vinculis</strong></span> <span class='ocrx_word' id='word_1_38' title='bbox 1797 583 1941 638; x_wconf 92' lang='lat' dir='ltr'><strong>beati</strong></span> <span class='ocrx_word' id='word_1_39' title='bbox 1979 578 2124 638; x_wconf 88' lang='lat' dir='ltr'><strong>Petri</strong></span> 
     </span>
    </p>
   </div>
   <div class='ocr_carea' id='block_1_6' title="bbox 545 673 2127 756">
    <p class='ocr_par' dir='ltr' id='par_1_6' title="bbox 545 673 2127 756">
     <span class='ocr_line' id='line_1_6' title="bbox 545 673 2127 756; baseline -0.002 -24"><span class='ocrx_word' id='word_1_40' title='bbox 545 679 1137 739; x_wconf 80' lang='lat' dir='ltr'><strong>venerationidebetur</strong></span> <span class='ocrx_word' id='word_1_41' title='bbox 1170 673 1505 730; x_wconf 81' lang='lat' dir='ltr'><strong>evocationis</strong></span> <span class='ocrx_word' id='word_1_42' title='bbox 1549 689 1663 729; x_wconf 67' lang='lat' dir='ltr'><strong>suae</strong></span> <span class='ocrx_word' id='word_1_43' title='bbox 1704 674 1997 756; x_wconf 84' lang='lat' dir='ltr'><strong>perductus</strong></span> <span class='ocrx_word' id='word_1_44' title='bbox 2034 684 2127 730; x_wconf 84' lang='lat' dir='ltr'><strong>est</strong></span> 
     </span>
    </p>
   </div>
   <div class='ocr_carea' id='block_1_7' title="bbox 446 752 2124 843">
    <p class='ocr_par' dir='ltr' id='par_1_7' title="bbox 446 752 2124 843">
     <span class='ocr_line' id='line_1_7' title="bbox 446 752 2124 843; baseline -0.005 -16"><span class='ocrx_word' id='word_1_45' title='bbox 446 840 447 843; x_wconf 19' lang='grc' dir='ltr'><strong>η</strong></span> <span class='ocrx_word' id='word_1_46' title='bbox 545 772 710 839; x_wconf 87' lang='lat' dir='ltr'><strong>diem,</strong></span> <span class='ocrx_word' id='word_1_47' title='bbox 742 787 865 826; x_wconf 89' lang='lat' dir='ltr'><strong>cum</strong></span> <span class='ocrx_word' id='word_1_48' title='bbox 892 768 1249 839; x_wconf 70' lang='lat' dir='ltr'><strong>prtescntibus</strong></span> <span class='ocrx_word' id='word_1_49' title='bbox 1278 765 1539 820; x_wconf 75' lang='lat' dir='ltr'><strong>fratribus</strong></span> <span class='ocrx_word' id='word_1_50' title='bbox 1561 766 1760 820; x_wconf 87' lang='lat' dir='ltr'><strong>mentis</strong></span> <span class='ocrx_word' id='word_1_51' title='bbox 1780 752 2006 821; x_wconf 82' lang='lat' dir='ltr'><strong>excessu</strong></span> <span class='ocrx_word' id='word_1_52' title='bbox 2034 781 2124 819; x_wconf 84' lang='lat' dir='ltr'><strong>ra-</strong></span> 
     </span>
    </p>
   </div>
   <div class='ocr_carea' id='block_1_8' title="bbox 546 857 2121 935">
    <p class='ocr_par' dir='ltr' id='par_1_8' title="bbox 546 857 2121 935">
     <span class='ocr_line' id='line_1_8' title="bbox 546 857 2121 935; baseline -0.003 -17"><span class='ocrx_word' id='word_1_53' title='bbox 546 873 692 935; x_wconf 84' lang='lat' dir='ltr'><strong>ptus,</strong></span> <span class='ocrx_word' id='word_1_54' title='bbox 725 870 970 935; x_wconf 87' lang='lat' dir='ltr'><strong>emortuo</strong></span> <span class='ocrx_word' id='word_1_55' title='bbox 996 859 1213 929; x_wconf 82' lang='lat' dir='ltr'><strong>penitus</strong></span> <span class='ocrx_word' id='word_1_56' title='bbox 1240 857 1407 912; x_wconf 79' lang='lat' dir='ltr'><strong>exivit</strong></span> <span class='ocrx_word' id='word_1_57' title='bbox 1426 872 1456 912; x_wconf 91' lang='lat' dir='ltr'><strong>e</strong></span> <span class='ocrx_word' id='word_1_58' title='bbox 1481 872 1708 926; x_wconf 89' lang='lat' dir='ltr'><strong>corpore</strong></span> <span class='ocrx_word' id='word_1_59' title='bbox 1733 898 1747 923; x_wconf 91' lang='lat'><strong>,</strong></span> <span class='ocrx_word' id='word_1_60' title='bbox 1780 857 2007 927; x_wconf 88' lang='lat' dir='ltr'><strong>locaque</strong></span> <span class='ocrx_word' id='word_1_61' title='bbox 2032 873 2121 913; x_wconf 88' lang='lat' dir='ltr'><strong>re-</strong></span> 
     </span>
    </p>
   </div>
   <div class='ocr_carea' id='block_1_9' title="bbox 547 949 2122 1019">
    <p class='ocr_par' dir='ltr' id='par_1_9' title="bbox 547 949 2122 1019">
     <span class='ocr_line' id='line_1_9' title="bbox 547 949 2122 1019; baseline -0.004 -9"><span class='ocrx_word' id='word_1_62' title='bbox 547 954 731 1010; x_wconf 83' lang='lat' dir='ltr'><strong>visens</strong></span> <span class='ocrx_word' id='word_1_63' title='bbox 760 952 953 1007; x_wconf 89' lang='lat' dir='ltr'><strong>inferni</strong></span> <span class='ocrx_word' id='word_1_64' title='bbox 981 951 1114 1005; x_wconf 81' lang='lat' dir='ltr'><strong>vidit</strong></span> <span class='ocrx_word' id='word_1_65' title='bbox 1146 950 1316 1005; x_wconf 87' lang='lat' dir='ltr'><strong>multa</strong></span> <span class='ocrx_word' id='word_1_66' title='bbox 1344 964 1467 1019; x_wconf 68' lang='lat' dir='ltr'><strong>qua:</strong></span> <span class='ocrx_word' id='word_1_67' title='bbox 1495 949 1653 1003; x_wconf 91' lang='lat' dir='ltr'><strong>nobis</strong></span> <span class='ocrx_word' id='word_1_68' title='bbox 1680 964 1865 1003; x_wconf 88' lang='lat' dir='ltr'><strong>coram</strong></span> <span class='ocrx_word' id='word_1_69' title='bbox 1892 949 2122 1004; x_wconf 81' lang='lat' dir='ltr'><strong>testibus</strong></span> 
     </span>
    </p>
   </div>
   <div class='ocr_carea' id='block_1_10' title="bbox 548 1040 2121 1116">
    <p class='ocr_par' dir='ltr' id='par_1_10' title="bbox 548 1040 2121 1116">
     <span class='ocr_line' id='line_1_10' title="bbox 548 1040 2121 1116; baseline -0.004 -16"><span class='ocrx_word' id='word_1_70' title='bbox 548 1046 737 1116; x_wconf 84' lang='lat' dir='ltr'><strong>positis</strong></span> <span class='ocrx_word' id='word_1_71' title='bbox 751 1060 847 1114; x_wconf 90' lang='lat' dir='ltr'><strong>pro</strong></span> <span class='ocrx_word' id='word_1_72' title='bbox 866 1042 1090 1097; x_wconf 82' lang='lat' dir='ltr'><strong>veritate</strong></span> <span class='ocrx_word' id='word_1_73' title='bbox 1115 1041 1508 1108; x_wconf 90' lang='lat' dir='ltr'><strong>conﬁrmando,</strong></span> <span class='ocrx_word' id='word_1_74' title='bbox 1536 1040 1650 1096; x_wconf 89' lang='lat' dir='ltr'><strong>sola</strong></span> <span class='ocrx_word' id='word_1_75' title='bbox 1676 1042 1899 1096; x_wconf 84' lang='lat' dir='ltr'><strong>absente</strong></span> <span class='ocrx_word' id='word_1_76' title='bbox 1927 1041 2121 1110; x_wconf 87' lang='lat' dir='ltr'><strong>spiritu</strong></span> 
     </span>
    </p>
   </div>
   <div class='ocr_carea' id='block_1_11' title="bbox 548 1132 2117 1205">
    <p class='ocr_par' dir='ltr' id='par_1_11' title="bbox 548 1132 2117 1205">
     <span class='ocr_line' id='line_1_11' title="bbox 548 1132 2117 1205; baseline -0.004 -13"><span class='ocrx_word' id='word_1_77' title='bbox 548 1136 809 1192; x_wconf 81' lang='lat' dir='ltr'><strong>referebat</strong></span> <span class='ocrx_word' id='word_1_78' title='bbox 825 1134 1040 1205; x_wconf 81' lang='lat' dir='ltr'><strong>lingua;</strong></span> <span class='ocrx_word' id='word_1_79' title='bbox 1067 1143 1121 1189; x_wconf 90' lang='lat' dir='ltr'><strong>et</strong></span> <span class='ocrx_word' id='word_1_80' title='bbox 1147 1132 1497 1204; x_wconf 79' lang='lat' dir='ltr'><strong>postmodum</strong></span> <span class='ocrx_word' id='word_1_81' title='bbox 1515 1140 1737 1202; x_wconf 89' lang='lat' dir='ltr'><strong>peracto</strong></span> <span class='ocrx_word' id='word_1_82' title='bbox 1761 1132 1922 1202; x_wconf 90' lang='lat' dir='ltr'><strong>pleno</strong></span> <span class='ocrx_word' id='word_1_83' title='bbox 1951 1133 2117 1187; x_wconf 89' lang='lat' dir='ltr'><strong>trium</strong></span> 
     </span>
    </p>
   </div>
   <div class='ocr_carea' id='block_1_12' title="bbox 545 1218 2121 1295">
    <p class='ocr_par' dir='ltr' id='par_1_12' title="bbox 545 1218 2121 1295">
     <span class='ocr_line' id='line_1_12' title="bbox 545 1218 2121 1295; baseline -0.003 -12"><span class='ocrx_word' id='word_1_84' title='bbox 545 1228 804 1283; x_wconf 84' lang='lat' dir='ltr'><strong>horarum</strong></span> <span class='ocrx_word' id='word_1_85' title='bbox 829 1226 1017 1295; x_wconf 90' lang='lat' dir='ltr'><strong>spacio</strong></span> <span class='ocrx_word' id='word_1_86' title='bbox 1043 1218 1098 1280; x_wconf 89' lang='lat' dir='ltr'><strong>in</strong></span> <span class='ocrx_word' id='word_1_87' title='bbox 1125 1240 1183 1289; x_wconf 85' lang='lat' dir='ltr'><strong>se</strong></span> <span class='ocrx_word' id='word_1_88' title='bbox 1204 1239 1477 1292; x_wconf 87' lang='lat' dir='ltr'><strong>reversus,</strong></span> <span class='ocrx_word' id='word_1_89' title='bbox 1507 1223 1692 1278; x_wconf 90' lang='lat' dir='ltr'><strong>verius</strong></span> <span class='ocrx_word' id='word_1_90' title='bbox 1724 1224 1804 1279; x_wconf 90' lang='lat' dir='ltr'><strong>sic</strong></span> <span class='ocrx_word' id='word_1_91' title='bbox 1827 1223 2121 1279; x_wconf 84' lang='lat' dir='ltr'><strong>conﬁrma-</strong></span> 
     </span>
    </p>
   </div>
   <div class='ocr_carea' id='block_1_13' title="bbox 543 1313 2122 1388">
    <p class='ocr_par' dir='ltr' id='par_1_13' title="bbox 543 1313 2122 1388">
     <span class='ocr_line' id='line_1_13' title="bbox 543 1313 2122 1388; baseline -0.003 -13"><span class='ocrx_word' id='word_1_92' title='bbox 543 1319 635 1375; x_wconf 88' lang='lat' dir='ltr'><strong>bat</strong></span> <span class='ocrx_word' id='word_1_93' title='bbox 653 1319 770 1373; x_wconf 87' lang='lat' dir='ltr'><strong>visa</strong></span> <span class='ocrx_word' id='word_1_94' title='bbox 814 1332 1082 1388; x_wconf 74' lang='lat' dir='ltr'><strong>prresens,</strong></span> <span class='ocrx_word' id='word_1_95' title='bbox 1111 1325 1174 1371; x_wconf 91' lang='lat' dir='ltr'><strong>ut</strong></span> <span class='ocrx_word' id='word_1_96' title='bbox 1196 1316 1311 1387; x_wconf 65' lang='lat' dir='ltr'><strong>haec</strong></span> <span class='ocrx_word' id='word_1_97' title='bbox 1336 1330 1501 1386; x_wconf 91' lang='lat' dir='ltr'><strong>quam</strong></span> <span class='ocrx_word' id='word_1_98' title='bbox 1535 1329 1601 1370; x_wconf 93' lang='lat' dir='ltr'><strong>eo</strong></span> <span class='ocrx_word' id='word_1_99' title='bbox 1635 1313 1754 1385; x_wconf 91' lang='lat' dir='ltr'><strong>ipso</strong></span> <span class='ocrx_word' id='word_1_100' title='bbox 1772 1323 1926 1383; x_wconf 77' lang='lat' dir='ltr'><strong>teste</strong></span> <span class='ocrx_word' id='word_1_101' title='bbox 1947 1315 2122 1370; x_wconf 88' lang='lat' dir='ltr'><strong>inscio</strong></span> 
     </span>
    </p>
   </div>
   <div class='ocr_carea' id='block_1_14' title="bbox 541 1405 2122 1480">
    <p class='ocr_par' dir='ltr' id='par_1_14' title="bbox 541 1405 2122 1480">
     <span class='ocr_line' id='line_1_14' title="bbox 541 1405 2122 1480; baseline -0.003 -15"><span class='ocrx_word' id='word_1_102' title='bbox 541 1410 970 1480; x_wconf 60' lang='lat' dir='ltr'><strong>praenotavimus</strong></span> <span class='ocrx_word' id='word_1_103' title='bbox 998 1408 1341 1464; x_wconf 86' lang='lat' dir='ltr'><strong>subtitulabit</strong></span> <span class='ocrx_word' id='word_1_104' title='bbox 1366 1407 1640 1478; x_wconf 84' lang='lat' dir='ltr'><strong>paginula.</strong></span> <span class='ocrx_word' id='word_1_105' title='bbox 1666 1405 1979 1478; x_wconf 86' lang='lat' dir='ltr'><strong>Egredienti</strong></span> <span class='ocrx_word' id='word_1_106' title='bbox 2001 1407 2122 1462; x_wconf 88' lang='lat' dir='ltr'><strong>ani-</strong></span> 
     </span>
    </p>
   </div>
   <div class='ocr_carea' id='block_1_15' title="bbox 541 1499 2118 1573">
    <p class='ocr_par' dir='ltr' id='par_1_15' title="bbox 541 1499 2118 1573">
     <span class='ocr_line' id='line_1_15' title="bbox 541 1499 2118 1573; baseline -0.002 -17"><span class='ocrx_word' id='word_1_107' title='bbox 541 1518 645 1557; x_wconf 66' lang='lat' dir='ltr'><strong>ma:</strong></span> <span class='ocrx_word' id='word_1_108' title='bbox 677 1502 835 1557; x_wconf 88' lang='lat' dir='ltr'><strong>missi</strong></span> <span class='ocrx_word' id='word_1_109' title='bbox 861 1516 945 1573; x_wconf 82' lang='lat' dir='ltr'><strong>ex</strong></span> <span class='ocrx_word' id='word_1_110' title='bbox 974 1500 1151 1556; x_wconf 88' lang='lat' dir='ltr'><strong>oﬁicio</strong></span> <span class='ocrx_word' id='word_1_111' title='bbox 1171 1500 1519 1555; x_wconf 84' lang='lat' dir='ltr'><strong>tenebrarum</strong></span> <span class='ocrx_word' id='word_1_112' title='bbox 1556 1499 1828 1569; x_wconf 83' lang='lat' dir='ltr'><strong>principes</strong></span> <span class='ocrx_word' id='word_1_113' title='bbox 1861 1499 2118 1565; x_wconf 82' lang='lat' dir='ltr'><strong>extitere,</strong></span> 
     </span>
    </p>
   </div>
   <div class='ocr_carea' id='block_1_16' title="bbox 543 1589 2121 1663">
    <p class='ocr_par' dir='ltr' id='par_1_16' title="bbox 543 1589 2121 1663">
     <span class='ocr_line' id='line_1_16' title="bbox 543 1589 2121 1663; baseline 0 -17"><span class='ocrx_word' id='word_1_114' title='bbox 543 1592 827 1663; x_wconf 85' lang='lat' dir='ltr'><strong>paratique</strong></span> <span class='ocrx_word' id='word_1_115' title='bbox 881 1592 1220 1658; x_wconf 89' lang='lat' dir='ltr'><strong>conducere,</strong></span> <span class='ocrx_word' id='word_1_116' title='bbox 1270 1591 1403 1662; x_wconf 91' lang='lat' dir='ltr'><strong>ipsis</strong></span> <span class='ocrx_word' id='word_1_117' title='bbox 1457 1589 1818 1646; x_wconf 77' lang='lat' dir='ltr'><strong>infernalibus</strong></span> <span class='ocrx_word' id='word_1_118' title='bbox 1864 1590 2121 1647; x_wconf 87' lang='lat' dir='ltr'><strong>claustris</strong></span> 
     </span>
    </p>
   </div>
   <div class='ocr_carea' id='block_1_17' title="bbox 541 1682 2116 1759">
    <p class='ocr_par' dir='ltr' id='par_1_17' title="bbox 541 1682 2116 1759">
     <span class='ocr_line' id='line_1_17' title="bbox 541 1682 2116 1759; baseline -0.003 -19"><span class='ocrx_word' id='word_1_119' title='bbox 541 1685 690 1741; x_wconf 91' lang='lat' dir='ltr'><strong>dicto</strong></span> <span class='ocrx_word' id='word_1_120' title='bbox 737 1683 901 1759; x_wconf 86' lang='lat' dir='ltr'><strong>citius</strong></span> <span class='ocrx_word' id='word_1_121' title='bbox 944 1683 1168 1750; x_wconf 78' lang='lat' dir='ltr'><strong>aﬁ‘uere,</strong></span> <span class='ocrx_word' id='word_1_122' title='bbox 1214 1684 1372 1753; x_wconf 82' lang='lat' dir='ltr'><strong>cujus</strong></span> <span class='ocrx_word' id='word_1_123' title='bbox 1422 1697 1550 1737; x_wconf 82' lang='lat' dir='ltr'><strong>mox</strong></span> <span class='ocrx_word' id='word_1_124' title='bbox 1584 1682 1823 1738; x_wconf 85' lang='lat' dir='ltr'><strong>debitam</strong></span> <span class='ocrx_word' id='word_1_125' title='bbox 1853 1698 2116 1753; x_wconf 88' lang='lat' dir='ltr'><strong>penarum</strong></span> 
     </span>
    </p>
   </div>
   <div class='ocr_carea' id='block_1_18' title="bbox 542 1752 2196 1842">
    <p class='ocr_par' dir='ltr' id='par_1_18' title="bbox 542 1752 2196 1842">
     <span class='ocr_line' id='line_1_18' title="bbox 542 1752 2196 1842; baseline -0.002 -12"><span class='ocrx_word' id='word_1_126' title='bbox 542 1789 768 1830; x_wconf 81' lang='lat' dir='ltr'><strong>causam</strong></span> <span class='ocrx_word' id='word_1_127' title='bbox 808 1756 985 1829; x_wconf 86' lang='lat' dir='ltr'><strong>acturi</strong></span> <span class='ocrx_word' id='word_1_128' title='bbox 1006 1752 1425 1827; x_wconf 83' lang='lat' dir='ltr'><strong>introduxerunt</strong></span> <span class='ocrx_word' id='word_1_129' title='bbox 1455 1771 1510 1825; x_wconf 91' lang='lat' dir='ltr'><strong>in</strong></span> <span class='ocrx_word' id='word_1_130' title='bbox 1535 1771 1781 1840; x_wconf 90' lang='lat' dir='ltr'><strong>domum,</strong></span> <span class='ocrx_word' id='word_1_131' title='bbox 1808 1752 1952 1842; x_wconf 65' lang='lat' dir='ltr'><strong>quae,</strong></span> <span class='ocrx_word' id='word_1_132' title='bbox 1978 1770 2121 1827; x_wconf 83' lang='lat' dir='ltr'><strong>sicut</strong></span> <span class='ocrx_word' id='word_1_133' title='bbox 2152 1752 2196 1812; x_wconf 75' lang='grc' dir='ltr'><strong>Β</strong></span> 
     </span>
    </p>
   </div>
   <div class='ocr_carea' id='block_1_19' title="bbox 542 1862 2124 1939">
    <p class='ocr_par' dir='ltr' id='par_1_19' title="bbox 542 1862 2124 1939">
     <span class='ocr_line' id='line_1_19' title="bbox 542 1862 2124 1939; baseline -0.002 -17"><span class='ocrx_word' id='word_1_134' title='bbox 542 1882 608 1923; x_wconf 77' lang='lat' dir='ltr'><strong>ex</strong></span> <span class='ocrx_word' id='word_1_135' title='bbox 646 1865 817 1922; x_wconf 88' lang='lat' dir='ltr'><strong>nimia</strong></span> <span class='ocrx_word' id='word_1_136' title='bbox 845 1865 1095 1938; x_wconf 83' lang='lat' dir='ltr'><strong>caliginis</strong></span> <span class='ocrx_word' id='word_1_137' title='bbox 1115 1873 1170 1920; x_wconf 89' lang='lat' dir='ltr'><strong>et</strong></span> <span class='ocrx_word' id='word_1_138' title='bbox 1201 1863 1419 1939; x_wconf 85' lang='lat' dir='ltr'><strong>fetentis</strong></span> <span class='ocrx_word' id='word_1_139' title='bbox 1447 1862 1582 1918; x_wconf 89' lang='lat' dir='ltr'><strong>fumi</strong></span> <span class='ocrx_word' id='word_1_140' title='bbox 1611 1864 1879 1919; x_wconf 84' lang='lat' dir='ltr'><strong>densitate</strong></span> <span class='ocrx_word' id='word_1_141' title='bbox 1901 1878 2124 1934; x_wconf 81' lang='lat' dir='ltr'><strong>expres-</strong></span> 
     </span>
    </p>
   </div>
   <div class='ocr_carea' id='block_1_20' title="bbox 544 1953 2125 2029">
    <p class='ocr_par' dir='ltr' id='par_1_20' title="bbox 544 1953 2125 2029">
     <span class='ocr_line' id='line_1_20' title="bbox 544 1953 2125 2029; baseline -0.004 -15"><span class='ocrx_word' id='word_1_142' title='bbox 544 1958 662 2015; x_wconf 86' lang='lat' dir='ltr'><strong>sius</strong></span> <span class='ocrx_word' id='word_1_143' title='bbox 689 1957 866 2029; x_wconf 80' lang='lat' dir='ltr'><strong>colligi</strong></span> <span class='ocrx_word' id='word_1_144' title='bbox 899 1957 1093 2028; x_wconf 88' lang='lat' dir='ltr'><strong>potuit,</strong></span> <span class='ocrx_word' id='word_1_145' title='bbox 1128 1966 1290 2013; x_wconf 71' lang='lat' dir='ltr'><strong>tantze</strong></span> <span class='ocrx_word' id='word_1_146' title='bbox 1321 1954 1714 2027; x_wconf 77' lang='lat' dir='ltr'><strong>magnitudinis</strong></span> <span class='ocrx_word' id='word_1_147' title='bbox 1762 1954 2014 2011; x_wconf 89' lang='lat' dir='ltr'><strong>inmensa</strong></span> <span class='ocrx_word' id='word_1_148' title='bbox 2044 1953 2125 2009; x_wconf 89' lang='lat' dir='ltr'><strong>ci-</strong></span> 
     </span>
    </p>
   </div>
   <div class='ocr_carea' id='block_1_21' title="bbox 547 2032 2127 2119">
    <p class='ocr_par' dir='ltr' id='par_1_21' title="bbox 547 2032 2127 2119">
     <span class='ocr_line' id='line_1_21' title="bbox 547 2032 2127 2119; baseline -0.001 -17"><span class='ocrx_word' id='word_1_149' title='bbox 547 2048 691 2105; x_wconf 89' lang='lat' dir='ltr'><strong>vitas</strong></span> <span class='ocrx_word' id='word_1_150' title='bbox 721 2032 844 2103; x_wconf 81' lang='lat' dir='ltr'><strong>fuit.</strong></span> <span class='ocrx_word' id='word_1_151' title='bbox 880 2048 1054 2119; x_wconf 84' lang='lat' dir='ltr'><strong>Hujus</strong></span> <span class='ocrx_word' id='word_1_152' title='bbox 1100 2049 1335 2119; x_wconf 85' lang='lat' dir='ltr'><strong>parietes</strong></span> <span class='ocrx_word' id='word_1_153' title='bbox 1363 2056 1419 2103; x_wconf 91' lang='lat' dir='ltr'><strong>et</strong></span> <span class='ocrx_word' id='word_1_154' title='bbox 1458 2048 1673 2102; x_wconf 90' lang='lat' dir='ltr'><strong>interna</strong></span> <span class='ocrx_word' id='word_1_155' title='bbox 1714 2048 1948 2103; x_wconf 88' lang='lat' dir='ltr'><strong>munitio</strong></span> <span class='ocrx_word' id='word_1_156' title='bbox 1978 2046 2127 2101; x_wconf 88' lang='lat' dir='ltr'><strong>velut</strong></span> 
     </span>
    </p>
   </div>
   <div class='ocr_carea' id='block_1_22' title="bbox 544 2139 2127 2212">
    <p class='ocr_par' dir='ltr' id='par_1_22' title="bbox 544 2139 2127 2212">
     <span class='ocr_line' id='line_1_22' title="bbox 544 2139 2127 2212; baseline -0.001 -15"><span class='ocrx_word' id='word_1_157' title='bbox 544 2141 718 2197; x_wconf 91' lang='lat' dir='ltr'><strong>muris</strong></span> <span class='ocrx_word' id='word_1_158' title='bbox 744 2149 990 2196; x_wconf 80' lang='lat' dir='ltr'><strong>extructa</strong></span> <span class='ocrx_word' id='word_1_159' title='bbox 1009 2182 1025 2208; x_wconf 93' lang='lat'><strong>,</strong></span> <span class='ocrx_word' id='word_1_160' title='bbox 1058 2140 1287 2196; x_wconf 88' lang='lat' dir='ltr'><strong>interius</strong></span> <span class='ocrx_word' id='word_1_161' title='bbox 1326 2139 1591 2212; x_wconf 88' lang='lat' dir='ltr'><strong>undique.</strong></span> <span class='ocrx_word' id='word_1_162' title='bbox 1612 2140 1810 2195; x_wconf 87' lang='lat' dir='ltr'><strong>litteris</strong></span> <span class='ocrx_word' id='word_1_163' title='bbox 1839 2139 2127 2195; x_wconf 85' lang='lat' dir='ltr'><strong>videbatur</strong></span> 
     </span>
    </p>
   </div>
   <div class='ocr_carea' id='block_1_23' title="bbox 546 2231 2125 2305">
    <p class='ocr_par' dir='ltr' id='par_1_23' title="bbox 546 2231 2125 2305">
     <span class='ocr_line' id='line_1_23' title="bbox 546 2231 2125 2305; baseline -0.003 -15"><span class='ocrx_word' id='word_1_164' title='bbox 546 2233 784 2305; x_wconf 84' lang='lat' dir='ltr'><strong>depicta,</strong></span> <span class='ocrx_word' id='word_1_165' title='bbox 809 2232 1102 2289; x_wconf 89' lang='lat' dir='ltr'><strong>continens</strong></span> <span class='ocrx_word' id='word_1_166' title='bbox 1131 2249 1164 2287; x_wconf 90' lang='lat' dir='ltr'><strong>a</strong></span> <span class='ocrx_word' id='word_1_167' title='bbox 1185 2231 1456 2304; x_wconf 91' lang='lat' dir='ltr'><strong>principio</strong></span> <span class='ocrx_word' id='word_1_168' title='bbox 1479 2231 1649 2288; x_wconf 88' lang='lat' dir='ltr'><strong>totius</strong></span> <span class='ocrx_word' id='word_1_169' title='bbox 1669 2231 1858 2287; x_wconf 91' lang='lat' dir='ltr'><strong>mundi</strong></span> <span class='ocrx_word' id='word_1_170' title='bbox 1878 2240 2125 2302; x_wconf 77' lang='lat' dir='ltr'><strong>peccata,</strong></span> 
     </span>
    </p>
   </div>
   <div class='ocr_carea' id='block_1_24' title="bbox 546 2323 2127 2395">
    <p class='ocr_par' dir='ltr' id='par_1_24' title="bbox 546 2323 2127 2395">
     <span class='ocr_line' id='line_1_24' title="bbox 546 2323 2127 2395; baseline -0.001 -16"><span class='ocrx_word' id='word_1_171' title='bbox 546 2324 653 2381; x_wconf 88' lang='lat' dir='ltr'><strong>nisi</strong></span> <span class='ocrx_word' id='word_1_172' title='bbox 684 2340 807 2395; x_wconf 74' lang='lat' dir='ltr'><strong>qua:</strong></span> <span class='ocrx_word' id='word_1_173' title='bbox 829 2340 969 2394; x_wconf 90' lang='lat' dir='ltr'><strong>pura</strong></span> <span class='ocrx_word' id='word_1_174' title='bbox 989 2323 1334 2380; x_wconf 90' lang='lat' dir='ltr'><strong>confessione</strong></span> <span class='ocrx_word' id='word_1_175' title='bbox 1363 2334 1418 2380; x_wconf 91' lang='lat' dir='ltr'><strong>et</strong></span> <span class='ocrx_word' id='word_1_176' title='bbox 1447 2324 1744 2395; x_wconf 78' lang='lat' dir='ltr'><strong>penitentia</strong></span> <span class='ocrx_word' id='word_1_177' title='bbox 1781 2333 1910 2379; x_wconf 90' lang='lat' dir='ltr'><strong>sunt</strong></span> <span class='ocrx_word' id='word_1_178' title='bbox 1932 2323 2127 2379; x_wconf 88' lang='lat' dir='ltr'><strong>remis-</strong></span> 
     </span>
    </p>
   </div>
   <div class='ocr_carea' id='block_1_25' title="bbox 545 2415 2127 2497">
    <p class='ocr_par' dir='ltr' id='par_1_25' title="bbox 545 2415 2127 2497">
     <span class='ocr_line' id='line_1_25' title="bbox 545 2415 2127 2497; baseline 0 -25"><span class='ocrx_word' id='word_1_179' title='bbox 545 2430 657 2497; x_wconf 86' lang='lat' dir='ltr'><strong>sa,_</strong></span> <span class='ocrx_word' id='word_1_180' title='bbox 696 2415 931 2487; x_wconf 88' lang='lat' dir='ltr'><strong>quedam</strong></span> <span class='ocrx_word' id='word_1_181' title='bbox 975 2430 1107 2472; x_wconf 89' lang='lat' dir='ltr'><strong>vero</strong></span> <span class='ocrx_word' id='word_1_182' title='bbox 1142 2416 1491 2484; x_wconf 88' lang='lat' dir='ltr'><strong>conculcata,</strong></span> <span class='ocrx_word' id='word_1_183' title='bbox 1531 2424 1592 2472; x_wconf 91' lang='lat' dir='ltr'><strong>ut</strong></span> <span class='ocrx_word' id='word_1_184' title='bbox 1618 2417 1901 2484; x_wconf 87' lang='lat' dir='ltr'><strong>iterentur,</strong></span> <span class='ocrx_word' id='word_1_185' title='bbox 1948 2415 2127 2473; x_wconf 88' lang='lat' dir='ltr'><strong>adhuc</strong></span> 
     </span>
    </p>
   </div>
   <div class='ocr_carea' id='block_1_26' title="bbox 545 2507 2125 2581">
    <p class='ocr_par' dir='ltr' id='par_1_26' title="bbox 545 2507 2125 2581">
     <span class='ocr_line' id='line_1_26' title="bbox 545 2507 2125 2581; baseline -0.001 -18"><span class='ocrx_word' id='word_1_186' title='bbox 545 2507 848 2564; x_wconf 84' lang='lat' dir='ltr'><strong>viventium</strong></span> <span class='ocrx_word' id='word_1_187' title='bbox 874 2508 1128 2565; x_wconf 88' lang='lat' dir='ltr'><strong>servabat</strong></span> <span class='ocrx_word' id='word_1_188' title='bbox 1152 2508 1497 2581; x_wconf 72' lang='lat' dir='ltr'><strong>memoriam.</strong></span> <span class='ocrx_word' id='word_1_189' title='bbox 1527 2507 1646 2565; x_wconf 83' lang='lat' dir='ltr'><strong>Huc</strong></span> <span class='ocrx_word' id='word_1_190' title='bbox 1678 2508 1967 2580; x_wconf 87' lang='lat' dir='ltr'><strong>deductam</strong></span> <span class='ocrx_word' id='word_1_191' title='bbox 2002 2507 2125 2577; x_wconf 48' lang='lat' dir='ltr'><strong>ani-7</strong></span> 
     </span>
    </p>
   </div>
   <div class='ocr_carea' id='block_1_27' title="bbox 545 2599 2122 2683">
    <p class='ocr_par' dir='ltr' id='par_1_27' title="bbox 545 2599 2122 2683">
     <span class='ocr_line' id='line_1_27' title="bbox 545 2599 2122 2683; baseline 0.001 -30"><span class='ocrx_word' id='word_1_192' title='bbox 545 2614 692 2683; x_wconf 81' lang='lat' dir='ltr'><strong>mam</strong></span> <span class='ocrx_word' id='word_1_193' title='bbox 714 2599 963 2679; x_wconf 76' lang='lat' dir='ltr'><strong>diabolus</strong></span> <span class='ocrx_word' id='word_1_194' title='bbox 991 2609 1206 2669; x_wconf 87' lang='lat' dir='ltr'><strong>tenens,</strong></span> <span class='ocrx_word' id='word_1_195' title='bbox 1233 2601 1387 2657; x_wconf 87' lang='lat' dir='ltr'><strong>illam</strong></span> <span class='ocrx_word' id='word_1_196' title='bbox 1409 2600 1654 2675; x_wconf 82' lang='lat' dir='ltr'><strong>horribili</strong></span> <span class='ocrx_word' id='word_1_197' title='bbox 1694 2601 1858 2656; x_wconf 91' lang='lat' dir='ltr'><strong>nimis</strong></span> <span class='ocrx_word' id='word_1_198' title='bbox 1887 2599 2122 2670; x_wconf 81' lang='lat' dir='ltr'><strong>impulsu</strong></span> 
     </span>
    </p>
   </div>
   <div class='ocr_carea' id='block_1_28' title="bbox 546 2690 2125 2772">
    <p class='ocr_par' dir='ltr' id='par_1_28' title="bbox 546 2690 2125 2772">
     <span class='ocr_line' id='line_1_28' title="bbox 546 2690 2125 2772; baseline 0 -25"><span class='ocrx_word' id='word_1_199' title='bbox 546 2691 689 2772; x_wconf 82' lang='lat' dir='ltr'><strong>cepit</strong></span> <span class='ocrx_word' id='word_1_200' title='bbox 718 2691 945 2771; x_wconf 81' lang='lat' dir='ltr'><strong>agitare,</strong></span> <span class='ocrx_word' id='word_1_201' title='bbox 993 2692 1241 2771; x_wconf 80' lang='lat' dir='ltr'><strong>tondere,</strong></span> <span class='ocrx_word' id='word_1_202' title='bbox 1273 2692 1612 2767; x_wconf 78' lang='lat' dir='ltr'><strong>gravissimis</strong></span> <span class='ocrx_word' id='word_1_203' title='bbox 1642 2692 1922 2763; x_wconf 82' lang='lat' dir='ltr'><strong>virgarum</strong></span> <span class='ocrx_word' id='word_1_204' title='bbox 1951 2690 2125 2762; x_wconf 81' lang='lat' dir='ltr'><strong>plagis</strong></span> 
     </span>
    </p>
   </div>
   <div class='ocr_carea' id='block_1_29' title="bbox 545 2782 2121 2857">
    <p class='ocr_par' dir='ltr' id='par_1_29' title="bbox 545 2782 2121 2857">
     <span class='ocr_line' id='line_1_29' title="bbox 545 2782 2121 2857; baseline -0.001 -18"><span class='ocrx_word' id='word_1_205' title='bbox 545 2782 820 2852; x_wconf 83' lang='lat' dir='ltr'><strong>insistere,</strong></span> <span class='ocrx_word' id='word_1_206' title='bbox 845 2791 901 2840; x_wconf 90' lang='lat' dir='ltr'><strong>et</strong></span> <span class='ocrx_word' id='word_1_207' title='bbox 925 2793 1123 2856; x_wconf 67' lang='lat' dir='ltr'><strong>praeter</strong></span> <span class='ocrx_word' id='word_1_208' title='bbox 1155 2785 1257 2842; x_wconf 85' lang='lat' dir='ltr'><strong>hec</strong></span> <span class='ocrx_word' id='word_1_209' title='bbox 1284 2785 1590 2857; x_wconf 87' lang='lat' dir='ltr'><strong>appositum</strong></span> <span class='ocrx_word' id='word_1_210' title='bbox 1621 2785 1765 2857; x_wconf 89' lang='lat' dir='ltr'><strong>ignis</strong></span> <span class='ocrx_word' id='word_1_211' title='bbox 1791 2793 2121 2839; x_wconf 89' lang='lat' dir='ltr'><strong>tormentum</strong></span> 
     </span>
    </p>
   </div>
   <div class='ocr_carea' id='block_1_30' title="bbox 545 2875 2124 2950">
    <p class='ocr_par' dir='ltr' id='par_1_30' title="bbox 545 2875 2124 2950">
     <span class='ocr_line' id='line_1_30' title="bbox 545 2875 2124 2950; baseline -0.001 -18"><span class='ocrx_word' id='word_1_212' title='bbox 545 2875 944 2944; x_wconf 87' lang='lat' dir='ltr'><strong>comminitari,</strong></span> <span class='ocrx_word' id='word_1_213' title='bbox 983 2892 1113 2933; x_wconf 90' lang='lat' dir='ltr'><strong>suas</strong></span> <span class='ocrx_word' id='word_1_214' title='bbox 1133 2879 1299 2933; x_wconf 89' lang='lat' dir='ltr'><strong>etiam</strong></span> <span class='ocrx_word' id='word_1_215' title='bbox 1338 2878 1417 2932; x_wconf 89' lang='lat' dir='ltr'><strong>illi</strong></span> <span class='ocrx_word' id='word_1_216' title='bbox 1445 2878 1755 2950; x_wconf 87' lang='lat' dir='ltr'><strong>improbare</strong></span> <span class='ocrx_word' id='word_1_217' title='bbox 1784 2876 2005 2947; x_wconf 82' lang='lat' dir='ltr'><strong>culpas,</strong></span> <span class='ocrx_word' id='word_1_218' title='bbox 2033 2891 2124 2931; x_wconf 86' lang='lat' dir='ltr'><strong>rc-</strong></span> 
     </span>
    </p>
   </div>
   <div class='ocr_carea' id='block_1_31' title="bbox 547 2968 2125 3043">
    <p class='ocr_par' dir='ltr' id='par_1_31' title="bbox 547 2968 2125 3043">
     <span class='ocr_line' id='line_1_31' title="bbox 547 2968 2125 3043; baseline 0.003 -21"><span class='ocrx_word' id='word_1_219' title='bbox 547 2976 886 3037; x_wconf 75' lang='lat' dir='ltr'><strong>praesentans</strong></span> <span class='ocrx_word' id='word_1_220' title='bbox 920 2968 1189 3038; x_wconf 88' lang='lat' dir='ltr'><strong>quasdam</strong></span> <span class='ocrx_word' id='word_1_221' title='bbox 1215 2969 1465 3025; x_wconf 85' lang='lat' dir='ltr'><strong>scedulas</strong></span> <span class='ocrx_word' id='word_1_222' title='bbox 1486 2979 1541 3026; x_wconf 90' lang='lat' dir='ltr'><strong>et</strong></span> <span class='ocrx_word' id='word_1_223' title='bbox 1560 2969 1952 3043; x_wconf 87' lang='lat' dir='ltr'><strong>quaterniolos,</strong></span> <span class='ocrx_word' id='word_1_224' title='bbox 1985 2983 2125 3039; x_wconf 86' lang='lat' dir='ltr'><strong>quos</strong></span> 
     </span>
    </p>
   </div>
   <div class='ocr_carea' id='block_1_32' title="bbox 550 3057 2123 3137">
    <p class='ocr_par' dir='ltr' id='par_1_32' title="bbox 550 3057 2123 3137">
     <span class='ocr_line' id='line_1_32' title="bbox 550 3057 2123 3137; baseline 0.001 -25"><span class='ocrx_word' id='word_1_225' title='bbox 550 3057 883 3137; x_wconf 76' lang='lat' dir='ltr'><strong>negligenter</strong></span> <span class='ocrx_word' id='word_1_226' title='bbox 913 3068 970 3113; x_wconf 90' lang='lat' dir='ltr'><strong>et</strong></span> <span class='ocrx_word' id='word_1_227' title='bbox 1017 3059 1225 3129; x_wconf 86' lang='lat' dir='ltr'><strong>absque</strong></span> <span class='ocrx_word' id='word_1_228' title='bbox 1258 3059 1459 3131; x_wconf 87' lang='lat' dir='ltr'><strong>prioris</strong></span> <span class='ocrx_word' id='word_1_229' title='bbox 1498 3060 1728 3115; x_wconf 88' lang='lat' dir='ltr'><strong>lieencia</strong></span> <span class='ocrx_word' id='word_1_230' title='bbox 1767 3059 1989 3130; x_wconf 90' lang='lat' dir='ltr'><strong>proprio</strong></span> <span class='ocrx_word' id='word_1_231' title='bbox 2020 3074 2123 3114; x_wconf 89' lang='lat' dir='ltr'><strong>usu</strong></span> 
     </span>
    </p>
   </div>
   <div class='ocr_carea' id='block_1_33' title="bbox 549 3148 2195 3227">
    <p class='ocr_par' dir='ltr' id='par_1_33' title="bbox 549 3148 2195 3227">
     <span class='ocr_line' id='line_1_33' title="bbox 549 3148 2195 3227; baseline 0.001 -23"><span class='ocrx_word' id='word_1_232' title='bbox 549 3148 909 3227; x_wconf 83' lang='lat' dir='ltr'><strong>contrectavit</strong></span> <span class='ocrx_word' id='word_1_233' title='bbox 954 3149 1253 3208; x_wconf 84' lang='lat' dir='ltr'><strong>habendas.</strong></span> <span class='ocrx_word' id='word_1_234' title='bbox 1312 3151 1586 3223; x_wconf 82' lang='lat' dir='ltr'><strong>Pluraque</strong></span> <span class='ocrx_word' id='word_1_235' title='bbox 1656 3151 1761 3206; x_wconf 90' lang='lat' dir='ltr'><strong>alia</strong></span> <span class='ocrx_word' id='word_1_236' title='bbox 1836 3150 2127 3223; x_wconf 86' lang='lat' dir='ltr'><strong>autoritate</strong></span> <span class='ocrx_word' id='word_1_237' title='bbox 2152 3148 2195 3175; x_wconf 67' lang='grc' dir='ltr'><strong>ν</strong></span> 
     </span>
    </p>
   </div>
   <div class='ocr_carea' id='block_1_34' title="bbox 550 3237 2125 3318">
    <p class='ocr_par' dir='ltr' id='par_1_34' title="bbox 550 3237 2125 3318">
     <span class='ocr_line' id='line_1_34' title="bbox 550 3237 2125 3318; baseline 0.006 -27"><span class='ocrx_word' id='word_1_238' title='bbox 550 3237 697 3294; x_wconf 84' lang='lat' dir='ltr'><strong>illius</strong></span> <span class='ocrx_word' id='word_1_239' title='bbox 731 3255 791 3295; x_wconf 88' lang='lat' dir='ltr'><strong>se</strong></span> <span class='ocrx_word' id='word_1_240' title='bbox 812 3241 1103 3301; x_wconf 87' lang='lat' dir='ltr'><strong>retinuisse</strong></span> <span class='ocrx_word' id='word_1_241' title='bbox 1133 3241 1188 3297; x_wconf 91' lang='lat' dir='ltr'><strong>in</strong></span> <span class='ocrx_word' id='word_1_242' title='bbox 1231 3243 1487 3314; x_wconf 65' lang='lat' dir='ltr'><strong>praedicto</strong></span> <span class='ocrx_word' id='word_1_243' title='bbox 1512 3243 1719 3318; x_wconf 87' lang='lat' dir='ltr'><strong>pariete</strong></span> <span class='ocrx_word' id='word_1_244' title='bbox 1748 3244 1906 3315; x_wconf 69' lang='lat' dir='ltr'><strong>juxta</strong></span> <span class='ocrx_word' id='word_1_245' title='bbox 1940 3244 2125 3317; x_wconf 83' lang='lat' dir='ltr'><strong>signa-</strong></span> 
     </span>
    </p>
   </div>
   <div class='ocr_carea' id='block_1_35' title="bbox 552 3328 2128 3415">
    <p class='ocr_par' dir='ltr' id='par_1_35' title="bbox 552 3328 2128 3415">
     <span class='ocr_line' id='line_1_35' title="bbox 552 3328 2128 3415; baseline 0.004 -30"><span class='ocrx_word' id='word_1_246' title='bbox 552 3328 647 3415; x_wconf 84' lang='lat' dir='ltr'><strong>bat</strong></span> <span class='ocrx_word' id='word_1_247' title='bbox 676 3331 972 3413; x_wconf 88' lang='lat' dir='ltr'><strong>inscripta,</strong></span> <span class='ocrx_word' id='word_1_248' title='bbox 1004 3349 1127 3406; x_wconf 65' lang='lat' dir='ltr'><strong>quae</strong></span> <span class='ocrx_word' id='word_1_249' title='bbox 1155 3334 1324 3391; x_wconf 80' lang='lat' dir='ltr'><strong>frater</strong></span> <span class='ocrx_word' id='word_1_250' title='bbox 1358 3336 1447 3392; x_wconf 88' lang='lat' dir='ltr'><strong>ille</strong></span> <span class='ocrx_word' id='word_1_251' title='bbox 1480 3336 1535 3391; x_wconf 91' lang='lat' dir='ltr'><strong>in</strong></span> <span class='ocrx_word' id='word_1_252' title='bbox 1574 3335 1923 3393; x_wconf 82' lang='lat' dir='ltr'><strong>confessione</strong></span> <span class='ocrx_word' id='word_1_253' title='bbox 1966 3353 2128 3393; x_wconf 88' lang='lat' dir='ltr'><strong>num-</strong></span> 
     </span>
    </p>
   </div>
   <div class='ocr_carea' id='block_1_36' title="bbox 548 3424 2128 3504">
    <p class='ocr_par' dir='ltr' id='par_1_36' title="bbox 548 3424 2128 3504">
     <span class='ocr_line' id='line_1_36' title="bbox 548 3424 2128 3504; baseline 0.003 -27"><span class='ocrx_word' id='word_1_254' title='bbox 548 3437 715 3494; x_wconf 77' lang='lat' dir='ltr'><strong>quam</strong></span> <span class='ocrx_word' id='word_1_255' title='bbox 760 3425 939 3493; x_wconf 89' lang='lat' dir='ltr'><strong>potuit</strong></span> <span class='ocrx_word' id='word_1_256' title='bbox 960 3424 1310 3501; x_wconf 77' lang='lat' dir='ltr'><strong>comminisci</strong></span> <span class='ocrx_word' id='word_1_257' title='bbox 1357 3441 1456 3497; x_wconf 90' lang='lat' dir='ltr'><strong>pro</strong></span> <span class='ocrx_word' id='word_1_258' title='bbox 1485 3426 1597 3481; x_wconf 88' lang='lat' dir='ltr'><strong>vita</strong></span> <span class='ocrx_word' id='word_1_259' title='bbox 1642 3442 1762 3482; x_wconf 90' lang='lat' dir='ltr'><strong>sua.</strong></span> <span class='ocrx_word' id='word_1_260' title='bbox 1789 3425 1897 3481; x_wconf 88' lang='lat' dir='ltr'><strong>Pro</strong></span> <span class='ocrx_word' id='word_1_261' title='bbox 1927 3426 2128 3504; x_wconf 78' lang='lat' dir='ltr'><strong>quibus</strong></span> 
     </span>
    </p>
   </div>
   <div class='ocr_carea' id='block_1_37' title="bbox 548 3514 2126 3590">
    <p class='ocr_par' dir='ltr' id='par_1_37' title="bbox 548 3514 2126 3590">
     <span class='ocr_line' id='line_1_37' title="bbox 548 3514 2126 3590; baseline 0.001 -20"><span class='ocrx_word' id='word_1_262' title='bbox 548 3530 677 3570; x_wconf 90' lang='lat' dir='ltr'><strong>cum</strong></span> <span class='ocrx_word' id='word_1_263' title='bbox 710 3516 1031 3586; x_wconf 87' lang='lat' dir='ltr'><strong>multiplicia</strong></span> <span class='ocrx_word' id='word_1_264' title='bbox 1061 3514 1432 3590; x_wconf 84' lang='lat' dir='ltr'><strong>inﬁigereutur</strong></span> <span class='ocrx_word' id='word_1_265' title='bbox 1467 3525 1860 3574; x_wconf 85' lang='lat' dir='ltr'><strong>tormentorum</strong></span> <span class='ocrx_word' id='word_1_266' title='bbox 1896 3515 2126 3590; x_wconf 79' lang='lat' dir='ltr'><strong>flagella,</strong></span> 
     </span>
    </p>
   </div>
   <div class='ocr_carea' id='block_1_38' title="bbox 551 3604 2128 3680">
    <p class='ocr_par' dir='ltr' id='par_1_38' title="bbox 551 3604 2128 3680">
     <span class='ocr_line' id='line_1_38' title="bbox 551 3604 2128 3680; baseline 0.003 -21"><span class='ocrx_word' id='word_1_267' title='bbox 551 3604 835 3661; x_wconf 90' lang='lat' dir='ltr'><strong>consciam</strong></span> <span class='ocrx_word' id='word_1_268' title='bbox 884 3615 1099 3662; x_wconf 89' lang='lat' dir='ltr'><strong>tantum</strong></span> <span class='ocrx_word' id='word_1_269' title='bbox 1148 3605 1420 3664; x_wconf 79' lang='lat' dir='ltr'><strong>fatebatur</strong></span> <span class='ocrx_word' id='word_1_270' title='bbox 1475 3609 1722 3680; x_wconf 89' lang='lat' dir='ltr'><strong>culpam,</strong></span> <span class='ocrx_word' id='word_1_271' title='bbox 1777 3608 2128 3679; x_wconf 88' lang='lat' dir='ltr'><strong>divinamque</strong></span> 
     </span>
    </p>
   </div>
   <div class='ocr_carea' id='block_1_39' title="bbox 550 3694 2124 3779">
    <p class='ocr_par' dir='ltr' id='par_1_39' title="bbox 550 3694 2124 3779">
     <span class='ocr_line' id='line_1_39' title="bbox 550 3694 2124 3779; baseline 0.002 -29"><span class='ocrx_word' id='word_1_272' title='bbox 550 3694 935 3759; x_wconf 83' lang='lat' dir='ltr'><strong>miserabiliter</strong></span> <span class='ocrx_word' id='word_1_273' title='bbox 1000 3697 1115 3779; x_wconf 33' lang='lat' dir='ltr'><strong>Isibi</strong></span> <span class='ocrx_word' id='word_1_274' title='bbox 1174 3714 1371 3770; x_wconf 85' lang='lat' dir='ltr'><strong>rogans</strong></span> <span class='ocrx_word' id='word_1_275' title='bbox 1422 3700 1711 3757; x_wconf 88' lang='lat' dir='ltr'><strong>subvenire</strong></span> <span class='ocrx_word' id='word_1_276' title='bbox 1758 3700 2124 3756; x_wconf 90' lang='lat' dir='ltr'><strong>clementiam.</strong></span> 
     </span>
    </p>
   </div>
   <div class='ocr_carea' id='block_1_40' title="bbox 554 3788 2127 3867">
    <p class='ocr_par' dir='ltr' id='par_1_40' title="bbox 554 3788 2127 3867">
     <span class='ocr_line' id='line_1_40' title="bbox 554 3788 2127 3867; baseline 0.003 -23"><span class='ocrx_word' id='word_1_277' title='bbox 554 3788 777 3846; x_wconf 88' lang='lat' dir='ltr'><strong>Sciebat</strong></span> <span class='ocrx_word' id='word_1_278' title='bbox 798 3790 947 3846; x_wconf 89' lang='lat' dir='ltr'><strong>enim</strong></span> <span class='ocrx_word' id='word_1_279' title='bbox 982 3791 1088 3847; x_wconf 86' lang='lat' dir='ltr'><strong>hoc</strong></span> <span class='ocrx_word' id='word_1_280' title='bbox 1122 3807 1181 3848; x_wconf 89' lang='lat' dir='ltr'><strong>se</strong></span> <span class='ocrx_word' id='word_1_281' title='bbox 1210 3794 1509 3864; x_wconf 87' lang='lat' dir='ltr'><strong>promereri</strong></span> <span class='ocrx_word' id='word_1_282' title='bbox 1543 3803 1728 3851; x_wconf 89' lang='lat' dir='ltr'><strong>reatus</strong></span> <span class='ocrx_word' id='word_1_283' title='bbox 1749 3793 1836 3851; x_wconf 90' lang='lat' dir='ltr'><strong>sui</strong></span> <span class='ocrx_word' id='word_1_284' title='bbox 1858 3794 2127 3867; x_wconf 77' lang='lat' dir='ltr'><strong>exigenti-</strong></span> 
     </span>
    </p>
   </div>
   <div class='ocr_carea' id='block_1_41' title="bbox 552 3878 2130 3955">
    <p class='ocr_par' dir='ltr' id='par_1_41' title="bbox 552 3878 2130 3955">
     <span class='ocr_line' id='line_1_41' title="bbox 552 3878 2130 3955; baseline 0.003 -20"><span class='ocrx_word' id='word_1_285' title='bbox 552 3878 658 3935; x_wconf 90' lang='lat' dir='ltr'><strong>bus</strong></span> <span class='ocrx_word' id='word_1_286' title='bbox 718 3880 931 3951; x_wconf 90' lang='lat' dir='ltr'><strong>culpis,</strong></span> <span class='ocrx_word' id='word_1_287' title='bbox 992 3896 1058 3936; x_wconf 84' lang='lat' dir='ltr'><strong>ac</strong></span> <span class='ocrx_word' id='word_1_288' title='bbox 1109 3891 1329 3953; x_wconf 75' lang='lat' dir='ltr'><strong>prapter</strong></span> <span class='ocrx_word' id='word_1_289' title='bbox 1369 3883 1470 3941; x_wconf 90' lang='lat' dir='ltr'><strong>hec</strong></span> <span class='ocrx_word' id='word_1_290' title='bbox 1522 3884 1780 3955; x_wconf 69' lang='lat' dir='ltr'><strong>angelica:</strong></span> <span class='ocrx_word' id='word_1_291' title='bbox 1825 3883 2130 3954; x_wconf 64' lang='lat' dir='ltr'><strong>praesentia:</strong></span> 
     </span>
    </p>
   </div>
   <div class='ocr_carea' id='block_1_42' title="bbox 554 3960 2128 4048">
    <p class='ocr_par' dir='ltr' id='par_1_42' title="bbox 554 3960 2128 4048">
     <span class='ocr_line' id='line_1_42' title="bbox 554 3960 2128 4048; baseline 0.004 -21"><span class='ocrx_word' id='word_1_292' title='bbox 554 3960 760 4029; x_wconf 79' lang='lat' dir='ltr'><strong>auxilio</strong></span> <span class='ocrx_word' id='word_1_293' title='bbox 803 3989 863 4029; x_wconf 90' lang='lat' dir='ltr'><strong>se</strong></span> <span class='ocrx_word' id='word_1_294' title='bbox 904 3974 1164 4044; x_wconf 90' lang='lat' dir='ltr'><strong>destitui,</strong></span> <span class='ocrx_word' id='word_1_295' title='bbox 1190 3964 1500 4047; x_wconf 51' lang='lat' dir='ltr'><strong>&#39;solamque</strong></span> <span class='ocrx_word' id='word_1_296' title='bbox 1556 3977 1811 4048; x_wconf 87' lang='lat' dir='ltr'><strong>relinqui.</strong></span> <span class='ocrx_word' id='word_1_297' title='bbox 1852 3975 1945 4032; x_wconf 84' lang='lat' dir='ltr'><strong>Ille</strong></span> <span class='ocrx_word' id='word_1_298' title='bbox 1996 3992 2128 4033; x_wconf 89' lang='lat' dir='ltr'><strong>vero</strong></span> 
     </span>
    </p>
   </div>
   <div class='ocr_carea' id='block_1_43' title="bbox 554 4064 2129 4141">
    <p class='ocr_par' dir='ltr' id='par_1_43' title="bbox 554 4064 2129 4141">
     <span class='ocr_line' id='line_1_43' title="bbox 554 4064 2129 4141; baseline 0.005 -22"><span class='ocrx_word' id='word_1_299' title='bbox 554 4064 792 4136; x_wconf 90' lang='lat' dir='ltr'><strong>amplius</strong></span> <span class='ocrx_word' id='word_1_300' title='bbox 834 4064 1132 4122; x_wconf 90' lang='lat' dir='ltr'><strong>insultabat</strong></span> <span class='ocrx_word' id='word_1_301' title='bbox 1167 4067 1376 4136; x_wconf 89' lang='lat' dir='ltr'><strong>dicens,</strong></span> <span class='ocrx_word' id='word_1_302' title='bbox 1416 4070 1562 4124; x_wconf 86' lang='lat' dir='ltr'><strong>illam</strong></span> <span class='ocrx_word' id='word_1_303' title='bbox 1587 4070 1711 4141; x_wconf 92' lang='lat' dir='ltr'><strong>jure</strong></span> <span class='ocrx_word' id='word_1_304' title='bbox 1733 4070 1986 4127; x_wconf 73' lang='lat' dir='ltr'><strong>humanae</strong></span> <span class='ocrx_word' id='word_1_305' title='bbox 2021 4071 2129 4126; x_wconf 90' lang='lat' dir='ltr'><strong>mi-</strong></span> 
     </span>
    </p>
   </div>
   <div class='ocr_carea' id='block_1_44' title="bbox 555 4156 2130 4236">
    <p class='ocr_par' dir='ltr' id='par_1_44' title="bbox 555 4156 2130 4236">
     <span class='ocr_line' id='line_1_44' title="bbox 555 4156 2130 4236; baseline 0.006 -25"><span class='ocrx_word' id='word_1_306' title='bbox 555 4156 686 4212; x_wconf 69' lang='lat' dir='ltr'><strong>litia:</strong></span> <span class='ocrx_word' id='word_1_307' title='bbox 735 4172 892 4214; x_wconf 89' lang='lat' dir='ltr'><strong>suam</strong></span> <span class='ocrx_word' id='word_1_308' title='bbox 921 4158 1117 4215; x_wconf 90' lang='lat' dir='ltr'><strong>debere</strong></span> <span class='ocrx_word' id='word_1_309' title='bbox 1142 4159 1282 4229; x_wconf 90' lang='lat' dir='ltr'><strong>ﬁeri,</strong></span> <span class='ocrx_word' id='word_1_310' title='bbox 1308 4162 1522 4233; x_wconf 88' lang='lat' dir='ltr'><strong>sibique</strong></span> <span class='ocrx_word' id='word_1_311' title='bbox 1547 4162 1770 4231; x_wconf 89' lang='lat' dir='ltr'><strong>servire,</strong></span> <span class='ocrx_word' id='word_1_312' title='bbox 1802 4179 1904 4221; x_wconf 91' lang='lat' dir='ltr'><strong>nec</strong></span> <span class='ocrx_word' id='word_1_313' title='bbox 1945 4165 2130 4236; x_wconf 86' lang='lat' dir='ltr'><strong>aliquo</strong></span> 
     </span>
    </p>
   </div>
   <div class='ocr_carea' id='block_1_45' title="bbox 555 4248 2130 4325">
    <p class='ocr_par' dir='ltr' id='par_1_45' title="bbox 555 4248 2130 4325">
     <span class='ocr_line' id='line_1_45' title="bbox 555 4248 2130 4325; baseline 0.007 -22"><span class='ocrx_word' id='word_1_314' title='bbox 555 4248 720 4305; x_wconf 91' lang='lat' dir='ltr'><strong>modo</strong></span> <span class='ocrx_word' id='word_1_315' title='bbox 777 4249 846 4305; x_wconf 90' lang='lat' dir='ltr'><strong>ab</strong></span> <span class='ocrx_word' id='word_1_316' title='bbox 892 4250 1058 4307; x_wconf 87' lang='lat' dir='ltr'><strong>illatis</strong></span> <span class='ocrx_word' id='word_1_317' title='bbox 1085 4268 1246 4323; x_wconf 89' lang='lat' dir='ltr'><strong>posse</strong></span> <span class='ocrx_word' id='word_1_318' title='bbox 1289 4254 1575 4311; x_wconf 90' lang='lat' dir='ltr'><strong>tormentis</strong></span> <span class='ocrx_word' id='word_1_319' title='bbox 1604 4255 1844 4325; x_wconf 88' lang='lat' dir='ltr'><strong>liberari,</strong></span> <span class='ocrx_word' id='word_1_320' title='bbox 1883 4257 1990 4314; x_wconf 91' lang='lat' dir='ltr'><strong>nisi</strong></span> <span class='ocrx_word' id='word_1_321' title='bbox 2031 4258 2130 4313; x_wconf 91' lang='lat' dir='ltr'><strong>ad-</strong></span> 
     </span>
    </p>
   </div>
   <div class='ocr_carea' id='block_1_46' title="bbox 554 4346 2126 4421">
    <p class='ocr_par' dir='ltr' id='par_1_46' title="bbox 554 4346 2126 4421">
     <span class='ocr_line' id='line_1_46' title="bbox 554 4346 2126 4421; baseline 0.007 -25"><span class='ocrx_word' id='word_1_322' title='bbox 554 4351 757 4410; x_wconf 89' lang='lat' dir='ltr'><strong>oraret,</strong></span> <span class='ocrx_word' id='word_1_323' title='bbox 794 4359 826 4398; x_wconf 89' lang='lat' dir='ltr'><strong>a</strong></span> <span class='ocrx_word' id='word_1_324' title='bbox 865 4360 975 4415; x_wconf 90' lang='lat' dir='ltr'><strong>quo</strong></span> <span class='ocrx_word' id='word_1_325' title='bbox 1016 4360 1126 4400; x_wconf 89' lang='lat' dir='ltr'><strong>non</strong></span> <span class='ocrx_word' id='word_1_326' title='bbox 1155 4346 1379 4402; x_wconf 88' lang='lat' dir='ltr'><strong>haberet</strong></span> <span class='ocrx_word' id='word_1_327' title='bbox 1405 4348 1460 4402; x_wconf 90' lang='lat' dir='ltr'><strong>in</strong></span> <span class='ocrx_word' id='word_1_328' title='bbox 1488 4358 1808 4419; x_wconf 90' lang='lat' dir='ltr'><strong>perpetuum</strong></span> <span class='ocrx_word' id='word_1_329' title='bbox 1863 4352 2126 4421; x_wconf 88' lang='lat' dir='ltr'><strong>separari.</strong></span> 
     </span>
    </p>
   </div>
   <div class='ocr_carea' id='block_1_47' title="bbox 2226 486 3709 560">
    <p class='ocr_par' dir='ltr' id='par_1_47' title="bbox 2226 486 3709 560">
     <span class='ocr_line' id='line_1_47' title="bbox 2226 486 3709 560; baseline 0 -17"><span class='ocrx_word' id='word_1_330' title='bbox 2226 505 2319 560; x_wconf 89' lang='lat' dir='ltr'><strong>ego</strong></span> <span class='ocrx_word' id='word_1_331' title='bbox 2344 505 2481 542; x_wconf 90' lang='lat' dir='ltr'><strong>sum.</strong></span> <span class='ocrx_word' id='word_1_332' title='bbox 2525 486 2648 542; x_wconf 90' lang='lat' dir='ltr'><strong>Scio</strong></span> <span class='ocrx_word' id='word_1_333' title='bbox 2668 488 2808 542; x_wconf 87' lang='lat' dir='ltr'><strong>enim</strong></span> <span class='ocrx_word' id='word_1_334' title='bbox 2831 488 3009 542; x_wconf 82' lang='lat' dir='ltr'><strong>omnia</strong></span> <span class='ocrx_word' id='word_1_335' title='bbox 3044 503 3163 558; x_wconf 67' lang='lat' dir='ltr'><strong>qua:</strong></span> <span class='ocrx_word' id='word_1_336' title='bbox 3190 487 3383 557; x_wconf 90' lang='lat' dir='ltr'><strong>fecisti,</strong></span> <span class='ocrx_word' id='word_1_337' title='bbox 3408 503 3493 542; x_wconf 86' lang='lat' dir='ltr'><strong>nec</strong></span> <span class='ocrx_word' id='word_1_338' title='bbox 3520 487 3616 543; x_wconf 82' lang='lat' dir='ltr'><strong>ulla</strong></span> <span class='ocrx_word' id='word_1_339' title='bbox 3642 506 3709 560; x_wconf 80' lang='lat' dir='ltr'><strong>pec</strong></span> 
     </span>
    </p>
   </div>
   <div class='ocr_carea' id='block_1_48' title="bbox 2200 582 3727 653">
    <p class='ocr_par' dir='ltr' id='par_1_48' title="bbox 2200 582 3727 653">
     <span class='ocr_line' id='line_1_48' title="bbox 2200 582 3727 653; baseline 0.002 -18"><span class='ocrx_word' id='word_1_340' title='bbox 2200 582 2337 636; x_wconf 51' lang='lat' dir='ltr'><strong>&#39;cati</strong></span> <span class='ocrx_word' id='word_1_341' title='bbox 2389 582 2717 653; x_wconf 70' lang='lat' dir='ltr'><strong>negligentia</strong></span> <span class='ocrx_word' id='word_1_342' title='bbox 2739 584 2905 637; x_wconf 87' lang='lat' dir='ltr'><strong>evenit</strong></span> <span class='ocrx_word' id='word_1_343' title='bbox 2943 582 3202 653; x_wconf 78' lang='lat' dir='ltr'><strong>fratribus</strong></span> <span class='ocrx_word' id='word_1_344' title='bbox 3234 584 3339 636; x_wconf 87' lang='lat' dir='ltr'><strong>tuis</strong></span> <span class='ocrx_word' id='word_1_345' title='bbox 3385 583 3727 638; x_wconf 82' lang='lat' dir='ltr'><strong>cuinoninter-</strong></span> 
     </span>
    </p>
   </div>
   <div class='ocr_carea' id='block_1_49' title="bbox 2226 673 3728 745">
    <p class='ocr_par' dir='ltr' id='par_1_49' title="bbox 2226 673 3728 745">
     <span class='ocr_line' id='line_1_49' title="bbox 2226 673 3728 745; baseline 0.002 -18"><span class='ocrx_word' id='word_1_346' title='bbox 2226 674 2364 739; x_wconf 89' lang='lat' dir='ltr'><strong>sim;</strong></span> <span class='ocrx_word' id='word_1_347' title='bbox 2388 690 2467 728; x_wconf 89' lang='lat' dir='ltr'><strong>me</strong></span> <span class='ocrx_word' id='word_1_348' title='bbox 2506 673 2711 738; x_wconf 87' lang='lat' dir='ltr'><strong>adora;</strong></span> <span class='ocrx_word' id='word_1_349' title='bbox 2747 673 2910 728; x_wconf 88' lang='lat' dir='ltr'><strong>habeo</strong></span> <span class='ocrx_word' id='word_1_350' title='bbox 2937 674 3197 745; x_wconf 82' lang='lat' dir='ltr'><strong>siquidem</strong></span> <span class='ocrx_word' id='word_1_351' title='bbox 3224 683 3273 727; x_wconf 86' lang='lat' dir='ltr'><strong>te</strong></span> <span class='ocrx_word' id='word_1_352' title='bbox 3297 674 3352 727; x_wconf 88' lang='lat' dir='ltr'><strong>in</strong></span> <span class='ocrx_word' id='word_1_353' title='bbox 3379 690 3487 728; x_wconf 89' lang='lat' dir='ltr'><strong>mea</strong></span> <span class='ocrx_word' id='word_1_354' title='bbox 3510 684 3728 744; x_wconf 76' lang='lat' dir='ltr'><strong>potestate,</strong></span> 
     </span>
    </p>
   </div>
   <div class='ocr_carea' id='block_1_50' title="bbox 2225 764 3727 836">
    <p class='ocr_par' dir='ltr' id='par_1_50' title="bbox 2225 764 3727 836">
     <span class='ocr_line' id='line_1_50' title="bbox 2225 764 3727 836; baseline 0.001 -16"><span class='ocrx_word' id='word_1_355' title='bbox 2225 776 2275 820; x_wconf 86' lang='lat' dir='ltr'><strong>et</strong></span> <span class='ocrx_word' id='word_1_356' title='bbox 2299 766 2364 819; x_wconf 86' lang='lat' dir='ltr'><strong>de</strong></span> <span class='ocrx_word' id='word_1_357' title='bbox 2390 764 2650 836; x_wconf 78' lang='lat' dir='ltr'><strong>fratribus</strong></span> <span class='ocrx_word' id='word_1_358' title='bbox 2681 766 2785 819; x_wconf 88' lang='lat' dir='ltr'><strong>tuis</strong></span> <span class='ocrx_word' id='word_1_359' title='bbox 2813 782 2994 821; x_wconf 88' lang='lat' dir='ltr'><strong>unum.</strong></span> <span class='ocrx_word' id='word_1_360' title='bbox 3023 764 3197 820; x_wconf 84' lang='lat' dir='ltr'><strong>Hem!</strong></span> <span class='ocrx_word' id='word_1_361' title='bbox 3229 764 3374 821; x_wconf 86' lang='lat' dir='ltr'><strong>Num</strong></span> <span class='ocrx_word' id='word_1_362' title='bbox 3400 782 3475 820; x_wconf 89' lang='lat' dir='ltr'><strong>me</strong></span> <span class='ocrx_word' id='word_1_363' title='bbox 3496 765 3561 820; x_wconf 86' lang='lat' dir='ltr'><strong>ibi</strong></span> <span class='ocrx_word' id='word_1_364' title='bbox 3577 766 3727 821; x_wconf 73' lang='lat' dir='ltr'><strong>dudum</strong></span> 
     </span>
    </p>
   </div>
   <div class='ocr_carea' id='block_1_51' title="bbox 2223 856 3727 927">
    <p class='ocr_par' dir='ltr' id='par_1_51' title="bbox 2223 856 3727 927">
     <span class='ocr_line' id='line_1_51' title="bbox 2223 856 3727 927; baseline 0.001 -15"><span class='ocrx_word' id='word_1_365' title='bbox 2223 858 2425 925; x_wconf 87' lang='lat' dir='ltr'><strong>vidisti,</strong></span> <span class='ocrx_word' id='word_1_366' title='bbox 2448 856 2537 911; x_wconf 89' lang='lat' dir='ltr'><strong>ubi</strong></span> <span class='ocrx_word' id='word_1_367' title='bbox 2568 857 2696 927; x_wconf 85' lang='lat' dir='ltr'><strong>quia</strong></span> <span class='ocrx_word' id='word_1_368' title='bbox 2716 866 2765 913; x_wconf 91' lang='lat' dir='ltr'><strong>et</strong></span> <span class='ocrx_word' id='word_1_369' title='bbox 2795 858 2851 910; x_wconf 89' lang='lat' dir='ltr'><strong>in</strong></span> <span class='ocrx_word' id='word_1_370' title='bbox 2874 866 3128 927; x_wconf 85' lang='lat' dir='ltr'><strong>potestate</strong></span> <span class='ocrx_word' id='word_1_371' title='bbox 3150 873 3266 910; x_wconf 89' lang='lat' dir='ltr'><strong>mea</strong></span> <span class='ocrx_word' id='word_1_372' title='bbox 3289 871 3403 910; x_wconf 89' lang='lat' dir='ltr'><strong>eras</strong></span> <span class='ocrx_word' id='word_1_373' title='bbox 3431 856 3619 910; x_wconf 75' lang='lat' dir='ltr'><strong>horrens</strong></span> <span class='ocrx_word' id='word_1_374' title='bbox 3630 874 3727 926; x_wconf 79' lang='lat' dir='ltr'><strong>pra-</strong></span> 
     </span>
    </p>
   </div>
   <div class='ocr_carea' id='block_1_52' title="bbox 2224 951 3728 1023">
    <p class='ocr_par' dir='ltr' id='par_1_52' title="bbox 2224 951 3728 1023">
     <span class='ocr_line' id='line_1_52' title="bbox 2224 951 3728 1023; baseline -0.003 -15"><span class='ocrx_word' id='word_1_375' title='bbox 2224 954 2459 1021; x_wconf 86' lang='lat' dir='ltr'><strong>sensisti,</strong></span> <span class='ocrx_word' id='word_1_376' title='bbox 2487 962 2541 1006; x_wconf 88' lang='lat' dir='ltr'><strong>et</strong></span> <span class='ocrx_word' id='word_1_377' title='bbox 2569 951 2790 1021; x_wconf 88' lang='lat' dir='ltr'><strong>fratrem</strong></span> <span class='ocrx_word' id='word_1_378' title='bbox 2818 962 2964 1006; x_wconf 87' lang='lat' dir='ltr'><strong>tuum</strong></span> <span class='ocrx_word' id='word_1_379' title='bbox 2991 969 3085 1023; x_wconf 87' lang='lat' dir='ltr'><strong>per</strong></span> <span class='ocrx_word' id='word_1_380' title='bbox 3134 952 3461 1006; x_wconf 83' lang='lat' dir='ltr'><strong>subitaneam</strong></span> <span class='ocrx_word' id='word_1_381' title='bbox 3490 960 3669 1004; x_wconf 74' lang='lat' dir='ltr'><strong>mortem</strong></span> <span class='ocrx_word' id='word_1_382' title='bbox 3689 963 3728 1004; x_wconf 77' lang='lat' dir='ltr'><strong>ut</strong></span> 
     </span>
    </p>
   </div>
   <div class='ocr_carea' id='block_1_53' title="bbox 2222 1038 3729 1115">
    <p class='ocr_par' dir='ltr' id='par_1_53' title="bbox 2222 1038 3729 1115">
     <span class='ocr_line' id='line_1_53' title="bbox 2222 1038 3729 1115; baseline -0.002 -17"><span class='ocrx_word' id='word_1_383' title='bbox 2222 1061 2342 1099; x_wconf 83' lang='lat' dir='ltr'><strong>eum</strong></span> <span class='ocrx_word' id='word_1_384' title='bbox 2366 1045 2496 1099; x_wconf 84' lang='lat' dir='ltr'><strong>mihi</strong></span> <span class='ocrx_word' id='word_1_385' title='bbox 2530 1045 2745 1115; x_wconf 86' lang='lat' dir='ltr'><strong>perdere</strong></span> <span class='ocrx_word' id='word_1_386' title='bbox 2774 1044 3012 1100; x_wconf 86' lang='lat' dir='ltr'><strong>deberem</strong></span> <span class='ocrx_word' id='word_1_387' title='bbox 3040 1044 3301 1113; x_wconf 79' lang='lat' dir='ltr'><strong>suffocare</strong></span> <span class='ocrx_word' id='word_1_388' title='bbox 3326 1043 3508 1096; x_wconf 76' lang='lat' dir='ltr'><strong>debui?</strong></span> <span class='ocrx_word' id='word_1_389' title='bbox 3529 1038 3729 1096; x_wconf 61' lang='lat' dir='ltr'><strong>Tuctiaut</strong></span> 
     </span>
    </p>
   </div>
   <div class='ocr_carea' id='block_1_54' title="bbox 2222 1130 3728 1206">
    <p class='ocr_par' dir='ltr' id='par_1_54' title="bbox 2222 1130 3728 1206">
     <span class='ocr_line' id='line_1_54' title="bbox 2222 1130 3728 1206; baseline -0.003 -15"><span class='ocrx_word' id='word_1_390' title='bbox 2222 1137 2315 1191; x_wconf 79' lang='lat' dir='ltr'><strong>hec</strong></span> <span class='ocrx_word' id='word_1_391' title='bbox 2335 1136 2527 1206; x_wconf 86' lang='lat' dir='ltr'><strong>fecisti,</strong></span> <span class='ocrx_word' id='word_1_392' title='bbox 2558 1151 2675 1206; x_wconf 74' lang='lat' dir='ltr'><strong>qua:</strong></span> <span class='ocrx_word' id='word_1_393' title='bbox 2712 1136 2768 1188; x_wconf 88' lang='lat' dir='ltr'><strong>in</strong></span> <span class='ocrx_word' id='word_1_394' title='bbox 2805 1135 3006 1205; x_wconf 83' lang='lat' dir='ltr'><strong>pariete</strong></span> <span class='ocrx_word' id='word_1_395' title='bbox 3039 1134 3134 1187; x_wconf 84' lang='lat' dir='ltr'><strong>hoc</strong></span> <span class='ocrx_word' id='word_1_396' title='bbox 3162 1133 3418 1203; x_wconf 89' lang='lat' dir='ltr'><strong>inscripta</strong></span> <span class='ocrx_word' id='word_1_397' title='bbox 3449 1132 3623 1186; x_wconf 85' lang='lat' dir='ltr'><strong>vidisti.</strong></span> <span class='ocrx_word' id='word_1_398' title='bbox 3656 1130 3728 1186; x_wconf 71' lang='lat' dir='ltr'><strong>Sed</strong></span> 
     </span>
    </p>
   </div>
   <div class='ocr_carea' id='block_1_55' title="bbox 2222 1224 3730 1294">
    <p class='ocr_par' dir='ltr' id='par_1_55' title="bbox 2222 1224 3730 1294">
     <span class='ocr_line' id='line_1_55' title="bbox 2222 1224 3730 1294; baseline -0.004 -12"><span class='ocrx_word' id='word_1_399' title='bbox 2222 1229 2271 1282; x_wconf 90' lang='lat' dir='ltr'><strong>si</strong></span> <span class='ocrx_word' id='word_1_400' title='bbox 2296 1228 2373 1281; x_wconf 88' lang='lat' dir='ltr'><strong>vis</strong></span> <span class='ocrx_word' id='word_1_401' title='bbox 2400 1226 2465 1280; x_wconf 93' lang='lat' dir='ltr'><strong>ab</strong></span> <span class='ocrx_word' id='word_1_402' title='bbox 2491 1226 2575 1281; x_wconf 84' lang='lat' dir='ltr'><strong>his</strong></span> <span class='ocrx_word' id='word_1_403' title='bbox 2612 1227 2887 1281; x_wconf 85' lang='lat' dir='ltr'><strong>tormentis</strong></span> <span class='ocrx_word' id='word_1_404' title='bbox 2920 1225 3160 1294; x_wconf 85' lang='lat' dir='ltr'><strong>liberari,</strong></span> <span class='ocrx_word' id='word_1_405' title='bbox 3198 1241 3280 1279; x_wconf 88' lang='lat' dir='ltr'><strong>me</strong></span> <span class='ocrx_word' id='word_1_406' title='bbox 3309 1224 3490 1288; x_wconf 88' lang='lat' dir='ltr'><strong>adora,</strong></span> <span class='ocrx_word' id='word_1_407' title='bbox 3519 1240 3645 1293; x_wconf 78' lang='lat' dir='ltr'><strong>quem</strong></span> <span class='ocrx_word' id='word_1_408' title='bbox 3660 1240 3730 1277; x_wconf 50' lang='lat' dir='ltr'><strong>an.</strong></span> 
     </span>
    </p>
   </div>
   <div class='ocr_carea' id='block_1_56' title="bbox 2222 1316 3731 1393">
    <p class='ocr_par' dir='ltr' id='par_1_56' title="bbox 2222 1316 3731 1393">
     <span class='ocr_line' id='line_1_56' title="bbox 2222 1316 3731 1393; baseline -0.001 -18"><span class='ocrx_word' id='word_1_409' title='bbox 2222 1320 2396 1393; x_wconf 80' lang='lat' dir='ltr'><strong>gelum</strong></span> <span class='ocrx_word' id='word_1_410' title='bbox 2418 1319 2519 1373; x_wconf 86' lang='lat' dir='ltr'><strong>Dei</strong></span> <span class='ocrx_word' id='word_1_411' title='bbox 2538 1336 2650 1375; x_wconf 88' lang='lat' dir='ltr'><strong>esse</strong></span> <span class='ocrx_word' id='word_1_412' title='bbox 2672 1320 2978 1391; x_wconf 81' lang='lat' dir='ltr'><strong>cognouisti.</strong></span> <span class='ocrx_word' id='word_1_413' title='bbox 3003 1317 3143 1374; x_wconf 83' lang='lat' dir='ltr'><strong>Hinc</strong></span> <span class='ocrx_word' id='word_1_414' title='bbox 3169 1318 3353 1372; x_wconf 90' lang='lat' dir='ltr'><strong>anima</strong></span> <span class='ocrx_word' id='word_1_415' title='bbox 3374 1317 3461 1371; x_wconf 76' lang='lat' dir='ltr'><strong>illa</strong></span> <span class='ocrx_word' id='word_1_416' title='bbox 3483 1316 3534 1371; x_wconf 90' lang='lat' dir='ltr'><strong>in</strong></span> <span class='ocrx_word' id='word_1_417' title='bbox 3554 1327 3731 1374; x_wconf 74' lang='lat' dir='ltr'><strong>mortem</strong></span> 
     </span>
    </p>
   </div>
   <div class='ocr_carea' id='block_1_57' title="bbox 2222 1410 3731 1485">
    <p class='ocr_par' dir='ltr' id='par_1_57' title="bbox 2222 1410 3731 1485">
     <span class='ocr_line' id='line_1_57' title="bbox 2222 1410 3731 1485; baseline -0.003 -15"><span class='ocrx_word' id='word_1_418' title='bbox 2222 1429 2398 1485; x_wconf 90' lang='lat' dir='ltr'><strong>usque</strong></span> <span class='ocrx_word' id='word_1_419' title='bbox 2422 1412 2606 1485; x_wconf 83' lang='lat' dir='ltr'><strong>flagris</strong></span> <span class='ocrx_word' id='word_1_420' title='bbox 2629 1423 2685 1468; x_wconf 89' lang='lat' dir='ltr'><strong>et</strong></span> <span class='ocrx_word' id='word_1_421' title='bbox 2706 1412 2949 1467; x_wconf 74' lang='lat' dir='ltr'><strong>adhibito</strong></span> <span class='ocrx_word' id='word_1_422' title='bbox 2976 1413 3100 1483; x_wconf 89' lang='lat' dir='ltr'><strong>igne</strong></span> <span class='ocrx_word' id='word_1_423' title='bbox 3123 1412 3249 1481; x_wconf 41' lang='lat' dir='ltr'><strong>jam‘</strong></span> <span class='ocrx_word' id='word_1_424' title='bbox 3261 1420 3507 1480; x_wconf 83' lang='lat' dir='ltr'><strong>superata</strong></span> <span class='ocrx_word' id='word_1_425' title='bbox 3530 1410 3731 1465; x_wconf 80' lang='lat' dir='ltr'><strong>dicebat:</strong></span> 
     </span>
    </p>
   </div>
   <div class='ocr_carea' id='block_1_58' title="bbox 2226 1501 3728 1571">
    <p class='ocr_par' dir='ltr' id='par_1_58' title="bbox 2226 1501 3728 1571">
     <span class='ocr_line' id='line_1_58' title="bbox 2226 1501 3728 1571; baseline -0.004 -8"><span class='ocrx_word' id='word_1_426' title='bbox 2226 1507 2272 1563; x_wconf 96' lang='lat'><strong>0</strong></span> <span class='ocrx_word' id='word_1_427' title='bbox 2293 1508 2503 1562; x_wconf 82' lang='lat' dir='ltr'><strong>domine</strong></span> <span class='ocrx_word' id='word_1_428' title='bbox 2529 1506 2692 1571; x_wconf 87' lang='lat' dir='ltr'><strong>Deus,</strong></span> <span class='ocrx_word' id='word_1_429' title='bbox 2715 1505 3154 1559; x_wconf 85' lang='lat' dir='ltr'><strong>misericordiam.</strong></span> <span class='ocrx_word' id='word_1_430' title='bbox 3188 1503 3384 1569; x_wconf 82' lang='lat' dir='ltr'><strong>Ardea,</strong></span> <span class='ocrx_word' id='word_1_431' title='bbox 3413 1501 3627 1570; x_wconf 80' lang='lat' dir='ltr'><strong>Domine,</strong></span> <span class='ocrx_word' id='word_1_432' title='bbox 3647 1520 3728 1557; x_wconf 72' lang='lat' dir='ltr'><strong>mea</strong></span> 
     </span>
    </p>
   </div>
   <div class='ocr_carea' id='block_1_59' title="bbox 2223 1593 3731 1669">
    <p class='ocr_par' dir='ltr' id='par_1_59' title="bbox 2223 1593 3731 1669">
     <span class='ocr_line' id='line_1_59' title="bbox 2223 1593 3731 1669; baseline -0.004 -17"><span class='ocrx_word' id='word_1_433' title='bbox 2223 1599 2417 1669; x_wconf 82' lang='lat' dir='ltr'><strong>culpa;</strong></span> <span class='ocrx_word' id='word_1_434' title='bbox 2454 1606 2635 1653; x_wconf 85' lang='lat' dir='ltr'><strong>sancte</strong></span> <span class='ocrx_word' id='word_1_435' title='bbox 2667 1596 2919 1663; x_wconf 77' lang='lat' dir='ltr'><strong>Michael,</strong></span> <span class='ocrx_word' id='word_1_436' title='bbox 2948 1611 3197 1649; x_wconf 83' lang='lat' dir='ltr'><strong>succurre</strong></span> <span class='ocrx_word' id='word_1_437' title='bbox 3209 1593 3375 1649; x_wconf 82' lang='lat' dir='ltr'><strong>mihi!</strong></span> <span class='ocrx_word' id='word_1_438' title='bbox 3396 1602 3450 1648; x_wconf 85' lang='lat' dir='ltr'><strong>et</strong></span> <span class='ocrx_word' id='word_1_439' title='bbox 3475 1612 3489 1649; x_wconf 88' lang='lat'><strong>:</strong></span> <span class='ocrx_word' id='word_1_440' title='bbox 3514 1593 3659 1660; x_wconf 78' lang='lat' dir='ltr'><strong>Quare</strong></span> <span class='ocrx_word' id='word_1_441' title='bbox 3677 1610 3731 1646; x_wconf 71' lang='lat' dir='ltr'><strong>me</strong></span> 
     </span>
    </p>
   </div>
   <div class='ocr_carea' id='block_1_60' title="bbox 2222 1683 3730 1760">
    <p class='ocr_par' dir='ltr' id='par_1_60' title="bbox 2222 1683 3730 1760">
     <span class='ocr_line' id='line_1_60' title="bbox 2222 1683 3730 1760; baseline -0.004 -16"><span class='ocrx_word' id='word_1_442' title='bbox 2222 1690 2433 1745; x_wconf 79' lang='lat' dir='ltr'><strong>damine</strong></span> <span class='ocrx_word' id='word_1_443' title='bbox 2483 1688 2859 1760; x_wconf 80' lang='lat' dir='ltr'><strong>derelequisti?</strong></span> <span class='ocrx_word' id='word_1_444' title='bbox 2909 1686 3086 1741; x_wconf 74' lang='lat' dir='ltr'><strong>Multa</strong></span> <span class='ocrx_word' id='word_1_445' title='bbox 3154 1693 3309 1753; x_wconf 87' lang='lat' dir='ltr'><strong>sunt,</strong></span> <span class='ocrx_word' id='word_1_446' title='bbox 3369 1685 3505 1751; x_wconf 87' lang='lat' dir='ltr'><strong>scio,</strong></span> <span class='ocrx_word' id='word_1_447' title='bbox 3547 1683 3730 1747; x_wconf 69' lang='lat' dir='ltr'><strong>Domine,</strong></span> 
     </span>
    </p>
   </div>
   <div class='ocr_carea' id='block_1_61' title="bbox 2224 1775 3733 1853">
    <p class='ocr_par' dir='ltr' id='par_1_61' title="bbox 2224 1775 3733 1853">
     <span class='ocr_line' id='line_1_61' title="bbox 2224 1775 3733 1853; baseline -0.004 -18"><span class='ocrx_word' id='word_1_448' title='bbox 2224 1788 2441 1853; x_wconf 87' lang='lat' dir='ltr'><strong>peccata</strong></span> <span class='ocrx_word' id='word_1_449' title='bbox 2483 1795 2623 1848; x_wconf 83' lang='lat' dir='ltr'><strong>mea,</strong></span> <span class='ocrx_word' id='word_1_450' title='bbox 2669 1779 2893 1833; x_wconf 89' lang='lat' dir='ltr'><strong>domnus</strong></span> <span class='ocrx_word' id='word_1_451' title='bbox 2912 1778 3081 1832; x_wconf 82' lang='lat' dir='ltr'><strong>abbas</strong></span> <span class='ocrx_word' id='word_1_452' title='bbox 3117 1777 3220 1832; x_wconf 82' lang='lat' dir='ltr'><strong>scit</strong></span> <span class='ocrx_word' id='word_1_453' title='bbox 3252 1791 3340 1832; x_wconf 90' lang='lat' dir='ltr'><strong>ea.</strong></span> <span class='ocrx_word' id='word_1_454' title='bbox 3379 1775 3423 1832; x_wconf 92' lang='lat'><em>0</em></span> <span class='ocrx_word' id='word_1_455' title='bbox 3450 1775 3594 1844; x_wconf 82' lang='lat' dir='ltr'><strong>Deus,</strong></span> <span class='ocrx_word' id='word_1_456' title='bbox 3619 1792 3733 1846; x_wconf 70' lang='lat' dir='ltr'><strong>qua</strong></span> 
     </span>
    </p>
   </div>
   <div class='ocr_carea' id='block_1_62' title="bbox 2224 1868 3732 1944">
    <p class='ocr_par' dir='ltr' id='par_1_62' title="bbox 2224 1868 3732 1944">
     <span class='ocr_line' id='line_1_62' title="bbox 2224 1868 3732 1944; baseline -0.005 -16"><span class='ocrx_word' id='word_1_457' title='bbox 2224 1889 2421 1944; x_wconf 77' lang='lat' dir='ltr'><strong>magna</strong></span> <span class='ocrx_word' id='word_1_458' title='bbox 2451 1881 2575 1927; x_wconf 88' lang='lat' dir='ltr'><strong>sunt</strong></span> <span class='ocrx_word' id='word_1_459' title='bbox 2602 1871 2814 1942; x_wconf 83' lang='lat' dir='ltr'><strong>judicia</strong></span> <span class='ocrx_word' id='word_1_460' title='bbox 2840 1871 2974 1925; x_wconf 82' lang='lat' dir='ltr'><strong>tua?</strong></span> <span class='ocrx_word' id='word_1_461' title='bbox 3011 1869 3056 1926; x_wconf 96' lang='lat'><strong>0</strong></span> <span class='ocrx_word' id='word_1_462' title='bbox 3103 1868 3305 1937; x_wconf 88' lang='lat' dir='ltr'><strong>Satan,</strong></span> <span class='ocrx_word' id='word_1_463' title='bbox 3357 1884 3511 1940; x_wconf 83' lang='lat' dir='ltr'><strong>quare</strong></span> <span class='ocrx_word' id='word_1_464' title='bbox 3560 1884 3644 1922; x_wconf 83' lang='lat' dir='ltr'><strong>non</strong></span> <span class='ocrx_word' id='word_1_465' title='bbox 3670 1868 3732 1920; x_wconf 73' lang='lat' dir='ltr'><strong>di-</strong></span> 
     </span>
    </p>
   </div>
   <div class='ocr_carea' id='block_1_63' title="bbox 2224 1959 3803 2035">
    <p class='ocr_par' dir='ltr' id='par_1_63' title="bbox 2224 1959 3803 2035">
     <span class='ocr_line' id='line_1_63' title="bbox 2224 1959 3803 2035; baseline -0.004 -15"><span class='ocrx_word' id='word_1_466' title='bbox 2224 1967 2394 2020; x_wconf 84' lang='lat' dir='ltr'><strong>mittis</strong></span> <span class='ocrx_word' id='word_1_467' title='bbox 2423 1965 2536 2019; x_wconf 87' lang='lat' dir='ltr'><strong>me?</strong></span> <span class='ocrx_word' id='word_1_468' title='bbox 2558 1963 2681 2019; x_wconf 86' lang='lat' dir='ltr'><strong>Non</strong></span> <span class='ocrx_word' id='word_1_469' title='bbox 2718 1973 2768 2019; x_wconf 87' lang='lat' dir='ltr'><strong>te</strong></span> <span class='ocrx_word' id='word_1_470' title='bbox 2797 1964 2997 2029; x_wconf 83' lang='lat' dir='ltr'><strong>adoro;</strong></span> <span class='ocrx_word' id='word_1_471' title='bbox 3030 1963 3140 2017; x_wconf 87' lang='lat' dir='ltr'><strong>scio</strong></span> <span class='ocrx_word' id='word_1_472' title='bbox 3161 1970 3213 2017; x_wconf 88' lang='lat' dir='ltr'><strong>et</strong></span> <span class='ocrx_word' id='word_1_473' title='bbox 3241 1977 3337 2034; x_wconf 85' lang='lat' dir='ltr'><strong>ego</strong></span> <span class='ocrx_word' id='word_1_474' title='bbox 3374 1961 3496 2033; x_wconf 85' lang='lat' dir='ltr'><strong>quia</strong></span> <span class='ocrx_word' id='word_1_475' title='bbox 3526 1970 3578 2015; x_wconf 87' lang='lat' dir='ltr'><strong>tu</strong></span> <span class='ocrx_word' id='word_1_476' title='bbox 3604 1959 3733 2013; x_wconf 69' lang='lat' dir='ltr'><strong>omnia</strong></span> <span class='ocrx_word' id='word_1_477' title='bbox 3802 2020 3803 2035; x_wconf 17' lang='grc' dir='ltr'>γ</span> 
     </span>
    </p>
   </div>
   <div class='ocr_carea' id='block_1_64' title="bbox 2223 2054 3733 2127">
    <p class='ocr_par' dir='ltr' id='par_1_64' title="bbox 2223 2054 3733 2127">
     <span class='ocr_line' id='line_1_64' title="bbox 2223 2054 3733 2127; baseline -0.007 -14"><span class='ocrx_word' id='word_1_478' title='bbox 2223 2059 2350 2126; x_wconf 86' lang='lat' dir='ltr'><strong>scis,</strong></span> <span class='ocrx_word' id='word_1_479' title='bbox 2379 2057 2470 2112; x_wconf 88' lang='lat' dir='ltr'><strong>sed</strong></span> <span class='ocrx_word' id='word_1_480' title='bbox 2515 2056 2733 2111; x_wconf 88' lang='lat' dir='ltr'><strong>Domini</strong></span> <span class='ocrx_word' id='word_1_481' title='bbox 2777 2064 3009 2127; x_wconf 86' lang='lat' dir='ltr'><strong>potestas</strong></span> <span class='ocrx_word' id='word_1_482' title='bbox 3045 2065 3125 2110; x_wconf 89' lang='lat' dir='ltr'><strong>est</strong></span> <span class='ocrx_word' id='word_1_483' title='bbox 3148 2056 3206 2109; x_wconf 88' lang='lat' dir='ltr'><strong>in</strong></span> <span class='ocrx_word' id='word_1_484' title='bbox 3229 2054 3364 2110; x_wconf 67' lang='lat' dir='ltr'><strong>creto</strong></span> <span class='ocrx_word' id='word_1_485' title='bbox 3388 2063 3439 2108; x_wconf 88' lang='lat' dir='ltr'><strong>et</strong></span> <span class='ocrx_word' id='word_1_486' title='bbox 3461 2054 3516 2107; x_wconf 92' lang='lat' dir='ltr'><strong>in</strong></span> <span class='ocrx_word' id='word_1_487' title='bbox 3538 2064 3674 2116; x_wconf 82' lang='lat' dir='ltr'><strong>terra,</strong></span> <span class='ocrx_word' id='word_1_488' title='bbox 3697 2061 3733 2104; x_wconf 75' lang='lat' dir='ltr'><strong>et</strong></span> 
     </span>
    </p>
   </div>
   <div class='ocr_carea' id='block_1_65' title="bbox 2222 2142 3731 2219">
    <p class='ocr_par' dir='ltr' id='par_1_65' title="bbox 2222 2142 3731 2219">
     <span class='ocr_line' id='line_1_65' title="bbox 2222 2142 3731 2219; baseline -0.007 -15"><span class='ocrx_word' id='word_1_489' title='bbox 2222 2149 2342 2219; x_wconf 87' lang='lat' dir='ltr'><strong>ipsa</strong></span> <span class='ocrx_word' id='word_1_490' title='bbox 2373 2148 2580 2219; x_wconf 87' lang='lat' dir='ltr'><strong>judicet</strong></span> <span class='ocrx_word' id='word_1_491' title='bbox 2617 2148 2755 2202; x_wconf 88' lang='lat' dir='ltr'><strong>inter</strong></span> <span class='ocrx_word' id='word_1_492' title='bbox 2777 2163 2858 2201; x_wconf 88' lang='lat' dir='ltr'><strong>me</strong></span> <span class='ocrx_word' id='word_1_493' title='bbox 2887 2155 2939 2201; x_wconf 90' lang='lat' dir='ltr'><strong>et</strong></span> <span class='ocrx_word' id='word_1_494' title='bbox 2972 2154 3040 2201; x_wconf 86' lang='lat' dir='ltr'><strong>te.</strong></span> <span class='ocrx_word' id='word_1_495' title='bbox 3067 2145 3221 2212; x_wconf 82' lang='lat' dir='ltr'><strong>Quod</strong></span> <span class='ocrx_word' id='word_1_496' title='bbox 3247 2145 3295 2199; x_wconf 88' lang='lat' dir='ltr'><strong>si</strong></span> <span class='ocrx_word' id='word_1_497' title='bbox 3342 2153 3398 2200; x_wconf 90' lang='lat' dir='ltr'><strong>tu</strong></span> <span class='ocrx_word' id='word_1_498' title='bbox 3427 2143 3555 2198; x_wconf 79' lang='lat' dir='ltr'><strong>Deus</strong></span> <span class='ocrx_word' id='word_1_499' title='bbox 3580 2159 3640 2207; x_wconf 85' lang='lat' dir='ltr'><strong>es,</strong></span> <span class='ocrx_word' id='word_1_500' title='bbox 3672 2142 3731 2194; x_wconf 74' lang='lat' dir='ltr'><strong>uti</strong></span> 
     </span>
    </p>
   </div>
   <div class='ocr_carea' id='block_1_66' title="bbox 2223 2234 3732 2313">
    <p class='ocr_par' dir='ltr' id='par_1_66' title="bbox 2223 2234 3732 2313">
     <span class='ocr_line' id='line_1_66' title="bbox 2223 2234 3732 2313; baseline -0.007 -16"><span class='ocrx_word' id='word_1_501' title='bbox 2223 2250 2348 2297; x_wconf 88' lang='lat' dir='ltr'><strong>sunt</strong></span> <span class='ocrx_word' id='word_1_502' title='bbox 2375 2241 2548 2313; x_wconf 81' lang='lat' dir='ltr'><strong>angeli</strong></span> <span class='ocrx_word' id='word_1_503' title='bbox 2597 2241 2718 2295; x_wconf 76' lang='lat' dir='ltr'><strong>tui?</strong></span> <span class='ocrx_word' id='word_1_504' title='bbox 2761 2239 2988 2296; x_wconf 86' lang='lat' dir='ltr'><strong>Ostende</strong></span> <span class='ocrx_word' id='word_1_505' title='bbox 3037 2238 3170 2293; x_wconf 78' lang='lat' dir='ltr'><strong>mihi</strong></span> <span class='ocrx_word' id='word_1_506' title='bbox 3196 2238 3395 2309; x_wconf 84' lang='lat' dir='ltr'><strong>faciem</strong></span> <span class='ocrx_word' id='word_1_507' title='bbox 3445 2234 3732 2291; x_wconf 79' lang='lat' dir='ltr'><strong>tuam.&#39;Plti!</strong></span> 
     </span>
    </p>
   </div>
   <div class='ocr_carea' id='block_1_67' title="bbox 2224 2328 3732 2404">
    <p class='ocr_par' dir='ltr' id='par_1_67' title="bbox 2224 2328 3732 2404">
     <span class='ocr_line' id='line_1_67' title="bbox 2224 2328 3732 2404; baseline -0.007 -14"><span class='ocrx_word' id='word_1_508' title='bbox 2224 2333 2501 2390; x_wconf 86' lang='lat' dir='ltr'><strong>mentiris!</strong></span> <span class='ocrx_word' id='word_1_509' title='bbox 2512 2332 2753 2388; x_wconf 82' lang='lat' dir='ltr'><strong>Alterum</strong></span> <span class='ocrx_word' id='word_1_510' title='bbox 2775 2330 3019 2404; x_wconf 77' lang='lat' dir='ltr'><strong>angelum</strong></span> <span class='ocrx_word' id='word_1_511' title='bbox 3033 2330 3176 2397; x_wconf 80' lang='lat' dir='ltr'><strong>vidi;</strong></span> <span class='ocrx_word' id='word_1_512' title='bbox 3199 2328 3475 2385; x_wconf 77' lang='lat' dir='ltr'><strong>mentiris!</strong></span> <span class='ocrx_word' id='word_1_513' title='bbox 3496 2343 3587 2382; x_wconf 75' lang='lat' dir='ltr'><strong>non</strong></span> <span class='ocrx_word' id='word_1_514' title='bbox 3604 2342 3647 2382; x_wconf 87' lang='lat' dir='ltr'><strong>es</strong></span> <span class='ocrx_word' id='word_1_515' title='bbox 3667 2342 3732 2378; x_wconf 77' lang='lat' dir='ltr'><strong>ss-</strong></span> 
     </span>
    </p>
   </div>
   <div class='ocr_carea' id='block_1_68' title="bbox 2224 2419 3733 2499">
    <p class='ocr_par' dir='ltr' id='par_1_68' title="bbox 2224 2419 3733 2499">
     <span class='ocr_line' id='line_1_68' title="bbox 2224 2419 3733 2499; baseline -0.007 -18"><span class='ocrx_word' id='word_1_516' title='bbox 2224 2425 2389 2499; x_wconf 87' lang='lat' dir='ltr'><strong>gelus.</strong></span> <span class='ocrx_word' id='word_1_517' title='bbox 2418 2424 2531 2497; x_wconf 86' lang='lat' dir='ltr'><strong>Ego</strong></span> <span class='ocrx_word' id='word_1_518' title='bbox 2565 2435 2613 2479; x_wconf 87' lang='lat' dir='ltr'><strong>te</strong></span> <span class='ocrx_word' id='word_1_519' title='bbox 2636 2439 2981 2496; x_wconf 87' lang='lat' dir='ltr'><strong>recognosco;</strong></span> <span class='ocrx_word' id='word_1_520' title='bbox 3010 2422 3258 2477; x_wconf 86' lang='lat' dir='ltr'><strong>diabolus</strong></span> <span class='ocrx_word' id='word_1_521' title='bbox 3287 2438 3368 2477; x_wconf 87' lang='lat' dir='ltr'><strong>es.</strong></span> <span class='ocrx_word' id='word_1_522' title='bbox 3401 2419 3515 2476; x_wconf 80' lang='lat' dir='ltr'><strong>Scio</strong></span> <span class='ocrx_word' id='word_1_523' title='bbox 3549 2419 3651 2490; x_wconf 80' lang='lat' dir='ltr'><strong>quia</strong></span> <span class='ocrx_word' id='word_1_524' title='bbox 3667 2434 3733 2470; x_wconf 79' lang='lat' dir='ltr'><strong>as-</strong></span> 
     </span>
    </p>
   </div>
   <div class='ocr_carea' id='block_1_69' title="bbox 2224 2509 3732 2590">
    <p class='ocr_par' dir='ltr' id='par_1_69' title="bbox 2224 2509 3732 2590">
     <span class='ocr_line' id='line_1_69' title="bbox 2224 2509 3732 2590; baseline -0.007 -17"><span class='ocrx_word' id='word_1_525' title='bbox 2224 2517 2368 2590; x_wconf 86' lang='lat' dir='ltr'><strong>gelus</strong></span> <span class='ocrx_word' id='word_1_526' title='bbox 2400 2517 2583 2588; x_wconf 89' lang='lat' dir='ltr'><strong>fuisti,</strong></span> <span class='ocrx_word' id='word_1_527' title='bbox 2604 2517 2695 2571; x_wconf 88' lang='lat' dir='ltr'><strong>sed</strong></span> <span class='ocrx_word' id='word_1_528' title='bbox 2719 2516 2964 2590; x_wconf 77' lang='lat' dir='ltr'><strong>superbia</strong></span> <span class='ocrx_word' id='word_1_529' title='bbox 2991 2524 3083 2569; x_wconf 88' lang='lat' dir='ltr'><strong>tua</strong></span> <span class='ocrx_word' id='word_1_530' title='bbox 3118 2515 3182 2568; x_wconf 88' lang='lat' dir='ltr'><strong>de</strong></span> <span class='ocrx_word' id='word_1_531' title='bbox 3229 2514 3345 2569; x_wconf 85' lang='lat' dir='ltr'><strong>celo</strong></span> <span class='ocrx_word' id='word_1_532' title='bbox 3373 2513 3606 2569; x_wconf 84' lang='lat' dir='ltr'><strong>cecidisti.</strong></span> <span class='ocrx_word' id='word_1_533' title='bbox 3625 2509 3732 2575; x_wconf 69' lang='lat' dir='ltr'><strong>Quod</strong></span> 
     </span>
    </p>
   </div>
   <div class='ocr_carea' id='block_1_70' title="bbox 2222 2606 3732 2682">
    <p class='ocr_par' dir='ltr' id='par_1_70' title="bbox 2222 2606 3732 2682">
     <span class='ocr_line' id='line_1_70' title="bbox 2222 2606 3732 2682; baseline -0.007 -18"><span class='ocrx_word' id='word_1_534' title='bbox 2222 2626 2345 2682; x_wconf 88' lang='lat' dir='ltr'><strong>ergo</strong></span> <span class='ocrx_word' id='word_1_535' title='bbox 2379 2610 2437 2664; x_wconf 88' lang='lat' dir='ltr'><strong>in</strong></span> <span class='ocrx_word' id='word_1_536' title='bbox 2461 2609 2689 2664; x_wconf 85' lang='lat' dir='ltr'><strong>vinculis</strong></span> <span class='ocrx_word' id='word_1_537' title='bbox 2718 2609 2824 2663; x_wconf 87' lang='lat' dir='ltr'><strong>tuis</strong></span> <span class='ocrx_word' id='word_1_538' title='bbox 2862 2624 3003 2675; x_wconf 83' lang='lat' dir='ltr'><strong>sum,</strong></span> <span class='ocrx_word' id='word_1_539' title='bbox 3040 2606 3257 2661; x_wconf 85' lang='lat' dir='ltr'><strong>Domini</strong></span> <span class='ocrx_word' id='word_1_540' title='bbox 3283 2616 3509 2678; x_wconf 80' lang='lat' dir='ltr'><strong>potestas</strong></span> <span class='ocrx_word' id='word_1_541' title='bbox 3532 2612 3599 2660; x_wconf 87' lang='lat' dir='ltr'><strong>est</strong></span> <span class='ocrx_word' id='word_1_542' title='bbox 3617 2612 3732 2657; x_wconf 76' lang='lat' dir='ltr'><strong>eteo-</strong></span> 
     </span>
    </p>
   </div>
   <div class='ocr_carea' id='block_1_71' title="bbox 2224 2689 3731 2768">
    <p class='ocr_par' dir='ltr' id='par_1_71' title="bbox 2224 2689 3731 2768">
     <span class='ocr_line' id='line_1_71' title="bbox 2224 2689 3731 2768; baseline -0.006 -14"><span class='ocrx_word' id='word_1_543' title='bbox 2224 2702 2426 2767; x_wconf 83' lang='lat' dir='ltr'><strong>luntas,</strong></span> <span class='ocrx_word' id='word_1_544' title='bbox 2452 2716 2557 2754; x_wconf 91' lang='lat' dir='ltr'><strong>non</strong></span> <span class='ocrx_word' id='word_1_545' title='bbox 2583 2709 2694 2754; x_wconf 89' lang='lat' dir='ltr'><strong>tua.</strong></span> <span class='ocrx_word' id='word_1_546' title='bbox 2721 2699 2791 2753; x_wconf 85' lang='lat' dir='ltr'><strong>Et</strong></span> <span class='ocrx_word' id='word_1_547' title='bbox 2823 2699 2908 2753; x_wconf 88' lang='lat' dir='ltr'><strong>dic</strong></span> <span class='ocrx_word' id='word_1_548' title='bbox 2935 2699 3089 2766; x_wconf 85' lang='lat' dir='ltr'><strong>mihi,</strong></span> <span class='ocrx_word' id='word_1_549' title='bbox 3115 2698 3233 2768; x_wconf 88' lang='lat' dir='ltr'><strong>quis</strong></span> <span class='ocrx_word' id='word_1_550' title='bbox 3261 2707 3342 2752; x_wconf 87' lang='lat' dir='ltr'><strong>est</strong></span> <span class='ocrx_word' id='word_1_551' title='bbox 3374 2689 3731 2768; x_wconf 74' lang='lat' dir='ltr'><strong>fratermeusilli</strong></span> 
     </span>
    </p>
   </div>
   <div class='ocr_carea' id='block_1_72' title="bbox 2224 2788 3731 2866">
    <p class='ocr_par' dir='ltr' id='par_1_72' title="bbox 2224 2788 3731 2866">
     <span class='ocr_line' id='line_1_72' title="bbox 2224 2788 3731 2866; baseline -0.004 -16"><span class='ocrx_word' id='word_1_552' title='bbox 2224 2811 2376 2866; x_wconf 83' lang='lat' dir='ltr'><strong>quem</strong></span> <span class='ocrx_word' id='word_1_553' title='bbox 2422 2795 2623 2849; x_wconf 81' lang='lat' dir='ltr'><strong>habes?</strong></span> <span class='ocrx_word' id='word_1_554' title='bbox 2648 2803 2704 2850; x_wconf 87' lang='lat' dir='ltr'><strong>et</strong></span> <span class='ocrx_word' id='word_1_555' title='bbox 2733 2809 2904 2864; x_wconf 89' lang='lat' dir='ltr'><strong>quum</strong></span> <span class='ocrx_word' id='word_1_556' title='bbox 2942 2795 3111 2850; x_wconf 74' lang='lat' dir='ltr'><strong>totius</strong></span> <span class='ocrx_word' id='word_1_557' title='bbox 3140 2793 3386 2849; x_wconf 62' lang='lat' dir='ltr'><strong>scientiae</strong></span> <span class='ocrx_word' id='word_1_558' title='bbox 3427 2800 3481 2848; x_wconf 86' lang='lat' dir='ltr'><strong>et</strong></span> <span class='ocrx_word' id='word_1_559' title='bbox 3522 2788 3731 2846; x_wconf 67' lang='lat' dir='ltr'><strong>memorie</strong></span> 
     </span>
    </p>
   </div>
   <div class='ocr_carea' id='block_1_73' title="bbox 2224 2883 3730 2944">
    <p class='ocr_par' dir='ltr' id='par_1_73' title="bbox 2224 2883 3730 2944">
     <span class='ocr_line' id='line_1_73' title="bbox 2224 2883 3730 2944; baseline -0.006 0"><span class='ocrx_word' id='word_1_560' title='bbox 2224 2896 2313 2944; x_wconf 87' lang='lat' dir='ltr'><strong>est</strong></span> <span class='ocrx_word' id='word_1_561' title='bbox 2340 2887 2525 2943; x_wconf 88' lang='lat' dir='ltr'><strong>anima</strong></span> <span class='ocrx_word' id='word_1_562' title='bbox 2548 2896 2765 2943; x_wconf 87' lang='lat' dir='ltr'><strong>terrena</strong></span> <span class='ocrx_word' id='word_1_563' title='bbox 2815 2887 2920 2943; x_wconf 87' lang='lat' dir='ltr'><strong>hac</strong></span> <span class='ocrx_word' id='word_1_564' title='bbox 2949 2887 3286 2943; x_wconf 86' lang='lat' dir='ltr'><strong>habitatione</strong></span> <span class='ocrx_word' id='word_1_565' title='bbox 3320 2886 3515 2942; x_wconf 86' lang='lat' dir='ltr'><strong>soluta.</strong></span> <span class='ocrx_word' id='word_1_566' title='bbox 3542 2883 3730 2940; x_wconf 75' lang='lat' dir='ltr'><strong>Remisi-</strong></span> 
     </span>
    </p>
   </div>
   <div class='ocr_carea' id='block_1_74' title="bbox 2225 2975 3733 3052">
    <p class='ocr_par' dir='ltr' id='par_1_74' title="bbox 2225 2975 3733 3052">
     <span class='ocr_line' id='line_1_74' title="bbox 2225 2975 3733 3052; baseline -0.006 -15"><span class='ocrx_word' id='word_1_567' title='bbox 2225 2981 2479 3037; x_wconf 84' lang='lat' dir='ltr'><strong>scebatur</strong></span> <span class='ocrx_word' id='word_1_568' title='bbox 2527 2980 2706 3048; x_wconf 89' lang='lat' dir='ltr'><strong>enim,</strong></span> <span class='ocrx_word' id='word_1_569' title='bbox 2755 2981 2886 3052; x_wconf 88' lang='lat' dir='ltr'><strong>quia</strong></span> <span class='ocrx_word' id='word_1_570' title='bbox 2925 2990 2982 3036; x_wconf 90' lang='lat' dir='ltr'><strong>et</strong></span> <span class='ocrx_word' id='word_1_571' title='bbox 3012 2979 3279 3047; x_wconf 87' lang='lat' dir='ltr'><strong>interfuit,</strong></span> <span class='ocrx_word' id='word_1_572' title='bbox 3332 2980 3476 3051; x_wconf 91' lang='lat' dir='ltr'><strong>quod</strong></span> <span class='ocrx_word' id='word_1_573' title='bbox 3518 2975 3733 3033; x_wconf 73' lang='lat' dir='ltr'><strong>fraterille</strong></span> 
     </span>
    </p>
   </div>
   <div class='ocr_carea' id='block_1_75' title="bbox 2225 3072 3730 3144">
    <p class='ocr_par' dir='ltr' id='par_1_75' title="bbox 2225 3072 3730 3144">
     <span class='ocr_line' id='line_1_75' title="bbox 2225 3072 3730 3144; baseline -0.004 -17"><span class='ocrx_word' id='word_1_574' title='bbox 2225 3088 2422 3129; x_wconf 88' lang='lat' dir='ltr'><strong>novem</strong></span> <span class='ocrx_word' id='word_1_575' title='bbox 2453 3073 2744 3129; x_wconf 87' lang='lat' dir='ltr'><strong>transactis</strong></span> <span class='ocrx_word' id='word_1_576' title='bbox 2764 3073 2979 3141; x_wconf 87' lang='lat' dir='ltr'><strong>diebus,</strong></span> <span class='ocrx_word' id='word_1_577' title='bbox 3010 3087 3137 3129; x_wconf 88' lang='lat' dir='ltr'><strong>cum</strong></span> <span class='ocrx_word' id='word_1_578' title='bbox 3162 3074 3383 3144; x_wconf 83' lang='lat' dir='ltr'><strong>expleto</strong></span> <span class='ocrx_word' id='word_1_579' title='bbox 3411 3072 3730 3128; x_wconf 77' lang='lat' dir='ltr'><strong>matutinaruu</strong></span> 
     </span>
    </p>
   </div>
   <div class='ocr_carea' id='block_1_76' title="bbox 2227 3163 3732 3239">
    <p class='ocr_par' dir='ltr' id='par_1_76' title="bbox 2227 3163 3732 3239">
     <span class='ocr_line' id='line_1_76' title="bbox 2227 3163 3732 3239; baseline 0 -16"><span class='ocrx_word' id='word_1_580' title='bbox 2227 3166 2406 3224; x_wconf 82' lang='lat' dir='ltr'><strong>ofﬁcio</strong></span> <span class='ocrx_word' id='word_1_581' title='bbox 2433 3168 2715 3239; x_wconf 86' lang='lat' dir='ltr'><strong>paululum</strong></span> <span class='ocrx_word' id='word_1_582' title='bbox 2748 3180 2874 3223; x_wconf 89' lang='lat' dir='ltr'><strong>cum</strong></span> <span class='ocrx_word' id='word_1_583' title='bbox 2908 3166 3108 3223; x_wconf 86' lang='lat' dir='ltr'><strong>ceteris</strong></span> <span class='ocrx_word' id='word_1_584' title='bbox 3140 3182 3201 3222; x_wconf 89' lang='lat' dir='ltr'><strong>se</strong></span> <span class='ocrx_word' id='word_1_585' title='bbox 3242 3168 3526 3223; x_wconf 87' lang='lat' dir='ltr'><strong>reclinaret</strong></span> <span class='ocrx_word' id='word_1_586' title='bbox 3546 3165 3592 3220; x_wconf 91' lang='lat' dir='ltr'><strong>in</strong></span> <span class='ocrx_word' id='word_1_587' title='bbox 3619 3163 3732 3223; x_wconf 57' lang='lat' dir='ltr'><strong>Icelo»</strong></span> 
     </span>
    </p>
   </div>
   <div class='ocr_carea' id='block_1_77' title="bbox 2227 3254 3731 3329">
    <p class='ocr_par' dir='ltr' id='par_1_77' title="bbox 2227 3254 3731 3329">
     <span class='ocr_line' id='line_1_77' title="bbox 2227 3254 3731 3329; baseline -0.004 -15"><span class='ocrx_word' id='word_1_588' title='bbox 2227 3258 2388 3315; x_wconf 89' lang='lat' dir='ltr'><strong>nobis</strong></span> <span class='ocrx_word' id='word_1_589' title='bbox 2424 3258 2797 3315; x_wconf 84' lang='lat' dir='ltr'><strong>nescientibus</strong></span> <span class='ocrx_word' id='word_1_590' title='bbox 2819 3273 2928 3329; x_wconf 87' lang='lat' dir='ltr'><strong>quo</strong></span> <span class='ocrx_word' id='word_1_591' title='bbox 2967 3257 3302 3314; x_wconf 88' lang='lat' dir='ltr'><strong>inﬁrmitatis</strong></span> <span class='ocrx_word' id='word_1_592' title='bbox 3322 3258 3527 3324; x_wconf 84' lang='lat' dir='ltr'><strong>morbo,</strong></span> <span class='ocrx_word' id='word_1_593' title='bbox 3556 3254 3731 3311; x_wconf 81' lang='lat' dir='ltr'><strong>sedeam</strong></span> 
     </span>
    </p>
   </div>
   <div class='ocr_carea' id='block_1_78' title="bbox 2227 3343 3803 3421">
    <p class='ocr_par' dir='ltr' id='par_1_78' title="bbox 2227 3343 3803 3421">
     <span class='ocr_line' id='line_1_78' title="bbox 2227 3343 3803 3421; baseline -0.004 -16"><span class='ocrx_word' id='word_1_594' title='bbox 2227 3348 2483 3421; x_wconf 67' lang='lat' dir='ltr'><strong>praesenti</strong></span> <span class='ocrx_word' id='word_1_595' title='bbox 2515 3349 2711 3404; x_wconf 88' lang='lat' dir='ltr'><strong>mortis</strong></span> <span class='ocrx_word' id='word_1_596' title='bbox 2759 3363 2875 3403; x_wconf 76' lang='lat' dir='ltr'><strong>suae</strong></span> <span class='ocrx_word' id='word_1_597' title='bbox 2902 3348 3148 3418; x_wconf 87' lang='lat' dir='ltr'><strong>periculo</strong></span> <span class='ocrx_word' id='word_1_598' title='bbox 3193 3348 3435 3406; x_wconf 84' lang='lat' dir='ltr'><strong>emissus</strong></span> <span class='ocrx_word' id='word_1_599' title='bbox 3471 3362 3501 3402; x_wconf 85' lang='lat' dir='ltr'><strong>a</strong></span> <span class='ocrx_word' id='word_1_600' title='bbox 3540 3343 3731 3401; x_wconf 63' lang='lat' dir='ltr'><strong>fratr-ibin</strong></span> <span class='ocrx_word' id='word_1_601' title='bbox 3802 3372 3803 3385; x_wconf 63' lang='grc' dir='ltr'>ι</span> 
     </span>
    </p>
   </div>
   <div class='ocr_carea' id='block_1_79' title="bbox 2227 3439 3803 3513">
    <p class='ocr_par' dir='ltr' id='par_1_79' title="bbox 2227 3439 3803 3513">
     <span class='ocr_line' id='line_1_79' title="bbox 2227 3439 3803 3513; baseline -0.003 -17"><span class='ocrx_word' id='word_1_602' title='bbox 2227 3440 2422 3497; x_wconf 88' lang='lat' dir='ltr'><strong>fuisset</strong></span> <span class='ocrx_word' id='word_1_603' title='bbox 2441 3456 2471 3496; x_wconf 94' lang='lat' dir='ltr'><strong>e</strong></span> <span class='ocrx_word' id='word_1_604' title='bbox 2496 3442 2657 3509; x_wconf 87' lang='lat' dir='ltr'><strong>lecto,</strong></span> <span class='ocrx_word' id='word_1_605' title='bbox 2676 3448 2731 3496; x_wconf 86' lang='lat' dir='ltr'><strong>et</strong></span> <span class='ocrx_word' id='word_1_606' title='bbox 2756 3448 2881 3511; x_wconf 84' lang='lat' dir='ltr'><strong>post</strong></span> <span class='ocrx_word' id='word_1_607' title='bbox 2903 3440 3068 3496; x_wconf 90' lang='lat' dir='ltr'><strong>unius</strong></span> <span class='ocrx_word' id='word_1_608' title='bbox 3090 3440 3244 3498; x_wconf 74' lang='lat' dir='ltr'><strong>hora:</strong></span> <span class='ocrx_word' id='word_1_609' title='bbox 3267 3439 3514 3513; x_wconf 81' lang='lat' dir='ltr'><strong>spacium</strong></span> <span class='ocrx_word' id='word_1_610' title='bbox 3538 3440 3615 3495; x_wconf 81' lang='lat' dir='ltr'><strong>vis</strong></span> <span class='ocrx_word' id='word_1_611' title='bbox 3630 3450 3723 3493; x_wconf 69' lang='lat' dir='ltr'><strong>recc</strong></span> <span class='ocrx_word' id='word_1_612' title='bbox 3802 3472 3803 3477; x_wconf 60' lang='grc' dir='ltr'><strong>η</strong></span> 
     </span>
    </p>
   </div>
   <div class='ocr_carea' id='block_1_80' title="bbox 2224 3533 3725 3608">
    <p class='ocr_par' dir='ltr' id='par_1_80' title="bbox 2224 3533 3725 3608">
     <span class='ocr_line' id='line_1_80' title="bbox 2224 3533 3725 3608; baseline -0.005 -16"><span class='ocrx_word' id='word_1_613' title='bbox 2224 3535 2397 3608; x_wconf 85' lang='lat' dir='ltr'><strong>pisset</strong></span> <span class='ocrx_word' id='word_1_614' title='bbox 2432 3534 2558 3592; x_wconf 67' lang='lat' dir='ltr'><strong>vitae</strong></span> <span class='ocrx_word' id='word_1_615' title='bbox 2581 3534 2865 3606; x_wconf 80' lang='lat' dir='ltr'><strong>Spiritum;</strong></span> <span class='ocrx_word' id='word_1_616' title='bbox 2894 3534 3016 3607; x_wconf 81' lang='lat' dir='ltr'><strong>ejus</strong></span> <span class='ocrx_word' id='word_1_617' title='bbox 3050 3534 3356 3593; x_wconf 59' lang='lat' dir='ltr'><strong>subitaneus</strong></span> <span class='ocrx_word' id='word_1_618' title='bbox 3387 3533 3541 3590; x_wconf 89' lang='lat' dir='ltr'><strong>morti</strong></span> <span class='ocrx_word' id='word_1_619' title='bbox 3571 3546 3626 3587; x_wconf 86' lang='lat' dir='ltr'><strong>eo</strong></span> <span class='ocrx_word' id='word_1_620' title='bbox 3650 3542 3725 3584; x_wconf 70' lang='lat' dir='ltr'><strong>sur</strong></span> 
     </span>
    </p>
   </div>
   <div class='ocr_carea' id='block_1_81' title="bbox 2229 3626 3803 3699">
    <p class='ocr_par' dir='ltr' id='par_1_81' title="bbox 2229 3626 3803 3699">
     <span class='ocr_line' id='line_1_81' title="bbox 2229 3626 3803 3699; baseline -0.003 -17"><span class='ocrx_word' id='word_1_621' title='bbox 2229 3628 2376 3699; x_wconf 89' lang='lat' dir='ltr'><strong>plius</strong></span> <span class='ocrx_word' id='word_1_622' title='bbox 2409 3628 2730 3694; x_wconf 90' lang='lat' dir='ltr'><strong>condolens,</strong></span> <span class='ocrx_word' id='word_1_623' title='bbox 2780 3626 3094 3683; x_wconf 85' lang='lat' dir='ltr'><strong>mortiferas</strong></span> <span class='ocrx_word' id='word_1_624' title='bbox 3123 3627 3304 3684; x_wconf 86' lang='lat' dir='ltr'><strong>hostis</strong></span> <span class='ocrx_word' id='word_1_625' title='bbox 3344 3627 3560 3684; x_wconf 85' lang='lat' dir='ltr'><strong>insidias</strong></span> <span class='ocrx_word' id='word_1_626' title='bbox 3592 3633 3725 3691; x_wconf 70' lang='lat' dir='ltr'><strong>apro</strong></span> <span class='ocrx_word' id='word_1_627' title='bbox 3802 3652 3803 3659; x_wconf 59' lang='grc' dir='ltr'><strong>η</strong></span> 
     </span>
    </p>
   </div>
   <div class='ocr_carea' id='block_1_82' title="bbox 2225 3716 3803 3787">
    <p class='ocr_par' dir='ltr' id='par_1_82' title="bbox 2225 3716 3803 3787">
     <span class='ocr_line' id='line_1_82' title="bbox 2225 3716 3803 3787; baseline 0.001 -10"><span class='ocrx_word' id='word_1_628' title='bbox 2225 3721 2421 3778; x_wconf 84' lang='lat' dir='ltr'><strong>brabat</strong></span> <span class='ocrx_word' id='word_1_629' title='bbox 2447 3721 2636 3777; x_wconf 86' lang='lat' dir='ltr'><strong>dicens</strong></span> <span class='ocrx_word' id='word_1_630' title='bbox 2662 3740 2675 3776; x_wconf 90' lang='lat'><strong>:</strong></span> <span class='ocrx_word' id='word_1_631' title='bbox 2706 3721 2751 3776; x_wconf 91' lang='lat'><strong><em>0</em></strong></span> <span class='ocrx_word' id='word_1_632' title='bbox 2784 3718 2978 3787; x_wconf 88' lang='lat' dir='ltr'><strong>Satan,</strong></span> <span class='ocrx_word' id='word_1_633' title='bbox 3010 3721 3192 3776; x_wconf 88' lang='lat' dir='ltr'><strong>omnia</strong></span> <span class='ocrx_word' id='word_1_634' title='bbox 3223 3722 3398 3776; x_wconf 78' lang='lat' dir='ltr'><strong>trahis</strong></span> <span class='ocrx_word' id='word_1_635' title='bbox 3420 3721 3488 3777; x_wconf 79' lang='lat' dir='ltr'><strong>ad</strong></span> <span class='ocrx_word' id='word_1_636' title='bbox 3525 3729 3584 3775; x_wconf 80' lang='lat' dir='ltr'><strong>te.</strong></span> <span class='ocrx_word' id='word_1_637' title='bbox 3606 3716 3731 3783; x_wconf 63' lang='lat' dir='ltr'><strong>Qu”</strong></span> <span class='ocrx_word' id='word_1_638' title='bbox 3802 3732 3803 3779; x_wconf 63' lang='grc' dir='ltr'>ξ</span> 
     </span>
    </p>
   </div>
   <div class='ocr_carea' id='block_1_83' title="bbox 2226 3812 3733 3886">
    <p class='ocr_par' dir='ltr' id='par_1_83' title="bbox 2226 3812 3733 3886">
     <span class='ocr_line' id='line_1_83' title="bbox 2226 3812 3733 3886; baseline -0.001 -18"><span class='ocrx_word' id='word_1_639' title='bbox 2226 3815 2477 3886; x_wconf 88' lang='lat' dir='ltr'><strong>decepisti</strong></span> <span class='ocrx_word' id='word_1_640' title='bbox 2528 3812 2725 3871; x_wconf 85' lang='lat' dir='ltr'><strong>illum?</strong></span> <span class='ocrx_word' id='word_1_641' title='bbox 2772 3813 2842 3868; x_wconf 88' lang='lat' dir='ltr'><strong>In</strong></span> <span class='ocrx_word' id='word_1_642' title='bbox 2870 3814 2966 3869; x_wconf 86' lang='lat' dir='ltr'><strong>hoc</strong></span> <span class='ocrx_word' id='word_1_643' title='bbox 2993 3822 3045 3870; x_wconf 92' lang='lat' dir='ltr'><strong>et</strong></span> <span class='ocrx_word' id='word_1_644' title='bbox 3083 3823 3145 3869; x_wconf 85' lang='lat' dir='ltr'><strong>tu</strong></span> <span class='ocrx_word' id='word_1_645' title='bbox 3166 3815 3430 3882; x_wconf 83' lang='lat' dir='ltr'><strong>mentiris,</strong></span> <span class='ocrx_word' id='word_1_646' title='bbox 3457 3814 3572 3886; x_wconf 86' lang='lat' dir='ltr'><strong>quia</strong></span> <span class='ocrx_word' id='word_1_647' title='bbox 3606 3820 3733 3866; x_wconf 72' lang='lat' dir='ltr'><strong>sentt</strong></span> 
     </span>
    </p>
   </div>
   <div class='ocr_carea' id='block_1_84' title="bbox 2228 3900 3803 3972">
    <p class='ocr_par' dir='ltr' id='par_1_84' title="bbox 2228 3900 3803 3972">
     <span class='ocr_line' id='line_1_84' title="bbox 2228 3900 3803 3972; baseline -0.003 -11"><span class='ocrx_word' id='word_1_648' title='bbox 2228 3914 2348 3962; x_wconf 85' lang='lat' dir='ltr'><strong>tuus</strong></span> <span class='ocrx_word' id='word_1_649' title='bbox 2379 3921 2486 3961; x_wconf 88' lang='lat' dir='ltr'><strong>non</strong></span> <span class='ocrx_word' id='word_1_650' title='bbox 2518 3906 2657 3972; x_wconf 90' lang='lat' dir='ltr'><strong>erit;</strong></span> <span class='ocrx_word' id='word_1_651' title='bbox 2686 3914 2994 3960; x_wconf 82' lang='lat' dir='ltr'><strong>mansuetus</strong></span> <span class='ocrx_word' id='word_1_652' title='bbox 3010 3914 3096 3960; x_wconf 86' lang='lat' dir='ltr'><strong>est</strong></span> <span class='ocrx_word' id='word_1_653' title='bbox 3125 3905 3358 3960; x_wconf 84' lang='lat' dir='ltr'><strong>multum</strong></span> <span class='ocrx_word' id='word_1_654' title='bbox 3395 3913 3444 3961; x_wconf 85' lang='lat' dir='ltr'><strong>et</strong></span> <span class='ocrx_word' id='word_1_655' title='bbox 3482 3900 3733 3966; x_wconf 71' lang='lat' dir='ltr'><strong>humilis,d</strong></span> <span class='ocrx_word' id='word_1_656' title='bbox 3802 3938 3803 3945; x_wconf 59' lang='grc' dir='ltr'><strong>η</strong></span> 
     </span>
    </p>
   </div>
   <div class='ocr_carea' id='block_1_85' title="bbox 2227 3992 3731 4070">
    <p class='ocr_par' dir='ltr' id='par_1_85' title="bbox 2227 3992 3731 4070">
     <span class='ocr_line' id='line_1_85' title="bbox 2227 3992 3731 4070; baseline -0.002 -17"><span class='ocrx_word' id='word_1_657' title='bbox 2227 4012 2434 4070; x_wconf 68' lang='lat' dir='ltr'><strong>magna</strong></span> <span class='ocrx_word' id='word_1_658' title='bbox 2464 4014 2592 4069; x_wconf 89' lang='lat' dir='ltr'><strong>erga</strong></span> <span class='ocrx_word' id='word_1_659' title='bbox 2616 4009 2792 4061; x_wconf 81' lang='lat' dir='ltr'><strong>omnes</strong></span> <span class='ocrx_word' id='word_1_660' title='bbox 2818 3998 3131 4053; x_wconf 71' lang='lat' dir='ltr'><strong>obedientiw</strong></span> <span class='ocrx_word' id='word_1_661' title='bbox 3156 4006 3209 4053; x_wconf 87' lang='lat' dir='ltr'><strong>et</strong></span> <span class='ocrx_word' id='word_1_662' title='bbox 3234 3999 3480 4068; x_wconf 84' lang='lat' dir='ltr'><strong>pietatis,</strong></span> <span class='ocrx_word' id='word_1_663' title='bbox 3495 4012 3560 4050; x_wconf 80' lang='lat' dir='ltr'><strong>ac</strong></span> <span class='ocrx_word' id='word_1_664' title='bbox 3584 3992 3731 4065; x_wconf 58' lang='lat' dir='ltr'><strong>peri“</strong></span> 
     </span>
    </p>
   </div>
   <div class='ocr_carea' id='block_1_86' title="bbox 2227 4083 3735 4160">
    <p class='ocr_par' dir='ltr' id='par_1_86' title="bbox 2227 4083 3735 4160">
     <span class='ocr_line' id='line_1_86' title="bbox 2227 4083 3735 4160; baseline -0.003 -18"><span class='ocrx_word' id='word_1_665' title='bbox 2227 4096 2555 4143; x_wconf 88' lang='lat' dir='ltr'><strong>convertetur</strong></span> <span class='ocrx_word' id='word_1_666' title='bbox 2592 4098 2645 4143; x_wconf 90' lang='lat' dir='ltr'><strong>et</strong></span> <span class='ocrx_word' id='word_1_667' title='bbox 2688 4088 2848 4153; x_wconf 83' lang='lat' dir='ltr'><strong>vivet;</strong></span> <span class='ocrx_word' id='word_1_668' title='bbox 2875 4097 2927 4142; x_wconf 89' lang='lat' dir='ltr'><strong>et</strong></span> <span class='ocrx_word' id='word_1_669' title='bbox 2950 4090 3079 4160; x_wconf 82' lang='lat' dir='ltr'><strong>quia</strong></span> <span class='ocrx_word' id='word_1_670' title='bbox 3110 4087 3289 4144; x_wconf 86' lang='lat' dir='ltr'><strong>nullus</strong></span> <span class='ocrx_word' id='word_1_671' title='bbox 3325 4098 3404 4144; x_wconf 88' lang='lat' dir='ltr'><strong>est</strong></span> <span class='ocrx_word' id='word_1_672' title='bbox 3437 4083 3735 4144; x_wconf 74' lang='lat' dir='ltr'><strong>misericordia!</strong></span> 
     </span>
    </p>
   </div>
   <div class='ocr_carea' id='block_1_87' title="bbox 2228 4175 3734 4250">
    <p class='ocr_par' dir='ltr' id='par_1_87' title="bbox 2228 4175 3734 4250">
     <span class='ocr_line' id='line_1_87' title="bbox 2228 4175 3734 4250; baseline 0.001 -17"><span class='ocrx_word' id='word_1_673' title='bbox 2228 4177 2329 4233; x_wconf 90' lang='lat' dir='ltr'><strong>Dei</strong></span> <span class='ocrx_word' id='word_1_674' title='bbox 2372 4178 2516 4248; x_wconf 83' lang='lat' dir='ltr'><strong>finis,</strong></span> <span class='ocrx_word' id='word_1_675' title='bbox 2539 4178 2629 4250; x_wconf 89' lang='lat' dir='ltr'><strong>qui</strong></span> <span class='ocrx_word' id='word_1_676' title='bbox 2676 4194 2778 4232; x_wconf 85' lang='lat' dir='ltr'><strong>non</strong></span> <span class='ocrx_word' id='word_1_677' title='bbox 2805 4188 3024 4233; x_wconf 79' lang='lat' dir='ltr'><strong>mortem</strong></span> <span class='ocrx_word' id='word_1_678' title='bbox 3061 4180 3152 4234; x_wconf 88' lang='lat' dir='ltr'><strong>sed</strong></span> <span class='ocrx_word' id='word_1_679' title='bbox 3182 4181 3516 4250; x_wconf 84' lang='lat' dir='ltr'><strong>penitentiam</strong></span> <span class='ocrx_word' id='word_1_680' title='bbox 3537 4175 3734 4234; x_wconf 63' lang='lat' dir='ltr'><strong>desidem!</strong></span> 
     </span>
    </p>
   </div>
   <div class='ocr_carea' id='block_1_88' title="bbox 2228 4270 3732 4343">
    <p class='ocr_par' dir='ltr' id='par_1_88' title="bbox 2228 4270 3732 4343">
     <span class='ocr_line' id='line_1_88' title="bbox 2228 4270 3732 4343; baseline -0.004 -16"><span class='ocrx_word' id='word_1_681' title='bbox 2228 4273 2540 4343; x_wconf 85' lang='lat' dir='ltr'><strong>peccatoris,</strong></span> <span class='ocrx_word' id='word_1_682' title='bbox 2589 4279 2711 4325; x_wconf 87' lang='lat' dir='ltr'><strong>tuus</strong></span> <span class='ocrx_word' id='word_1_683' title='bbox 2740 4287 2864 4341; x_wconf 47' lang='lat' dir='ltr'><strong>.non</strong></span> <span class='ocrx_word' id='word_1_684' title='bbox 2912 4273 3037 4339; x_wconf 89' lang='lat' dir='ltr'><strong>erit,</strong></span> <span class='ocrx_word' id='word_1_685' title='bbox 3068 4273 3160 4327; x_wconf 88' lang='lat' dir='ltr'><strong>sed</strong></span> <span class='ocrx_word' id='word_1_686' title='bbox 3206 4282 3528 4329; x_wconf 71' lang='lat' dir='ltr'><strong>convertatur</strong></span> <span class='ocrx_word' id='word_1_687' title='bbox 3556 4280 3599 4326; x_wconf 86' lang='lat' dir='ltr'><strong>et</strong></span> <span class='ocrx_word' id='word_1_688' title='bbox 3627 4270 3732 4324; x_wconf 71' lang='lat' dir='ltr'><strong>eiut.</strong></span> 
     </span>
    </p>
   </div>
   <div class='ocr_carea' id='block_1_89' title="bbox 2234 4360 3734 4437">
    <p class='ocr_par' dir='ltr' id='par_1_89' title="bbox 2234 4360 3734 4437">
     <span class='ocr_line' id='line_1_89' title="bbox 2234 4360 3734 4437; baseline -0.003 -16"><span class='ocrx_word' id='word_1_689' title='bbox 2234 4364 2278 4421; x_wconf 92' lang='lat'><em>0</em></span> <span class='ocrx_word' id='word_1_690' title='bbox 2311 4363 2498 4435; x_wconf 89' lang='lat' dir='ltr'><strong>frater,</strong></span> <span class='ocrx_word' id='word_1_691' title='bbox 2527 4379 2670 4431; x_wconf 85' lang='lat' dir='ltr'><strong>eave,</strong></span> <span class='ocrx_word' id='word_1_692' title='bbox 2705 4380 2828 4417; x_wconf 86' lang='lat' dir='ltr'><strong>cave</strong></span> <span class='ocrx_word' id='word_1_693' title='bbox 2866 4364 3035 4434; x_wconf 88' lang='lat' dir='ltr'><strong>frater</strong></span> <span class='ocrx_word' id='word_1_694' title='bbox 3063 4366 3290 4419; x_wconf 87' lang='lat' dir='ltr'><strong>insidias</strong></span> <span class='ocrx_word' id='word_1_695' title='bbox 3324 4366 3460 4437; x_wconf 80' lang='lat' dir='ltr'><strong>ejus,</strong></span> <span class='ocrx_word' id='word_1_696' title='bbox 3488 4382 3544 4420; x_wconf 89' lang='lat' dir='ltr'><strong>ne</strong></span> <span class='ocrx_word' id='word_1_697' title='bbox 3565 4360 3734 4429; x_wconf 71' lang='lat' dir='ltr'><strong>decipiat</strong></span> 
     </span>
    </p>
   </div>
   <div class='ocr_carea' id='block_1_90' title="bbox 554 4429 2125 4547">
    <p class='ocr_par' dir='ltr' id='par_1_90' title="bbox 554 4429 2125 4547">
     <span class='ocr_line' id='line_1_90' title="bbox 554 4429 2125 4499; baseline 0.009 -14"><span class='ocrx_word' id='word_1_698' title='bbox 554 4429 657 4487; x_wconf 89' lang='lat' dir='ltr'><strong>Cui</strong></span> <span class='ocrx_word' id='word_1_699' title='bbox 680 4444 902 4490; x_wconf 89' lang='lat' dir='ltr'><strong>econtra</strong></span> <span class='ocrx_word' id='word_1_700' title='bbox 920 4436 1104 4492; x_wconf 88' lang='lat' dir='ltr'><strong>anima</strong></span> <span class='ocrx_word' id='word_1_701' title='bbox 1127 4437 1221 4492; x_wconf 89' lang='lat' dir='ltr'><strong>illa</strong></span> <span class='ocrx_word' id='word_1_702' title='bbox 1240 4438 1520 4496; x_wconf 76' lang='lat' dir='ltr'><strong>immensae</strong></span> <span class='ocrx_word' id='word_1_703' title='bbox 1542 4440 1635 4496; x_wconf 89' lang='lat' dir='ltr'><strong>Dei</strong></span> <span class='ocrx_word' id='word_1_704' title='bbox 1659 4443 1960 4499; x_wconf 83' lang='lat' dir='ltr'><strong>clementiae</strong></span> <span class='ocrx_word' id='word_1_705' title='bbox 1983 4459 2125 4499; x_wconf 90' lang='lat' dir='ltr'><strong>reco-</strong></span> 
     </span>
     <span class='ocr_line' id='line_1_91' title="bbox 556 4523 2091 4547; baseline 0 0"><span class='ocrx_word' id='word_1_706' title='bbox 556 4523 670 4547; x_wconf 70' lang='lat' dir='ltr'><strong>I.._..</strong></span> <span class='ocrx_word' id='word_1_707' title='bbox 723 4541 774 4547; x_wconf 72' lang='lat'><strong>--</strong></span> <span class='ocrx_word' id='word_1_708' title='bbox 792 4538 1054 4547; x_wconf 32' lang='lat' dir='ltr'><strong>-_-_--_e.-</strong></span> <span class='ocrx_word' id='word_1_709' title='bbox 1134 4544 1220 4547; x_wconf 23' lang='lat' dir='ltr'><strong>ea-</strong></span> <span class='ocrx_word' id='word_1_710' title='bbox 1334 4546 1341 4547; x_wconf 60' lang='lat'><strong><em>,</em></strong></span> <span class='ocrx_word' id='word_1_711' title='bbox 1374 4530 1388 4547; x_wconf 87' lang='lat' dir='ltr'><strong>I</strong></span> <span class='ocrx_word' id='word_1_712' title='bbox 1556 4542 1567 4547; x_wconf 76' lang='lat'><strong>-</strong></span> <span class='ocrx_word' id='word_1_713' title='bbox 1705 4535 1719 4547; x_wconf 72' lang='grc' dir='ltr'>ι</span> <span class='ocrx_word' id='word_1_714' title='bbox 1763 4535 1817 4547; x_wconf 71' lang='grc' dir='ltr'><strong>ιο.</strong></span> <span class='ocrx_word' id='word_1_715' title='bbox 1870 4537 1898 4547; x_wconf 82' lang='grc'><strong>,.</strong></span> <span class='ocrx_word' id='word_1_716' title='bbox 2068 4538 2091 4547; x_wconf 81' lang='lat'><strong>..</strong></span> 
     </span>
    </p>
   </div>
   <div class='ocr_carea' id='block_1_91' title="bbox 2225 4429 3733 4547">
    <p class='ocr_par' dir='ltr' id='par_1_91' title="bbox 2233 4429 3733 4547">
     <span class='ocr_line' id='line_1_92' title="bbox 2233 4429 3733 4547; baseline -0.005 -36"><span class='ocrx_word' id='word_1_717' title='bbox 2233 4429 2322 4512; x_wconf 38' lang='lat' dir='ltr'><strong>te.‘</strong></span> <span class='ocrx_word' id='word_1_718' title='bbox 2349 4429 2597 4512; x_wconf 84' lang='lat' dir='ltr'><strong>Salvator</strong></span> <span class='ocrx_word' id='word_1_719' title='bbox 2620 4429 2824 4523; x_wconf 84' lang='lat' dir='ltr'><strong>mundi,</strong></span> <span class='ocrx_word' id='word_1_720' title='bbox 2857 4429 3104 4511; x_wconf 80' lang='lat' dir='ltr'><strong>succurre</strong></span> <span class='ocrx_word' id='word_1_721' title='bbox 3148 4456 3301 4513; x_wconf 73' lang='lat' dir='ltr'><strong>mihi.</strong></span> <span class='ocrx_word' id='word_1_722' title='bbox 3330 4429 3516 4513; x_wconf 57' lang='grc' dir='ltr'><strong>έαηξιε</strong></span> <span class='ocrx_word' id='word_1_723' title='bbox 3541 4450 3733 4547; x_wconf 57' lang='lat' dir='ltr'><strong>Hicbacl.</strong></span> 
     </span>
    </p>
   </div>
   <div class='ocr_carea' id='block_1_92' title="bbox 556 4523 2127 4600">
    <p class='ocr_par' dir='ltr' id='par_1_92' title="bbox 556 4523 2127 4600">
     <span class='ocr_line' id='line_1_93' title="bbox 556 4523 2127 4600; baseline 0.009 -22"><span class='ocrx_word' id='word_1_724' title='bbox 556 4523 673 4579; x_wconf 90' lang='lat' dir='ltr'><strong>lens</strong></span> <span class='ocrx_word' id='word_1_725' title='bbox 721 4538 1084 4596; x_wconf 90' lang='lat' dir='ltr'><strong>sacramenta,</strong></span> <span class='ocrx_word' id='word_1_726' title='bbox 1130 4544 1227 4598; x_wconf 88' lang='lat' dir='ltr'><strong>spe</strong></span> <span class='ocrx_word' id='word_1_727' title='bbox 1246 4530 1482 4600; x_wconf 90' lang='lat' dir='ltr'><strong>quadam</strong></span> <span class='ocrx_word' id='word_1_728' title='bbox 1520 4542 1575 4588; x_wconf 88' lang='lat' dir='ltr'><strong>et</strong></span> <span class='ocrx_word' id='word_1_729' title='bbox 1594 4535 1933 4592; x_wconf 90' lang='lat' dir='ltr'><strong>credulitatis</strong></span> <span class='ocrx_word' id='word_1_730' title='bbox 1955 4538 2127 4592; x_wconf 84' lang='lat' dir='ltr'><strong>conﬁ-</strong></span> 
     </span>
    </p>
   </div>
   <div class='ocr_carea' id='block_1_93' title="bbox 556 4621 2130 4699">
    <p class='ocr_par' dir='ltr' id='par_1_93' title="bbox 556 4621 2130 4699">
     <span class='ocr_line' id='line_1_94' title="bbox 556 4621 2130 4699; baseline 0.006 -23"><span class='ocrx_word' id='word_1_731' title='bbox 556 4621 740 4677; x_wconf 89' lang='lat' dir='ltr'><strong>dentia</strong></span> <span class='ocrx_word' id='word_1_732' title='bbox 775 4623 1014 4691; x_wconf 86' lang='lat' dir='ltr'><strong>conﬁsa,</strong></span> <span class='ocrx_word' id='word_1_733' title='bbox 1048 4633 1209 4695; x_wconf 90' lang='lat' dir='ltr'><strong>sputa</strong></span> <span class='ocrx_word' id='word_1_734' title='bbox 1235 4625 1291 4680; x_wconf 92' lang='lat' dir='ltr'><strong>in</strong></span> <span class='ocrx_word' id='word_1_735' title='bbox 1313 4624 1507 4683; x_wconf 90' lang='lat' dir='ltr'><strong>faciem</strong></span> <span class='ocrx_word' id='word_1_736' title='bbox 1535 4629 1720 4699; x_wconf 90' lang='lat' dir='ltr'><strong>dabat,</strong></span> <span class='ocrx_word' id='word_1_737' title='bbox 1749 4632 1914 4687; x_wconf 90' lang='lat' dir='ltr'><strong>simul</strong></span> <span class='ocrx_word' id='word_1_738' title='bbox 1945 4640 2000 4688; x_wconf 89' lang='lat' dir='ltr'><strong>et</strong></span> <span class='ocrx_word' id='word_1_739' title='bbox 2043 4632 2130 4686; x_wconf 91' lang='lat' dir='ltr'><strong>in-</strong></span> 
     </span>
    </p>
   </div>
   <div class='ocr_carea' id='block_1_94' title="bbox 552 4702 2128 4794">
    <p class='ocr_par' dir='ltr' id='par_1_94' title="bbox 552 4702 2128 4794">
     <span class='ocr_line' id='line_1_95' title="bbox 552 4702 2128 4794; baseline 0.006 -24"><span class='ocrx_word' id='word_1_740' title='bbox 552 4711 788 4770; x_wconf 84' lang='lat' dir='ltr'><strong>honesta</strong></span> <span class='ocrx_word' id='word_1_741' title='bbox 823 4723 986 4783; x_wconf 86' lang='lat' dir='ltr'><strong>prout</strong></span> <span class='ocrx_word' id='word_1_742' title='bbox 1026 4702 1227 4786; x_wconf 88' lang='lat' dir='ltr'><strong>dignus</strong></span> <span class='ocrx_word' id='word_1_743' title='bbox 1267 4725 1352 4772; x_wconf 89' lang='lat' dir='ltr'><strong>est</strong></span> <span class='ocrx_word' id='word_1_744' title='bbox 1400 4717 1727 4790; x_wconf 89' lang='lat' dir='ltr'><strong>improperia</strong></span> <span class='ocrx_word' id='word_1_745' title='bbox 1787 4722 2128 4794; x_wconf 90' lang='lat' dir='ltr'><strong>imprecans,</strong></span> 
     </span>
    </p>
   </div>
   <div class='ocr_carea' id='block_1_95' title="bbox 557 4804 2133 4887">
    <p class='ocr_par' dir='ltr' id='par_1_95' title="bbox 557 4804 2133 4887">
     <span class='ocr_line' id='line_1_96' title="bbox 557 4804 2133 4887; baseline 0.008 -27"><span class='ocrx_word' id='word_1_746' title='bbox 557 4804 786 4876; x_wconf 83' lang='lat' dir='ltr'><strong>singulis</strong></span> <span class='ocrx_word' id='word_1_747' title='bbox 828 4805 975 4862; x_wconf 91' lang='lat' dir='ltr'><strong>illius</strong></span> <span class='ocrx_word' id='word_1_748' title='bbox 1000 4807 1182 4863; x_wconf 90' lang='lat' dir='ltr'><strong>verbis</strong></span> <span class='ocrx_word' id='word_1_749' title='bbox 1202 4823 1301 4864; x_wconf 92' lang='lat' dir='ltr'><strong>sua</strong></span> <span class='ocrx_word' id='word_1_750' title='bbox 1331 4809 1547 4882; x_wconf 84' lang='lat' dir='ltr'><strong>singula</strong></span> <span class='ocrx_word' id='word_1_751' title='bbox 1583 4813 1835 4881; x_wconf 90' lang='lat' dir='ltr'><strong>reddens,</strong></span> <span class='ocrx_word' id='word_1_752' title='bbox 1864 4816 1970 4871; x_wconf 88' lang='lat' dir='ltr'><strong>hoc</strong></span> <span class='ocrx_word' id='word_1_753' title='bbox 2012 4816 2133 4887; x_wconf 92' lang='lat' dir='ltr'><strong>ipso</strong></span> 
     </span>
    </p>
   </div>
   <div class='ocr_carea' id='block_1_96' title="bbox 556 4899 2133 4979">
    <p class='ocr_par' dir='ltr' id='par_1_96' title="bbox 556 4899 2133 4979">
     <span class='ocr_line' id='line_1_97' title="bbox 556 4899 2133 4979; baseline 0.006 -26"><span class='ocrx_word' id='word_1_754' title='bbox 556 4913 810 4954; x_wconf 89' lang='lat' dir='ltr'><strong>sermone</strong></span> <span class='ocrx_word' id='word_1_755' title='bbox 833 4899 1049 4956; x_wconf 85' lang='lat' dir='ltr'><strong>dicebat</strong></span> <span class='ocrx_word' id='word_1_756' title='bbox 1081 4919 1094 4955; x_wconf 90' lang='lat'>:</span> <span class='ocrx_word' id='word_1_757' title='bbox 1137 4899 1215 4954; x_wconf 88' lang='lat' dir='ltr'><strong>Tu</strong></span> <span class='ocrx_word' id='word_1_758' title='bbox 1236 4902 1376 4956; x_wconf 86' lang='lat' dir='ltr'><strong>enim</strong></span> <span class='ocrx_word' id='word_1_759' title='bbox 1405 4904 1567 4959; x_wconf 87' lang='lat' dir='ltr'><strong>totius</strong></span> <span class='ocrx_word' id='word_1_760' title='bbox 1594 4905 1852 4976; x_wconf 64' lang='lat' dir='ltr'><strong>superbiae</strong></span> <span class='ocrx_word' id='word_1_761' title='bbox 1878 4916 1928 4962; x_wconf 91' lang='lat' dir='ltr'><strong>et</strong></span> <span class='ocrx_word' id='word_1_762' title='bbox 1953 4908 2133 4979; x_wconf 87' lang='lat' dir='ltr'><strong>perdi-</strong></span> 
     </span>
    </p>
   </div>
   <div class='ocr_carea' id='block_1_97' title="bbox 557 4989 2128 5068">
    <p class='ocr_par' dir='ltr' id='par_1_97' title="bbox 557 4989 2128 5068">
     <span class='ocr_line' id='line_1_98' title="bbox 557 4989 2128 5068; baseline 0.008 -26"><span class='ocrx_word' id='word_1_763' title='bbox 557 4989 716 5044; x_wconf 82' lang='lat' dir='ltr'><strong>tionis</strong></span> <span class='ocrx_word' id='word_1_764' title='bbox 745 4990 988 5059; x_wconf 84' lang='lat' dir='ltr'><strong>spiritus,</strong></span> <span class='ocrx_word' id='word_1_765' title='bbox 1018 4990 1109 5063; x_wconf 91' lang='lat' dir='ltr'><strong>qui</strong></span> <span class='ocrx_word' id='word_1_766' title='bbox 1134 4991 1387 5064; x_wconf 87' lang='lat' dir='ltr'><strong>decepisti</strong></span> <span class='ocrx_word' id='word_1_767' title='bbox 1434 4993 1623 5065; x_wconf 89' lang='lat' dir='ltr'><strong>Evam,</strong></span> <span class='ocrx_word' id='word_1_768' title='bbox 1654 5004 1710 5050; x_wconf 90' lang='lat' dir='ltr'><strong>tu</strong></span> <span class='ocrx_word' id='word_1_769' title='bbox 1753 4998 1927 5068; x_wconf 89' lang='lat' dir='ltr'><strong>fecisti</strong></span> <span class='ocrx_word' id='word_1_770' title='bbox 1959 4998 2128 5053; x_wconf 84' lang='lat' dir='ltr'><strong>multa</strong></span> 
     </span>
    </p>
   </div>
   <div class='ocr_carea' id='block_1_98' title="bbox 556 5080 2129 5159">
    <p class='ocr_par' dir='ltr' id='par_1_98' title="bbox 556 5080 2129 5159">
     <span class='ocr_line' id='line_1_99' title="bbox 556 5080 2129 5159; baseline 0.008 -25"><span class='ocrx_word' id='word_1_771' title='bbox 556 5080 722 5149; x_wconf 88' lang='lat' dir='ltr'><strong>mala,</strong></span> <span class='ocrx_word' id='word_1_772' title='bbox 760 5098 878 5152; x_wconf 75' lang='lat' dir='ltr'><strong>qua:</strong></span> <span class='ocrx_word' id='word_1_773' title='bbox 904 5099 996 5153; x_wconf 88' lang='lat' dir='ltr'><strong>per</strong></span> <span class='ocrx_word' id='word_1_774' title='bbox 1020 5094 1069 5138; x_wconf 92' lang='lat' dir='ltr'><strong>te</strong></span> <span class='ocrx_word' id='word_1_775' title='bbox 1098 5085 1329 5140; x_wconf 81' lang='lat' dir='ltr'><strong>humano</strong></span> <span class='ocrx_word' id='word_1_776' title='bbox 1353 5088 1529 5157; x_wconf 87' lang='lat' dir='ltr'><strong>generi</strong></span> <span class='ocrx_word' id='word_1_777' title='bbox 1557 5098 1679 5143; x_wconf 90' lang='lat' dir='ltr'><strong>sunt</strong></span> <span class='ocrx_word' id='word_1_778' title='bbox 1712 5089 1904 5159; x_wconf 88' lang='lat' dir='ltr'><strong>illata;</strong></span> <span class='ocrx_word' id='word_1_779' title='bbox 1939 5100 1988 5145; x_wconf 90' lang='lat' dir='ltr'><strong>te</strong></span> <span class='ocrx_word' id='word_1_780' title='bbox 2025 5108 2129 5146; x_wconf 88' lang='lat' dir='ltr'><strong>non</strong></span> 
     </span>
    </p>
   </div>
   <div class='ocr_carea' id='block_1_99' title="bbox 553 5172 2133 5256">
    <p class='ocr_par' dir='ltr' id='par_1_99' title="bbox 553 5172 2133 5256">
     <span class='ocr_line' id='line_1_100' title="bbox 553 5172 2133 5256; baseline 0.009 -31"><span class='ocrx_word' id='word_1_781' title='bbox 553 5172 739 5240; x_wconf 90' lang='lat' dir='ltr'><strong>adoro,</strong></span> <span class='ocrx_word' id='word_1_782' title='bbox 775 5175 901 5244; x_wconf 89' lang='lat' dir='ltr'><strong>quia</strong></span> <span class='ocrx_word' id='word_1_783' title='bbox 932 5184 988 5228; x_wconf 89' lang='lat' dir='ltr'><strong>tu</strong></span> <span class='ocrx_word' id='word_1_784' title='bbox 1025 5193 1078 5231; x_wconf 89' lang='lat' dir='ltr'><strong>es</strong></span> <span class='ocrx_word' id='word_1_785' title='bbox 1101 5179 1190 5249; x_wconf 90' lang='lat' dir='ltr'><strong>fur</strong></span> <span class='ocrx_word' id='word_1_786' title='bbox 1212 5188 1261 5234; x_wconf 88' lang='lat' dir='ltr'><strong>et</strong></span> <span class='ocrx_word' id='word_1_787' title='bbox 1289 5179 1466 5246; x_wconf 83' lang='lat' dir='ltr'><strong>latro;</strong></span> <span class='ocrx_word' id='word_1_788' title='bbox 1500 5181 1652 5236; x_wconf 84' lang='lat' dir='ltr'><strong>modo</strong></span> <span class='ocrx_word' id='word_1_789' title='bbox 1676 5190 1881 5238; x_wconf 90' lang='lat' dir='ltr'><strong>tantam</strong></span> <span class='ocrx_word' id='word_1_790' title='bbox 1905 5194 2133 5256; x_wconf 83' lang='lat' dir='ltr'><strong>potesta-</strong></span> 
     </span>
    </p>
   </div>
   <div class='ocr_carea' id='block_1_100' title="bbox 555 5264 2130 5335">
    <p class='ocr_par' dir='ltr' id='par_1_100' title="bbox 555 5264 2130 5335">
     <span class='ocr_line' id='line_1_101' title="bbox 555 5264 2130 5335; baseline 0.01 -17"><span class='ocrx_word' id='word_1_791' title='bbox 555 5272 659 5321; x_wconf 86' lang='lat' dir='ltr'><strong>tem</strong></span> <span class='ocrx_word' id='word_1_792' title='bbox 686 5264 843 5321; x_wconf 85' lang='lat' dir='ltr'><strong>habes</strong></span> <span class='ocrx_word' id='word_1_793' title='bbox 884 5266 940 5321; x_wconf 88' lang='lat' dir='ltr'><strong>in</strong></span> <span class='ocrx_word' id='word_1_794' title='bbox 987 5285 1085 5335; x_wconf 88' lang='lat' dir='ltr'><strong>me,</strong></span> <span class='ocrx_word' id='word_1_795' title='bbox 1117 5280 1168 5324; x_wconf 89' lang='lat' dir='ltr'><strong>et</strong></span> <span class='ocrx_word' id='word_1_796' title='bbox 1200 5271 1336 5327; x_wconf 83' lang='lat' dir='ltr'><strong>hanc</strong></span> <span class='ocrx_word' id='word_1_797' title='bbox 1362 5289 1466 5328; x_wconf 88' lang='lat' dir='ltr'><strong>non</strong></span> <span class='ocrx_word' id='word_1_798' title='bbox 1494 5272 1708 5330; x_wconf 88' lang='lat' dir='ltr'><strong>haberes</strong></span> <span class='ocrx_word' id='word_1_799' title='bbox 1738 5278 1842 5331; x_wconf 88' lang='lat' dir='ltr'><strong>nisi</strong></span> <span class='ocrx_word' id='word_1_800' title='bbox 1878 5277 1975 5332; x_wconf 89' lang='lat' dir='ltr'><strong>tibi</strong></span> <span class='ocrx_word' id='word_1_801' title='bbox 2000 5279 2130 5333; x_wconf 85' lang='lat' dir='ltr'><strong>data</strong></span> 
     </span>
    </p>
   </div>
   <div class='ocr_carea' id='block_1_101' title="bbox 554 5355 2130 5438">
    <p class='ocr_par' dir='ltr' id='par_1_101' title="bbox 554 5355 2130 5438">
     <span class='ocr_line' id='line_1_102' title="bbox 554 5355 2130 5438; baseline 0.012 -30"><span class='ocrx_word' id='word_1_802' title='bbox 554 5355 741 5425; x_wconf 84' lang='lat' dir='ltr'><strong>fuisset</strong></span> <span class='ocrx_word' id='word_1_803' title='bbox 768 5358 1006 5429; x_wconf 86' lang='lat' dir='ltr'><strong>desuper.</strong></span> <span class='ocrx_word' id='word_1_804' title='bbox 1034 5360 1175 5417; x_wconf 90' lang='lat' dir='ltr'><strong>Deus</strong></span> <span class='ocrx_word' id='word_1_805' title='bbox 1200 5374 1276 5418; x_wconf 90' lang='lat' dir='ltr'><strong>est</strong></span> <span class='ocrx_word' id='word_1_806' title='bbox 1305 5365 1459 5435; x_wconf 65' lang='lat' dir='ltr'><strong>fortis</strong></span> <span class='ocrx_word' id='word_1_807' title='bbox 1488 5379 1539 5421; x_wconf 90' lang='lat' dir='ltr'><strong>et</strong></span> <span class='ocrx_word' id='word_1_808' title='bbox 1565 5377 1747 5438; x_wconf 85' lang='lat' dir='ltr'><strong>potens</strong></span> <span class='ocrx_word' id='word_1_809' title='bbox 1773 5378 1825 5424; x_wconf 88' lang='lat' dir='ltr'><strong>et</strong></span> <span class='ocrx_word' id='word_1_810' title='bbox 1862 5372 2130 5427; x_wconf 70' lang='lat' dir='ltr'><strong>immensa:</strong></span> 
     </span>
    </p>
   </div>
   <div class='ocr_carea' id='block_1_102' title="bbox 553 5450 2125 5534">
    <p class='ocr_par' dir='ltr' id='par_1_102' title="bbox 553 5450 2125 5534">
     <span class='ocr_line' id='line_1_103' title="bbox 553 5450 2125 5534; baseline 0.011 -32"><span class='ocrx_word' id='word_1_811' title='bbox 553 5450 952 5521; x_wconf 75' lang='lat' dir='ltr'><strong>mis‘ericordice,</strong></span> <span class='ocrx_word' id='word_1_812' title='bbox 978 5463 1028 5509; x_wconf 90' lang='lat' dir='ltr'><strong>et</strong></span> <span class='ocrx_word' id='word_1_813' title='bbox 1053 5457 1226 5526; x_wconf 90' lang='lat' dir='ltr'><strong>ipsum</strong></span> <span class='ocrx_word' id='word_1_814' title='bbox 1257 5459 1349 5530; x_wconf 87' lang='lat' dir='ltr'><strong>qui</strong></span> <span class='ocrx_word' id='word_1_815' title='bbox 1374 5476 1470 5531; x_wconf 85' lang='lat' dir='ltr'><strong>pro</strong></span> <span class='ocrx_word' id='word_1_816' title='bbox 1500 5478 1580 5516; x_wconf 87' lang='lat' dir='ltr'><strong>me</strong></span> <span class='ocrx_word' id='word_1_817' title='bbox 1602 5479 1791 5534; x_wconf 87' lang='lat' dir='ltr'><strong>passus</strong></span> <span class='ocrx_word' id='word_1_818' title='bbox 1814 5464 1917 5534; x_wconf 86' lang='lat' dir='ltr'><strong>fuit</strong></span> <span class='ocrx_word' id='word_1_819' title='bbox 1939 5464 2125 5520; x_wconf 87' lang='lat' dir='ltr'><strong>adoro.</strong></span> 
     </span>
    </p>
   </div>
   <div class='ocr_carea' id='block_1_103' title="bbox 556 5540 2133 5629">
    <p class='ocr_par' dir='ltr' id='par_1_103' title="bbox 556 5540 2133 5629">
     <span class='ocr_line' id='line_1_104' title="bbox 556 5540 2133 5629; baseline 0.01 -31"><span class='ocrx_word' id='word_1_820' title='bbox 556 5540 603 5598; x_wconf 89' lang='lat'><em>0</em></span> <span class='ocrx_word' id='word_1_821' title='bbox 629 5543 839 5599; x_wconf 89' lang='lat' dir='ltr'><strong>domine</strong></span> <span class='ocrx_word' id='word_1_822' title='bbox 864 5544 1006 5602; x_wconf 86' lang='lat' dir='ltr'><strong>Deus</strong></span> <span class='ocrx_word' id='word_1_823' title='bbox 1036 5566 1200 5618; x_wconf 88' lang='lat' dir='ltr'><strong>meus,</strong></span> <span class='ocrx_word' id='word_1_824' title='bbox 1223 5559 1386 5623; x_wconf 81' lang='lat' dir='ltr'><strong>quare</strong></span> <span class='ocrx_word' id='word_1_825' title='bbox 1413 5571 1494 5608; x_wconf 89' lang='lat' dir='ltr'><strong>me</strong></span> <span class='ocrx_word' id='word_1_826' title='bbox 1532 5554 1899 5628; x_wconf 85' lang='lat' dir='ltr'><strong>dereliquisti?</strong></span> <span class='ocrx_word' id='word_1_827' title='bbox 1926 5557 2003 5613; x_wconf 90' lang='lat' dir='ltr'><strong>Tu</strong></span> <span class='ocrx_word' id='word_1_828' title='bbox 2026 5559 2133 5629; x_wconf 87' lang='lat' dir='ltr'><strong>for-</strong></span> 
     </span>
    </p>
   </div>
   <div class='ocr_carea' id='block_1_104' title="bbox 553 5636 2124 5720">
    <p class='ocr_par' dir='ltr' id='par_1_104' title="bbox 553 5636 2124 5720">
     <span class='ocr_line' id='line_1_105' title="bbox 553 5636 2124 5720; baseline 0.012 -32"><span class='ocrx_word' id='word_1_829' title='bbox 553 5636 716 5689; x_wconf 88' lang='lat' dir='ltr'><strong>masti</strong></span> <span class='ocrx_word' id='word_1_830' title='bbox 748 5653 827 5692; x_wconf 89' lang='lat' dir='ltr'><strong>me</strong></span> <span class='ocrx_word' id='word_1_831' title='bbox 880 5647 929 5693; x_wconf 87' lang='lat' dir='ltr'><strong>et</strong></span> <span class='ocrx_word' id='word_1_832' title='bbox 978 5645 1174 5697; x_wconf 80' lang='lat' dir='ltr'><strong>creasti</strong></span> <span class='ocrx_word' id='word_1_833' title='bbox 1204 5660 1312 5709; x_wconf 87' lang='lat' dir='ltr'><strong>me;</strong></span> <span class='ocrx_word' id='word_1_834' title='bbox 1365 5645 1536 5700; x_wconf 84' lang='lat' dir='ltr'><strong>multa</strong></span> <span class='ocrx_word' id='word_1_835' title='bbox 1580 5656 1704 5702; x_wconf 88' lang='lat' dir='ltr'><strong>sunt</strong></span> <span class='ocrx_word' id='word_1_836' title='bbox 1741 5660 1960 5720; x_wconf 85' lang='lat' dir='ltr'><strong>peccata</strong></span> <span class='ocrx_word' id='word_1_837' title='bbox 1989 5669 2124 5719; x_wconf 87' lang='lat' dir='ltr'><strong>mea,</strong></span> 
     </span>
    </p>
   </div>
   <div class='ocr_carea' id='block_1_105' title="bbox 554 5724 2123 5813">
    <p class='ocr_par' dir='ltr' id='par_1_105' title="bbox 554 5724 2123 5813">
     <span class='ocr_line' id='line_1_106' title="bbox 554 5724 2123 5813; baseline 0.011 -33"><span class='ocrx_word' id='word_1_838' title='bbox 554 5724 795 5788; x_wconf 81' lang='lat' dir='ltr'><strong>Domine.</strong></span> <span class='ocrx_word' id='word_1_839' title='bbox 820 5746 935 5786; x_wconf 85' lang='lat' dir='ltr'><strong>mea</strong></span> <span class='ocrx_word' id='word_1_840' title='bbox 961 5733 1137 5806; x_wconf 86' lang='lat' dir='ltr'><strong>culpa.</strong></span> <span class='ocrx_word' id='word_1_841' title='bbox 1171 5735 1274 5792; x_wconf 89' lang='lat' dir='ltr'><strong>Cui</strong></span> <span class='ocrx_word' id='word_1_842' title='bbox 1302 5746 1526 5794; x_wconf 89' lang='lat' dir='ltr'><strong>econtra</strong></span> <span class='ocrx_word' id='word_1_843' title='bbox 1553 5738 1799 5800; x_wconf 83' lang='lat' dir='ltr'><strong>diabolus</strong></span> <span class='ocrx_word' id='word_1_844' title='bbox 1824 5742 2123 5813; x_wconf 88' lang='lat' dir='ltr'><strong>responde-</strong></span> 
     </span>
    </p>
   </div>
   <div class='ocr_carea' id='block_1_106' title="bbox 2233 4537 3734 4620">
    <p class='ocr_par' dir='ltr' id='par_1_106' title="bbox 2233 4537 3734 4620">
     <span class='ocr_line' id='line_1_107' title="bbox 2233 4537 3734 4620; baseline -0.005 -18"><span class='ocrx_word' id='word_1_845' title='bbox 2233 4564 2396 4620; x_wconf 83' lang='lat' dir='ltr'><strong>quare</strong></span> <span class='ocrx_word' id='word_1_846' title='bbox 2425 4546 2754 4618; x_wconf 84' lang='lat' dir='ltr'><strong>dereliquisti</strong></span> <span class='ocrx_word' id='word_1_847' title='bbox 2783 4547 2902 4601; x_wconf 83' lang='lat' dir='ltr'><strong>me?</strong></span> <span class='ocrx_word' id='word_1_848' title='bbox 2929 4545 3101 4601; x_wconf 84' lang='lat' dir='ltr'><strong>Pater</strong></span> <span class='ocrx_word' id='word_1_849' title='bbox 3133 4557 3334 4615; x_wconf 84' lang='lat' dir='ltr'><strong>sancte,</strong></span> <span class='ocrx_word' id='word_1_850' title='bbox 3352 4537 3734 4603; x_wconf 71' lang='lat' dir='ltr'><strong>misericordiam!</strong></span> 
     </span>
    </p>
   </div>
   <div class='ocr_carea' id='block_1_107' title="bbox 2234 4635 3736 4715">
    <p class='ocr_par' dir='ltr' id='par_1_107' title="bbox 2234 4635 3736 4715">
     <span class='ocr_line' id='line_1_108' title="bbox 2234 4635 3736 4715; baseline -0.001 -23"><span class='ocrx_word' id='word_1_851' title='bbox 2234 4637 2477 4706; x_wconf 87' lang='lat' dir='ltr'><strong>Domine,</strong></span> <span class='ocrx_word' id='word_1_852' title='bbox 2512 4641 2692 4706; x_wconf 86' lang='lat' dir='ltr'><strong>ardeo,</strong></span> <span class='ocrx_word' id='word_1_853' title='bbox 2720 4642 2899 4695; x_wconf 85' lang='lat' dir='ltr'><strong>ardeo.</strong></span> <span class='ocrx_word' id='word_1_854' title='bbox 2929 4640 2973 4696; x_wconf 95' lang='lat'><strong>0</strong></span> <span class='ocrx_word' id='word_1_855' title='bbox 3008 4640 3182 4697; x_wconf 82' lang='lat' dir='ltr'><strong>Satan</strong></span> <span class='ocrx_word' id='word_1_856' title='bbox 3199 4685 3214 4709; x_wconf 92' lang='lat'><strong>,</strong></span> <span class='ocrx_word' id='word_1_857' title='bbox 3237 4652 3297 4697; x_wconf 88' lang='lat' dir='ltr'><strong>ut</strong></span> <span class='ocrx_word' id='word_1_858' title='bbox 3324 4645 3451 4715; x_wconf 82' lang='lat' dir='ltr'><strong>quid</strong></span> <span class='ocrx_word' id='word_1_859' title='bbox 3470 4658 3543 4696; x_wconf 87' lang='lat' dir='ltr'><strong>me</strong></span> <span class='ocrx_word' id='word_1_860' title='bbox 3565 4647 3655 4694; x_wconf 82' lang='lat' dir='ltr'><strong>tota</strong></span> <span class='ocrx_word' id='word_1_861' title='bbox 3678 4635 3736 4686; x_wconf 72' lang='lat' dir='ltr'><strong>di!</strong></span> 
     </span>
    </p>
   </div>
   <div class='ocr_carea' id='block_1_108' title="bbox 2232 4732 3736 4805">
    <p class='ocr_par' dir='ltr' id='par_1_108' title="bbox 2232 4732 3736 4805">
     <span class='ocr_line' id='line_1_109' title="bbox 2232 4732 3736 4805; baseline 0 -20"><span class='ocrx_word' id='word_1_862' title='bbox 2232 4734 2391 4802; x_wconf 87' lang='lat' dir='ltr'><strong>punis</strong></span> <span class='ocrx_word' id='word_1_863' title='bbox 2435 4742 2484 4786; x_wconf 90' lang='lat' dir='ltr'><strong>et</strong></span> <span class='ocrx_word' id='word_1_864' title='bbox 2534 4732 2729 4803; x_wconf 86' lang='lat' dir='ltr'><strong>punis?</strong></span> <span class='ocrx_word' id='word_1_865' title='bbox 2756 4733 2866 4789; x_wconf 86' lang='lat' dir='ltr'><strong>Hec</strong></span> <span class='ocrx_word' id='word_1_866' title='bbox 2910 4744 2965 4788; x_wconf 91' lang='lat' dir='ltr'><strong>et</strong></span> <span class='ocrx_word' id='word_1_867' title='bbox 2989 4735 3097 4789; x_wconf 89' lang='lat' dir='ltr'><strong>alia</strong></span> <span class='ocrx_word' id='word_1_868' title='bbox 3138 4737 3293 4805; x_wconf 88' lang='lat' dir='ltr'><strong>plura</strong></span> <span class='ocrx_word' id='word_1_869' title='bbox 3335 4736 3420 4791; x_wconf 87' lang='lat' dir='ltr'><strong>bis</strong></span> <span class='ocrx_word' id='word_1_870' title='bbox 3456 4732 3736 4799; x_wconf 59' lang='lat' dir='ltr'><strong>similist]!!!</strong></span> 
     </span>
    </p>
   </div>
   <div class='ocr_carea' id='block_1_109' title="bbox 2232 4821 3736 4898">
    <p class='ocr_par' dir='ltr' id='par_1_109' title="bbox 2232 4821 3736 4898">
     <span class='ocr_line' id='line_1_110' title="bbox 2232 4821 3736 4898; baseline 0 -21"><span class='ocrx_word' id='word_1_871' title='bbox 2232 4833 2455 4894; x_wconf 88' lang='lat' dir='ltr'><strong>propter</strong></span> <span class='ocrx_word' id='word_1_872' title='bbox 2511 4826 2977 4895; x_wconf 89' lang='lat' dir='ltr'><strong>importunitatem</strong></span> <span class='ocrx_word' id='word_1_873' title='bbox 3043 4828 3459 4898; x_wconf 84' lang='lat' dir='ltr'><strong>multiplicitatis</strong></span> <span class='ocrx_word' id='word_1_874' title='bbox 3508 4821 3736 4880; x_wconf 69' lang='lat' dir='ltr'><strong>lectoribﬂs</strong></span> 
     </span>
    </p>
   </div>
   <div class='ocr_carea' id='block_1_110' title="bbox 2233 4914 3736 4990">
    <p class='ocr_par' dir='ltr' id='par_1_110' title="bbox 2233 4914 3736 4990">
     <span class='ocr_line' id='line_1_111' title="bbox 2233 4914 3736 4990; baseline 0.002 -22"><span class='ocrx_word' id='word_1_875' title='bbox 2233 4928 2374 4968; x_wconf 90' lang='lat' dir='ltr'><strong>nova</strong></span> <span class='ocrx_word' id='word_1_876' title='bbox 2385 4929 2614 4985; x_wconf 67' lang='lat' dir='ltr'><strong>quaeque</strong></span> <span class='ocrx_word' id='word_1_877' title='bbox 2630 4914 3033 4974; x_wconf 88' lang='lat' dir='ltr'><strong>fastidientibus</strong></span> <span class='ocrx_word' id='word_1_878' title='bbox 3050 4918 3234 4974; x_wconf 91' lang='lat' dir='ltr'><strong>minus</strong></span> <span class='ocrx_word' id='word_1_879' title='bbox 3248 4934 3542 4990; x_wconf 85' lang='lat' dir='ltr'><strong>congruum</strong></span> <span class='ocrx_word' id='word_1_880' title='bbox 3553 4916 3736 4986; x_wconf 70' lang='lat' dir='ltr'><strong>ingerere</strong></span> 
     </span>
    </p>
   </div>
   <div class='ocr_carea' id='block_1_111' title="bbox 2227 5006 3735 5081">
    <p class='ocr_par' dir='ltr' id='par_1_111' title="bbox 2227 5006 3735 5081">
     <span class='ocr_line' id='line_1_112' title="bbox 2227 5006 3735 5081; baseline 0.005 -22"><span class='ocrx_word' id='word_1_881' title='bbox 2227 5006 2635 5081; x_wconf 87' lang='lat' dir='ltr'><strong>vilipendimus.</strong></span> <span class='ocrx_word' id='word_1_882' title='bbox 2667 5007 2805 5062; x_wconf 85' lang='lat' dir='ltr'><strong>Cum</strong></span> <span class='ocrx_word' id='word_1_883' title='bbox 2838 5009 3111 5078; x_wconf 86' lang='lat' dir='ltr'><strong>ejusmodi</strong></span> <span class='ocrx_word' id='word_1_884' title='bbox 3143 5011 3521 5068; x_wconf 87' lang='lat' dir='ltr'><strong>confabulatus</strong></span> <span class='ocrx_word' id='word_1_885' title='bbox 3539 5007 3735 5065; x_wconf 60' lang='lat' dir='ltr'><strong>altrinse-</strong></span> 
     </span>
    </p>
   </div>
   <div class='ocr_carea' id='block_1_112' title="bbox 2229 5096 3735 5169">
    <p class='ocr_par' dir='ltr' id='par_1_112' title="bbox 2229 5096 3735 5169">
     <span class='ocr_line' id='line_1_113' title="bbox 2229 5096 3735 5169; baseline 0.001 -16"><span class='ocrx_word' id='word_1_886' title='bbox 2229 5113 2328 5153; x_wconf 93' lang='lat' dir='ltr'><strong>cus</strong></span> <span class='ocrx_word' id='word_1_887' title='bbox 2368 5096 2691 5169; x_wconf 88' lang='lat' dir='ltr'><strong>infatigabili</strong></span> <span class='ocrx_word' id='word_1_888' title='bbox 2731 5101 3084 5159; x_wconf 89' lang='lat' dir='ltr'><strong>altercatione</strong></span> <span class='ocrx_word' id='word_1_889' title='bbox 3143 5112 3489 5160; x_wconf 85' lang='lat' dir='ltr'><strong>consererent</strong></span> <span class='ocrx_word' id='word_1_890' title='bbox 3522 5101 3673 5158; x_wconf 77' lang='lat' dir='ltr'><strong>anima</strong></span> <span class='ocrx_word' id='word_1_891' title='bbox 3700 5101 3735 5146; x_wconf 69' lang='grc' dir='ltr'><strong>εί</strong></span> 
     </span>
    </p>
   </div>
   <div class='ocr_carea' id='block_1_113' title="bbox 2227 5189 3735 5265">
    <p class='ocr_par' dir='ltr' id='par_1_113' title="bbox 2227 5189 3735 5265">
     <span class='ocr_line' id='line_1_114' title="bbox 2227 5189 3735 5265; baseline 0.002 -20"><span class='ocrx_word' id='word_1_892' title='bbox 2227 5189 2501 5255; x_wconf 90' lang='lat' dir='ltr'><strong>diabolus,</strong></span> <span class='ocrx_word' id='word_1_893' title='bbox 2551 5200 2991 5263; x_wconf 89' lang='lat' dir='ltr'><strong>consumptaque</strong></span> <span class='ocrx_word' id='word_1_894' title='bbox 3039 5194 3226 5265; x_wconf 80' lang='lat' dir='ltr'><strong>flagris</strong></span> <span class='ocrx_word' id='word_1_895' title='bbox 3271 5210 3396 5250; x_wconf 90' lang='lat' dir='ltr'><strong>cum</strong></span> <span class='ocrx_word' id='word_1_896' title='bbox 3437 5195 3543 5264; x_wconf 83' lang='lat' dir='ltr'><strong>jam</strong></span> <span class='ocrx_word' id='word_1_897' title='bbox 3571 5197 3735 5261; x_wconf 62' lang='lat' dir='ltr'><strong>pellese</strong></span> 
     </span>
    </p>
   </div>
   <div class='ocr_carea' id='block_1_114' title="bbox 2227 5277 3733 5357">
    <p class='ocr_par' dir='ltr' id='par_1_114' title="bbox 2227 5277 3733 5357">
     <span class='ocr_line' id='line_1_115' title="bbox 2227 5277 3733 5357; baseline -0.001 -20"><span class='ocrx_word' id='word_1_898' title='bbox 2227 5282 2429 5337; x_wconf 87' lang='lat' dir='ltr'><strong>victam</strong></span> <span class='ocrx_word' id='word_1_899' title='bbox 2453 5290 2515 5337; x_wconf 91' lang='lat' dir='ltr'><strong>ut</strong></span> <span class='ocrx_word' id='word_1_900' title='bbox 2534 5299 2659 5339; x_wconf 90' lang='lat' dir='ltr'><strong>eum</strong></span> <span class='ocrx_word' id='word_1_901' title='bbox 2686 5285 2939 5341; x_wconf 86' lang='lat' dir='ltr'><strong>adoraret</strong></span> <span class='ocrx_word' id='word_1_902' title='bbox 2963 5288 3328 5357; x_wconf 89' lang='lat' dir='ltr'><strong>proﬁteretur,</strong></span> <span class='ocrx_word' id='word_1_903' title='bbox 3358 5302 3515 5357; x_wconf 87' lang='lat' dir='ltr'><strong>quam</strong></span> <span class='ocrx_word' id='word_1_904' title='bbox 3540 5296 3632 5338; x_wconf 88' lang='lat' dir='ltr'><strong>non</strong></span> <span class='ocrx_word' id='word_1_905' title='bbox 3664 5277 3733 5329; x_wconf 83' lang='lat' dir='ltr'><strong>im-</strong></span> 
     </span>
    </p>
   </div>
   <div class='ocr_carea' id='block_1_115' title="bbox 2230 5366 3733 5451">
    <p class='ocr_par' dir='ltr' id='par_1_115' title="bbox 2230 5366 3733 5451">
     <span class='ocr_line' id='line_1_116' title="bbox 2230 5366 3733 5451; baseline -0.009 -19"><span class='ocrx_word' id='word_1_906' title='bbox 2230 5385 2391 5447; x_wconf 84' lang='lat' dir='ltr'><strong>petus</strong></span> <span class='ocrx_word' id='word_1_907' title='bbox 2416 5377 2555 5449; x_wconf 84' lang='lat' dir='ltr'><strong>ignis</strong></span> <span class='ocrx_word' id='word_1_908' title='bbox 2578 5378 2819 5433; x_wconf 89' lang='lat' dir='ltr'><strong>ardentis</strong></span> <span class='ocrx_word' id='word_1_909' title='bbox 2845 5388 2899 5433; x_wconf 86' lang='lat' dir='ltr'><strong>et</strong></span> <span class='ocrx_word' id='word_1_910' title='bbox 2926 5380 3161 5435; x_wconf 90' lang='lat' dir='ltr'><strong>lucentis</strong></span> <span class='ocrx_word' id='word_1_911' title='bbox 3186 5397 3216 5435; x_wconf 90' lang='lat' dir='ltr'><strong>a</strong></span> <span class='ocrx_word' id='word_1_912' title='bbox 3245 5381 3401 5451; x_wconf 86' lang='lat' dir='ltr'><strong>longe</strong></span> <span class='ocrx_word' id='word_1_913' title='bbox 3423 5380 3489 5433; x_wconf 88' lang='lat' dir='ltr'><strong>ad</strong></span> <span class='ocrx_word' id='word_1_914' title='bbox 3508 5377 3613 5446; x_wconf 87' lang='lat' dir='ltr'><strong>ejus</strong></span> <span class='ocrx_word' id='word_1_915' title='bbox 3629 5366 3733 5424; x_wconf 68' lang='lat' dir='ltr'><strong>ausi</strong></span> 
     </span>
    </p>
   </div>
   <div class='ocr_carea' id='block_1_116' title="bbox 2231 5456 3732 5542">
    <p class='ocr_par' dir='ltr' id='par_1_116' title="bbox 2231 5456 3732 5542">
     <span class='ocr_line' id='line_1_117' title="bbox 2231 5456 3732 5542; baseline -0.011 -19"><span class='ocrx_word' id='word_1_916' title='bbox 2231 5469 2365 5524; x_wconf 90' lang='lat' dir='ltr'><strong>lium</strong></span> <span class='ocrx_word' id='word_1_917' title='bbox 2397 5469 2618 5527; x_wconf 89' lang='lat' dir='ltr'><strong>veniens</strong></span> <span class='ocrx_word' id='word_1_918' title='bbox 2653 5469 2795 5538; x_wconf 88' lang='lat' dir='ltr'><strong>cepit</strong></span> <span class='ocrx_word' id='word_1_919' title='bbox 2819 5482 3140 5539; x_wconf 90' lang='lat' dir='ltr'><strong>comparare</strong></span> <span class='ocrx_word' id='word_1_920' title='bbox 3169 5471 3413 5542; x_wconf 85' lang='lat' dir='ltr'><strong>angelus,</strong></span> <span class='ocrx_word' id='word_1_921' title='bbox 3445 5468 3589 5537; x_wconf 88' lang='lat' dir='ltr'><strong>cujus</strong></span> <span class='ocrx_word' id='word_1_922' title='bbox 3611 5456 3732 5532; x_wconf 82' lang='lat' dir='ltr'><strong>placi-</strong></span> 
     </span>
    </p>
   </div>
   <div class='ocr_carea' id='block_1_117' title="bbox 2230 5545 3732 5632">
    <p class='ocr_par' dir='ltr' id='par_1_117' title="bbox 2230 5545 3732 5632">
     <span class='ocr_line' id='line_1_118' title="bbox 2230 5545 3732 5632; baseline -0.011 -18"><span class='ocrx_word' id='word_1_923' title='bbox 2230 5559 2470 5615; x_wconf 66' lang='lat' dir='ltr'><strong>dissima:</strong></span> <span class='ocrx_word' id='word_1_924' title='bbox 2508 5560 2811 5629; x_wconf 75' lang='lat' dir='ltr'><strong>prmsentiae</strong></span> <span class='ocrx_word' id='word_1_925' title='bbox 2836 5562 3022 5630; x_wconf 67' lang='lat' dir='ltr'><strong>gratia:</strong></span> <span class='ocrx_word' id='word_1_926' title='bbox 3066 5562 3355 5632; x_wconf 88' lang='lat' dir='ltr'><strong>resumptis</strong></span> <span class='ocrx_word' id='word_1_927' title='bbox 3383 5559 3575 5614; x_wconf 86' lang='lat' dir='ltr'><strong>viribus</strong></span> <span class='ocrx_word' id='word_1_928' title='bbox 3597 5545 3732 5608; x_wconf 64' lang='lat' dir='ltr'><strong>corvi-</strong></span> 
     </span>
    </p>
   </div>
   <div class='ocr_carea' id='block_1_118' title="bbox 2228 5639 3730 5724">
    <p class='ocr_par' dir='ltr' id='par_1_118' title="bbox 2228 5639 3730 5724">
     <span class='ocr_line' id='line_1_119' title="bbox 2228 5639 3730 5724; baseline -0.003 -17"><span class='ocrx_word' id='word_1_929' title='bbox 2228 5651 2331 5708; x_wconf 89' lang='lat' dir='ltr'><strong>ciis</strong></span> <span class='ocrx_word' id='word_1_930' title='bbox 2357 5652 2594 5722; x_wconf 88' lang='lat' dir='ltr'><strong>amplius</strong></span> <span class='ocrx_word' id='word_1_931' title='bbox 2616 5652 2922 5721; x_wconf 84' lang='lat' dir='ltr'><strong>insistebat,</strong></span> <span class='ocrx_word' id='word_1_932' title='bbox 2949 5653 3170 5724; x_wconf 87' lang='lat' dir='ltr'><strong>perﬁdis</strong></span> <span class='ocrx_word' id='word_1_933' title='bbox 3192 5653 3393 5709; x_wconf 89' lang='lat' dir='ltr'><strong>inimici</strong></span> <span class='ocrx_word' id='word_1_934' title='bbox 3418 5639 3730 5722; x_wconf 58' lang='lat' dir='ltr'><strong>praesumptiﬂ&#39;</strong></span> 
     </span>
    </p>
   </div>
   <div class='ocr_carea' id='block_1_119' title="bbox 2231 5730 3731 5816">
    <p class='ocr_par' dir='ltr' id='par_1_119' title="bbox 2231 5730 3731 5816">
     <span class='ocr_line' id='line_1_120' title="bbox 2231 5730 3731 5816; baseline -0.002 -18"><span class='ocrx_word' id='word_1_935' title='bbox 2231 5743 2395 5800; x_wconf 90' lang='lat' dir='ltr'><strong>nibus</strong></span> <span class='ocrx_word' id='word_1_936' title='bbox 2429 5743 2693 5800; x_wconf 89' lang='lat' dir='ltr'><strong>resistens</strong></span> <span class='ocrx_word' id='word_1_937' title='bbox 2730 5753 2787 5802; x_wconf 89' lang='lat' dir='ltr'><strong>et</strong></span> <span class='ocrx_word' id='word_1_938' title='bbox 2832 5745 3018 5803; x_wconf 88' lang='lat' dir='ltr'><strong>dicens</strong></span> <span class='ocrx_word' id='word_1_939' title='bbox 3051 5764 3064 5801; x_wconf 91' lang='lat'><strong>:</strong></span> <span class='ocrx_word' id='word_1_940' title='bbox 3107 5745 3151 5801; x_wconf 84' lang='grc' dir='ltr'><em>Ο</em></span> <span class='ocrx_word' id='word_1_941' title='bbox 3192 5744 3375 5816; x_wconf 49' lang='grc' dir='ltr'><strong>δαίσῃ,</strong></span> <span class='ocrx_word' id='word_1_942' title='bbox 3412 5741 3583 5807; x_wconf 82' lang='lat' dir='ltr'><strong>Satan,</strong></span> <span class='ocrx_word' id='word_1_943' title='bbox 3609 5730 3731 5789; x_wconf 60' lang='lat' dir='ltr'><strong>muli“</strong></span> 
     </span>
    </p>
   </div>
  </div>
