3834 6304
112 360 191 417 237
1266 349 1688 407 CHRONICON.
1720 381 1790 392 —
1817 351 1946 407 LIB.
1982 350 2044 407 Il.
2264 374 2269 377 -
3198 365 3303 420 23g

111 475 203 528 cito.
248 465 556 524 Etdieebat:
602 463 766 532 Quid,
806 465 1037 529 domine,
1088 466 1215 536 quid
1256 466 1453 536 facient
1499 474 1621 520 tunc
1650 468 1696 525 A
1723 468 1996 522 tormentis
2050 475 2101 521 et
2147 467 2372 522 vinculis
2422 467 2681 540 religavit.
2738 470 2877 527 Cum
2929 487 3057 530 mox
3111 475 3308 534 fratres

106 557 383 634 peccatores?
413 554 499 611 Vel
530 564 656 625 quot
708 564 909 610 restant
960 556 1108 622 anni,
1138 565 1196 609 ut
1235 565 1413 609 astare
1435 555 1621 610 debeat
1722 557 2016 613 missarum
2049 568 2389 614 sacramenta
2429 560 2728 628 exibentes,
2770 563 2961 633 spiritu
2984 565 3245 625 redeunte
3273 586 3305 624 a

109 669 228 708 novus
251 649 372 704 orbis
393 656 601 702 venturo
629 648 992 705 universorum
1013 647 1194 717 judici
1220 649 1245 702 .7
1272 646 1339 702 Et
1360 647 1617 717 angelus:
1723 664 1972 721 corpore,
2016 665 2118 706 suo
2163 652 2368 708 auxilio
2393 654 2624 709 missum
2671 655 2887 714 eminus
2938 658 3076 716 vidit
3120 663 3307 718 venire

110 744 276 807 Anima,
298 740 396 811 lege
421 739 686 809 sequentia
713 746 763 792 et
795 754 1047 809 cognosce
1075 739 1274 793 cunctis
1296 737 1619 792 intuentibus
1721 741 1974 813 angelum
1994 751 2051 797 et
2074 743 2318 799 clamans
2347 745 2521 799 dixit:
2592 728 2636 800 ό
2682 756 2860 803 sancte
2904 748 3137 807 Michael
3190 758 3306 809 veni

105 833 310 889 miranda.
353 831 416 885 At
453 831 542 886 illa
585 830 798 886 litteras
839 846 963 901 quae
1000 845 1263 886 numeros
1306 829 1621 901 exprimunt
1722 830 1952 899 domine,
1981 833 2117 897 veni,
2146 833 2293 886 testis
2327 843 2438 887 esto
2468 835 2620 902 mihi,
2659 836 2987 906 adjutorium
3013 850 3161 897 tuum
3194 844 3309 898 volo

102 927 264 993 videns,
296 922 377 979 sed
401 934 464 979 ex
482 918 567 977 eis
613 910 905 977 numerum
958 914 1203 993 redigere
1254 937 1365 978 non
1408 921 1617 987 valens,
1720 918 2044 974 adsanctum
2059 920 2380 987 Petrum;et
2398 940 2666 993 quareme,
2689 926 2917 995 domine,
2938 929 3265 1003 dereliquisti
3284 935 3311 987 .9

101 1031 238 1075 tamen
262 1015 375 1088 quia
414 1012 689 1070 modicum
722 1021 941 1085 tempus
970 1014 1040 1069 ad
1083 1014 1137 1068 id
1188 1029 1363 1085 usque
1390 1014 1621 1070 instaret
1719 1008 1823 1064 Cui
1870 1011 2136 1082 angelus:
2197 1010 2454 1067 Voluntas
2492 1014 2705 1069 Domini
2757 1017 2880 1087 fuit.
2931 1017 3080 1087 Veni,
3124 1038 3307 1077 eamus

99 1109 349 1167 intendebat
382 1106 605 1163 dicens:
654 1104 858 1171 Etiam,
902 1105 1136 1171 domine,
1173 1105 1331 1175 pauci
1379 1112 1521 1159 sunt.
1553 1102 1620 1158 Et
1723 1102 1793 1157 ad
1822 1112 2067 1158 sanctum
2100 1103 2343 1160 Petrum.
2378 1106 2450 1161 At
2479 1106 2567 1162 ille
2586 1108 2776 1166 videns
2800 1125 2949 1178 eum,
2977 1114 3307 1185 multiplices

99 1200 271 1271 angelus
297 1216 309 1252 :
331 1197 455 1251 Dico
481 1197 600 1265 tibi,
625 1212 729 1251 non
757 1201 835 1250 est
878 1194 1149 1266 amplius;
1181 1196 1271 1250 sed
1296 1196 1451 1250 hodie
1474 1213 1615 1251 reve-
1720 1192 2090 1267 ingeminabat
2110 1211 2302 1266 preces
2323 1196 2511 1253 dicens
2537 1216 2549 1251 ;
2598 1197 2642 1253 0
2674 1210 2852 1256 sancte
2886 1201 3065 1272 Petre,
3096 1206 3307 1261 miseri-

96 1292 223 1346 latunt
239 1290 412 1346 esttibi
434 1305 593 1362 quam
618 1289 676 1343 in
701 1287 842 1343 brevi
879 1288 951 1341 sit
988 1284 1146 1358 hujus
1183 1287 1349 1342 seculi
1378 1289 1525 1360 finis,
1555 1289 1618 1342 de
1719 1287 1976 1363 cordiam.
2007 1286 2066 1343 Si
2093 1289 2322 1343 dimittis
2373 1306 2472 1357 me,
2514 1291 2746 1362 domine,
2787 1294 3138 1352 stabilitatem
3166 1299 3309 1369 facio

96 1400 170 1454 quo
192 1400 277 1438 non
303 1382 395 1436 ulli
442 1391 721 1449 creatum,
772 1397 876 1434 non
919 1379 1141 1452 angelis,
1178 1380 1270 1435 sed
1321 1380 1486 1435 solius
1539 1390 1616 1455 est
1721 1380 1841 1447 tibi,
1870 1390 1919 1435 et
1940 1382 2193 1452 promitto
2213 1381 2344 1450 tibi,
2370 1400 2463 1453 per
2495 1382 2715 1439 Patrem
2743 1395 2792 1440 et
2826 1385 3030 1443 Filium
3050 1398 3099 1444 et
3127 1389 3308 1462 Spiri—

94 1477 195 1529 scire
228 1464 313 1529 Dei
331 1468 514 1546 patris.
564 1468 690 1541 Sed,
721 1473 925 1540 anima,
971 1472 1109 1539 veni,
1158 1488 1367 1544 sequere
1413 1489 1512 1528 me.
1551 1472 1616 1529 Et
1721 1479 1833 1524 tum
1869 1480 2134 1539 sanctum,
2180 1474 2308 1545 quia
2350 1475 2696 1544 penitentiam
2740 1493 2897 1548 agens
2932 1482 3139 1551 requiro
3172 1499 3313 1553 prte-

94 1566 252 1624 Exinde
293 1567 658 1639 procedentes,
697 1566 891 1638 angelo
944 1565 1094 1620 illam
1139 1574 1359 1621 tenente
1398 1574 1453 1621 et
1479 1580 1617 1637 prae-
1719 1563 1904 1637 sentite
1934 1565 2170 1634 corporis
2210 1565 2289 1618 tui
2338 1565 2572 1621 domum.
2611 1567 2895 1639 Angelus:
2930 1567 2993 1625 Si
3036 1572 3313 1629 emendare

66 1659 211 1724 .duce,
251 1667 500 1715 venerunt
531 1659 601 1715 ad
642 1664 900 1714 sanctum
936 1654 1180 1725 Petrum,
1207 1651 1436 1731 ejusque
1458 1666 1615 1728 pote-
1718 1650 1870 1709 dabis
1897 1656 1923 1708 Σ)
1956 1653 2046 1709 Vis
2080 1656 2219 1709 enim
2241 1655 2412 1710 dare?
2446 1655 2514 1711 Et
2542 1657 2669 1713 ille:
2717 1656 2868 1725 Volo,
2898 1657 3130 1726 domine,
3167 1662 3303 1718 volo.
3354 1714 3387 1733 _

80 1754 183 1806 ‘stati
199 1751 328 1805 illam
355 1751 579 1824 angelus
609 1743 843 1806 tradidit
869 1758 924 1807 et
959 1749 1206 1806 recessit.
1241 1748 1346 1817 Qui
1382 1748 1617 1806 vinculis
1652 1810 1691 1824 κ
1718 1734 1961 1821 Angelus
1998 1765 2012 1803 :
2055 1746 2125 1801 Et
2155 1748 2212 1803 in
2252 1747 2348 1802 hoc
2372 1748 2511 1819 quod
2553 1750 2848 1820 promisisti
2870 1760 3055 1807 sancto
3100 1752 3261 1809 Petro
3290 1756 3316 1810 ?

90 1858 177 1898 eam
199 1810 499 1916 alligansret
518 1843 741 1917 exigens
755 1834 997 1899 debitum
1025 1810 1313 1914 cujusdam
1334 1843 1447 1900 voti
1469 1843 1617 1913 quod
1652 1810 1694 1871 Β
1721 1810 1836 1897 Cui
1842 1841 1934 1896 ille
1956 1858 1974 1895 :
1995 1841 2239 1909 Domine,
2271 1859 2375 1897 non
2395 1843 2499 1913 fuit
2520 1852 2752 1914 potestas
2782 1861 2920 1914 mea,
2949 1845 3041 1901 sed
3065 1845 3312 1900 voluntas

88 1950 161 2004 pro
180 1935 358 1991 reddita
392 1936 626 1992 sanitate
646 1932 710 1991 in
752 1934 995 2007 ejusdem
1021 1934 1332 1991 festivitatis
1361 1936 1616 1991 anniver-
1719 1933 1899 1988 damni
1924 1932 2152 1989 abbatis.
2186 1933 2257 1987 Et
2303 1936 2350 1989 si
2370 1936 2649 1990 emendare
2685 1953 2791 1991 non
2827 1953 3061 2008 possum,
3110 1939 3318 1992 veniam

89 2026 199 2081 sario
223 2026 287 2081 illi
330 2027 535 2084 dudum
580 2028 800 2083 devovit
846 2036 901 2084 et
935 2043 1047 2083 non
1097 2028 1349 2095 reddidit,
1401 2029 1456 2083 in
1494 2028 1618 2084 loco
1719 2026 1803 2080 hic
1824 2027 2039 2093 iterum,
2067 2026 2303 2082 debitum
2335 2026 2568 2082 luiturus
2614 2028 2955 2099 supplicium,
2995 2038 3044 2084 et
3073 2046 3189 2084 ecce
3219 2029 3317 2084 tibi

86 2117 296 2186 ejusmodi
323 2120 611 2176 tormentis
645 2119 726 2176 sic
751 2120 991 2175 habilem
1020 2127 1081 2175 ut
1102 2119 1390 2191 puniretur
1411 2120 1614 2192 ligavit.
1710 2116 1838 2186 juro
1858 2133 1951 2189 per
1972 2116 2192 2174 Patrem
2215 2128 2267 2174 et
2293 2116 2498 2173 Filium
2531 2129 2581 2174 et
2628 2118 2893 2192 Spiritum
2936 2128 3200 2189 sanctum,
3232 2122 3313 2176 sic

88 2208 172 2266 lloc
190 2213 413 2283 equidem
441 2213 601 2269 multi
632 2212 881 2284 ejusdem
917 2213 1024 2282 loci
1048 2211 1241 2269 incolae
1265 2204 1424 2288 cujus
1453 2221 1508 2269 et
1529 2213 1620 2269 hic
1720 2224 1801 2263 me
1856 2213 2036 2265 omnia
2077 2211 2478 2282 completurum.
2529 2210 2646 2269 Hoc
2668 2213 2741 2269 ita
2786 2214 3022 2285 expleto,
3056 2216 3315 2281 ,educens

85 2301 212 2360 frater
231 2306 345 2361 olim
380 2302 683 2363 canonicus
730 2302 834 2362 fuit
878 2302 1168 2373 noverunt,
1215 2306 1362 2377 quad
1396 2305 1619 2362 biennio
1720 2302 1870 2357 illam
1899 2304 2125 2375 angelus
2153 2304 2230 2359 ait
2259 2323 2271 2359 ε
2299 2303 2517 2373 Anima,
2554 2307 2684 2362 vade
2706 2307 2760 2362 in
2785 2325 2935 2379 pace.

86 2404 323 2466 transacto,
376 2416 505 2455 cum
561 2399 704 2471 apud
758 2400 1113 2471 semetipsum
1163 2400 1232 2456 de
1284 2386 1462 2457 salute
1519 2416 1618 2457 sua
1797 2413 1816 2445 ι
1846 2393 1948 2449 His
1967 2394 2049 2449 ita
2069 2396 2258 2466 finitis,
2281 2413 2402 2451 cum
2430 2398 2610 2453 eodem
2631 2400 2782 2455 verbo
2807 2400 2988 2471 affuit,
3015 2408 3067 2456 et
3090 2403 3228 2457 sicut
3256 2419 3316 2458 eo

82 2487 292 2547 sollicitus
338 2500 391 2547 et
439 2492 580 2559 vita,
634 2492 808 2548 multa
856 2492 1055 2549 anxius
1112 2501 1297 2565 ageret
1342 2492 1619 2565 quomodo
1720 2485 1996 2557 ignorante
2018 2487 2420 2558 scripseramus,
2444 2490 2524 2544 ita
2558 2490 2650 2546 hec
2680 2495 2864 2547 eadem
2906 2508 2966 2548 eo
3011 2494 3127 2564 ipso
3173 2503 3320 2564 post-

84 2582 293 2640 mundum
318 2584 493 2642 exiret
539 2594 595 2642 et
632 2600 693 2641 se
743 2585 846 2643 soli
894 2585 1006 2642 Deo
1040 2586 1287 2643 victurus
1330 2587 1578 2659 alligaret

1721 2576 1935 2631 modum
1972 2577 2228 2648 referente
2274 2588 2489 2651 scriptis
2514 2581 2877 2652 [firmavimus
2916 2582 3104 2639 Amen.
3149 2604 3168 2635 ι

82 2672 154 2729 hac
186 2677 443 2736 voluntate
478 2688 768 2751 permotus
816 2679 998 2734 virum
1035 2678 1131 2735 Dei
1164 2680 1222 2734 in
1264 2677 1387 2735 loco
1428 2680 1619 2735 eodem
1793 2665 1932 2737 (FOI-
1967 2667 2082 2740 8εει)
2119 2668 2280 2726 Anno
2331 2684 2551 2741 quoque
2602 2671 2818 2740 θοάθων
2848 2673 2905 2728 id
2945 2683 3030 2730 εει
3077 2675 3149 2730 ab
3204 2676 3315 2733 ineo

82 2765 195 2833 adiit,
231 2778 345 2825 vota
374 2770 631 2828 conferre
680 2787 793 2827 non
823 2770 1057 2837 distulit,
1103 2779 1297 2842 petens
1333 2770 1455 2842 ejus
1482 2786 1618 2827 con-
1722 2759 1877 2816 Dom-
1907 2759 2067 2829 10”:
2091 2762 2377 2835 ι’θὲίωίηίδ
2406 2772 2590 2819 διαί-ειη
2633 2764 2757 2836 eius
2807 2781 2860 2821 ³ο
2914 2765 2965 2821 ⁷·
3024 2765 3320 2825 Ηθίῐπίοιιδ

80 2857 184 2924 silio,
206 2864 413 2919 conscio
439 2872 500 2921 et
527 2872 664 2920 teste
690 2879 878 2920 coram
919 2861 1030 2920 Deo
1061 2879 1119 2919 se
1146 2864 1361 2919 laneam
1394 2879 1504 2918 non
1535 2863 1622 2918 iu-
1722 2869 1868 2909 anno
1900 2854 2058 2926 regni
2088 2854 2175 2911 sui
2207 2855 2240 2910 9
2268 2870 2302 2911 a
2322 2852 2618 2914 Benedicto
2646 2872 2789 2928 papa
2837 2858 2892 2913 in
2934 2858 3321 2930 imperatorem

80 2947 165 3015 (lui,
186 2955 424 3012 carnibus
446 2970 565 3011 non
592 2955 763 3022 vesci,
790 2964 845 3010 et
869 2955 938 3011 ab
963 2954 1169 3012 illicitis
1195 2956 1382 3010 mundi
1407 2955 1594 3012 deside

1806 2954 2005 3003 )motus
2044 2959 2149 3003 εει.
2208 2944 2370 3021 [Rom
2397 2947 2562 3003 GLAB.
2594 2965 2656 3004 ill
2684 2948 2850 3022 prol.]
2909 2949 2978 3007 Et
3022 2967 3154 3007 cum
3204 2951 3320 3024 jam

76 3038 150 3095 riis
171 3044 365 3112 peritus
406 3046 699 3112 abstineri,
731 3045 895 3118 idque
933 3046 1080 3103 beati
1131 3044 1271 3102 Petri
1304 3046 1621 3103 testimonio
1723 3036 2210 3113 Langobardorum
2232 3040 2569 3097 instabilitas
2590 3040 2895 3098 Arduinum
2917 3036 3195 3115 quendam
3212 3046 3319 3103 sibi

78 3129 271 3204 ﬁrmari;
299 3139 456 3210 cujus
475 3138 766 3195 memoriae
790 3146 846 3194 et
871 3138 1211 3194 venerationi
1239 3154 1480 3210 praesens
1505 3138 1622 3195 dies
1649 3165 1691 3223 ρ
1722 3148 1904 3205 regem
1934 3132 2335 3199 constituisset.
2362 3133 2600 3189 ιδιηάοω
2630 3149 2740 3190 ηοη
2779 3135 2901 3191 Sine
2949 3152 3148 3207 ωθεηει
3187 3153 3323 3194 δυο*

77 3225 142 3282 ille
171 3239 347 3298 priesto
389 3240 514 3289 erat
538 3231 644 3304 agi.
693 3229 852 3298 Quod
904 3238 959 3287 et
1010 3229 1215 3286 factum
1264 3231 1322 3286 in
1369 3231 1623 3303 praesenti
1726 3243 1850 3282 rum
1879 3226 2012 3283 cede
2040 3226 2332 3284 subdidere
2354 3242 2414 3283 se
2441 3227 2513 3294 ei,
2555 3237 2609 3283 et
2653 3228 2736 3283 sic
2778 3228 3069 3287 Heiurieus
3096 3230 3324 3303 Papiam

77 3319 251 3386 quidem
274 3331 373 3391 est,
423 3323 529 3381 sed
564 3324 918 3395 postmodum
960 3311 1247 3394 juventute
1288 3323 1543 3380 illiciente
1572 3332 1625 3380 et
1722 3319 1971 3385 veniens,
2001 3320 2070 3375 ab
2097 3320 2179 3376 eis
2210 3319 2338 3374 miri
2369 3319 2550 3390 operis
2602 3320 2866 3391 palatium
2913 3322 3020 3378 sibi
3073 3323 3321 3380 construi

74 3409 293 3491 illecebris
319 3426 639 3482 revocatus,
687 3425 909 3487 paetum
941 3416 1074 3472 illud
1103 3425 1279 3473 totum
1315 3416 1623 3489 abnegavit.
1725 3411 1869 3467 fecit.
1911 3410 2012 3468 Hic
2039 3412 2203 3468 etiam
2249 3411 2380 3468 fecit
2414 3412 2692 3469 civitatem
2746 3412 3236 3485 Bavebergensem,
3267 3425 3324 3473 et

76 3500 157 3558 Sed
178 3520 276 3562 non
308 3508 462 3566 illum
493 3509 678 3565 adhuc
703 3509 888 3565 divina
910 3508 1286 3566 misericordia
1313 3509 1621 3580 dereliquit.
1724 3504 2013 3560 ecclesiam
2042 3520 2073 3561 a
2100 3505 2395 3561 Benedicto
2427 3521 2567 3578 papa
2589 3506 2833 3563 dedicari
2875 3508 3132 3578 optinuit,
3175 3510 3326 3580 ejus-

74 3590 231 3653 lterum
269 3586 552 3659 remeante
588 3601 735 3658 beati
772 3582 922 3658 Peiri
968 3600 1262 3658 festivitate
1292 3601 1348 3657 in
1384 3602 1625 3657 maxima
1726 3613 1833 3668 que
1857 3596 2184 3654 auctoritate
2211 3598 2529 3670 episcopum
2556 3598 2633 3654 ibi
2659 3600 2964 3656 constituit.
3003 3599 3137 3657 Erat
3170 3602 3321 3658 enim

73 3685 402 3758 desperatione
446 3695 581 3751 vita;
637 3693 954 3753 debilitatus
1006 3702 1093 3751 est
1130 3694 1465 3751 inﬁrmitate.
1519 3693 1627 3751 Sed
1725 3705 1854 3746 vere
1874 3690 2213 3756 catholicus,
2237 3700 2291 3746 et
2312 3686 2595 3763 religionis
2617 3699 2829 3749 amator
2854 3694 3186 3765 praecipuus.
3209 3694 3325 3752 Ad-

73 3791 226 3839 rursus
252 3785 406 3843 beato
446 3787 619 3844 Petro
668 3788 815 3859 quod
847 3786 1039 3842 limina
1075 3786 1197 3858 ejus
1243 3787 1493 3843 visitaret
1531 3802 1627 3843 vo—
1728 3782 1954 3837 herebat
1980 3783 2289 3840 moralibus
2320 3783 2603 3841 seniorum
2655 3786 2923 3853 consiliis,
2958 3800 3192 3857 quorum
3221 3803 3315 3859 puo

72 3877 160 3928 tum
180 3875 393 3948 faciens,
427 3891 793 3952 recuperatus
822 3887 909 3936 est
933 3880 1175 3948 sanitati,
1211 3889 1266 3938 et
1298 3880 1403 3937 hoc
1429 3880 1625 3936 iterum
1726 3872 1890 3930 ritate
1915 3883 1969 3931 et
1994 3876 2172 3931 nitore
2208 3876 2442 3933 florebat
2487 3875 2867 3950 Lotharingia,
2915 3879 3329 3938 illuminabatur

72 3976 156 4020 non
185 3968 434 4043 implevit,
493 3982 806 4045 praeventus
856 3972 1067 4028 scilicet
1105 3970 1202 4028 Dei
1254 3972 1624 4039 miseratione,
1730 3966 1993 4046 Saxonia,
2024 3967 2364 4040 dirigebatur
2395 3967 2595 4025 Suevia
2642 3977 2698 4025 et
2737 3970 3081 4028 Alemannia.
3114 3972 3325 4040 Quam-

72 4069 165 4123 que.
183 4059 317 4119 hunc
336 4065 405 4122 ad
442 4065 771 4122 monasticae
795 4064 922 4120 vita:
941 4065 1196 4136 perduxit
1214 4063 1626 4136 perfectionem,
1728 4062 1915 4117 obrem
1947 4061 2051 4118 sub
2076 4061 2197 4132 ejus
2226 4061 2457 4134 imperio
2493 4061 2644 4119 salus
2681 4061 2783 4118 fuit
2807 4065 3014 4120 mundo
3040 4073 3096 4121 et
3126 4065 3322 4137 gloria.

71 4161 253 4209 suarum
274 4157 344 4212 ob
377 4156 1007 4230 hujusmodiconseiam
1029 4159 1318 4214 veritatem
1343 4159 1629 4230 culparum
1728 4153 1874 4211 Inter
1898 4169 2039 4226 quos
2084 4154 2321 4211 habebat
2367 4155 2713 4226 gratissimos
2762 4152 3049 4213 0dilonem
3101 4157 3327 4215 Clunia-

69 4254 153 4297 non
178 4245 487 4318 immemor,
536 4266 701 4308 voces
747 4251 1003 4307 attollens
1039 4250 1093 4305 in
1134 4248 1372 4317 ﬂetibus,
1414 4260 1469 4306 et
1507 4267 1631 4321 spe-
1728 4247 1911 4327 censis
1947 4246 2210 4303 azcclesiaa
2231 4256 2441 4318 patrem
2472 4247 2809 4319 piissimum,
2843 4242 3326 4305 Willelmum‘Di-

70 4345 171 4391 rans
189 4343 705 4415 quomodocumque
731 4343 837 4400 sibi
858 4342 1207 4401 commodum
1226 4343 1342 4401 fore
1368 4344 1417 4402 si
1442 4361 1630 4401 emen-
1728 4339 2010 4395 vionensis
2053 4340 2316 4397 aecclesiae
2364 4349 2635 4396 rectorem
2696 4349 3004 4409 strenuum,
3061 4342 3328 4414 religione

67 4422 300 4488 (lationem
344 4436 718 4506 promitteret,
770 4436 1077 4492 clamabat:
1128 4436 1173 4493 0
1213 4447 1394 4494 sancte
1449 4436 1627 4508 Petre,
1731 4430 2271 4502 prmstantissimum,
2296 4432 2391 4503 qui
2417 4432 2521 4488 etsi
2548 4447 2656 4487 non
2684 4440 2842 4488 erant
2873 4433 2940 4489 de
2969 4448 3140 4506 regno
3181 4434 3322 4505 ejus,

69 4530 160 4573 mea
181 4523 329 4596 culpa
356 4543 551 4583 coram
583 4537 631 4584 te
649 4527 713 4583 de
740 4529 970 4599 peccatis
1000 4529 1129 4583 meis
1150 4548 1169 4596 ;
1190 4530 1427 4598 emendo,
1453 4531 1622 4585 domi-
1658 4534 1702 4590 D
1730 4531 1911 4579 tamen
1943 4521 2282 4578 in‘amicitiis
2316 4523 2367 4578 ei
2384 4520 2777 4595 jungebantur,
2801 4533 2854 4583 et
2882 4541 3075 4583 eorum
3114 4527 3324 4582 oratio-

64 4620 328 4673 ue;sancte
364 4618 557 4687 Petre,
598 4620 1050 4687 misericordiam;
1088 4621 1320 4690 domine,
1366 4623 1628 4678 emendo!
1733 4615 1895 4671 nibus
1924 4614 2076 4686 regni
2104 4615 2329 4687 negocia
2356 4616 2414 4671 in
2442 4632 2577 4687 pace
2594 4618 3118 4676 traetabantur.Nec
3137 4619 3326 4675 deerat

69 4696 195 4758 Nulli
227 4707 511 4766 hominum
552 4711 617 4766 de
643 4713 990 4783 promissione
1027 4721 1078 4767 et
1112 4712 1297 4769 salute
1340 4715 1494 4770 credo
1526 4716 1583 4771 ni

1808 4707 2088 4763 niliaritati
2111 4707 2231 4779 ejus
2284 4705 2588 4767 Pandulfus
2641 4710 3005 4782 Agaunensis,
3051 4711 3138 4766 vir
3188 4710 3322 4780 vita,

65 4792 144 4845 soli
164 4794 428 4866 Domino;
462 4801 712 4869 Domine,
744 4802 1004 4869 emendo;
1035 4811 1084 4857 et
1109 4820 1139 4857 ο
1164 4814 1346 4860 sancte
1376 4805 1627 4874 Michael,
1733 4800 2002 4867 moribus,
2054 4801 2337 4873 religione,
2394 4803 2682 4859 sanctitate
2733 4803 3143 4870 celeberrimus,
3192 4819 3321 4860 cum

66 4898 198 4949 quare
235 4907 315 4945 me
367 4892 710 4965 dereliquisti
736 4895 763 4949 3
805 4893 1027 4948 Pastor
1056 4895 1205 4962 bone,
1236 4904 1418 4951 sancte
1452 4896 1626 4965 Petre,
1731 4905 1859 4948 eum
1904 4889 2108 4947 faceret
2161 4894 2650 4955 commendabilem
2696 4893 2814 4966 regi
2863 4900 2919 4950 et
2965 4894 3322 4965 optimatibus

63 4988 145 5029 non
189 4980 393 5038 diutius
445 5001 667 5056 possum
710 4984 912 5039 malum
944 4984 1041 5039 hoc
1097 4987 1374 5042 sustinere.
1437 4985 1633 5044 Sancte
1734 4983 1880 5039 fama
1904 4984 2125 5040 virtutis
2162 4985 2303 5056 ejus.
2331 4985 2402 5040 At
2427 5001 2559 5043 vero
2583 4987 2652 5043 de
2679 5001 2851 5059 regno
2878 4986 3001 5058 ejus
3025 4989 3135 5046 fere
3158 4998 3323 5061 quot-

69 5062 213 5137 Petre,
233 5075 342 5129 scio
366 5078 505 5148 quia
535 5075 680 5130 mala
706 5077 809 5148 fuit
844 5077 1099 5149 cogitatio
1124 5095 1280 5144 mea;
1310 5086 1487 5134 tamen
1513 5080 1630 5134 dixi
1734 5086 1870 5148 (μοι
1900 5085 2058 5132 erant
2087 5077 2373 5149 pontiﬁces
2415 5088 2470 5134 et
2518 5079 2683 5149 primi
2721 5079 3114 5148 mcclesiarum,
3140 5089 3223 5138 tot
3273 5083 3323 5138 ei

61 5168 97 5209 ﬂ
120 5167 374 5235 confessus
398 5185 526 5223 sum
548 5170 725 5223 omnia
755 5170 946 5223 domno
970 5168 1169 5225 abbati.
1733 5180 1891 5226 erant
1919 5172 2269 5228 incitamenta
2296 5172 2584 5241 virtutum,
2615 5189 2741 5230 cum
2769 5175 2887 5246 ipse
2906 5175 3112 5233 eisdem
3138 5178 3324 5233 muni-

123 5271 139 5300 «
170 5253 278 5312 lloc
312 5257 490 5324 dicto,
527 5267 785 5330 operante
812 5260 996 5315 divina
1027 5261 1225 5316 virtute
1251 5269 1305 5316 et
1335 5258 1508 5333 gratia
1531 5262 1628 5317 de-
1734 5270 1904 5330 retur,
1932 5271 1986 5319 et
2006 5264 2110 5336 ipsi
2143 5264 2260 5321 vice
2287 5280 2447 5322 versa
2480 5266 2602 5338 ejus
2629 5270 2955 5327 auctoritate
2996 5271 3069 5327 ab
3116 5270 3322 5327 illicitis

60 5356 148 5397 nae
168 5348 390 5417 spiritus
416 5351 493 5405 ad
517 5367 718 5422 corpus
744 5352 925 5419 rediit,
955 5351 1223 5422 nobisque
1243 5351 1553 5409 videntibus
1574 5354 1629 5409 in
1733 5355 2160 5426 reprimerentur
2185 5365 2241 5412 et
2264 5358 2333 5414 ad
2358 5357 2679 5429 perfectiora
2706 5372 3154 5432 provocarentur.
3179 5362 3326 5420 Inter

60 5446 162 5489 eum
184 5439 419 5498 viventis
448 5444 695 5500 hominis
724 5444 910 5499 vultus
930 5443 1249 5511 resedit,~ac
1277 5460 1404 5499 mox
1428 5461 1631 5503 vocans
1731 5461 1873 5518 quos
1918 5448 2065 5503 hunc
2112 5457 2323 5520 patrem
2364 5460 2614 5507 nostrum
2673 5454 2910 5510 habebat
2944 5454 3321 5521 karissimum,

57 5522 226 5617 fratres
250 5550 397 5605 quos
427 5535 649 5591 viderat
674 5551 799 5592 esse
835 5542 1138 5607 presentes,
1169 5536 1490 5607 colloquens
1511 5539 1587 5594 ait
1614 5558 1627 5593 :
1730 5538 1871 5594 inter
1904 5539 2205 5611 praecipuos
2226 5543 2524 5615 egregium,
2552 5545 2752 5615 pietate
2778 5546 3201 5617 pmdicabﬂem,
3225 5562 3320 5602 re-

60 5616 385 5681 Dilectissimi
432 5629 632 5698 fratres
664 5629 766 5683 mei
794 5639 845 5683 et
880 5628 1106 5695 domini,
1143 5629 1463 5683 miseremini
1486 5632 1630 5693 mei;
1727 5629 1930 5701 ligione
1968 5633 2486 5703 commendabilem;
2518 5652 2679 5706 quem
2710 5616 2862 5693 tanta
2899 5637 3044 5695 Deus
3080 5638 3321 5695 donave-

49 5726 181 5776 orate
212 5735 307 5787 pro
356 5737 470 5787 me,
522 5722 644 5790 quia
667 5722 819 5776 beato
858 5720 1020 5775 Petro
1044 5728 1260 5775 sanctus
1293 5719 1521 5776 Michael
1553 5740 1631 5777 me
1729 5729 1816 5774 rat
1847 5722 2094 5777 omnium
2124 5725 2318 5796 gratia,
2343 5736 2403 5782 ut
2446 5742 2477 5782 a
2515 5728 2789 5799 plerisque
2833 5745 2933 5799 pro
2977 5730 3167 5785 inclita
3216 5731 3326 5788 sibi

60 5807 281 5871 tradidit,
327 5820 379 5866 et
404 5813 456 5867 is
512 5811 621 5868 solo
650 5830 729 5867 me
766 5813 948 5868 relicto
990 5813 1046 5866 in
1089 5811 1203 5866 loco
1226 5812 1365 5867 sicut
1419 5814 1631 5868 cernitis
1726 5810 2061 5885 benignitate
2090 5816 2321 5889 vitaeque
2356 5828 2410 5875 et
2444 5820 2717 5876 sermonis
2746 5820 3058 5892 acceptione
3105 5829 3160 5877 et
3203 5834 3319 5878 non
