3834 6304
528 399 634 457 259

1406 384 1417 389 ’
1522 379 1826 439 HUGONIS
1862 377 2154 434 ABBATIS
2192 375 2764 433 FLAVINIACENSIS
2818 368 2833 379 “

3642 384 3716 442 9,ιο

532 512 726 577 atl‘ecta
750 506 1018 582 elegantia
1057 506 1152 561 sed
1186 501 1411 573 inpensa
1445 480 1619 570 gratia
1667 496 1774 553 hoc
1823 503 2113 551 vocaretur
2142 502 2186 559 Α
2215 493 2425 561 ralitas,
2455 508 2647 549 verum
2669 490 2933 547 Masinelli
2962 500 3186 562 pontem
3210 488 3380 547 eidem
3403 495 3718 562 contulit,mer-
3772 504 3775 511 ‘

534 602 848 678 agnomine,
876 599 1124 656 videlicet
1152 592 1458 650 Richardus
1485 590 1674 646 Gratia
1710 587 1828 656 Dei,
1873 587 2017 643 sicut
2067 595 2121 643 et

535 704 760 755 sanctus
780 693 940 750 Odilo
964 692 1034 748 ab
1054 687 1293 761 ingenita
1321 685 1522 757 pietate
1548 682 1701 751 Pius,
1722 692 1778 739 et
1811 680 2121 737 Willelmus

538 805 571 845 a
592 789 774 861 rigore
801 781 1144 842 ferventioris
1180 776 1447 850 propositi
1489 775 1668 847 Supra
1708 776 1899 847 regula
1945 774 2123 830 dictus

536 886 640 936 est.
664 877 794 933 Erat
823 882 877 932 et
910 873 964 928 in
1002 870 1275 942 regalibus
1326 866 1571 939 negociis
1622 865 2019 938 pertractandis
2071 872 2125 920 et

537 964 888 1040 disponendis
931 960 1248 1019 con‘sodalis
1290 959 1411 1030 ejus
1455 958 1692 1014 domnus
1748 955 2126 1012 Ermenfridus

540 1053 902 1115 Virdunensis
935 1050 1195 1108 aecclesize
1218 1049 1540 1116 canonicus,
1564 1047 1724 1118 cujus
1762 1047 1872 1102 vita
1904 1056 2125 1102 actutmt

536 1150 659 1206 luce
677 1146 810 1202 satis
838 1160 898 1200 se
918 1144 1036 1215 ipsa
1073 1137 1441 1198 commendat.
1489 1139 1688 1196 Felicia
1718 1147 1850 1195 tunc
1882 1148 2126 1209 tempora

538 1238 900 1296 Virdunensis
928 1236 1211 1302 aecclesize,
1251 1233 1417 1291 tantis
1442 1234 1546 1289 sub
1577 1232 1840 1288 Heimone
1874 1233 2129 1303 episcopo

536 1331 811 1403 insignitae
837 1329 1122 1401 personis,
1179 1336 1241 1382 ut
1293 1341 1467 1397 usque
1513 1322 1579 1380 in’
1621 1325 1946 1381 hodiernum
1985 1324 2130 1381 diem

537 1433 761 1480 actuum
814 1423 1036 1479 illorum
1079 1419 1337 1476 'claritate
1381 1418 1742 1489 resplendeat,
1792 1417 2129 1489 quae-etiam

536 1525 690 1572 tanta
719 1516 810 1584 sit,
840 1523 901 1570 ut
940 1514 1089 1569 nulla
1123 1520 1391 1568 vetustate
1427 1511 1726 1567 oblitterari
1770 1511 1963 1566 valeat.
2019 1509 2134 1566 Sub

525 1613 606 1680 ,eo
630 1607 778 1664 enim
812 1606 1041 1662 Amicus
1069 1605 1394 1677 praepositus
1417 1603 1721 1659 tecclesiam
1755 1613 1958 1660 sancta:
1990 1603 2133 1659 Cru-

544 1701 627 1757 eis
658 1699 987 1765 construxit,
1030 1697 1185 1753 Dudo
1231 1696 1557 1768 praepositus
1610 1697 1917 1753 aecclesiam
1959 1692 2133 1752 sancti

541 1788 844 1857 Laurentii,
869 1789 1249 1847 Ermenfridus
1273 1788 1560 1861 prafectus
1597 1788 1902 1844 aecclesiam
1934 1796 2137 1844 sanctae
2176 1850 2180 1857 ,

2222 593 2513 655 catumque
2538 585 2592 639 in
2618 583 2882 639 suburbio
2924 584 3022 654 qui
3066 584 3242 641 cidem
3304 588 3531 645 coenobio
3569 591 3719 661 adiacet

2222 677 2534 734 habendum
2556 678 2857 745 constituit,
2877 688 2929 733 et
2952 693 3172 733 murum
3200 678 3254 733 in
3281 679 3495 736 circuitu
3517 696 3723 743 monaste-

2223 770 2290 824 rii
2320 786 2386 827 ex
2417 786 2519 827 suo
2549 771 2796 826 construi
2828 770 2973 826 fecit.
3017 768 3156 842 (Fol.
3201 771 3334 843 811'.)
3391 771 3662 846 Exactisque
3685 778 3722 834 in

2223 864 2539 934 episcopatu
2570 862 2638 919 36
2664 863 2844 931 annis,
2874 863 3013 919 obiit
3044 860 3081 918 2
3132 862 3249 918 Kal.
3298 863 3439 933 Maii,
3486 881 3606 921 anno
3649 868 3721 924 inc.

2225 955 2381 1011 Dom.
2418 956 2559 1011 1024
2585 967 2638 1012 et
2664 957 2909 1027 sepultus
2947 964 3031 1012 est
3075 956 3130 1010 in
3179 957 3422 1012 aecclesia
3472 974 3611 1029 quam
3649 960 3726 1031 ipse

2227 1049 2535 1104 construxit
2570 1049 2754 1120 (Gesta
2791 1047 2987 1121 Vird.).
3032 1048 3099 1104 Et
3126 1050 3391 1106 successit
3415 1049 3465 1105 in
3488 1049 3726 1123 episcopatu

2228 1138 2579 1208 Rambertus,
2604 1142 2697 1212 qui
2742 1140 3058 1212 szepcfatum
3090 1150 3301 1212 patrem
3327 1158 3431 1197 non
3456 1142 3626 1199 minori
3640 1144 3727 1200 affe-

2229 1240 2319 1288 ctu
2349 1233 2536 1300 coluit,
2564 1233 2732 1288 immo
2759 1233 3104 1289 devotionem
3127 1249 3158 1288 a
3195 1233 3642 1305 praedecessoribus
3668 1235 3730 1290 iui

2230 1326 2422 1381 tiatam
2452 1335 2507 1382 et
2527 1326 2595 1382 ad
2620 1342 2678 1383 se
2699 1342 2875 1399 usque
2899 1325 3198 1382 derivatam
3221 1327 3311 1399 pia
3335 1322 3485 1384 bona:
3514 1328 3732 1384 voluntatis

2231 1419 2516 1477 all‘ectione
2537 1420 2708 1487 auxit,
2733 1419 2985 1491 provexit
3009 1429 3063 1475 et
3085 1419 3328 1476 sustulit.
3361 1417 3549 1477 Verum
3582 1436 3663 1475 non
3689 1421 3732 1475 ab

2231 1524 2292 1566 re
2318 1510 2553 1578 videtur,
2578 1511 2623 1565 si
2655 1525 2782 1565 cum
2804 1501 2924 1581 ejus
2956 1505 3357 1577 familiares,’et
3388 1509 3527 1582 regni
3558 1510 3734 1581 gloriam,

2232 1620 2356 1676 quae
2384 1604 2487 1660 sub
2519 1603 2641 1675 ipso
2662 1612 2800 1674 erat,
2824 1605 3113 1671 miramur,
3137 1603 3300 1660 etiam
3335 1604 3457 1674 quis
3477 1603 3735 1674 imperatoris

2233 1697 2360 1754 vita:
2378 1697 2555 1754 exitus
2583 1696 2749 1755 fuerit
2786 1697 3118 1753 intueamur.
3169 1695 3352 1773 [Rom
3391 1694 3542 1752 Cum.
3578 1712 3645 1765 ιιι,
3675 1692 3736 1765 1.}

2236 1788 2503 1861 Tempore
2528 1789 2715 1861 itaque
2738 1788 2860 1860 ejus
2897 1804 2993 1844 rex
3027 1786 3343 1861 Ungrorum
3377 1802 3496 1843 cum
3528 1796 3653 1859 gente
3674 1802 3735 1840 sua

541 1881 729 1939 Maria:
752 1882 1102 1955 blagdalenre,
1126 1890 1182 1937 et
1226 1882 1283 1937 in
1329 1897 1394 1938 ea
1447 1880 1840 1936 canonicorum
1893 1890 2131 1936 turmam
2166 1877 2208 1932 Β
2235 1881 2583 1939 Christianus
2609 1880 2787 1937 factus
2816 1890 2920 1937 est.
2946 1880 3049 1937 Cui
3073 1880 3239 1936 etiam
3263 1880 3531 1951 Stephano
3560 1880 3604 1934 in
3620 1878 3736 1949 bapti-
3796 1862 3797 1869 ‘

544 1974 878 2046 aggregavit,
918 1974 1121 2045 quibus
1160 1973 1367 2030 victum
1409 1988 1473 2029 ex
1521 1971 1690 2044 regali
1738 1971 2029 2044 largitione
2083 1981 2139 2028 et

541 2080 829 2136 procerum
851 2065 1142 2122 traditione
1173 2064 1504 2122 sullicienter
1533 2063 1801 2135 providit;
1838 2073 1892 2121 et
1913 2080 2133 2147 veneraf

541 2157 671 2213 bilis
712 2154 1026 2213 Richardus
1069 2157 1470 2214 monasterium
1525 2164 1842 2213 sanctorum
1890 2154 2036 2213 Petri
2085 2164 2140 2213 et

446 2272 459 2291 κ
541 2245 697 2302 Pauli
717 2255 773 2303 et
797 2246 1149 2304 beatitVitoni
1178 2246 1514 2304 confessoris
1539 2263 1570 2303 a
1599 2247 1973 2304 fundamentis
2016 2263 2138 2304 ere-

544 2348 695 2396 ctum
716 2347 868 2394 tanta
898 2339 952 2394 in
979 2347 1261 2410 posterum
1302 2338 1720 2409 possessionum
1761 2348 1815 2394 et
1860 2338 2142 2411 religionis

542 2430 670 2486 dote
688 2426 902 2499 ditavit,
926 2436 1077 2485 tanta
1103 2429 1344 2500 reliquas
1376 2428 1651 2486 azcclesias
1688 2430 1939 2486 claritate
1985 2428 2142 2485 dota-

542 2524 642 2591 vit,
670 2532 733 2580 ut
754 2524 955 2580 merito
988 2533 1146 2595 pater
1172 2524 1348 2592 urbis,
1374 2523 1467 2579 lux
1496 2525 1708 2596 patriae,
1744 2525 1912 2581 decus
1953 2525 2143 2581 :eccle-

546 2612 643 2670 siae
670 2613 863 2671 debeat
890 2615 1185 2671 nominari.
1210 2613 1334 2671 Vita
1355 2615 1501 2672 enim
1532 2616 1653 2688 ejus
1681 2617 1948 2674 mirabilis
1976 2617 2141 2674 vitam

550 2704 850 2763 multorum
873 2707 1177 2764 mirabilem
1204 2707 1471 2777 reddidit;
1499 2710 1844 2767 conversatio
1865 2710 1985 2782 ejus
2015 2726 2141 2782 spc-

543 2798 760 2856 ctabilis
784 2800 967 2870 plures
996 2800 1136 2857 alios
1159 2800 1486 2872 spectabiles
1509 2801 1672 2859 bonis
1699 2803 1958 2874 operibus
1980 2803 2143 2859 insti-

547 2894 674 2950 tuit.

2239 1983 2413 2031 smate
2449 1974 2597 2032 dicto
2623 1957 2940 2047 germanam
2970 1989 3125 2030 suam
3151 1989 3383 2029 uxorem
3411 1971 3562 2039 dedit,
3596 1981 3638 2027 et
3667 1972 3738 2041 ipse
3796 2006 3797 2029 ξ

2241 2083 2386 2124 anno
2412 2067 2665 2140 sequenti
2704 2066 3024 2123 infirmitate
3069 2066 3496 2139 ingravescente,
3534 2063 3639 2136 quia
3667 2070 3739 2118 erat

2236 2162 2450 2234 absque
2478 2161 2628 2229 filiis,
2656 2160 2850 2218 videns
2871 2160 3001 2232 quia
3020 2158 3093 2216 ad
3124 2159 3279 2232 regni
3304 2157 3567 2231 fastigium
3590 2154 3738 2228 plurimi
3796 2152 3797 2155 “

2240 2256 2408 2313 duces
2430 2264 2485 2312 et
2512 2255 2742 2313 comites
2779 2255 3127 2326 aspirabant,
3160 2252 3327 2324 elegit
3381 2251 3653 2308 Conradum
3681 2248 3738 2302 ali-

2241 2348 2462 2422 quando
2511 2349 2617 2406 sibi
2674 2357 3014 2423 suspectum,
3069 2346 3167 2404 sed
3215 2354 3518 2413 strenuum,
3542 2341 3621 2415 qui
3646 2340 3741 2396 Cono
3796 2336 3797 2341 “

2241 2441 2546 2510 dicebatur,
2568 2450 2623 2497 et
2657 2441 2739 2498 sic
2762 2451 2889 2497 cum
2923 2426 3111 2513 gloria»
3139 2438 3276 2495 obiit
3308 2435 3615 2495 monarches
3645 2445 3741 2489 cesar
3796 2480 3797 2487 η

2243 2542 2511 2607 angustus
2550 2536 2585 2591 3
2614 2532 2744 2591 ldus
2784 2533 2937 2603 Julii,
2969 2549 3036 2590 eo
3063 2533 3319 2590 videlicet
3342 2547 3484 2589 anno
3516 2546 3611 2603 quo
3642 2542 3743 2597 sape

2241 2630 2361 2686 rius
2393 2636 2717 2685 annotatum
2743 2638 2826 2685 est
2846 2627 3160 2700 episcopum
3185 2624 3503 2683 Heimonem
3525 2619 3742 2681 obiisscAl

2240 2738 2374 2779 vero
2398 2721 2710 2794 Stephanus
2734 2720 3049 2794 Ungrorum
3079 2732 3197 2788 rex,
3220 2710 3744 2775 inminentevocatiunis
3796 2784 3797 2787 η

2244 2832 2361 2874 suae
2390 2826 2633 2888 tempore
2661 2816 2730 2873 ad
2760 2815 3008 2872 cmiestia
3037 2822 3324 2882 evocatus,
3345 2827 3492 2869 nunc
3510 2812 3561 2867 in
3578 2806 3745 2866 ecclesia
3796 2842 3797 2859 η

2244 2926 2356 2983 qua
2398 2907 2695 2980 requiescit
2737 2909 3023 2975 humatus,
3047 2907 3335 2964 miraculis
3369 2907 3530 2963 claret
3557 2899 3745 2975 egregius
3796 2930 3797 2977 ι

557 2996 563 3003 '
618 2985 707 3040 16.
752 2984 859 3061 sed
886 3002 987 3042 nec
1017 2986 1132 3055 ipse
1153 2985 1392 3043 domnus
1411 2986 1606 3045 Heimo
1640 3004 1673 3045 a
1702 2989 1861 3045 bonis
1888 2990 2138 3061 operibus

2245 2999 2514 3075 Regnavit
2542 3009 2725 3057 autem
2748 2996 3043 3056 Heinricus
3069 3016 3121 3056 a.
3145 3000 3238 3068 24,
3263 3015 3343 3055 m.
3371 2998 3425 3065 6,
3455 3008 3506 3055 et
3548 2991 3748 3053 Conradus

548 3084 835 3132 vacantem
874 3076 1122 3132 animum
1150 3076 1420 3148 praebuit.
1446 3078 1581 3150 quin
1628 3079 1811 3150 potius
1840 3081 2144 3137 ecclesiam
2246 3096 2516 3152 successit
2534 3088 2767 3150 Othonis
2790 3087 2877 3149 1n.
2910 3092 3058 3150 filius
3085 3094 3177 3162 εστ,
3214 3093 3313 3164 qui
3363 3090 3562 3163 accepit
3596 3096 3748 3144 uxorem
3796 3132 3797 3164 ,

547 3170 725 3227 sancti
749 3168 1019 3227 Johannis
1045 3171 1101 3227 in
1125 3179 1419 3243 prospectu
1462 3171 1700 3229 civitatis
1738 3175 1922 3244 sitam,
1946 3176 2001 3230 in
2036 3193 2143 3248 qua
2171 3229 2214 3287 C
2247 3187 2475 3255 Gislam,
2499 3178 2717 3243 nodum
2761 3185 2906 3260 regis
2933 3156 3265 3259 Burgundii;
3310 3156 3566 3247 εοι-οι-ρῖιι,
3588 3172 3748 3236 (ζουηόἱ

555 3263 728 3287 ---μή
760 3260 1101 3287 ΑΑ-Ι.------
1138 3263 1359 3287 u--__.-_
1431 3263 1683 3287 0-1-4“---
1767 3266 1951 3287 Δ--.-μ
2002 3269 2112 3287 _,4_-_
2314 3279 2365 3287 --
2426 3279 2440 3287 .
2468 3279 2500 3287 ..
2522 3279 2556 3287 ..
2626 3278 2691 3287 ι...
2843 3279 2859 3287 -
3196 3278 3207 3287 .
3346 3278 3382 3287 μ.
3501 3275 3542 3287 η
3574 3274 3584 3285 .
3642 3272 3651 3282 -
3684 3282 3733 3287 μ.
3796 3274 3797 3281 ι

554 3263 731 3319 sancti
757 3260 1105 3321 confessores
1136 3263 1382 3335 Maurus,
1431 3263 1686 3322 Salvinus
1706 3308 1720 3334 ,
1756 3266 1955 3323 Arator
1993 3269 2146 3340 quie-

560 3363 745 3425 scunt,
778 3356 1119 3413 melioratam
1141 3358 1492 3426 restauravit,
1509 3358 1653 3416 etin
1678 3375 1743 3416 ca
1766 3343 2145 3434 congregatio?

550 3463 679 3504 nem
721 3448 1223 3506 sanctimonialium
1265 3450 1371 3507 sub
1423 3451 1784 3522 dispositione
1843 3454 2015 3525 patris
2051 3453 2147 3510 Bi-

551 3540 743 3598 chardi
765 3542 1091 3614 regulariter
1110 3542 1414 3600 viventium
1444 3544 1700 3614 instituit,
1728 3553 1783 3601 et
1808 3555 2039 3604 matrem
2067 3549 2150 3606 eis

551 3632 789 3689 consilio
802 3633 1048 3705 ejusdem
1077 3634 1683 3709 providitAdelbergam
1705 3637 1920 3694 ﬁdelem
1943 3638 2149 3698 Christi

553 3724 840 3794 famulam,
862 3740 986 3798 quae
1024 3726 1517 3800 cognominabatur
1534 3728 1671 3799 Ava,
1696 3731 1856 3803 cujus
1880 3733 2150 3792 memoria

552 3825 640 3873 est
668 3826 893 3874 aeterna.
920 3816 1046 3876 Dare
1074 3819 1245 3891 enim,
1276 3820 1567 3895 velut_apis
1590 3823 2039 3895 prudentissima,
2061 3840 2153 3898 pa-

554 3909 658 3967 tris
685 3909 773 3966 sui
810 3909 1047 3968 formam
1088 3911 1321 3983 imitata,
1348 3929 1477 3971 cum
1506 3915 1579 3971 ob
1608 3915 1710 3973 zeli
1749 3917 1879 3974 boni
1908 3918 2152 3975 devotio-

554 4017 683 4058 nem
712 4010 767 4058 et
788 4003 915 4059 ﬁdei
941 4005 1451 4077 magnanimitatem
1484 4022 1772 4065 servorum
1811 4008 1908 4066 Dei
1950 4008 2155 4067 lustra-

555 4104 641 4153 ret
668 4097 939 4167 ctenobia,
971 4105 1035 4155 ut
1061 4097 1132 4155 ad
1152 4113 1344 4157 eorum
1403 4099 1767 4160 imitationem
1819 4105 2155 4162 emularetur

553 4186 854 4245 karismata
883 4190 1129 4259 meliora,
1155 4190 1484 4250 Cluniacum
1510 4194 1627 4265 ivit,
1643 4204 1699 4253 et
1717 4196 1838 4254 viro
1858 4195 1957 4254 Dei
1994 4197 2155 4255 beato

556 4277 775 4338 Odiloni
802 4281 1088 4341 advenisse
1109 4285 1391 4354 nunciata,
1423 4285 1586 4359 cujus
1614 4287 1861 4345 animum
1891 4287 2010 4362 ipsa
2035 4305 2159 4363 pos-

557 4377 772 4435 sidebat
803 4379 997 4450 pietas,
1024 4396 1151 4436 cum
1181 4382 1375 4454 grandi
1405 4380 1602 4440 aﬂ’ectu
1629 4393 1887 4458 suscepta
1913 4395 2018 4444 est.
2048 4377 2156 4444 Ubi

558 4486 879 4543 quanquam
909 4489 1047 4531 usus
1068 4475 1329 4532 aecclesiaa
1361 4484 1530 4546 esset,
1551 4485 1606 4533 et
1625 4493 1727 4549 pro
1760 4479 1880 4552 lege
1922 4480 2156 4538 habere-

2245 3289 2300 3337 et
2314 3279 2591 3336 Mathildis
2619 3278 2809 3346 ﬁliam,
2828 3279 2897 3335 de
2917 3290 3026 3350 qua
3049 3278 3235 3351 genuit
3257 3278 3479 3335 tertium
3501 3272 3749 3330 Heinricum,
3796 3274 3797 3321 1

2245 3371 2341 3442 qui
2370 3368 2739 3425 venerabilem
2768 3364 3109 3425 Richardum
3138 3367 3398 3424 abbatem
3439 3362 3580 3442 inter
3612 3359 3751 3432 primos

2246 3440 2436 3532 palatii
2463 3455 2676 3515 habuit.
2702 3456 2858 3532 [1311).
2885 3476 2970 3528 ιιι,
3001 3456 3087 3533 2.]
3110 3456 3233 3526 Quo
3254 3458 3314 3513 in
3346 3440 3581 3528 tempere
3598 3448 3752 3509 rebella-
3796 3496 3797 3501 η

2247 3560 2446 3608 verunt
2476 3559 2670 3607 contra
2718 3548 3020 3607 Robertum
3070 3550 3411 3607 Francorum
3470 3559 3629 3619 regem
3664 3538 3751 3599 0d0.
3796 3542 3797 3545 “

2250 3642 2475 3701 Tebaldi
2510 3642 2720 3700 fallacis
2754 3642 2921 3712 filius,
2948 3650 3004 3699 et
3030 3640 3368 3712 Willelmus,
3407 3637 3622 3697 Heinrici
3655 3630 3753 3689 ducis
3796 3704 3797 3709 γ

2248 3736 2553 3808 privignus,
2574 3734 2790 3792 favente
2816 3732 2868 3791 ei
2896 3733 3153 3791 Bruuone
3173 3728 3752 3806 Linguonensiepiswpoi
3796 3726 3797 3737 “

2250 3828 2412 3899 cuius
2440 3828 2497 3883 in
2525 3827 2878 3885 matrimonio
2902 3827 3138 3884 habebat
3163 3842 3446 3896 sororem,
3480 3835 3531 3881 et
3566 3815 3755 3877 Landrico

2249 3916 2574 3977 Nivernensi
2611 3919 2831 3977 comite.
2882 3916 3184 3975 Rainaldus
3218 3933 3355 3975 vero
3409 3930 3581 3975 comes
3615 3904 3753 3984 prditi

2252 4010 2512 4068 Willelmi
2534 4011 2682 4068 ﬁlius
2703 4026 2950 4068 sororem
2984 4008 3245 4067 Richardi
3279 4008 3678 4067 Normannorum
3692 3997 3755 4053 ἀπ’
3796 4074 3797 4077 η

2254 4110 2335 4168 cis
2359 4108 2734 4166 Adhelleidam
2772 4107 2927 4165 duxit
2952 4122 3203 4163 uxorem.
3229 4093 3339 4175 Qui
3366 4105 3597 4162 videlicet
3618 4092 3756 4153 Willet
3796 4102 3797 4179 ξ

2254 4219 2400 4272 ιιιιιε,
2439 4202 2566 4259 licet
2616 4201 2844 4270 advena,
2881 4190 3154 4256 intantum
3210 4198 3490 4256 convaluit
3532 4190 3759 4284 divitiis‘et

2254 4294 2480 4364 milicia,
2503 4304 2564 4352 ut
2585 4310 2704 4373 non
2718 4291 3057 4350 inveniretur
3075 4288 3127 4348 ei
3149 4290 3427 4349 secundus
3448 4289 3502 4345 in
3529 4282 3685 4358 patria.
3695 4275 3756 4376 Cui

2255 4399 2443 4447 tamen
2466 4387 2765 4460 plurimum
2797 4385 2996 4444 restitit
3020 4380 3179 4458 Hugo
3211 4375 3686 4441 Autissiodorensis,
3701 4375 3758 4441 ‘1‘“

2258 4481 2573 4540 abbicomes
2597 4479 2778 4537 dictus
2811 4470 2915 4546 est,
2938 4477 3099 4549 cujus
3129 4489 3420 4550 cognatam
3469 4464 3757 4530 Constantiam

557 4573 669 4633 tur,
692 4572 757 4620 ut
792 4564 1035 4623 claustra
1058 4568 1381 4624 monasterii
1415 4583 1528 4625 non
1556 4569 1795 4627 calcaret
1816 4586 1915 4643 pes
1956 4573 2154 4632 mulie-
2186 4581 2232 4639 ι)
2256 4574 2531 4633 Robertus
2553 4571 2790 4629 habebat
2822 4585 3073 4626 uxorem.

555 4657 694 4726 bris,
724 4657 845 4730 ipsa
873 4674 975 4730 pro
1007 4674 1109 4716 sua
1132 4659 1397 4733 religione
1422 4670 1477 4718 et
1509 4662 1683 4729 patris
1711 4663 1972 4721 Richardi
2022 4684 2150 4724 cum

559 4758 753 4807 sancto
778 4749 1008 4808 Odilone
1030 4752 1263 4809 indivisa
1300 4752 1563 4811 dualitate
1613 4772 1727 4813 non
1774 4758 1953 4815 solum
2001 4760 2152 4817 clau-

562 4848 739 4897 strum
767 4843 1010 4913 intravit,
1038 4859 1231 4900 verum
1261 4844 1427 4901 etiam
1457 4846 1679 4918 capituli
1710 4850 2025 4908 societatem
2062 4853 2152 4909 in-

563 4930 745 5001 depta,
774 4941 829 4988 et
868 4932 1152 4991 Dominico
1172 4935 1260 4991 die
1284 4935 1353 4991 ad
1376 4937 1783 5008 processionem
1816 4957 1945 4998 cum
1965 4940 2121 5000 fratri
2143 4975 2155 4987 ο

552 5020 672 5085 bus
734 5036 986 5097 suscepta
1052 5035 1159 5096 est,
1210 5028 1358 5100 quod
1395 5044 1573 5102 usque
1636 5031 1800 5089 hodie
1841 5033 1897 5089 in
1959 5036 2153 5094 eodem

567 5117 902 5174 monasterio
960 5130 1241 5190 permanet
1288 5123 1629 5180 memoriale.
1688 5123 1812 5198 Egit
1858 5127 1962 5184 hoc
2010 5130 2153 5187 beati

566 5206 815 5265 Odilonis
850 5223 977 5282 erga
998 5210 1171 5267 filium
1205 5212 1556 5271 carissimum
1599 5225 1653 5272 et
1689 5216 2019 5277 confratrem
2053 5223 2151 5278 de-

567 5301 911 5358 votissimum
959 5302 1185 5362 affectus
1227 5309 1566 5378 propensior,
1596 5309 1820 5367 dilectio
1855 5313 2150 5384 profusior,

567 5393 770 5464 caritas
797 5393 865 5450 de
903 5394 996 5450 illo
1046 5394 1196 5450 fonte
1243 5412 1528 5467 emanans,
1556 5400 1624 5456 de
1662 5416 1773 5472 quo
1803 5409 1969 5459 tanta:
1998 5406 2154 5462 nobis

566 5485 916 5558 perfectionis
942 5487 1131 5542 alveus
1158 5486 1427 5546 dirivatus
1448 5499 1552 5559 est,
1566 5492 1707 5548 idem
1732 5494 1984 5551 videlicet
2004 5508 2156 5568 pater

568 5579 879 5650 noster,qui
899 5578 1059 5635 nobis
1084 5595 1114 5635 a
1136 5580 1297 5636 beato
1320 5580 1512 5637 eodem
1535 5583 1772 5641 donatus
1791 5597 1893 5643 est.
1927 5586 2031 5644 Sed
2055 5605 2157 5647 nec

565 5687 693 5744 erga
723 5671 901 5729 locum
932 5674 1027 5745 qui
1056 5682 1286 5745 prmerat
1311 5673 1499 5729 domui
1522 5673 1803 5735 Heimonis
1824 5678 1998 5736 defuit
2022 5681 2157 5738 libe-

2325 4666 2479 4741 [lnio.
2516 4662 2692 4737 tv,l.]
2718 4663 2806 4719 l7.
2844 4662 3012 4735 igitur
3045 4674 3168 4733 post
3191 4660 3541 4719 Benedictum
3559 4665 3709 4729 papam
3726 4660 3756 4699 ³·

2257 4758 2397 4815 1025
2431 4758 2599 4815 frater
2633 4757 2756 4828 ejus
2806 4742 3088 4811 Iohannes
3144 4754 3440 4828 largitione
3489 4746 3691 4823 pecuniae
3718 4751 3760 4792 ei

2255 4850 2437 4908 laicali
2461 4849 2653 4906 ordine
2676 4848 2984 4921 neophytus
3005 4847 3291 4904 ordinatus
3332 4854 3437 4903 est.
3486 4845 3531 4899 Α
3565 4853 3653 4913 quo
3682 4843 3759 4888 Cum

2257 4941 2577 5012 requisisset
2639 4938 3285 5010 Constantinopolitanus
3340 4936 3581 5000 antistes,
3621 4937 3669 4982 ut
3701 4934 3759 4978 sua

2255 5032 2505 5088 azcclesia
2557 5031 2701 5087 sicut
2736 5042 2791 5087 et
2836 5030 3085 5086 Romana
3115 5029 3445 5085 universalis
3473 5017 3761 5082 diceretnec!

2254 5125 2417 5183 donis
2445 5141 2573 5182 eum
2611 5123 2998 5195 Romanosque
3032 5121 3127 5194 qui
3149 5121 3314 5177 curiae
3370 5123 3619 5192 praeerant
3658 5109 3764 5164 inuu-

2259 5221 2428 5278 meris
2445 5219 2703 5288 ﬂecteret,
2736 5219 2812 5274 ita
2847 5228 2908 5273 ut
2932 5216 3182 5273 clanculo
3209 5219 3531 5285 temptarent
3547 5200 3765 5263 concede"

2262 5312 2409 5386 quod
2466 5313 2795 5382 rogabatur,
2860 5309 3043 5365 omnis
3099 5309 3171 5364 ob
3220 5308 3325 5362 hoc
3373 5291 3765 5386 vehementissime

2258 5382 2529 5463 commota
2565 5413 2650 5461 est
2671 5403 2842 5460 Italia.
2874 5401 2981 5458 Sed
3010 5401 3310 5458 Galliarum
3335 5394 3569 5469 episcopi
3590 5397 3635 5447 et
3655 5382 3765 5441 alii)"

2258 5508 2342 5556 tes
2372 5498 2460 5555 his
2484 5498 2707 5554 obviare
2735 5496 2918 5552 conati
2944 5504 3093 5561 sunt,
3126 5493 3349 5564 quidam
3379 5490 3434 5545 in
3459 5497 3663 5561 persona

2260 5589 2484 5661 quidam
2506 5603 2637 5645 vero
2659 5588 2854 5644 litteris
2881 5586 3071 5642 missis
3109 5584 3293 5642 sedem
3325 5578 3654 5653 apostolicam
3679 5579 3764 5667 ἶβι-

2263 5691 2463 5748 tantes,
2494 5691 2550 5737 et
2584 5690 2796 5737 tantum
2823 5676 3179 5751 obprobrium
3201 5686 3255 5732 et
3279 5674 3516 5732 dedecus
3542 5666 3762 5726 δυσωπη-

1886 5771 2116 5832 ὙΑΒΙᾹΞ
2160 5773 2452 5834 LECTION
2461 5774 2545 5832 ES

642 5836 709 5871 ³⁸⁷
742 5833 805 5893 0.
836 5834 922 5891 lii.
949 5836 985 5892 f.
1012 5839 1074 5910 {in
1111 5841 1347 5911 margine
1374 5838 1583 5895 addita.
