3834 6304
97 925 328 994 ecclesiae,
348 928 474 984 dum
496 934 689 990 matris
712 935 906 993 honori
940 942 1277 1015 providebat,
1313 950 1627 1010 ostendens.

96 1014 241 1090 [Isim]
272 1017 408 1075 Inter
426 1023 564 1085 alios
584 1041 802 1099 quoque
826 1029 1133 1093 Willelmus
1180 1038 1351 1096 abbas
1393 1044 1630 1104 eximius

93 1110 333 1181 epistolam
355 1106 507 1186 papae
526 1119 680 1176 misit
710 1138 942 1195 corpore
983 1128 1224 1203 brevem,
1260 1137 1356 1193 sed
1400 1143 1630 1199 materia

93 1204 318 1273 ingentem
338 1216 389 1262 et
417 1225 672 1268 sermone
699 1214 1233 1295 locupletem,qu
1261 1228 1352 1286 hic
1388 1231 1629 1295 inserere

92 1307 175 1347 non
196 1294 351 1365 piguit
383 1315 396 1352 :

143 1382 298 1442 Gratia
326 1386 416 1444 Dei
454 1400 511 1448 et
545 1399 848 1459 reverentia
874 1401 1020 1459 beati
1046 1404 1192 1464 Petri
1226 1411 1343 1468 sedi
1391 1414 1446 1470 in
1491 1419 1627 1475 orbe

92 1483 310 1575 ΨΒ]
369 1487 843 1549 excellentissima:
898 1496 1123 1570 indepto
1184 1518 1338 1575 papa:
1362 1505 1625 1567 'Johanni

92 1569 345 1631 Willelmus
379 1577 449 1611 ⁸⁸⁸
484 1584 669 1640 crucis
708 1585 918 1646 Christi
960 1569 1153 1655 servus
1185 1569 1391 1657 sedem
1429 1603 1623 1675 judicii

201 1669 443 1767 apostolis
463 1681 521 1727 et
546 1690 805 1734 coronam
847 1683 1020 1754 regni.
1077 1684 1323 1759 Magistri
1377 1669 1643 1767 gentium-

87 1753 210 1811 dictis
230 1757 564 1833 instruimur,
583 1769 856 1828 seniorem
879 1753 988 1831 non
1013 1753 1425 1852 increpandam.
1444 1787 1641 1847 Isdem.

88 1854 229 1903 tamen
251 1850 374 1909 alias
395 1855 571 1913 dicit:
603 1859 804 1918 Factus
829 1882 948 1921 sum
974 1850 1249 1942 insipiens,
1275 1892 1364 1933 vos
1399 1896 1480 1935 me
1532 1898 1619 1937 co-

85 1939 244 2007 cgislis.
273 1941 476 2013 Idcirco
501 1949 668 2021 igitur
706 1955 985 2017 ﬁliationis
1012 1939 1291 2038 diligentia
1335 1972 1620 2032 hortamur

83 2121 186 2230 inlini
204 2127 550 2198 cogitationes
578 2136 870 2199 hominum
921 2121 1292 2217 pervidentem
1330 2155 1644 2230 dominum_

84 2209 385 2324 Salvatorem,
413 2234 477 2280 ut
501 2226 700 2288 dicatis
721 2233 790 2289 ad
815 2209 1054 2309 aliquem
1074 2244 1251 2322 vobis,
1276 2209 1612 2324 unanimis;

82 2311 483 2403 deodum
515 2329 570 2376 et
602 2321 721 2394 ipse
744 2324 915 2388 Petro
939 2332 1128 2400 :;Quid
1153 2311 1341 2396 dicunt
1380 2311 1615 2403 homines

82 2397 130 2452 de
149 2403 251 2501 nte?
275 2403 344 2501 ζεἰ
371 2423 509 2465 vero
536 2427 865 2485 responsum
886 2397 1100 2492 ejusvex
1123 2425 1228 2483 ﬁde
1268 2427 1455 2501 fuerit,

80 2491 342 2587 nadreﬂite
366 2503 609 2571 qualiter
635 2512 902 2568 senuerit.
918 2491 998 2570 CSi
1024 2516 1189 2587 clare,
1218 2491 1492 2583 custodite
1545 2491 1615 2586 ne

80 2581 355 2648 obluseetnr.
393 2592 451 2649 Si
473 2600 885 2673 veroobscure,
911 2606 1004 2663 lux
1048 2581 1241 2667 mundi
1275 2581 1485 2675 oranda
1509 2581 1610 2688 est,

78 2678 261 2778 qualiter
293 2683 367 2740 ita
406 2686 693 2762 fulgeatis,
718 2706 781 2751 ut
801 2698 1074 2757 universis
1099 2702 1154 2757 in
1193 2709 1401 2778 gremio
1425 2678 1612 2775 aeccle;

78 2768 148 2870 site
162 2772 443 2837 constitutis
471 2783 548 2840 ad
569 2784 712 2842 viam
736 2790 1121 2862 mandatprum
1143 2768 1238 2853 Dei
1263 2768 1611 2870 gradiendam

77 2859 532 2937 lumenpraebeatis.
574 2875 682 2935 Sed
711 2887 795 2944 est
823 2859 970 2939 fama
1000 2885 1103 2953 rei,
1125 2903 1249 2959 quae
1263 2859 1447 2962 nuper
1469 2859 1611 2965 apud

77 2966 148 3009 vos
166 2960 353 3031 accidit,
377 2965 454 3023 de
473 2983 587 3038 qua
617 2971 743 3041 quis
767 2974 997 3033 audiens
1034 2978 1082 3035 si
1117 2995 1229 3037 non
1271 2960 1610 3046 scandalizaw

77 3054 156 3150 tur,
174 3054 362 3112 noverit
388 3073 449 3115 se
492 3059 656 3133 longe
693 3065 764 3121 ab
800 3081 988 3125 amore
1022 3087 1262 3144 superno
1315 3077 1606 3150 disparari.

76 3135 292 3247 Quoniam
310 3147 433 3207 licet
451 3160 702 3224 potestas
729 3156 962 3216 Romani
990 3135 1224 3236 imperii,
1245 3135 1608 3240 quaatolimwin
1636 3189 1678 3247 α

75 3232 174 3290 orbe
197 3245 446 3301 terrarum
487 3251 818 3312 monarches
840 3254 1033 3327 viguit,
1056 3232 1219 3317 nunc-
1249 3232 1349 3334 per
1395 3265 1617 3328 diversa

75 3330 291 3431 “parum
307 3334 423 3394 loca
457 3339 774 3401 innumeris
831 3360 1056 3420 regatur
1110 3330 1361 3426 sceptris,
1407 3358 1611 3431 ligandi

72 3416 364 3515 solvendique
389 3429 449 3486 in
478 3432 625 3489 cmlo
650 3442 708 3492 et
745 3436 805 3493 in
852 3416 999 3498 terra
1049 3416 1292 3515 potestas
1342 3416 1611 3511 incumbit

72 3512 326 3614 magisterio
368 3521 545 3582 Petri.
594 3527 774 3600 Atque
828 3512 1196 3595 idcirco—ista
1243 3540 1506 3614 diximus,
1547 3554 1611 3604 ut

70 3602 458 3702 animadvertatis
503 3634 615 3676 non
646 3622 806 3680 aliter
849 3625 1055 3686 Grecos
1098 3646 1267 3702 quam
1307 3602 1609 3698 cenodoxia

70 3692 288 3803 1190(1qu
311 3710 639 3771 audivimus.
654 3717 800 3787 apud
836 3735 937 3777 vos
979 3692 1289 3796 requirere,
1348 3692 1608 3803 impetra:

227 3795 297 3854 De
321 3809 510 3861 cetero
548 3821 772 3879 quoque
804 3787 1080 3883 optamus,
1118 3817 1218 3872 uti
1240 3787 1605 3882 universalern

66 3879 182 3979 decet
203 3891 515 3965 antistitem,
542 3912 644 3955 vos
665 3879 859 3960 acrius
881 3904 939 3960 in
968 3879 1315 3979 correptione
1347 3920 1402 3970 et
1445 3915 1608 3974 disci-

65 3973 175 4042 Plina
202 3992 389 4044 sancta:
428 3996 492 4045 et
518 3990 832 4060 apostolica:
849 3997 1113 4056 aecclesiae
1128 3973 1339 4072 vigere,
1376 4012 1603 4064 reterne-

64 4083 143 4136 (με
162 4082 211 4129 et
231 4074 451 4137 feliciter
476 4080 536 4136 in
561 4081 788 4142 Christo
815 4088 1013 4145 valere.

114 4161 224 4258 (li‘ol.
245 4167 353 4244 85.)
374 4171 470 4234 Sic
492 4174 777 4234 confutata
801 4179 1103 4238 Grecorum
1122 4187 1477 4258 praesumptio
1494 4198 1596 4246 est.

63 4249 217 4351 lli-odeum
244 4276 404 4334 anno,
427 4266 530 4339 qui
565 4278 686 4325 erat
732 4271 804 4329 ab
846 4272 956 4329 inc.
982 4249 1141 4331 Dom.
1173 4276 1335 4348 1024,
1356 4249 1516 4351 jussu
1544 4290 1601 4338 et

64 4344 333 4444 Obtedientia
356 4360 536 4430 patris
564 4360 847 4435 Richardi,
873 4364 1176 4438 Leduinns,
1199 4369 1269 4427 de
1297 4344 1408 4443 quo
1433 4387 1599 4444 supra

61 4442 313 4516 retulimus,
342 4453 607 4521 praelatus
637 4463 723 4512 est
748 4456 989 4515 abbatiae
1009 4462 1181 4516 sancti
1207 4442 1450 4520 Vedasti.

110 4531 239 4634 dum
258 4554 477 4616 quoque
521 4545 663 4602 1027
713 4548 851 4606 obiit
908 4550 1199 4610 Fulhertus
1239 4554 1595 4615 Carnotensis
1627 4577 1674 4634 ι)

59 4626 322 4704 ενὶεεοριιε,
365 4640 670 4700 indictione
700 4643 763 4714 7;
814 4646 910 4718 qui
958 4658 1164 4720 quanto
1210 4668 1397 4711 amore
1446 4656 1598 4714 hunc

59 4726 222 4781 Patrem
246 4738 494 4788 nostrum
526 4733 801 4807 dilexerit,
826 4741 1214 4810 experimentis
1246 4748 1596 4819 perpluribus

58 4819 182 4872 Ρθῑεῑ.

109 4900 222 4999 (Fel.
246 4910 371 4987 84’.)
401 4913 562 4974 Tunc
582 4921 842 4991 temporis
873 4925 1101 4999 contigit
1127 4926 1300 4986 innoti
1341 4948 1467 4990 ossa
1491 4935 1591 4990 ho-

56 4992 184 5095 ruinis
201 5000 398 5063 deloco
419 5009 794 5081 abjectissimo
822 5030 854 5069 a
877 4992 1119 5086 quodam
1169 5035 1437 5095 mangone
1475 5026 1589 5081 col-

56 5077 160 5140 lecta
189 5100 238 5145 et
272 5092 470 5153 feretro
487 5077 778 5172 vimposxta
821 5077 952 5176 (fol.
981 5104 1106 5178 85),
1142 5107 1199 5164 in
1254 5077 1589 5170 umbra—sterio

56 5184 215 5235 sancire
233 5182 409 5244 Maria;
429 5190 575 5261 apud
605 5190 856 5250 Seusiam
883 5195 990 5252 sub
1019 5200 1247 5255 nomine
1275 5201 1417 5259 Justi
1443 5222 1591 5261 mar-

173 5286 200 5324 a
218 5271 511 5337 Mainfredo
534 5284 853 5342 marchione
874 5285 1047 5344 fuisse
1066 5291 1323 5361 reposita.
1343 5292 1496 5367 [ln|n.
1512 5313 1585 5365 ιν,

55 5351 112 5424 5-]
135 5357 227 5418 Sed
263 5367 384 5426 licet
413 5374 687 5448 religiosis
721 5377 776 5432 id
818 5351 1186 5440 vanissimum
1225 5393 1280 5439 et
1327 5351 1589 5444 stultissi-

57 5457 170 5505 mum
186 5451 345 5515 fuisse
374 5465 561 5524 multis
588 5476 645 5525 et
681 5469 928 5540 probatis
962 5472 1312 5532 documentis
1363 5477 1590 5535 demon-

1326 376 1738 437 CHRONICON.
1779 415 1852 427 --
1888 385 2014 443 LIB.
2049 389 2110 445 ιι.

1806 681 1944 778 (h‘ol.
1979 684 2110 758 85’.)
2137 689 2221 746 18.
2262 691 2381 749 1am
2404 706 2584 755 autem
2618 701 2791 760 eidem
2828 708 2970 778 patri
2992 710 3191 772 Gratia:
3215 716 3310 774 Dei

1734 776 2065 845 prazlationis
2107 785 2320 842 sarcina
2346 790 2526 859 gravis
2567 776 2879 867 videbatur,
2902 801 3017 873 jam
3060 807 3127 862 ad
3156 818 3311 868 ante-

1733 868 1879 924 riora
1923 875 2174 944 progredi
2201 918 2235 942 ,.
2262 878 2595 955 liberiusque
2623 886 2819 946 divinae
2864 868 3307 970 contemplationi

1731 959 1980 1019 inherere
2000 964 2255 1035 juvabat,
2285 971 2413 1041 quia
2447 974 2562 1045 jam
2602 976 2658 1034 in
2706 980 2825 1052 ejus
2861 987 3025 1043 corde
3067 994 3305 1051 mundus

1730 1061 1964 1151 aruerat.
1983 1053 2050 1110 Et
2066 1056 2197 1126 quia
2218 1062 2504 1132 quosdam,
2532 1067 2627 1137 qui
2659 1067 3087 1148 Jherosolymam
3108 1081 3301 1151 ierant,

1728 1139 1885 1199 beate
1929 1143 1986 1199 in
2024 1145 2246 1204 Christo
2274 1152 2596 1211 occubuisse
2629 1139 2941 1234 constabat,
2975 1165 3120 1224 inter
3163 1139 3303 1242 quos

1729 1247 1947 1305 quoque
1980 1240 2250 1308 quendam
2284 1258 2351 1300 ex
2394 1245 2878 1318 Augustudunensi
2917 1240 3196 1318 territorio
3221 1278 3305 1319 sa-

1727 1341 1860 1381 num
1889 1337 1944 1385 et
1966 1341 2215 1403 vegetum
2261 1337 2518 1409 nullaque
2565 1343 2756 1400 mortis
2790 1346 2945 1419 signa
2978 1351 3298 1423 habentem,

1724 1417 1784 1474 in
1814 1420 1935 1476 loco
1976 1423 2071 1479 ubi
2109 1427 2409 1486 novissime
2435 1439 2704 1491 steterunt
2728 1417 2891 1508 pedes
2916 1439 3132 1500 Domini
3173 1463 3300 1504 cum

1725 1521 1961 1581 orasset,
1993 1523 2048 1570 et
2069 1531 2128 1572 se
2153 1533 2184 1573 a
2215 1517 2449 1577 Domino
2470 1524 2674 1597 suscipi
2709 1527 2765 1581 in
2791 1544 2924 1599 pace
2948 1536 3297 1605 postulasset,

1725 1604 1944 1662 modico
1975 1606 2163 1664 dolore
2191 1625 2319 1666 mox
2340 1620 2569 1684 tactum,
2599 1616 2745 1674 domi
2781 1620 3033 1690 relatum,
3066 1604 3302 1698 moxque

1723 1694 1957 1752 relatum
1991 1698 2181 1756 eodem
2223 1700 2281 1760 in
2314 1703 2437 1760 loco
2458 1720 2569 1777 quo
2593 1718 2875 1780 oraverat,
2913 1704 3162 1784 spiritum
3189 1694 3300 1774 Deo

1723 1786 2063 1859 reddidisse,
2104 1802 2251 1851 certa
2295 1794 2441 1852 fama
2479 1799 2832 1871 vulgaverat:
2866 1812 3044 1865 tactus
3086 1819 3139 1865 et
3186 1811 3302 1881 ipse

1720 1889 1911 1937 sancto
1933 1882 2098 1943 simili
2143 1886 2299 1943 bonae
2323 1889 2627 1949 devotionis
2655 1893 2945 1967 desiderio,
2986 1900 3299 1973 sepulcrum

1718 1970 1935 2035 Domini
1961 1975 2193 2034 invisere
2209 1982 2468 2052 gestiens,
2491 1985 2719 2055 quaesita
2736 2003 2767 2043 a
2786 1990 3028 2063 principe
3046 1970 3102 2052 et
3120 1997 3302 2067 ponti-

1717 2063 1910 2124 ﬁcibus
1923 2069 2183 2142 regnique
2207 2072 2540 2144 primoribus
2566 2079 2826 2138 etvicinis
2855 2082 3101 2144 ﬁdelibus
3120 2063 3184 2145 et
3210 2090 3301 2149 vix

1716 2166 1939 2229 optenta
1978 2161 2218 2231 licentia,
2250 2165 2544 2225 destinavit
2570 2172 2749 2243 primo
2772 2173 2900 2232 ﬁliis
2926 2178 3211 2249 providere
3244 2191 3300 2239 et

1715 2262 1908 2304 eorum
1943 2250 1999 2306 in
2024 2253 2281 2311 omnibus
2299 2271 2487 2336 curam
2514 2274 2693 2332 agere,
2720 2270 2783 2318 ut
2802 2273 2988 2336 posset
3008 2282 3133 2327 cum
3155 2268 3315 2331 bona.

1715 2343 1961 2399 omnium
2021 2346 2307 2405 affectione
2332 2335 2817 2423 peregrinationis
2867 2359 3045 2417 oﬂicia
3102 2371 3316 2422 sancta.

1714 2433 2013 2506 suscipere.
2064 2436 2252 2509 itaque
2285 2437 2613 2501 Cluniacum
2659 2445 2791 2516 ivit,
2834 2457 2889 2510 et
2934 2450 3078 2509 sicut
3124 2469 3298 2528 usque

1713 2524 1875 2581 hodie
1904 2525 2170 2588 ineodem
2198 2531 2452 2588 coenobio
2497 2543 2683 2592 manet
2711 2540 3048 2613 memoriale,
3083 2524 3319 2616 patrem.

1712 2616 2020 2693 piissimum
2052 2629 2303 2676 sanctum
2338 2621 2622 2681 Odilonem
2661 2625 2964 2686 Virdunum
2992 2648 3179 2690 secum
3200 2636 3298 2692 de-

1712 2707 1885 2776 duxit,
1906 2725 2069 2781 quem
2092 2711 2345 2782 plurimis
2369 2714 2562 2771 diebus
2583 2732 2769 2773 secum
2791 2720 3055 2790 retinens,
3076 2738 3297 2781 omnem

1710 2798 1762 2853 ei
1790 2803 2110 2858 monasterii
2129 2803 2527 2876 habitudinem,
2551 2823 2733 2866 mores
2760 2818 2816 2867 et
2838 2812 3005 2868 vitam
3042 2814 3297 2875 habitan-

1710 2888 1853 2951 tium
1876 2892 2132 2961 ostendit,
2153 2895 2364 2965 judicio
2411 2896 2532 2968 ejus
2555 2907 2610 2954 et
2644 2899 2863 2958 tuitioni
2893 2903 3108 2978 singula
3156 2922 3293 2965 con—

1711 2981 1953 3051 tradens,
1982 2991 2038 3039 et
2065 2985 2135 3039 ad
2164 2986 2284 3056 ejus
2310 2988 2598 3045 arbitrium
2640 2991 2897 3049 universa
2930 2992 3212 3069 corrigens
3240 3006 3315 3057 et.

1709 3074 2062 3131 confirmans.
2106 3075 2339 3136 Gavisus
2380 3089 2466 3136 est
2499 3089 2683 3138 autem
2712 3083 2768 3139 in
2800 3083 3032 3144 Domino
3063 3098 3290 3147 sanctus

1709 3161 1884 3234 Odilo,
1934 3167 2063 3237 quia
2097 3184 2194 3239 per
2231 3186 2327 3227 eos
2388 3187 2529 3243 quos
2559 3174 2660 3229 sibi
2681 3175 2825 3234 lilios
2858 3177 3061 3237 fecerat
3093 3188 3149 3238 et
3170 3182 3292 3239 loco

1711 3255 2018 3326 remiserat,
2044 3258 2259 3319 fructus
2304 3262 2432 3317 boni
2466 3265 2656 3323 odoris
2696 3269 2973 3341 carpebat.
2998 3271 3139 3345 (F01.
3175 3273 3292 3345 86.)

1712 3346 1815 3403 Ubi
1850 3364 1981 3406 vero
2011 3351 2278 3409 voluntati
2316 3354 2535 3413 illorum
2580 3358 2915 3419 satisfecisse
2944 3379 3003 3421 se
3032 3365 3289 3435 credidit,

1709 3442 2019 3502 valedicens
2054 3448 2333 3516 omnibus,
2369 3449 2541 3506 tilium
2570 3450 2683 3510 Deo
2720 3457 3134 3526 commendans,
3161 3457 3292 3516 Clu-

1707 3535 1926 3594 niacum
1949 3539 2129 3609 rediit,
2151 3548 2207 3597 et
2226 3541 2292 3598 de
2313 3542 2560 3613 profectu
2585 3546 2844 3604 azcclesiae
2868 3548 3014 3606 illius
3032 3538 3290 3621 gaudium

1707 3627 1834 3685 ﬁliis
1857 3636 1913 3686 et
1943 3628 2205 3689 fratribus
2251 3632 2707 3695 Cluniacensibus
2746 3640 2974 3696 exibuit.
3027 3639 3292 3698 Referunt

1706 3720 1886 3776 adhuc
1910 3722 2178 3789 moderni,
2203 3724 2299 3794 qui
2332 3725 2623 3782 audierunt
2643 3743 2674 3783 a
2696 3730 2965 3799 patribus,
3003 3731 3132 3803 quia
3156 3746 3291 3805 quo-

1705 3814 1846 3870 tiens
1868 3814 1937 3870 ab
1958 3814 2081 3871 istis
2100 3816 2354 3886 partibus
2376 3818 2805 3890 regrediebatur,
2836 3823 2972 3879 adeo
3001 3839 3060 3880 se
3081 3823 3288 3896 gratio-

1704 3918 1828 3961 sum
1853 3904 1920 3961 de
1951 3905 2133 3975 bonis,
2162 3922 2285 3978 quae
2313 3908 2367 3967 in
2409 3918 2563 3979 patre
2589 3920 2779 3968 nostro
2811 3922 2867 3969 et
2896 3915 3024 3971 ﬁliis
3043 3916 3291 3988 gratula-

1702 3996 1885 4066 batur,
1908 3999 2177 4068 exibebat,
2208 4001 2346 4057 adeo
2369 4016 2466 4059 eos
2507 4006 2969 4066 commendabiles
3003 3996 3286 4079 reddebat,

1702 4093 1763 4141 ut
1792 4097 2008 4157 gratum
2040 4089 2267 4146 haberet
2286 4091 2381 4167 qui
2405 4091 2640 4149 videbat.
2670 4092 2840 4165 Igitur
2862 4098 3066 4168 paratis
3094 4114 3257 4158 neces
3276 4127 3291 4141 -

1701 4180 1865 4237 sariis
1886 4183 2213 4252 sumptibus,
2237 4184 2517 4255 dispositis
2536 4187 2639 4242 viae
2659 4188 2975 4258 comitibus,
2995 4193 3288 4255 commissa

1700 4269 1813 4328 Deo
1846 4273 2081 4330 ﬁliorum
2105 4290 2257 4344 cura,
2281 4276 2658 4334 benedictione
2686 4281 2961 4349 pontiﬁcis
2983 4290 3038 4337 et
3072 4283 3287 4340 vicino-

1700 4380 1823 4420 rum
1858 4366 2153 4435 praasulum
2173 4410 2188 4435 ,
2220 4368 2544 4439 optimatum
2571 4384 2791 4441 quoque
2823 4379 2878 4427 et
2897 4373 3143 4427 omnium
3168 4389 3289 4429 om-

1701 4455 1834 4512 nino
1857 4457 2129 4528 postulata
2164 4468 2220 4515 et
2247 4469 2489 4531 accepta,
2514 4461 2841 4519 venerabilis
2864 4469 3019 4533 pater
3051 4460 3286 4518 Richar-

1698 4549 1803 4607 dus
1845 4550 2032 4608 Gratia
2075 4551 2171 4609 Dei
2203 4569 2458 4626 egressus
2504 4563 2588 4612 cst
2616 4570 2741 4614 cum
2788 4555 3065 4613 Madelveo
3107 4570 3285 4612 novus

1700 4644 2022 4716 peregrinus
2055 4645 2112 4701 in
2156 4647 2340 4702 cordis
2386 4647 2590 4704 laetitia.
2626 4647 3001 4720 Prosequutus
3032 4655 3117 4706 est
3155 4662 3285 4703 eum

1701 4744 1850 4794 totus
1884 4739 2119 4809 populus
2141 4754 2266 4795 cum
2290 4739 2536 4796 lacrimis
2565 4749 2620 4797 et
2640 4740 2825 4814 rugitu
2853 4741 3056 4810 cordis,
3091 4740 3285 4797 dolens

1699 4830 1845 4900 quod
1871 4830 2260 4886 destitueretur
2284 4830 2404 4902 ejus
2421 4833 2733 4902 praesentia,
2763 4848 2926 4904 quem
2949 4848 3063 4889 suae
3090 4831 3282 4889 salutis

1697 4914 1985 4992 praesulem
2027 4921 2261 4994 vitaeque
2284 4930 2522 4981 tutorem
2561 4923 2833 4979 credebat.
2870 4923 3019 4991 Quos
3065 4924 3154 4978 vir
3185 4922 3280 4979 Dei

1697 5015 1932 5087 benigne
1965 5016 2278 5083 consolans,
2309 5022 2370 5073 ut
2390 5022 2788 5070 reverterentur
2816 5016 3121 5083 admonuit,
3143 5015 3282 5072 dans

1697 5107 1754 5161 in
1776 5106 2073 5173 mandatis,
2107 5104 2279 5162 Deum
2313 5113 2428 5162 tota
2465 5106 2666 5161 virtute
2690 5105 2944 5180 diligere,
2969 5106 3277 5178 proximum

1694 5198 1966 5266 venerari,
1990 5199 2242 5255 inimicos
2266 5197 2511 5269 diligere,
2536 5198 2819 5255 caritatem
2846 5214 3052 5267 amare,
3087 5198 3277 5268 hospi-

1694 5292 1956 5347 talitatem
1979 5292 2197 5359 sectari,
2220 5290 2534 5347 elemosiuis
2549 5290 2848 5360 intendere,
2868 5301 2923 5348 et
2944 5307 3044 5363 pro
3066 5306 3126 5348 se
3145 5291 3279 5347 sibi-

1694 5398 1801 5454 que
1826 5382 2218 5438 comitantibus
2241 5380 2412 5438 Deum
2439 5381 2765 5453 propensius
2785 5397 3034 5438 exorare.
3069 5379 3160 5437 Sic
3182 5396 3276 5437 sa-

1693 5475 1881 5532 lutatis
1907 5476 2182 5544 omnibus,
2216 5475 2549 5533 resalutatus
2579 5491 2611 5531 a
2639 5476 2871 5537 cunctis.
2907 5474 3170 5531 dimissus
3193 5481 3278 5531 est

1257 5611 1493 5670 VARUE
1518 5613 1920 5672 LECTIONES.

108 5700 265 5811 ΜΕ.
294 5728 341 5766 c.
419 5714 488 5747 ”’
516 5717 720 5774 Abhinc
751 5722 990 5777 ordinem
1028 5724 1371 5779 immutatum
1402 5724 1559 5796 Hugo
1580 5726 1636 5780 in
1662 5728 1900 5798 margine
1935 5725 2116 5811 littera
2143 5726 2355 5811 qdjectg
2379 5728 2633 5811 indicavit
2658 5735 2719 5811 et
2740 5727 2838 5811 Irae
2863 5735 2990 5783 nota
3020 5746 3037 5784 :
3067 5726 3279 5793 Secun:

108 5787 153 5811 m
238 5784 668 5811 οΛ-ηιζληιζλκμμ
708 5799 751 5811 ,Α
799 5791 1031 5811 ΑμΑιξ..-ηΑ
1078 5794 1158 5811 ν..
1437 5806 1446 5811 -

55 5766 156 5829 dum
179 5766 776 5847 ἀειετωίηειιξὸᾙέῆἶξί
787 5766 1388 5854 ὸῖἇῖἶίξηί
1402 5766 1742 5875 ³ἶιιυίιιιωιιμε
1782 5766 1948 5855 ξειπά
1993 5766 2230 5869 legendi,
2242 5798 2487 5856 ordinem
2508 5807 2561 5856 et
2582 5798 2963 5869 capitulorum.
