3834 6304
547 439 655 497 Ξιὸ

551 557 750 622 optata:
783 546 884 600 viae
908 557 1035 599 cum
1062 539 1253 613 gratia,
1294 534 1550 590 omnibus
1572 532 1880 597 orantibus,
1915 538 1971 585 et
1990 529 2130 584 elata

553 643 609 697 in
643 639 920 696 excelsum
949 646 1083 689 voce
1124 626 1518 693 clamantibus,
1562 633 1624 679 ut
1662 629 2078 695 prosperaretur
2105 636 2137 676 a

553 733 666 789 Deo
694 732 783 787 via
805 730 944 801 ejus.
969 725 1250 797 Expensas
1284 727 1469 775 autem
1494 717 1594 772 via:
1616 714 1926 771 Richardus
1954 726 2138 778 comes

554 826 999 883 Normannorum
1034 830 1225 875 omnes
1246 814 1297 869 ei
1325 810 1594 868 attribuit.
1625 806 1919 863 Eratenim
1949 805 2005 859 in
2029 804 2139 859 ele-

557 917 786 974 mosinis
823 915 1027 984 largus,
1069 908 1297 965 caritate
1321 903 1576 972 diﬂ'usus,
1607 902 1889 957 honestate
1908 898 2138 970 prmela~

516 984 533 993 ’
556 1026 671 1065 rus.
688 1006 992 1077 Supersunt
1007 1000 1185 1057 adhuc
1198 998 1256 1053 iu
1271 994 1608 1055 Brittannica
1626 992 1804 1049 insula
1815 988 2144 1065 etNorman-

563 1102 652 1157 nia
674 1097 881 1155 nobiles
900 1104 954 1152 et
995 1091 1208 1166 probati
1228 1090 1356 1159 viri,
1381 1087 1477 1161 qui
1496 1086 1752 1143 viderunt
1766 1085 1914 1162 hunc
1926 1090 2140 1155 patrem

558 1198 807 1248 nostrum
842 1186 1034 1244 Gratia
1071 1183 1192 1252 Dei,
1227 1189 1283 1239 et
1322 1179 1573 1238 noverint
1594 1185 1799 1249 quanto
1834 1176 1903 1232 ab
1948 1174 2138 1251 eodem

551 1288 749 1338 comite
785 1278 1113 1351 diligebatur
1145 1273 1363 1329 aﬁ‘ectu.
1400 1269 1446 1325 A
1476 1269 1678 1343 quibus
1708 1282 1811 1323 nos
1836 1265 2000 1349 etiam
2033 1264 2139 1347 ista

549 1374 882 1440 audivimus,
926 1370 1023 1442 qui
1051 1377 1107 1424 et
1154 1365 1358 1422 referre
1399 1362 1547 1420 soliti
1581 1370 1732 1442 sunt,
1758 1360 1889 1432 quia
1930 1359 2012 1416 sic
2033 1357 2140 1414 sibi

552 1464 835 1522 individua
875 1440 1171 1517 dilectione
1214 1454 1569 1521 adhereliant,
1610 1440 1672 1508 ut
1707 1459 1930 1523 putares
1971 1463 2140 1530 uitaui

551 1559 794 1614 animam
820 1554 1037 1610 duobus
1074 1552 1255 1606 inesse
1288 1545 1629 1623 corporibus.

624 1648 710 1703 l9.
738 1643 973 1717 Optabili
996 1657 1127 1715 ergo
1160 1638 1596 1717 peregrinatione
1616 1645 1890 1711 suscepta,
1917 1634 2002 1689 vir
2030 1632 2139 1689 Do-

551 1740 692 1797 mini
755 1737 1064 1795 Richardus
1132 1732 1504 1810 septingentos
1569 1729 1885 1803 peregrinos
1946 1742 2137 1784 secum

551 1830 708 1891 duxit
729 1830 864 1905 (98),
890 1830 1091 1901 quibus
1133 1842 1200 1883 ex
1228 1824 1465 1898 propriis
1500 1823 1745 1887 subsidia
1774 1821 1952 1877 victus
1987 1819 2137 1876 suﬁi—

551 1925 759 1982 cienter
788 1918 1206 1978 administravit.
1232 1917 1403 1993 Erant
1430 1915 1593 1972 etiam
1638 1915 1694 1969 in
1734 1914 1994 1975 comitatu
2019 1911 2138 1981 ejus

551 2013 903 2087 quamplures
937 2010 1054 2079 alii,
1092 2010 1234 2065 inter
1264 2024 1406 2079 quos
1434 2013 1591 2061 erant
1625 2004 1735 2060 duo
1764 2004 1832 2058 ab
1875 2001 2007 2069 urbe
2034 1999 2138 2062 Ba-

546 2105 875 2179 jocensium,
898 2113 1052 2175 pater
1081 2111 1137 2158 et
1174 2101 1340 2167 ﬁlius,
1372 2097 1648 2154 lluhertus
1679 2104 1735 2151 et
1776 2092 2135 2161 Gauzfredus,

549 2198 646 2270 qui
666 2198 741 2254 ita
775 2194 1057 2254 comitatui
1083 2194 1204 2265 ejus
1224 2186 1577 2271 adheserunt.
1609 2182 1739 2243 Erat
1761 2186 1901 2271 idem
1923 2183 2138 2260 Huber:

550 2266 640 2350 tus
679 2290 891 2347 diutino
935 2278 1196 2360 languore
1242 2266 1568 2356 depressus,
1602 2281 1675 2337 ita
1706 2289 1768 2335 ut
1801 2266 1901 2351 per.
1931 2294 2135 2335 annum

551 2385 824 2456 integrum
850 2382 1114 2439 neclecto
1142 2393 1365 2450 surgere
1393 2392 1494 2432 nec
1523 2375 1578 2430 in
1601 2375 1744 2439 latus
1766 2371 1912 2456 aliud
1934 2371 2140 2441 absque

550 2452 904 2546 suﬁ‘ragantis
940 2469 1296 2528 amminiculo
1341 2483 1400 2525 se
1440 2474 1634 2538 posset,
1660 2452 1964 2520 deﬂectere.
2002 2460 2141 2545 Huic

552 2581 660 2620 una
711 2563 928 2619 dierum
964 2562 1021 2618 in
1063 2546 1340 2627 cubiculo,
1389 2572 1504 2630 quo
1531 2556 1770 2628 jacebat,
1809 2553 2035 2626 angelus
2083 2551 2140 2625 in

471 2664 484 2681 '
550 2657 820 2716 columba:
852 2654 1067 2726 species
1091 2666 1362 2723 apparens
1401 2669 1413 2704 :
1463 2647 1627 2716 Vade,
1656 2645 1856 2717 inquit,
1886 2661 2022 2716 para
2050 2659 2139 2697 ne-

553 2750 809 2823 cessaria,
860 2755 910 2804 et
955 2726 1117 2818 perge
1136 2742 1493 2808 Hierusalem,
1517 2740 1643 2812 quia
1682 2738 1938 2794 Dominus
1964 2734 2134 2807 jubet.

547 2842 648 2899 Cui
670 2857 796 2899 cum
813 2840 902 2896 ille
928 2836 1302 2910 respondisset
1330 2855 1342 2891 :
1372 2832 1514 2901 Quid
1550 2832 1769 2903 faciam,
1793 2830 1920 2903 quia
1946 2844 2138 2900 nequeo

550 2934 799 3006 surgere?
846 2932 938 2987 ille
974 2931 1208 3005 iterato:
1259 2926 1438 2993 Para,
1480 2923 1693 2994 inquit,
1741 2921 2060 2986 necessaria,
2087 2927 2138 2975 et

472 3036 478 3043 '
550 3026 701 3094 uade,
739 3024 870 3096 quia
898 3006 1158 3099 Dominus
1189 3018 1318 3074 vult.
1346 3015 1638 3088 Adquievit
1661 3015 1857 3081 homo,
1885 3022 1939 3070 et
1980 3028 2140 3068 mane

552 3116 696 3174 facto
733 3114 932 3171 fratres
978 3100 1043 3193 et"
1072 3110 1412 3193 propinquos
1459 3108 1765 3172 advocans,
1804 3105 2140 3191 voluntatem

554 3208 771 3265 Domini
809 3187 1043 3285 aperuit,
1072 3219 1229 3284 suam
1251 3217 1471 3285 quoque
1492 3200 1826 3257 voluntatem
1943 3197 1997 3254 id
2019 3212 2141 3255 esse

555 3311 615 3358 ut
651 3280 1186 3370 obediretpatcfecit.
1214 3280 1295 3353 illi
1318 3294 1670 3359 admirantes,
1696 3300 1757 3367 et
1777 3306 1887 3368 pro
1905 3290 2138 3370 inﬁrmi.-

554 3400 665 3448 tate
691 3405 859 3463 quam
884 3364 1139 3445 videbant
1165 3384 1438 3453 voluntati
1465 3384 1584 3455 ejus
1621 3364 1896 3439 contraire
1933 3364 2142 3441 nonan?

553 3494 655 3552 tes,
679 3498 807 3539 cum
833 3468 1079 3547 avertere
1108 3477 1387 3534 hominem
1421 3492 1453 3532 a
1498 3483 1648 3531 recta
1683 3473 1986 3530 intentione
2017 3488 2139 3543 mo-,

555 3577 808 3641 lirentur,
843 3571 1164 3644 inpossibile
1210 3584 1334 3625 esse
1360 3558 1787 3645 pronuntiabant
1814 3566 1962 3645 quod
1988 3565 2139 3622 dice-

555 3667 747 3734 batur;
778 3642 921 3722 cum
949 3663 1037 3727 ille
1067 3662 1242 3718 ﬁlium
1268 3644 1651 3727 Gauzfredum,
1680 3642 2027 3716 assistentem
2060 3658 2143 3712 vi-

549 3760 688 3815 dens
718 3777 730 3813 :
768 3746 932 3838 Vade,
954 3744 1051 3823 ait,
1093 3743 1335 3827 prtepara
1357 3769 1609 3829 expensas
1629 3762 1678 3808 et
1698 3768 1816 3823 qua:
1849 3760 1970 3806 sunt
1993 3760 2141 3833 tanto

550 3850 735 3905 itineri
769 3848 1087 3914 necessaria,
1113 3846 1240 3918 quia
1265 3855 1313 3900 et
1341 3862 1432 3917 ego
1470 3844 1582 3910 ibo,
1611 3854 1659 3899 et
1693 3855 1749 3898 tu
1785 3860 2008 3911 mecum,
2042 3842 2142 3897 Dei

553 3950 863 4012 cooperante
887 3924 1183 3995 clementia.
1209 3922 1499 4022 Adquievit
1524 3936 1688 4003 ﬁlius,
1713 3945 1767 3992 et
1796 3936 2000 4007 paratis
2033 3952 2144 4007 quo

574 4034 717 4091 titius
744 4033 921 4105 potuit
946 4041 1097 4088 tanto
1121 4030 1300 4087 itineri
1325 4030 1671 4101 necessariis,
1693 4038 1901 4101 patrem
1930 4029 1996 4084 de
2016 4043 2143 4103 pro;

557 4127 792 4194 fectione
817 4124 1121 4204 admonuit.
1166 4123 1259 4180 llic
1285 4124 1722 4196 propinquorum
1753 4132 1808 4180 et
1833 4123 2143 4193 vici-norum

556 4234 789 4290 surgens
810 4216 1184 4283 amminiculo,
1210 4224 1432 4286 pontem
1455 4223 1579 4269 ante
1603 4213 1993 4271 monasterium
2016 4228 2145 4291 san-

556 4320 659 4365 υιίε
688 4306 874 4363 Maria:
896 4305 1226 4381 Magdalenie
1261 4304 1318 4359 in
1361 4304 1551 4360 eadem
1590 4301 1971 4375 Bajocensium
2003 4290 2141 4360 civi-

554 4412 668 4459 tate
697 4402 893 4481 situm,
907 4384 1056 4471 quod
1097 4405 1217 4455 erat
1250 4398 1493 4475 vicinum
1524 4398 1713 4478 domui
1748 4414 1883 4465 sum,
1911 4413 1941 4452 a
1976 4406 2139 4469 quat:

526 4508 685 4552 .tuor
727 4496 859 4569 hinc
904 4506 959 4549 et
997 4493 1123 4569 inde
1153 4501 1491 4549 sustentatus
1538 4493 1775 4569 transiit,
1814 4502 1871 4569 et
1916 4510 2044 4549 mox
2083 4502 2143 4549 ut

554 4601 702 4657 equo
732 4566 1024 4665 impositus
1048 4592 1151 4649 est,
1196 4598 1363 4663 sanus
1405 4581 1583 4665 factus
1610 4593 1665 4638 et
1700 4568 2009 4650 incolomis,
2041 4584 2143 4649 vite

555 4695 616 4735 se
655 4662 903 4743 credidit,
954 4685 1009 4732 et
1050 4660 1346 4732 comitante
1374 4660 1561 4731 divina
1611 4676 1783 4748 gratia
1836 4660 2140 4733 Virdunum

556 4770 807 4837 veniens,
856 4784 981 4824 cum
1027 4767 1241 4825 audiret
1278 4776 1335 4847 et
1368 4767 1573 4824 videret
1607 4767 2003 4839 profectionem
2038 4748 2144 4823 viri

558 4862 655 4918 Dei
676 4871 789 4937 tota
809 4847 958 4917 urbe
978 4860 1292 4925 accelerari,
1329 4860 1610 4929 sustinuit,
1634 4868 1689 4917 et
1709 4860 1995 4917 comitatui
2023 4860 2144 4930 ejus

556 4955 857 5032 adherens,
890 4953 1232 5030 orationibus
1276 4953 1396 5023 ejus
1440 4967 1499 5008 se
1545 4936 1670 5008 cum
1701 4952 1811 5008 ﬁlio
1842 4951 2143 5023 commisit,

557 5064 701 5123 quos
729 5050 812 5103 vir
832 5029 933 5103 Dei
967 5028 1429 5125 familiarissimos
1452 5045 1661 5101 habuit.
1707 5043 1943 5101 Profecti
1980 5028 2147 5116 igitur

557 5160 657 5215 per
686 5142 979 5214 Illyricum,
1013 5148 1282 5196 venerunt
1319 5138 1388 5195 ad
1420 5139 1657 5195 deserta.
1691 5136 1825 5209 Quae
1862 5153 1989 5193 cum
2029 5137 2145 5209 jam

557 5238 673 5294 fere
694 5234 1141 5308 pertransissent,
1167 5234 1254 5305 die
1272 5232 1510 5304 quadam
1534 5231 1737 5288 fontem
1765 5232 1981 5287 eminus
2016 5247 2148 5288 cou-

559 5329 757 5401 spicati
808 5328 1178 5384 clarissimum
1216 5337 1279 5387 et
1324 5329 1665 5402 perlucidum
1685 5370 1700 5396 ,
1752 5327 2151 5405 descenderunt

556 5431 711 5492 pater
737 5421 1005 5495 Ricardus
1032 5436 1161 5476 cum
1183 5421 1349 5477 sociis
1372 5430 1431 5477 ut
1451 5422 1761 5492 acciperent
1779 5420 2145 5492 gentaculum.

556 5513 758 5569 Turbis
786 5529 1005 5584 quoque
1034 5513 1181 5569 circa
1202 5511 1406 5569 fontem
1449 5513 1941 5579 discumbentibus,
1983 5529 2145 5569 vene-

556 5605 749 5662 rabilis
777 5614 930 5677 pater
951 5606 1072 5661 loco
1098 5606 1427 5676 competenti
1451 5622 1549 5676 pro
1576 5615 1821 5676 tempore
1841 5605 2062 5673 resedit,
2091 5615 2146 5661 et

1543 418 1845 478 HUGONIS
1881 418 2174 474 ABBATIS
2212 416 2779 473 FLAVINIACENSIS

2162 531 2208 587 Α
2235 528 2416 583 accito
2443 527 2649 609 famulo
2687 536 2749 605 ut
2776 528 2843 600 de
2865 526 3015 602 fonte
3042 527 3147 597 sibi
3187 526 3417 597 afferret.
3437 527 3577 600 cujus
3602 530 3732 603 peril-

2239 622 2360 684 cida
2382 622 2630 685 claritate
2661 622 2962 691 delectatus
2985 630 3123 687 erat,
3152 623 3445 685 admonuit.
3467 622 3550 681 Ille
3566 625 3731 695 vadens,

2236 730 2304 782 ex
2334 730 2477 785 aqua
2523 713 2692 769 fontis
2728 728 2857 781 vase
2911 713 3140 784 inplete,
3188 713 3305 775 viro
3339 713 3432 771 Dei
3477 717 3732 788 propinavit

2239 806 2345 865 Sed
2374 814 2434 862 ut
2463 821 2567 877 vas,
2583 805 2665 861 ori
2697 805 2959 874 admovit,
2990 821 3190 877 aquam
3238 806 3294 864 in
3329 806 3508 864 vinum
3537 807 3735 869 Dominus

2237 898 2473 970 mirabili
2496 898 2695 971 virtute
2728 898 3015 966 convertit,
3043 907 3100 954 et
3132 899 3213 954 sic
3246 899 3341 970 qui
3379 915 3562 971 aquam
3584 900 3737 959 deside

2236 998 2475 1067 raverat,
2526 989 2716 1049 vinum
2747 990 2981 1062 accepit.
3022 988 3371 1061 Stupefactus
3412 1005 3446 1047 a
3477 989 3651 1047 famulo
3680 1008 3738 1048 re-

2238 1087 2427 1163 quirit,
2457 1086 2551 1143 ubi
2568 1086 2755 1143 vinum
2777 1086 3069 1157 acceperit,
3092 1093 3148 1142 et
3168 1093 3430 1149 evacuate
3448 1099 3582 1153 vase,
3600 1084 3738 1144 item

2238 1195 2365 1237 eum
2394 1195 2492 1252 pro
2514 1195 2657 1253 aqua
2681 1179 2850 1236 fontis
2876 1178 3107 1235 remisit.
3127 1176 3268 1251 (F01.
3303 1177 3432 1249 86’).
3462 1176 3546 1234 Ille
3565 1177 3740 1241 admira-

2240 1280 2351 1339 tus,
2382 1272 2597 1328 cunctis
2623 1271 2975 1328 cernentibus
3016 1285 3217 1342 aquam
3258 1270 3440 1326 hausit
3466 1269 3529 1326 de
3553 1268 3686 1337 fonte,
3705 1280 3743 1326 et

2242 1365 2359 1425 viro
2393 1363 2487 1420 Dei
2514 1362 2845 1435 propinavit.
2878 1362 2986 1420 Sed
3018 1362 3220 1419 iterum
3256 1361 3531 1419 divinitate
3564 1362 3739 1432 propicia

2240 1472 2385 1529 aqua
2409 1456 2576 1529 fontis
2619 1456 2677 1511 in
2711 1456 2902 1524 vinum
2939 1470 3207 1519 conversa
3255 1463 3359 1515 est.
3406 1452 3552 1521 Quod
3582 1455 3651 1509 vir
3677 1452 3744 1508 Dei

2239 1564 2566 1621 agnoscens,
2596 1536 2707 1625 Deo
2736 1547 2940 1621 gratias
2964 1547 3098 1621 egit,
3114 1554 3169 1617 et
3187 1546 3346 1614 bibit,
3376 1547 3571 1603 cunctis
3587 1561 3742 1616 quoque

2238 1655 2307 1696 ex
2358 1640 2550 1696 eodem
2610 1639 2747 1701 vino.
2790 1640 2845 1694 in
2897 1639 3090 1706 eodem
3140 1652 3270 1694 vase
3312 1636 3614 1708 prOpipavit.
3647 1635 3742 1703 Quid

2239 1732 2430 1813 plura?
2457 1731 2721 1788 Biberunt
2748 1746 2970 1797 omnes,
2994 1739 3052 1787 et
3084 1730 3306 1802 virtutis
3334 1728 3555 1793 Domino
3586 1730 3743 1785 beauti-

2240 1833 2471 1905 xerunt,
2503 1824 2597 1898 qui
2633 1823 2766 1881 facit
2807 1823 3087 1885 mirabilia
3128 1823 3280 1880 solus
3322 1822 3491 1895 (Psal.
3519 1838 3642 1889 tm,
3670 1820 3742 1887 18),

2239 1917 2398 1988 cujus
2427 1933 2657 1996 regnum
2701 1932 2931 1992 regnum
2965 1926 3051 1973 est
3075 1924 3346 1983 internum
3388 1914 3542 1986 (Dan.
3566 1929 3645 1979 vii,
3665 1912 3742 1979 27).

2238 2021 2291 2069 et
2321 2022 2563 2085 potestas
2588 2012 2709 2083 ejus
2741 2020 2996 2083 potestas
3007 2018 3222 2078 eterna,
3249 2024 3377 2081 quae
3402 2023 3508 2067 non
3541 2006 3744 2063 auferetur

2240 2105 2293 2181 (1
2298 2105 2431 2174 bid.,
2453 2106 2563 2176 Li).
2594 2104 2876 2172 Biberunt,
2900 2104 3124 2175 inquam
3148 2144 3168 2171 ,.
3185 2118 3383 2164 omnes
3399 2101 3465 2163 de
3484 2101 3595 2158 vino
3613 2100 3696 2164 illo,
3711 2110 3749 2153 et

2240 2200 2426 2271 vinum
2447 2198 2796 2255 imminutum
2825 2213 2935 2254 non
2962 2205 3076 2264 est;
3102 2196 3232 2268 quia
3254 2211 3393 2255 cum.
3425 2210 3597 2252 omnes
3625 2193 3742 2248 bibis

2240 2300 2384 2359 sent,
2422 2290 2573 2365 solus
2599 2290 2689 2346 ille
2724 2288 2963 2361 scyphus
3002 2286 3352 2344 abundanter
3395 2284 3588 2341 cunctis
3610 2280 3743 2341 adfuit.

2239 2395 2293 2441 et
2332 2383 2682 2457 postmodum
2715 2382 2859 2454 patri
2900 2381 3176 2438 Richardo
3225 2395 3343 2437 non
3390 2378 3565 2436 defuit.
3604 2376 3656 2432 Et
3683 2375 3746 2445 qui

2239 2478 2401 2549 vidit,
2464 2476 2839 2539 testimonium
2890 2473 3201 2546 perhibuit,
3271 2472 3555 2545 praedictus
3603 2468 3750 2527 scitius

2240 2568 2575 2643 llumbertus
2602 2577 2656 2625 et
2683 2567 2829 2634 ﬁlius
2857 2568 2977 2639 ejus
2999 2565 3345 2634 Gaufredus;
3377 2574 3429 2622 et
3456 2565 3634 2623 scimus
3660 2562 3745 2633 quia

2243 2678 2435 2719 verum
2461 2670 2546 2719 est
2570 2660 2943 2728 testimonium
2969 2675 3182 2727 eorum,
3210 2659 3355 2735 quia.
3370 2658 3470 2730 ipsi
3497 2673 3555 2714 ex
3578 2654 3746 2714 cohibe

2240 2767 2402 2827 runt,
2447 2772 2575 2826 cum
2619 2755 2875 2821 sederent
2912 2769 2977 2810 ea
3010 2754 3156 2813 liora
3196 2768 3371 2824 prope
3407 2753 3542 2808 latus
3576 2747 3745 2806 hominis

2241 2850 2365 2917 Dei;
2397 2858 2452 2906 et
2480 2858 2755 2921 praeterea,
2775 2848 2994 2903 virtutis
3018 2847 3182 2918 hujus
3211 2855 3298 2906 tot
3330 2855 3459 2904 sunt
3479 2853 3636 2908 testes,
3659 2848 3749 2912 quot

2239 2951 2397 3000 erant
2439 2943 2540 2998 vite
2580 2942 2831 3008 comites,
2868 2941 2999 3012 quia
3026 2941 3211 2999 nullus
3237 2940 3297 3020 in
3322 2940 3570 2998 comitatu
3601 2933 3743 2989 illaia-

2240 3043 2438 3092 ventus
2461 3042 2567 3102 est,
2591 3034 2682 3090 cui
2703 3048 2813 3089 non
2832 3032 2917 3087 vir
2945 3032 3042 3089 Dei
3076 3048 3145 3089 ex
3171 3033 3278 3090 hoc
3313 3027 3642 3091 vinovirtutis
3657 3039 3744 3099 pm-

2241 3128 2505 3200 pinasset.
2542 3125 2641 3184 Est
2658 3126 2839 3183 adhuc
2863 3126 2921 3181 in
2946 3125 3235 3198 Bajocensi
3274 3126 3415 3183 urbe
3446 3122 3588 3197 quasi
3604 3134 3743 3177 nonin

2166 3236 2213 3300 ε
2243 3221 2348 3277 hoc
2375 3219 2726 3288 miraculum,
2748 3228 2804 3276 et
2824 3228 3008 3291 patres
3027 3219 3127 3291 qui
3165 3219 3424 3277 viderunt
3468 3218 3750 3275 namvemt

2242 3329 2307 3377 ea
2332 3314 2460 3385 ﬁliis
2481 3314 2618 3382 suis,
2641 3322 2698 3370 et
2735 3313 2831 3370 ﬁlii
2865 3313 3104 3369 ﬁliorum
3149 3313 3303 3381 ﬁliis,
3332 3322 3394 3370 ut
3414 3316 3666 3384 cognoscat
3683 3318 3746 3375 ge-

2241 3408 2455 3464 neratio
2497 3408 2690 3467 altera.
2726 3404 2839 3463 Nos
2885 3422 3108 3479 quoque
3149 3408 3256 3463 hoc
3309 3424 3345 3464 a
3394 3398 3748 3465 Gauriredi-ﬁlio

2242 3497 2502 3571 szelino
2549 3499 2791 3568 nomine,
2829 3500 2950 3559 viro
2987 3500 3161 3571 probo
3185 3509 3239 3556 et
3281 3501 3529 3567 honesto,
3554 3509 3670 3553 nunc
3689 3491 3749 3545 Di-

2242 3590 2520 3661 vionensis
2548 3592 2805 3657 eccl,esiai.
2816 3594 3109 3660 monacho,
3142 3593 3476 3661 audivimus,
3503 3588 3685 3663 quiia!“
3706 3599 3749 3640 ω

2243 3694 2485 3757 tempore
2507 3696 2670 3755 natus
2694 3695 2749 3742 et
2769 3687 3009 3755 adultus,
3031 3703 3063 3743 a
3093 3696 3247 3758 patre
3275 3697 3335 3744 et
3357 3687 3426 3744 ab
3465 3700 3558 3743 avo
3591 3682 3672 3737 hoc
3686 3693 3751 3732 al-

2242 3778 2397 3845 divit,
2432 3789 2486 3835 et
2518 3778 2707 3842 didicit
2740 3779 2810 3845 ab
2830 3780 2939 3836 illis
2961 3778 3196 3839 formam
3228 3780 3449 3849 orandi,
3480 3788 3622 3849 quam

2244 3874 2357 3942 tuit
2379 3873 2741 3944 simpliciores
2782 3883 2836 3928 et
2880 3873 3079 3933 idiotas
3127 3889 3159 3929 e
3187 3874 3394 3937 saeculo
3439 3871 3504 3927 ad
3537 3883 3588 3925 se
3617 3859 3751 3921 codi-

2245 3968 2455 4039 gientes
2501 3976 2665 4037 pater.
2699 3965 3008 4025 Richardus
3064 3966 3119 4020 in
3158 3965 3415 4037 ingressu
3464 3956 3749 4019 moclesiaﬂlm

2246 4053 2446 4122 dicere,
2479 4054 2533 4110 in
2563 4056 2707 4111 hanc
2734 4054 2969 4117 formam
2995 4075 3018 4115 ;,
3040 4055 3339 4115 Αάονεηιαδ
3372 4054 3551 4118 Deum,
3576 4052 3751 4104 sancta

2253 4145 2588 4217 Trinitatem.
2618 4148 2955 4217 deprecemur
2980 4157 3190 4209 sanctos
3220 4148 3340 4217 ejus
3371 4146 3459 4218 qui
3478 4158 3563 4215 pro
3591 4138 3751 4201 De“?

2247 4239 2537 4308 pellantur,
2569 4248 2629 4294 ut
2676 4240 2779 4310 ipsi
2826 4240 3172 4310 deprecentur
3225 4238 3429 4305 Deum,
3458 4245 3513 4291 ut
3557 4233 3629 4287 det
3654 4224 3753 4281 nobis

2192 4370 2207 4380 ς
2250 4348 2434 4402 pacem
2462 4341 2513 4387 et
2534 4332 2837 4398 sanitatem,
2865 4331 3229 4402 peccatoribus
3261 4347 3437 4389 veram
3468 4319 3751 4400 penitth

2251 4422 2684 4493 discordantibus
2720 4439 2895 4477 veram
2928 4422 3268 4483 concordiam
3288 4465 3303 4488 ,
3340 4420 3469 4477 vitiis
3508 4426 3674 4487 Ροαπνν
3694 4405 3753 4459 4"-

2250 4514 2450 4584 fuuctis
2474 4515 2721 4585 requiem.
2759 4511 2869 4569 Hec
2899 4513 3092 4581 orandi
3120 4512 3297 4569 forma
3343 4514 3398 4568 in
3432 4506 3752 4567 omnibusmo'

2178 4606 2223 4660 D
2249 4607 2508 4685 nasteriis
2546 4607 2661 4663 suis
2681 4606 2851 4679 laycis
2879 4606 3214 4663 tradebatur.

2171 1890 2228 1956 Β

2320 4772 2410 4827 20.
2456 4772 2588 4828 Erat
2639 4782 2821 4828 autem
2846 4772 2967 4827 viro
2988 4771 3083 4827 Dei
3111 4772 3380 4827 familiare
3409 4783 3559 4826 mane
3578 4772 3753 4831 surge”,

2251 4868 2441 4923 laudes
2464 4867 2574 4923 Deo
2602 4868 2805 4934 dicere,
2842 4867 2945 4922 iter
2965 4867 3290 4931 accelerare,
3322 4874 3485 4944 atque
3512 4860 3754 4944 constitit“ll

2251 4960 2483 5017 Domino
2508 4961 2564 5015 in
2586 4961 2673 5015 via
2704 4975 2937 5031 pensum
2964 4960 3221 5026 reddere,
3248 4968 3303 5014 et
3334 4941 3420 5035 sic.
3447 4957 3571 5011 hora
3594 4941 3737 5004 factio

2254 5052 2335 5106 nis
2370 5052 2529 5122 panis
2570 5050 2892 5106 imminente
2916 5092 2932 5117 ,
2974 5052 3277 5120 missarum
3312 5043 3597 5117 solempnia
3629 5045 3754 5106 θείατ’

2250 5160 2600 5217 quocumque
2646 5153 2823 5217 esset,
2849 5152 2906 5217 et
2929 5144 3161 5215 expletis
3187 5140 3445 5199 misteriis
3480 5136 3544 5192 ad
3568 5132 3755 5217 [range-ns

2250 5213 2378 5294 dum
2410 5213 2605 5317 panem
2633 5213 3016 5303 discumbere,
3033 5251 3103 5292 ne
3132 5240 3488 5308 gravarentur
3528 5226 3690 5317 frallfs
3708 5213 3756 5265 ιδ’

2252 5331 2384 5403 bQI‘e
2418 5313 2629 5395 illitteris
2681 5338 2736 5385 et
2781 5328 3193 5401 continuatione
3231 5324 3426 5398 jejuni-i
3454 5318 3593 5393 (Vita

2255 5396 2336 5475 nis
2368 5420 2474 5492 10).
2508 5420 2669 5476 Venit
2703 5396 2839 5491 ergo
2859 5396 3350 5484 Antiochiam,iuhi
3381 5419 3626 5469 cumcum

2254 5513 2331 5569 ris
2353 5512 2656 5569 necessitas
2692 5511 2902 5582 aliquot
2922 5510 3118 5565 diebus
3143 5503 3408 5563 remorari
3429 5496 3685 5570 coegissei.
3701 5495 3756 5536 ’π

2253 5605 2348 5663 Dei
2383 5606 2643 5679 Symeon,
2675 5604 2768 5674 qui
2796 5618 2942 5659 nunc
2969 5602 3346 5658 Trevirenscm
3385 5589 3656 5652 aecclesiam
3673 5588 3756 5633 απ·

2058 5789 2286 5847 NOTAE.

629 5881 741 5955 (98)
784 5882 1036 5940 Ademari
1063 5880 1202 5941 Hist.
1230 5882 1316 5942 ill.
1348 5882 1435 5940 65.
1464 5882 1586 5940 Vita
1612 5880 1890 5955 Richardi,
1920 5884 2003 5939 ιτ.
