3834 6304
123 373 206 430 ἓὶὸ
1365 358 1782 419 CHRONlCON.
1813 391 1882 400 ——
1912 357 2040 412 LIB.
2081 355 2144 410 ll.
2201 383 2206 386 -

3229 353 3333 410 246

123 503 226 559 pore
244 494 290 550 et
307 484 586 548 virtutibus
608 484 838 538 adornat
860 482 1064 552 (99),et
1085 481 1341 536 amicitiis
1363 480 1410 534 ei
1430 480 1654 549 junctus
1682 479 1732 539 Α
1758 484 1923 529 ventu
1959 488 2074 528 suo.
2099 486 2303 541 passus
2323 470 2498 525 fuerat
2531 467 2780 536 infestos,
2813 468 2918 540 ipsi
2945 483 2996 524 ei
3027 484 3185 525 versa
3215 469 3334 526 vice

120 591 200 647 (57!,
221 589 268 635 et
307 579 554 644 fratribus
600 578 696 648 qui
736 583 893 632 erant
939 591 1065 631 cum
1096 590 1191 642 eo,
1238 574 1503 644 adoptans
1547 573 1652 630 sibi

121 673 240 726 illum
265 671 314 725 in
343 677 544 740 patrem
578 667 748 739 (100).
798 667 858 722 ln
899 683 1009 739 quo
1039 667 1182 722 beati
1209 666 1482 722 Simeonis
1507 665 1652 721 facto

119 778 198 820 hoc
220 761 401 817 intueri
428 761 575 827 libet,
603 761 733 830 quia
766 760 908 815 idem
933 759 1016 813 vir
1045 758 1140 815 Dei
1170 775 1281 814 non
1302 758 1422 829 ejus
1447 773 1506 814 se
1533 774 1652 814 cre-

117 860 237 910 deret
261 853 578 925 magisterio,
607 841 734 920 neu
765 853 1130 908 committeret
1175 852 1502 922 patrocinio,
1543 851 1651 906 nisi

115 943 260 1003 divina
303 948 486 1018 pietas,
525 963 648 1018 qua:
695 962 822 1001 eum
863 962 892 1000 a
941 944 1110 1000 seculi
1157 943 1371 998 actibus
1411 943 1648 998 alienum

116 1040 390 1106 reddiderat,
420 1039 569 1104 cordi
604 1039 724 1109 ejus
745 1039 1041 1095 revelasset
1083 1039 1306 1110 dignum
1338 1037 1490 1092 illum
1527 1053 1651 1093 esse

113 1132 185 1202 qui
203 1129 413 1196 subditis
437 1145 672 1200 praeesse
711 1139 765 1184 et
804 1129 1066 1200 prodesse
1097 1137 1303 1200 posset.
1337 1128 1667 1184 Mittebatur.

114 1231 256 1275 autem
279 1221 439 1276 isdem
463 1221 656 1276 beatus
689 1219 925 1292 Symeon
967 1237 998 1276 a
1039 1220 1300 1276 fratribus
1330 1220 1649 1276 monasterii

114 1312 274 1368 montis
297 1312 432 1384 Syon
473 1327 573 1383 pro
598 1313 921 1379 elemosina,
965 1329 1088 1384 quae
1122 1313 1188 1370 de
1216 1320 1360 1368 terra
1391 1312 1648 1368 Richardi

73 1385 76 1390 I
111 1403 286 1457 comitis
305 1401 646 1458 Normannize
671 1404 1006 1460 monasterio
1028 1403 1204 1459 eidem
1233 1403 1558 1470 debebatur;
1593 1411 1647 1458 et

111 1509 393 1564 quamquam
444 1503 635 1561 nosset
682 1496 878 1566 spiritu
909 1495 1013 1550 sibi
1052 1496 1327 1551 revelante
1367 1495 1536 1550 multa
1586 1511 1646 1550 se

111 1587 293 1642 adversa
322 1603 643 1658 passurum,
683 1597 864 1644 tamen
904 1596 1057 1659 pater
1084 1588 1392 1644 Richardus
1434 1589 1644 1644 discre—

111 1679 238 1736 tionis
257 1681 416 1736 ocrlis
447 1681 576 1746 h'ne
602 1681 725 1736 inde
750 1682 996 1747 munitus
1031 1681 1326 1738 consilium
1357 1682 1544 1748 dedit,
1584 1688 1644 1736 ut

107 1769 244 1838 ceptis
276 1770 560 1838 insisteret,
602 1771 993 1826 obmdientiam
1034 1771 1302 1841 impleret,
1354 1786 1642 1842 usquequo

109 1876 195 1914 rem
211 1861 445 1932 probaret
457 1861 981 1924 eventus..Flentem
1004 1863 1188 1933 itaque
1205 1872 1262 1918 et
1280 1861 1488 1917 tristem
1515 1877 1642 1918 eum

107 1969 131 2004 a
154 1969 201 2008 se
224 1953 442 2022 dimisit,
473 1955 752 2025 utrimque
793 1955 1022 2026 pedibus
1053 1955 1307 2010 manibus
1331 1962 1386 2009 et
1413 1954 1647 2026 genibus

106 2044 403 2114 exosculatis,
434 2044 570 2115 quia
613 2053 734 2099 erat
772 2045 829 2099 in
857 2045 939 2100 eis
967 2045 1140 2117 gratia
1171 2044 1407 2116 Spiritus
1443 2046 1638 2108 sancti.

110 2131 206 2188 llzec
229 2145 299 2190 est
337 2151 484 2191 enim
529 2146 846 2192 sanctorum
871 2136 1191 2204 delectatio,
1220 2137 1442 2209 diligere
1476 2137 1641 2194 alter.

105 2227 409 2297 utrum,quia
437 2237 492 2282 et
521 2226 667 2283 Deus
698 2229 901 2290 caritas
930 2237 1034 2296 est,
1063 2238 1117 2284 et
1137 2230 1231 2300 qui
1262 2239 1445 2285 manet
1467 2230 1520 2284 in
1544 2246 1639 2287 ea-

103 2317 241 2383 titate,
263 2319 312 2372 in
349 2319 458 2374 Deo
483 2328 672 2376 manet
695 2319 748 2391 (I
779 2320 940 2375 Joan.
969 2338 1041 2389 ιν,
1077 2323 1186 2392 l6).
1213 2321 1510 2378 Caritatzm
1540 2339 1640 2378 au-

101 2416 182 2462 tem
211 2425 350 2482 aquae
370 2413 560 2467 multa:
609 2429 720 2468 non
749 2422 1007 2484 poterunt
1039 2415 1374 2486 extinguere,
1407 2431 1507 2471 nec
1532 2417 1634 2470 ﬁu-

101 2505 212 2560 mina
241 2507 476 2563 obruent
496 2509 646 2563 illam
675 2508 855 2580 (Cant.
894 2527 1014 2578 Vill,
1053 2510 1126 2582 7).
1169 2510 1439 2567 Prubatus
1469 2513 1636 2584 igitur

99 2595 268 2653 Domini
287 2615 472 2657 servus
502 2601 644 2656 viam
671 2616 922 2671 carpens,
941 2610 996 2657 et
1014 2602 1116 2656 via)
1135 2603 1328 2657 ducem
1355 2603 1633 2658 Christum

98 2691 379 2760 collaudans,
412 2703 621 2750 terram
656 2693 1088 2750 Sarracenorum
1119 2696 1398 2766 ingressus
1421 2705 1526 2752 est.
1570 2695 1636 2751 Et

99 2797 191 2836 rum
213 2786 667 2856 appropinquaret
705 2787 1018 2844 civitatibus
1062 2803 1276 2853 eorum,
1305 2787 1636 2857 praedicabat

97 2872 302 2931 omnibus
319 2875 602 2932 Christum
631 2874 840 2945 Iesum,
871 2877 925 2932 in
946 2909 948 2911 »
973 2877 1198 2933 domino
1231 2876 1340 2932 Deo
1375 2894 1476 2934 suo
1501 2894 1635 2934 con-

98 2967 214 3035 ﬁsus,
237 2971 351 3040 quia
390 2987 510 3027 non
538 2979 659 3031 erat
681 2971 738 3024 in
761 2971 958 3041 spiritu
982 2971 1104 3042 ejus
1129 2970 1308 3026 dolus.
1351 2968 1472 3025 Jam
1504 2987 1632 3028 vero

98 3059 165 3114 ubi
186 3061 242 3116 ad
261 3063 441 3125 urbem
470 3063 732 3130 venisset,
765 3072 891 3118 ante
931 3079 1152 3118 murum
1187 3063 1338 3119 urbis
1368 3064 1634 3134 psallebat

1753 583 1880 622 cum
1929 566 2138 620 honore
2181 563 2470 630 servirent,
2512 572 2567 618 et
2600 578 2760 618 mane
2804 561 2950 618 facto
3002 561 3334 618 deducerent

1725 659 2064 715 ’abeuntem.
2089 654 2411 712 Miriﬁcabat
2443 655 2588 711 enim
2629 653 2894 718 Dominus
2917 669 3136 711 servum
3169 670 3330 710 suum

1750 751 1922 823 signis
1955 758 2011 804 et
2030 748 2314 820 prodigiis,
2345 748 2400 802 in
2444 756 2659 802 tantum
2687 756 2747 802 ut
2773 747 3030 803 omnibus
3066 747 3332 806 sanctitas

1748 844 1868 914 ejus
1898 843 2284 905 innotesceret,
2328 848 2383 894 et
2432 839 2607 895 virtus
2652 837 2782 898 Jesu
2827 855 2923 910 per
2969 854 3095 894 eum
3126 839 3331 910 ubique

1749 933 2168 1006 praedicabatur,
2199 933 2328 1003 quia
2353 930 2499 988 fama
2528 931 2832 989 sanctitatis
2861 931 2990 1002 ejus
3015 931 3217 1003 ubique
3249 930 3330 988 fc-

1748 1029 1988 1084 rebatur.

1817 1119 1908 1173 21.
1960 1116 2493 1186 Constantinopolim
2530 1116 2774 1182 veniens,
2811 1131 2934 1171 cum
2983 1124 3188 1186 quanto
3229 1117 3329 1172 ho-

1747 1226 1882 1266 nore
1902 1220 2164 1282 exceptus
2202 1212 2273 1266 ab
2299 1211 2626 1282 imperatore
2653 1213 2743 1279 sit,
2765 1214 3053 1285 dignisque
3079 1216 3325 1270 muneri-

1747 1303 1850 1358 bus
1884 1310 1939 1357 et
1969 1302 2250 1374 obsequiis
2289 1303 2613 1372 honoratus,
2663 1305 2846 1361 dicere
2888 1307 3327 1376 supersedemus,

1746 1394 1876 1464 quia
1902 1394 1971 1449 ad
1995 1394 2106 1449 alia
2140 1410 2517 1466 properamus.
2544 1395 2753 1466 Optata:
2793 1397 2977 1467 itaque
3005 1397 3107 1454 viae
3133 1398 3328 1455 dimis-

1746 1502 1842 1542 sus
1869 1491 1995 1542 cum
2018 1488 2214 1558 gratia,
2251 1502 2349 1558 per
2392 1489 2716 1545 multimoda
2750 1489 2988 1560 pericula
3024 1492 3330 1561 apprehen-

1745 1577 1826 1632 dit
1847 1576 2223 1635 Jherosolimaa
2249 1581 2369 1634 loca
2389 1581 2718 1637 desiderata.
2746 1580 3169 1654 lngrediensque
3199 1585 3332 1640 civi-

1743 1670 1872 1726 tatis
1899 1679 2137 1741 portam,
2164 1673 2577 1744 responsorium
2605 1674 2737 1729 illud
2756 1675 2828 1730 de
2855 1673 3140 1730 Dominica
3165 1675 3218 1729 in
3244 1692 3332 1730 ra-

1744 1762 1850 1820 mis
1873 1764 2181 1835 palmarum
2217 1782 2230 1818 :
2269 1764 2606 1837 Ingrediente
2641 1766 2868 1821 Domino
2897 1767 2955 1820 in
2985 1774 3228 1820 sanctam
3255 1768 3333 1822 ci-
3381 1795 3394 1798 ~-

1673 1828 1719 1888 Β
1744 1855 1981 1922 nitatem,
2034 1856 2348 1914 dulcissona
2380 1874 2506 1914 cum
2535 1859 2701 1916 sociis
2735 1859 3109 1914 modulatione
3138 1859 3334 1916 decan-

1747 1947 1914 2014 tabat,
1955 1947 2236 2009 Christum
2276 1951 2623 2018 cruciﬁxum,
2671 1952 2766 2022 qui
2801 1959 2888 2008 est
2938 1967 3101 2022 super
3146 1953 3333 2010 omnia

1746 2038 2231 2098 Deus-benedictus
2255 2042 2310 2096 in
2339 2043 2525 2098 secula
2557 2043 2730 2112 (Rom.
2776 2060 2852 2110 ιι,
2883 2043 2960 2114 5),
2994 2044 3252 2111 adorans,
3278 2053 3334 2101 et

1744 2130 1927 2186 locum
1963 2133 2238 2203 sepulchri
2283 2133 2405 2204 ejus
2445 2135 2622 2191 oculis
2667 2134 2792 2190 ﬁdei
2839 2143 3164 2192 veneranter
3209 2151 3330 2191 am-

1743 2223 2006 2292 plectens.
2038 2223 2236 2280 Omnia
2264 2241 2395 2298 ergo
2432 2226 2738 2282 nativitatis
2760 2226 3035 2299 passionis
3057 2236 3114 2284 et
3142 2243 3330 2284 resur-

1742 2315 2004 2372 rectionis
2037 2318 2157 2374 loca
2182 2319 2311 2374 .ﬁde
2364 2319 2659 2388 circuiens,
2690 2320 2822 2376 dum
2874 2336 2984 2377 non
3027 2321 3333 2378 saciaretur

1741 2407 1915 2465 oculis
1959 2408 2461 2478 intuendo,_mente
2494 2413 2851 2483 pascebatur;
2884 2413 3016 2484 quia
3054 2413 3125 2470 ad
3156 2411 3329 2470 visio-

1741 2520 1866 2560 nem
1901 2505 2273 2561 dulcissimam
2307 2515 2361 2562 et
2383 2507 2480 2563 diu
2513 2507 2901 2576 desideratam,
2933 2507 3159 2579 jamque
3193 2521 3330 2564 oon-

1740 2599 2042 2670 cupiscenti
2091 2601 2275 2656 animo
2310 2610 2677 2672 preparatam,
2709 2601 3047 2657 mirabilium
3083 2599 3328 2669 Domini,

1739 2692 1938 2762 gaudio
1959 2700 2014 2748 et
2049 2693 2233 2748 laetitia
2274 2694 2531 2748 ineﬁabili
2578 2695 2905 2764 replebatur.
2947 2692 3200 2750 Occurrit
3232 2711 3331 2749 au-

1739 2791 1844 2838 tem
1892 2784 1942 2839 ei
1995 2785 2231 2840 venienti
2274 2786 2584 2856 patriarcha
2627 2785 3185 2859 Jherosolymitanus;
3226 2803 3328 2842 au-

1736 2874 1912 2930 dierat
1944 2877 2090 2932 enim
2123 2877 2326 2933 famam
2371 2879 2492 2949 ejus
2532 2880 2779 2935 omnium
2825 2895 2922 2937 ore
2959 2879 3326 2947 celebratam;

1735 2978 1790 3024 et
1810 2970 2138 3025 consalutati
2167 2979 2382 3038 mutuo,
2416 2971 2543 3026 dato
2573 2972 2679 3027 sibi
2724 2972 2874 3041 pacis
2912 2973 3126 3042 osculo,
3162 2974 3327 3038 laetati

1735 3071 1864 3118 sunt
1889 3061 1946 3117 in
1978 3061 2234 3119 Domino.
2262 3063 2466 3121 Videns
2503 3080 2634 3120 vero
2673 3066 2726 3120 in
2755 3081 2821 3121 eo
2858 3075 3140 3148 aspectum
3163 3084 3328 3140 ange-

98 3149 315 3209 Salvatori
335 3171 454 3224 suo,
500 3165 556 3212 et
597 3156 893 3212 missarum
923 3157 1226 3226 solempnia
1262 3156 1462 3211 ibidem
1489 3158 1632 3213 cele—
1661 3187 1706 3253 ο
1738 3155 1925 3223 licum-,
1955 3156 2264 3213 modestum
2297 3173 2628 3226 sermonem,
2656 3160 2934 3216 incessum
2981 3161 3191 3233 mitem,
3230 3179 3325 3219 ca-

96 3242 263 3312 brabat,
304 3248 535 3318 paganis
573 3249 808 3319 desuper
836 3264 970 3303 saxa
990 3248 1354 3319 jacientibus,
1388 3257 1448 3304 ut
1468 3250 1632 3320 capiti

93 3333 182 3401 ejus
201 3336 487 3406 illiderent;
523 3339 616 3409 qui
654 3339 735 3394 sic
760 3339 880 3394 urbi
909 3339 1343 3410 appropiaverat,
1368 3348 1427 3395 ut
1449 3339 1632 3395 tabula

92 3425 238 3483 altaris
259 3429 464 3486 hereret
492 3445 673 3485 muro.
704 3429 920 3486 Etcum
950 3431 1119 3486 multa
1140 3431 1375 3502 desuper
1407 3447 1539 3487 saxa
1565 3431 1634 3487 ab

91 3517 255 3575 eisdem
281 3523 676 3594 aspicientibus
707 3533 760 3580 et
803 3523 1157 3581 illudentibns
1192 3525 1524 3596 jacerentur,
1557 3527 1632 3582 ita

91 3610 322 3670 aChristo
369 3608 786 3692 protegebatur,
825 3627 884 3673 ut
912 3633 1024 3672 non
1058 3618 1249 3684 altare,
1297 3634 1407 3672 non
1446 3618 1630 3674 tabula

90 3701 258 3769 altaris,
286 3723 388 3762 non
415 3716 701 3778 postremo
743 3707 874 3763 illud
909 3707 1175 3779 quidquid
1196 3717 1280 3763 est
1303 3709 1449 3778 quod
1473 3709 1630 3765 altari

91 3788 356 3863 imponitur,
380 3814 499 3852 non
522 3797 637 3866 ipse
651 3797 886 3868 denique
909 3798 1004 3868 qui
1033 3797 1191 3851 altari
1221 3798 1439 3852 astabat
1457 3799 1628 3856 intre~

88 3882 229 3950 pidus,
247 3903 277 3941 a
296 3888 570 3960 lapidibus
597 3896 930 3959 tangeretur,
959 3905 1084 3945 cum
1107 3897 1293 3945 tantus
1315 3899 1458 3946 esset
1487 3891 1629 3946 mul-

88 3976 246 4034 totiens
286 3980 338 4035 in
384 3982 620 4036 circuitu
669 3981 858 4038 altaris
906 3998 1070 4052 agger
1114 3982 1354 4051 lapidum
1393 3983 1628 4054 desuper

86 4071 347 4140 ruentium,
391 4083 451 4130 ut
483 4075 652 4130 missa
687 4075 831 4130 dicta
878 4089 988 4129 non
1036 4074 1141 4129 nisi
1186 4074 1272 4128 via
1319 4074 1463 4130 facta
1503 4075 1627 4131 inde

84 4164 253 4219 extrahi
277 4181 479 4236 posset.
517 4167 910 4222 Monachorum
931 4183 1060 4222 vero
1081 4176 1136 4222 et
1173 4167 1494 4226 clericorum
1532 4185 1626 4224 co-

85 4253 344 4314 mitantium
372 4261 532 4316 illum
563 4261 746 4316 nullus
783 4261 832 4316 ei
859 4275 1050 4315 coesse
1073 4261 1156 4314 vel
1180 4260 1494 4315 cohabitare
1521 4276 1623 4330 po-

84 4350 219 4414 terat;
253 4359 327 4405 set
353 4360 625 4423 quantum
644 4352 824 4422 jactus
848 4360 932 4407 est
956 4351 1150 4420 lapidis
1175 4368 1206 4405 a
1232 4351 1388 4422 longe
1416 4357 1623 4407 stantes

81 4439 323 4509 canebant,
347 4453 401 4499 et
423 4443 649 4498 canenti
677 4443 1099 4514 respondebant,
1129 4443 1244 4514 ipse
1276 4443 1426 4499 solus
1450 4444 1622 4498 inten-

1737 3247 1937 3302 niciem
1972 3249 2362 3317 venerandam,
2405 3251 2783 3306 habitudinem
2820 3253 3117 3310 senectutis
3144 3255 3325 3310 omni-

1736 3337 1840 3395 bus
1862 3341 2238 3409 reverendam,
2271 3343 2649 3412 gratulabatur
2687 3344 2741 3398 in
2766 3345 2962 3416 spiritu
2991 3365 3002 3400 :
3038 3345 3208 3414 Sicut,
3241 3349 3326 3402 in-

1735 3431 1952 3501 quiens,
2005 3434 2327 3501 audivimus,
2359 3435 2437 3489 ita
2469 3444 2520 3491 et
2559 3437 2786 3491 vidimus
2825 3437 3001 3507 (Psal.
3044 3455 3209 3507 xnvu,
3243 3441 3320 3512 9).

1734 3521 2081 3581 Introductus
2110 3526 2276 3598 igitur
2303 3527 2357 3581 in
2401 3537 2647 3586 sanctam
2693 3528 2860 3601 Syon,
2901 3530 3193 3586 missarum
3233 3547 3323 3587 so-

1734 3615 1972 3689 lempnia
2007 3619 2321 3687 celebravit,
2345 3629 2560 3678 astante
2587 3624 2844 3692 pontiﬁce
2875 3634 2929 3680 et
2966 3625 3142 3694 clero;
3165 3634 3219 3681 et
3243 3627 3322 3682 sic

1731 3707 1912 3765 locum
1968 3710 2243 3781 sepulchri
2299 3711 2514 3767 Domini
2569 3713 2752 3769 cordis
2802 3713 2998 3771 aﬁ‘ectu
3054 3717 3318 3786 revisens,

1730 3815 2061 3872 omnemque
2077 3804 2256 3858 locum
2279 3813 2529 3861 sanctum
2548 3806 2944 3878 piadevotione
2957 3811 3318 3881 perlustrans,

1729 3910 1856 3951 cum
1873 3911 1932 3952 se
1955 3896 2227 3953 desiderio
2250 3899 2579 3957 satisfecisse
2595 3901 2855 3970 crederet,
2877 3890 3073 3960 iterum
3088 3914 3313 3963 estuan-

1726 3996 1833 4042 tem
1856 3989 2051 4044 devota
2099 3991 2464 4060 sollicitudine
2520 3994 2764 4050 saciabat
2814 3996 3080 4053 animum.
3142 3997 3316 4054 Num-

1727 4095 1892 4150 quam
1929 4098 1960 4136 a
1986 4083 2278 4140 missarum
2307 4086 2670 4141 celebratione
2692 4087 2983 4158 desistens,
3015 4070 3348 4167 numquam.

1726 4188 1757 4226 a
1778 4173 1928 4227 verbi
1968 4174 2063 4229 Dei
2099 4177 2417 4248 erogatione
2445 4194 2692 4248 cessans,
2737 4180 2909 4238 immo
2949 4185 3155 4256 ubique
3188 4205 3312 4258 quae

1725 4261 1820 4319 Dei
1844 4272 1973 4319 sunt
2001 4268 2364 4337 anuuncians,
2393 4285 2502 4324 nec
2545 4271 2740 4326 timore
2768 4274 2992 4343 mor-tis,
3027 4293 3132 4332 nec
3177 4279 3316 4337 infe-

1725 4357 1962 4414 statione
1990 4359 2275 4416 barbarica
2303 4379 2336 4418 a
2360 4363 2472 4418 veri
2498 4373 2551 4419 et
2583 4365 2716 4419 recti
2758 4366 3054 4424 exibitione
3097 4380 3153 4426 et
3183 4375 3312 4428 mali

1723 4449 2091 4520 prohibitione
2112 4453 2406 4512 desistens.
2434 4454 2478 4511 Ο
2497 4457 2626 4528 quis
2649 4457 2777 4529 ejus.
2793 4459 3018 4518 aﬁ‘ectus
3039 4463 3093 4518 in
3115 4463 3308 4521 Deum!

80 4526 208 4623 debat
226 4532 303 4588 his
331 4552 454 4605 quae
479 4545 719 4606 ceperat,
746 4536 919 4591 donec
944 4536 1114 4592 missa
1135 4537 1619 4606 perexpletaegre-
1649 4545 1696 4604 ο
1722 4551 1928 4612 quanta
1978 4547 2200 4602 contriti
2255 4558 2311 4603 et
2376 4526 2649 4606 humiliati
2678 4526 2690 4529 ἰ
2711 4552 2938 4623 spiritus
3005 4558 3268 4616 exultatio
3295 4564 3306 4615 !

79 4617 254 4678 deretur
274 4629 351 4682 vel
373 4629 561 4698 potius
586 4629 983 4684 extraheretur.
1001 4627 1141 4697 (Fol.
1157 4628 1272 4699 87.)
1291 4627 1494 4684 Erutus
1513 4645 1614 4684 au-

78 4718 160 4766 tem
186 4716 316 4785 inde,
351 4731 478 4775 ante
502 4721 656 4775 urbis
684 4730 1031 4791 prospectum
1059 4721 1292 4774 tentoria
1317 4721 1533 4791 ﬁgebat,
1563 4731 1624 4775 et

77 4811 362 4876 comparatis
387 4812 715 4868 necessariis
746 4813 1055 4882 sumptibus
1082 4813 1281 4867 ibidem
1300 4813 1616 4882 hospitaba-

79 4900 161 4960 tur,
192 4915 218 4954 a
251 4900 340 4956 Dei
384 4903 642 4959 laudibus
690 4920 992 4975 numquam
1039 4920 1272 4971 vacans,
1317 4904 1445 4975 quia
1492 4906 1612 4960 laus

75 4986 167 5054 (’jus
196 5007 397 5064 semper
429 5004 551 5050 erat
580 4995 894 5052 indeﬁciens
934 4997 989 5051 in
1031 5013 1126 5052 ore
1168 4998 1359 5066 ipsius.
1408 4996 1611 5068 Pagani

76 5087 220 5135 autem
237 5086 497 5142 miraculo
522 5089 817 5158 perterriti,
844 5096 900 5143 et
919 5089 1093 5160 gratia
1120 5089 1401 5143 reverendi
1428 5089 1610 5144 vultus

73 5169 166 5235 t‘jus
195 5175 414 5246 invitati,
448 5179 738 5234 veniebant
762 5179 829 5235 ad
858 5196 1007 5246 cum,
1038 5179 1241 5250 quibus
1265 5180 1380 5249 ipse
1399 5195 1496 5249 per
1526 5179 1624 5233 in-,

73 5267 319 5330 l“"l’l'etem
343 5285 468 5339 qua:
491 5269 556 5325 de
583 5268 713 5326 Jesu
734 5279 888 5326 erant
918 5280 1198 5342 gratanter
1219 5271 1618 5335 annunciabat,

71 5361 111 5404 et
141 5364 190 5408 ut
225 5359 289 5412 ab
335 5361 532 5430 injuria
580 5378 866 5417 servorum
910 5362 1006 5419 Dei
1055 5380 1253 5420 manus
1297 5364 1625 5418 cohiberent

73 5446 375 5507 praedicabat.
416 5451 710 5525 Fiebatque
742 5455 881 5510 miro
913 5456 1096 5524 modo,
1129 5465 1188 5510 ut
1237 5471 1377 5526 quos
1420 5456 1474 5510 in
1513 5457 1610 5511 ad-

1719 4644 1926 4705 quanta
1961 4639 2143 4694 cordis
2166 4639 2450 4710 jubilatio!
2502 4659 2626 4698 cum
2672 4644 2882 4722 videret
2906 4663 2984 4704 ese
3019 4665 3142 4706 esse
3171 4668 3308 4722 prze-

1718 4729 2020 4785 sentialiter
2053 4731 2148 4786 ubi
2192 4732 2448 4790 Christus
2485 4744 2647 4791 natus
2686 4747 2791 4804 est,
2821 4720 2912 4792 ubi
2959 4720 3188 4810 passus,
3213 4745 3306 4800 ubi

1718 4826 1986 4894 sepultus,
2023 4827 2116 4882 ubi
2143 4837 2413 4884 steterunt
2437 4830 2734 4886 novissime
2759 4831 2926 4901 pedes
2943 4833 3063 4904 ejus
3083 4839 3303 4906 quando

1719 4918 1966 4972 ascendit
1997 4918 2050 4972 in
2087 4921 2284 4974 celum.
2314 4921 2653 4993 Ubicumque
2677 4923 3016 4981 incubuisset
3045 4929 3301 4999 orationi,

1718 5009 1970 5064 madebat
2000 5020 2140 5066 terra
2163 5014 2426 5081 lacrimis,
2453 5017 2658 5070 clamor
2681 5017 2860 5073 cordis
2883 5021 3210 5079 ascendebat
3233 5027 3301 5081 ad

1719 5096 2029 5168 Dominum,
2068 5118 2268 5173 corpus
2295 5104 2650 5170 atterebatur,
2693 5105 2920 5175 spiritus
2965 5109 3295 5172 elevabatur.

1716 5185 2083 5246 Continuabat
2118 5201 2305 5248 noctes
2332 5193 2552 5264 vigiliis,
2589 5198 2905 5254 attenuabat
2934 5216 3135 5275 corpus
3157 5206 3297 5281 jeju-

1718 5279 1846 5347 niis,
1880 5298 2181 5353 numquam
2211 5285 2328 5340 sine
2345 5285 2610 5354 lacrimis,
2635 5304 2937 5361 numquam
2961 5295 3080 5352 sine
3113 5279 3293 5369 preci—

1718 5369 1839 5438 bus,
1873 5388 1998 5428 eum
2033 5383 2178 5431 totus
2200 5377 2471 5432 exultaret
2499 5379 2554 5433 in
2595 5378 2846 5451 Domino,
2871 5384 3111 5444 laetitiam
3139 5408 3293 5448 men—

1717 5460 1808 5527 tis,
1846 5464 2030 5519 vultus
2067 5465 2360 5521 serenitate
2388 5466 2714 5537 proferebat.
2753 5469 3035 5532 Dominica
3059 5478 3147 5536 die
3185 5498 3294 5554 qua

1571 5569 1776 5628 ΝΟΤᾹ]
1787 5613 1800 5627 .

127 5652 222 5723 (99)
256 5653 399 5710 omn
429 5673 477 5711 a.
515 5659 668 5716 l035.

73 5723 250 5803 μυξη)
289 5725 488 5803 Ultima
517 5731 653 5803 haec
693 5741 822 5788 sunt
864 5735 1026 5790 verba
1076 5734 1346 5790 Eberwini
1394 5738 1606 5793 abbatis

78 5786 268 5863 ImirL,
295 5799 389 5868 qui
416 5797 668 5858 llichardi
694 5786 748 5858 in
774 5786 1605 5878 una;massinissae;c1):

1716 5689 1853 5750 mes,
1888 5673 2088 5750 __\{itam
2143 5674 2416 5750 Simeonis
2454 5681 2779 5749 composuit.
2822 5680 2986 5750 Mab.,
3029 5682 3145 5736 Act.
3186 5678 3286 5735 SS.

1717 5743 1849 5799 Saec.
1888 5744 1972 5812 Vl,
2011 5746 2056 5812 l,
2088 5761 2139 5815 p.
2173 5746 2406 5813 576.,Cl‘.
2435 5743 2618 5821 supra.
