3834 6304
500 337 609 393 247

1494 330 1794 390 HUGONIS
1827 330 2121 388 ABBATIS
2152 331 2722 395 FLAVINIACENSIS

3661 334 3755 395 ω

501 450 811 505 celebratur
845 447 1114 505 adventus
1164 445 1382 502 Domini
1423 447 1480 501 in
1520 445 1862 503 Jherusalem
1900 456 1956 502 et
1987 463 2085 535 ex:
2114 452 2162 510 Α
2193 448 2246 504 in
2277 466 2411 507 voce
2439 450 2564 506 ﬁdei
2594 448 2956 506 annunciaret
3001 448 3267 533 fratribus.
3290 467 3314 520 ι,
3333 447 3748 534 Ηεεηπεφὶιυρτ

501 540 684 613 ceptio
728 540 849 613 ejus
892 556 926 596 ra
964 539 1148 611 pueris
1183 554 1309 595 cum
1346 538 1563 611 hymnis
1586 539 2005 610 palmarumque
2035 550 2089 601 et

499 631 784 689 frondium
828 633 1021 699 ramis,
1063 631 1252 687 urbem
1304 631 1585 703 iugressus
1620 638 1733 696 est;
1784 631 2087 691 ebdomada

503 734 618 782 tota
653 726 992 798 pernoctavit
1011 724 1066 779 in
1091 724 1345 780 laudibus
1387 723 1507 792 Dei,
1532 740 1660 781 cum
1683 731 1800 781 tota
1839 725 2086 783 ecclesia

499 818 904 875 discurreretur
927 833 959 873 a
982 817 1209 889 paganis
1237 817 1433 888 gladiis
1455 817 1719 875 accinctis
1758 818 1876 888 ipse
1918 818 2087 875 nichil

444 916 451 923 ‘
499 911 781 978 dubitans,
812 909 979 965 nichil
1009 910 1275 978 hesitans,
1296 925 1421 981 quas
1446 908 1544 966 Dei
1580 919 1711 973 sunt
1753 909 1867 967 Deo
1895 911 2086 968 redde-

495 1003 592 1058 bat
623 1001 846 1074 pervigil
883 1001 938 1056 in
986 1002 1350 1069 orationibus,
1404 1002 1460 1057 in
1489 1001 1715 1072 ieiuniis
1747 1003 2085 1061 continuus:

498 1094 635 1151 adeo
665 1102 726 1149 ut
771 1093 1001 1165 gentiles
1037 1093 1144 1164 ipsi
1178 1094 1584 1150 admirarentur
1617 1094 1922 1152 devotionis
1963 1095 2084 1167 eius

490 1186 830 1255 instantiam,
857 1194 915 1243 et
940 1193 1319 1243 revererentur
1351 1186 1733 1243 constantiam.
1771 1185 1910 1261 (Fol.
1934 1186 2081 1260 861³.)

493 1278 652 1337 Diem
714 1295 867 1337 cenae
914 1279 1352 1336 sacratissimum
1391 1280 1449 1335 in
1495 1279 1790 1337 exibitione
1839 1279 2082 1339 mandati

487 1356 711 1430 Domini
759 1382 816 1430 et
859 1387 1165 1444 pauperum
1223 1372 1561 1429 recreatione
1619 1371 1862 1440 deduxit,
1916 1371 2081 1443 pedes

483 1480 793 1538 pauperum
821 1465 1073 1533 abluens,
1093 1473 1274 1523 vestes
1293 1473 1348 1520 et
1375 1480 1607 1537 quaeque
1641 1465 1952 1523 necessaria
1978 1464 2079 1520 tri-

485 1557 685 1625 buens,
722 1567 778 1614 et
799 1565 975 1613 totum
1007 1556 1391 1614 seDominicis
1431 1557 1679 1614 serviciis
1724 1556 2080 1615 conformatus

484 1658 542 1706 et
562 1649 863 1721 applicans.
895 1648 1016 1705 Jam
1046 1664 1178 1706 vero
1211 1649 1337 1721 quis
1367 1648 1587 1718 referat,
1611 1650 1846 1721 qualiter
1881 1666 1941 1707 se
1988 1650 2077 1707 die

484 1756 782 1813 parasceve
800 1737 1141 1810 mactaverit,
1162 1739 1509 1811 cruciaverit,
1531 1742 1754 1800 Christo
1772 1743 1932 1808 cruci
1945 1759 2078 1800 con-

484 1834 699 1890 ﬁxerit?
720 1834 889 1891 Totus
920 1836 974 1891 in
1010 1835 1276 1903 lacrimis,
1299 1844 1447 1893 totus
1475 1836 1534 1892 in
1575 1836 1758 1893 cordis
1807 1852 2075 1908 compun-

487 1928 691 1997 ctione,
746 1928 803 1984 in
827 1928 1308 2001 contemplatione,
1354 1928 1411 1983 in
1446 1929 1650 1984 suimet
1692 1928 2075 2000 abnegatione,

484 2020 723 2077 maxime
745 2036 873 2078 cum
905 2022 1115 2079 videret
1142 2021 1493 2094 sepulchrum
1517 2020 1648 2079 Jesu
1671 2037 1784 2093 prae
1800 2022 1995 2088 oculis,
2023 2029 2085 2097 et

483 2123 632 2171 esset
662 2116 716 2171 ei
737 2116 967 2172 materia
1007 2115 1216 2174 doloris
1243 2124 1299 2173 et
1330 2116 1746 2187 compassionis.
1777 2115 1838 2173 In
1868 2116 2075 2185 oratio-

481 2204 648 2262 nibus
677 2207 954 2275 assiduus,
991 2221 1203 2278 pernox
1246 2206 1305 2262 in
1333 2206 1555 2279 vigiliis,
1590 2205 2086 2278 fatiscentesjejua

482 2295 593 2354 niis
639 2305 793 2354 artus
843 2298 1061 2368 spiritui
1118 2297 1325 2355 servire
1368 2296 1614 2369 cogebat.
1664 2295 1764 2352 Die
1810 2296 1898 2351 illa
1947 2311 2074 2351 cum

479 2398 645 2445 nocte
666 2391 917 2461 sequenti
960 2407 991 2447 a
1034 2392 1157 2447 loco
1203 2391 1477 2461 sepulchri
1519 2405 1631 2449 non
1675 2392 1922 2459 recessit,
1955 2407 2045 2446 am

480 2480 812 2537 mirantibus
837 2482 1129 2539 comnibus
1180 2481 1498 2538 instantiam
1541 2481 1709 2546 illius,
1756 2483 1904 2553 quod
1926 2464 2085 2550 aliis

478 2570 866 2630 recedentibus
920 2573 1038 2645 ipse
1088 2587 1200 2630 non
1243 2572 1547 2629 recedebat.
1574 2571 1725 2644 (Fel.
1763 2572 1878 2646 87.)
1910 2571 2070 2641 Quid

477 2664 687 2721 multa?
719 2664 870 2722 venit
895 2664 1018 2723 dies
1047 2665 1225 2722 sancti
1255 2665 1488 2733 sabbati,
1532 2680 1644 2736 quo
1678 2666 2069 2737 expectabatur

485 2756 632 2828 ignis
671 2772 706 2813 a
755 2755 1010 2825 Domino,
1073 2764 1131 2813 et
1173 2757 1403 2827 gentiles
1473 2758 1692 2824 armati,
1737 2757 2066 2831 Christianis

479 2847 629 2904 intro
650 2847 930 2905 conclusis
977 2856 1035 2904 et
1067 2849 1465 2919 beneplacitaui
1497 2848 1833 2907 voluntatem
1873 2849 2065 2909 Domi-

478 2957 538 2996 ιιι
570 2940 642 2996 de
683 2940 810 3013 igne
846 2940 1198 3012 suscipiendo
1235 2941 1701 3011 prmstolantibus,
1743 2951 1915 3001 totam
1960 2946 2061 3002 ob-

479 3040 836 3089 servaverant
899 3031 1227 3099 tecclesiam,
1286 3039 1350 3089 ut
1389 3032 1438 3089 si
1480 3031 1625 3104 ignis
1671 3048 1782 3090 non
1839 3034 2064 3105 adveni-

2190 543 2384 607 minus.
2416 542 2574 599 Mane
2622 542 2803 609 facto,
2856 526 3355 601 consuetudinariis
3401 540 3630 603 canticis
3668 530 3746 599 ei—

2187 633 2380 704 pletis,
2413 633 2642 690 missam
2688 632 2881 689 festive
2920 632 3077 707 circa,
3121 632 3317 707 horam
3362 632 3593 695 terciam
3623 633 3744 691 cele-

2187 724 2393 792 bravit,
2454 733 2509 780 et
2568 724 2989 796 communicatis
3053 722 3306 779 ﬁdelibus
3370 723 3587 797 populis
3640 740 3744 781 cum

2184 818 2388 891 gaudio
2419 819 2647 875 domum
2671 819 2910 895 rediens,
2935 818 3239 891 celebritati
3268 818 3379 877 diei
3408 818 3686 888 satisfecit,
3703 832 3749 879 et

2186 918 2299 966 tota
2325 910 2414 966 die
2456 926 2584 983 cum
2620 909 3284 987 patriarchafaujliarius
3311 911 3597 982 loquutus,
3624 913 3753 970 diem

2183 1004 2411 1060 deduxit
2435 1004 2489 1069 in
2506 1004 2684 1077 iubilo
2714 1005 2900 1069 cordis
2917 1014 2975 1061 et
3001 1020 3135 1079 voce
3153 1005 3530 1075 exultationis,
3557 1021 3751 1078 semper

2159 1095 2367 1158 locum
2416 1097 2693 1173 sepulchri
2724 1097 2949 1166 Domini.
2960 1098 3202 1171 revisere
3228 1098 3503 1177 gestiens,
3524 1084 3752 1157 recolens

2182 1198 2239 1247 et
2287 1192 2568 1250 admirans
2626 1192 2913 1266 sudarium
2967 1191 3162 1266 capitis
3209 1191 3433 1269 Domini
3485 1207 3598 1249 non
3642 1210 3758 1253 cum,

2182 1282 2594 1341 linteaminibus
2616 1286 2893 1360 positum,
2910 1285 3007 1341 sed
3048 1285 3344 1358 separatim
3381 1286 3684 1365 involutum
3705 1289 3760 1365 in

2180 1391 2354 1440 unum
2382 1376 2587 1433 locum.

2251 1468 2342 1524 22.
2384 1467 2587 1526 Diebus
2616 1468 2774 1542 festis
2811 1468 3039 1540 reliquis
3080 1468 3368 1537 celebratis
3403 1470 3460 1525 in
3494 1470 3688 1543 gaudio
3707 1482 3757 1535 et

2180 1561 2418 1633 tripudio
2461 1560 2654 1630 animi,
2687 1562 2986 1619 destinavit
3021 1561 3105 1617 vir
3133 1561 3487 1638 mittissimus
3529 1563 3751 1636 uigilare

2178 1654 2247 1711 de
2282 1653 2481 1727 reditu.
2508 1651 2620 1711 Nec
2643 1654 2802 1710 rediit
2823 1669 3089 1728 vacuusa
3138 1668 3401 1728 munere,
3424 1655 3556 1732 quia
3602 1656 3757 1725 archa

2180 1748 2362 1805 cordis
2385 1748 2506 1819 eius
2527 1748 2730 1820 repleta
2751 1757 2870 1805 erat
2893 1749 3032 1805 bona
3064 1749 3371 1806 devotione.
3405 1747 3565 1817 Quod
3585 1758 3748 1806 autem

2178 1839 2284 1897 fuit
2311 1856 2513 1898 munus
2560 1841 2730 1899 illud?
2779 1839 3160 1907 Discurrentes
3207 1841 3405 1913 pagani
3447 1857 3547 1913 per
3588 1842 3750 1897 muni—

2176 1934 2318 1990 tiora
2353 1933 2561 2004 templi,
2587 1934 2707 2004 ipsa
2736 1933 3039 1995 ebdomada
3068 1940 3195 1998 ante
3217 1934 3445 2004 pascha,
3481 1932 3683 2005 lapides
3702 1934 3748 1988 in
3832 1980 3834 1983 .

2176 2026 2439 2097 populum
2488 2041 2648 2088 sacra
2695 2026 3065 2093 celebrantem
3105 2025 3400 2096 iaciebant.
3434 2023 3581 2097 Casu
3627 2026 3762 2094 lapis.

2175 2117 2406 2177 veniens.
2422 2116 2567 2175 intra
2617 2118 2930 2194 sepulcrum
2965 2118 3182 2185 cecidit,
3226 2132 3393 2188 quem
3422 2117 3507 2173 vir
3551 2116 3755 2187 Domini

2176 2222 2277 2276 pro
2306 2202 2507 2277 magno
2538 2202 2769 2279 munere
2802 2206 2905 2263 sibi
2930 2206 3251 2277 assumpsit,
3281 2216 3336 2262 et
3370 2206 3503 2279 totis
3529 2207 3634 2280 illis
3658 2207 3749 2262 dic-

2175 2298 2301 2365 bus,
2336 2297 2539 2373 quibus
2561 2298 2869 2364 celebratur
2900 2299 3088 2373 passio
3120 2299 3215 2367 vel
3240 2299 3572 2372 resurrectio
3614 2298 3747 2365 Iesu,

2174 2384 2318 2447 intra
2355 2390 2707 2464 sepulchrum
2749 2390 3024 2461 iacentem
3076 2390 3278 2464 vigiliis
3323 2400 3380 2447 et
3427 2392 3751 2461 orationibus

2172 2483 2407 2556 Domino
2435 2484 2723 2555 dedicavit.
2754 2483 2911 2542 Hunc
2933 2500 3257 2555 recessurus
3290 2501 3419 2542 cum
3444 2502 3639 2558 magna
3663 2486 3753 2543 des

2170 2578 2391 2635 votione
2417 2578 2659 2646 sustulit,
2681 2586 2745 2635 et
2762 2579 3083 2649 exosculato
3107 2580 3231 2649 loco
3254 2587 3477 2655 sancto,
3499 2580 3657 2653 quasi
3672 2588 3746 2635 to-

2167 2676 2286 2747 tum
2312 2684 2501 2733 secum
2540 2669 2740 2753 fcrret,‘
2760 2671 2903 2727 inter
2942 2681 3138 2743 sancta
3170 2672 3436 2747 reposuit,
3483 2681 3541 2729 et

2164 2778 2299 2820 cens
2323 2763 2668 2834 patriarchae,
2690 2764 3021 2838 prospera‘ei
3048 2764 3382 2837 imprecatus
3408 2766 3563 2822 abire
3578 2765 3748 2823 decre-

2167 2853 2262 2925 vit.
2301 2852 2574 2926 Ingemuit
2611 2854 2703 2925 ille
2750 2854 2809 2911 in
2838 2869 2973 2913 voce
3010 2855 3195 2930 dilecti
3239 2854 3362 2929 vale
3407 2854 3656 2923 dicentis,
3700 2864 3752 2911 et

2166 2947 2451 3020 proferens
2474 2948 2738 3023 reliquias
2758 2947 3201 3027 preciosissimas
3229 2948 3297 3005 de
3343 2947 3495 3026 ligno
3525 2947 3753 3031 Domini,

2164 3041 2407 3117 itemque
2430 3041 2785 3114 marsupium.
2808 3057 2986 3109 unum
3020 3057 3157 3099 auro
3200 3050 3415 3114 textum
3449 3042 3744 3117 praegrandi:

400 3112 401 3115 “
476 3132 579 3191 ret,
617 3138 813 3180 omnes
848 3124 1031 3196 gladio
1085 3123 1487 3194 perimerentur
1519 3142 1533 3178 :
1565 3139 1690 3183 cum
1745 3140 1891 3196 ecce,
1924 3127 2060 3185 hora
2088 3150 2135 3211 ο
2164 3112 2421 3206 reliquiis.
2435 3112 2763 3207 sanctorum,
2773 3133 3059 3201 refertum,
3087 3112 3286 3205 optulit
3306 3135 3430 3211 seni
3451 3112 3737 3192 venerabili

475 3212 697 3271 circiter
724 3228 892 3282 nona,
925 3214 1184 3270 omnibus
1222 3214 1528 3282 orantibus,
1562 3215 1619 3271 in
1667 3232 1775 3273 una
1820 3217 2068 3291 lampade

473 3305 618 3377 ignis
652 3303 802 3378 (101)
842 3320 1111 3362 accensus
1141 3314 1226 3362 est
1254 3322 1287 3362 a
1316 3305 1573 3374 Domino,
1610 3307 1817 3381 nullius
1861 3320 2068 3369 morta-

473 3396 611 3459 lium
640 3397 975 3469 suﬂ‘ragante
996 3398 1374 3465 amminiculo,
1394 3407 1450 3457 et
1470 3399 1698 3473 gentiles
1728 3415 1920 3466 omnes
1949 3414 2067 3482 stu-

474 3505 576 3560 por
608 3490 969 3560 apprehendit
986 3499 1041 3547 et
1065 3506 1253 3561 pavor,
1276 3489 1620 3551 Christianos
1646 3510 1776 3551 vero
1803 3498 2064 3567 gaudium

471 3591 528 3639 et
560 3582 846 3649 exultatio,
888 3592 948 3638 ut
975 3583 1045 3639 ab
1070 3583 1329 3641 omnibus
1363 3592 1475 3640 tota
1505 3586 1753 3647 certatim
1775 3598 2065 3649 caneretur

471 3672 719 3730 {ecclesia
749 3692 762 3727 :
795 3672 1023 3744 Magnus
1048 3672 1308 3739 Dominus
1349 3684 1542 3742 noster,
1577 3685 1626 3730 et
1658 3693 1851 3753 magna
1895 3679 2062 3743 virtus

469 3765 668 3835 ejus,et
681 3765 960 3836 sapientia:
971 3766 1085 3836 ejus
1102 3782 1206 3821 non
1227 3776 1305 3822 est
1325 3783 1572 3822 numerus
1592 3768 1768 3839 (Psal.
1788 3785 1966 3839 CXLV],
1981 3772 2059 3843 5).

471 3856 602 3913 ilico
658 3857 743 3914 vir
790 3858 986 3916 beatus
1028 3859 1203 3917 sacris
1252 3860 1477 3916 indutus
1521 3861 1764 3918 vestibus
1794 3904 1811 3929 ,
1878 3838 2070 3936 myssaf

472 3950 751 4019 inchoata,
775 3948 943 4021 Kyrie
971 3951 1179 4020 eleyson
1210 3952 1491 4022 solempne
1515 3953 1658 4009 elata
1687 3954 1746 4009 in
1782 3956 2060 4015 excelsum

468 4056 606 4099 voce
633 4041 1038 4115 pronunpiavit.
1064 4042 1202 4113 (Fol.
1234 4043 1367 4115 87’.)
1392 4042 1514 4099 Jam
1543 4045 1691 4103 enim
1723 4041 1982 4115 lectiones
2005 4058 2061 4106 et

472 4134 709 4202 cantica,
738 4150 839 4192 seu
864 4135 1130 4208 quidquid
1162 4145 1249 4193 est
1287 4134 1421 4194 illud
1454 4140 1920 4197 consuetudinarii
1942 4141 2058 4198 olli-

468 4227 539 4283 eii
567 4241 744 4298 usque
790 4228 860 4307 ad
893 4228 1275 4303 accensionem
1310 4231 1536 4288 luminis
1577 4232 1630 4288 in
1680 4235 2057 4305 expectatione

466 4334 623 4376 nova:
645 4320 883 4378 lucerna:
913 4320 1149 4389 finierat,
1181 4332 1237 4380 et
1263 4323 1343 4380 sic
1375 4322 1560 4380 Gloria
1605 4327 1663 4382 in
1689 4327 1910 4383 excelsis
1944 4328 2056 4385 Deo

2170 3240 2296 3281 cum
2323 3224 2626 3298 gratiarum
2666 3224 2903 3293 actione,
2933 3223 3189 3295 inquiens
3220 3223 3473 3301 :xAccipe,
3506 3242 3539 3280 ο
3569 3224 3741 3280 dilecte

2170 3314 2408 3383 Domini,
2432 3330 2621 3385 manus
2663 3314 2812 3383 bona:
2856 3313 3145 3388 voluntatis
3183 3324 3235 3386 et
3281 3314 3593 3393 deuotionis,
3620 3313 3740 3389 quod

2166 3408 2238 3476 sit
2270 3407 2442 3480 mutui
2474 3408 2681 3482 pignus.
2700 3408 2919 3476 amoris,
2942 3423 3133 3471 munus
3150 3407 3290 3480 quod
3328 3424 3614 3483 numquam
3638 3426 3740 3463 con-
3832 3450 3834 3457 .

2166 3507 2485 3565 summatur,
2506 3514 2708 3568 semper
2727 3507 2889 3567 extet,
2914 3497 3114 3569 herent,
3141 3499 3315 3557 amico
3338 3500 3598 3567 convivat,
3617 3498 3743 3571 quod,
3832 3528 3834 3531 -

2164 3599 2550 3655 evanescentem
2577 3592 2888 3661 memoriam
2919 3591 3134 3659 excitet,
3156 3591 3473 3662 jucundum,
3495 3592 3629 3666 quod
3660 3592 3739 3646 ob-
3832 3638 3834 3685 ἰ

2164 3685 2304 3745 viam
2337 3686 2516 3739 animo
2545 3685 2739 3753 veniat,
2764 3694 2815 3743 et
2846 3701 3132 3756 numquam
3163 3683 3382 3741 labatur
3415 3703 3453 3741 α
3480 3686 3734 3743 memoria.
3832 3683 3834 3751 μ

2165 3778 2373 3843 Prestet
2392 3777 2655 3837 Dominus
2680 3778 2801 3841 istis
2842 3787 2895 3833 et
2922 3775 3165 3843 omnibus
3193 3780 3396 3835 sanctis
3430 3778 3735 3835 intercedexo

2164 3873 2325 3941 tibus,
2347 3882 2407 3929 ut
2440 3874 2634 3929 iterum
2654 3872 2925 3935 videamus
2949 3888 3041 3943 nos
3072 3873 3130 3929 in
3176 3871 3493 3941 cqzlestibus,
3516 3873 3605 3933 ubi
3625 3871 3733 3942 ﬁnis

2160 3966 2403 4023 laborum
2427 3976 2480 4022 et
2510 3966 2865 4022 remuneratio
2904 3966 3247 4037 prtentiarum
3293 3974 3628 4041 internarum,
3656 3962 3731 4018 ubi

2160 4078 2450 4134 numquam
2477 4060 2544 4116 ab
2582 4061 2806 4116 invicem
2835 4058 3236 4131 separabimur;
3270 4059 3559 4132 gaudentes
3581 4067 3629 4121 et
3650 4074 3733 4128 gs»

2159 4163 2359 4210 stantes
2386 4168 2545 4226 quam
2572 4153 2644 4209 sit
2669 4152 2826 4208 dulce
2856 4162 2907 4207 et
2944 4150 3243 4223 jucundum
3282 4150 3525 4217 habitare
3559 4152 3729 4222 fratre:
3832 4176 3834 4226 ς

2159 4247 2215 4301 in
2241 4262 2406 4301 unum
2437 4244 2614 4317 (Paul.
2637 4260 2849 4313 cxxxu,
2884 4244 2961 4317 1).
2986 4244 3159 4300 Divisi
3188 4253 3319 4302 sunt
3345 4259 3478 4318 ergo
3498 4244 3568 4301 ab
3608 4241 3729 4301 invi-

2159 4353 2279 4395 cem
2312 4337 2526 4406 dentes,
2562 4338 2764 4409 quibus
2787 4337 2834 4394 si
2861 4337 3110 4395 licuisset
3156 4336 3469 4404 convivere,
3489 4347 3545 4393 et
3593 4351 3728 4393 conio

467 4428 592 4469 cum
622 4412 866 4483 lacrimis
908 4423 964 4483 et
999 4414 1176 4486 ῙιιῙιίιο
1230 4415 1412 4485 cordis
1456 4417 1736 4486 ίηῐυηεῐιεν
1792 4419 2055 4501 gaudi“!!!
2089 4498 2115 4501 _
2158 4431 2299 4487 mori
2335 4428 2604 4489 libuisset.
2636 4429 2897 4497 Graditur
2928 4436 3084 4500 pater
3102 4426 3412 4493 Richardus
3442 4427 3625 4484 Gratia
3647 4423 3727 4479 Dei
3832 4424 3834 4435 '

463 4504 818 4572 Christianis,
844 4517 1051 4573 metum
1075 4514 1132 4561 et
1159 4506 1578 4563 admirationem
1604 4509 1831 4580 paganis
1865 4498 2054 4568 incus4
2089 4498 2139 4555 Ῑ)
2159 4536 2355 4594 aggere
2376 4521 2616 4592 publico,
2662 4498 3118 4582 oneratuswonere
3157 4518 3329 4577 nobili
3363 4528 3421 4576 et
3467 4517 3723 4589 dulcium,

462 4598 556 4653 sit.
579 4596 850 4653 Astabant
870 4597 925 4665 in
949 4597 1185 4659 circuitu
1211 4598 1401 4667 altaris
1423 4599 1665 4671 undique
1685 4599 1978 4669 frementes
2003 4613 2060 4660 et

462 4689 797 4759 frendentes,
844 4689 940 4760 sed
970 4697 1123 4746 tanta
1162 4698 1283 4746 erat
1323 4690 1626 4747 reverentia
1667 4692 1792 4763 viri,
1815 4703 1967 4751 tanta
1996 4696 2052 4753 in

461 4782 644 4839 virum
681 4782 950 4853 protectio
980 4780 1187 4839 Christi
1229 4783 1462 4851 domini,
1502 4792 1566 4840 ut
1611 4798 1805 4843 omnes
1844 4789 2050 4846 sancti-

460 4882 632 4930 tatem
654 4874 775 4945 ejus
802 4883 859 4930 et
890 4873 1211 4946 religionem
1257 4874 1594 4932 admirantes
1634 4888 2046 4950 revererentur,

460 4974 519 5021 et
556 4966 707 5039 omni
746 4982 873 5041 eum
918 4967 1130 5024 honore
1173 4967 1401 5040 dignum
1442 4968 1708 5026 ducerent
1747 4970 1852 5042 ipsi
1880 4972 2046 5030 etiam

461 5061 556 5132 qui
621 5061 1069 5129 inimicabantur.
1132 5060 1361 5119 Noctem
1424 5063 1576 5120 illam
1639 5074 1794 5137 pater
1862 5077 2048 5125 noster

460 5151 648 5208 Gratia
676 5151 772 5209 Dei
797 5153 953 5210 duxit
982 5154 1314 5222 insomnem,
1342 5153 1637 5217 Dominum
1674 5168 2046 5229 resurgentem

461 5244 729 5332 adorans,
764 5254 820 5303 et
860 5261 987 5305 cum
1036 5246 1208 5313 Maria
1235 5247 1553 5320 Magdalene
1580 5250 1635 5309 in
1667 5259 1791 5307 orto
1824 5253 2045 5322 mentis,

462 5336 553 5392 ubi
581 5336 828 5394 virebant
849 5353 947 5409 per
965 5353 1093 5395 eum
1114 5340 1383 5410 plantaria
1415 5342 1706 5411 virtutum,
1733 5345 2045 5411 ortolanum

457 5423 645 5481 Jesum
681 5425 867 5483 videre
907 5427 1255 5498 desiderans,
1290 5439 1356 5487 ut
1376 5441 1615 5507 vocaret
1654 5448 1782 5493 eum
1823 5436 2051 5507 proprio

461 5516 720 5585 nomine,
773 5526 830 5573 et
883 5533 945 5575 se
991 5520 1314 5592 magistrum
1363 5530 1419 5577 et
1466 5522 1758 5579 Dominum
1824 5526 2047 5582 doceret

440 5622 779 5696 agnoscere,
805 5617 867 5665 ut
893 5607 1073 5669 factus
1101 5612 1259 5670 testis
1285 5629 1426 5703 verae
1455 5616 1874 5679 resurrectionis
1896 5600 2038 5690 ejus,

2157 4629 2219 4671 se
2252 4622 2310 4669 et
2334 4613 2439 4670 sibi
2472 4614 2856 4681 commitantes
2887 4614 3181 4671 comittens
3226 4612 3339 4670 Deo
3365 4612 3723 4671 universorum

2157 4705 2322 4761 corde
2346 4705 2542 4761 humili
2562 4713 2619 4761 et
2643 4705 3030 4763 contribulato.
3058 4703 3374 4761 Pendebant
3405 4720 3439 4759 a
3465 4704 3606 4761 collo
3625 4701 3723 4772 eius

2154 4807 2473 4855 sanctorum
2495 4796 2758 4868 reliquiae,
2802 4804 2866 4853 ut
2907 4795 3132 4853 haberet
3157 4810 3270 4867 prae
3291 4794 3468 4852 oculis
3496 4802 3720 4865 paratum

2152 4887 2431 4958 specimen
2483 4888 2807 4955 sanctitatis,
2868 4902 2971 4944 nec
3023 4887 3240 4949 deesset
3279 4887 3434 4953 cordi
3483 4881 3718 4955 memoria

2147 4996 2362 5047 eorum,
2389 4995 2627 5052 quorum
2652 4980 2870 5039 sarcina
2907 4980 3216 5037 delectabili
3259 4979 3524 5050 reliquias
3563 4985 3718 5051 gesta-

2146 5073 2269 5149 bat.
2287 5071 2506 5140 Quanta
2531 5089 2661 5136 vero
2691 5074 2748 5130 in
2774 5073 3054 5131 redeundo
3106 5088 3304 5145 passus
3333 5072 3425 5140 sit,
3450 5072 3565 5144 ipse
3590 5067 3717 5127 norit

2148 5166 2245 5237 qui
2268 5165 2493 5236 pertulit
2524 5184 2537 5221 :
2565 5181 2689 5237 quae
2713 5165 2899 5234 omnia
2933 5164 3218 5236 diiudicat,
3243 5164 3342 5236 qui
3379 5164 3623 5223 laborum
3640 5174 3715 5216 re-

2152 5265 2562 5315 muneratorem
2587 5273 2647 5314 se
2662 5257 2943 5328 promisit.
2969 5255 3198 5315 Videres
3217 5255 3395 5315 virum
3634 5265 3714 5306 Ve-

2150 5345 2475 5413 nerandum,
2498 5346 2630 5403 dum
2656 5346 2780 5421 iret,
2818 5345 3019 5416 saepius
3059 5345 3273 5409 cervice
3304 5344 3503 5409 reﬂexa
3540 5355 3712 5413 versus

2150 5435 2769 5509 sanctatherusalem
2791 5437 3103 5518 humiliari,
3155 5436 3455 5507 suspirare,
3496 5447 3706 5507 εεωετε.

2147 5527 2402 5584 affectum
2429 5528 2610 5584 cordis
2639 5529 2815 5584 oculis
2855 5529 3124 5608 pandere,
3144 5528 3381 5601 gaudere
3420 5526 3557 5600 quod
3592 5539 3707 5580 sano

2148 5629 2297 5677 ctum
2338 5634 2519 5676 locum
2570 5621 2843 5692 sepulchri
2894 5621 3140 5691 vidisset,
3187 5621 3374 5699 dolere
3431 5620 3566 5695 quod
3607 5629 3702 5673 nan

519 5793 679 5873 {101)
719 5794 793 5852 De
837 5796 941 5855 hoc
980 5799 1103 5891 igne
1146 5817 1303 5857 sacro
1332 5800 1402 5858 cf.
1434 5800 1709 5859 Wilhelm.
1752 5711 2233 5865 Malmcgliithsta
2271 5808 2335 5863 R.
2369 5809 2433 5863 Α.
2464 5808 2551 5863 ιν.
2584 5808 2669 5866 ed.
2697 5807 2897 5881 Hardy,
2920 5807 2973 5879 τίς
2999 5808 3120 5866 56-2.
