3834 6304
554 361 657 418 251

558 566 691 622 tiam
728 573 1045 623 verteretur.
1093 558 1364 630 Quidquid
1403 571 1532 613 vero
1578 555 1843 627 frequens
1887 558 2145 630 c0gitatio

559 665 775 722 exerat
801 663 859 713 et
886 660 1135 723 renovat,
1163 661 1441 719 nunquam
1480 646 1761 704 memoriae
1797 646 2153 723 subducitur,

560 766 686 820 quae
709 748 875 805 nichil
891 744 1063 817 perdit
1089 741 1196 798 nisi
1219 741 1285 796 ad
1308 726 1453 811 quod
1477 755 1587 796 non
1610 754 1736 811 sepe
1758 740 2015 810 respexit.
2045 739 2147 796 Rc-

561 840 761 912 quuias
796 853 923 910 ergo
951 829 1458 901 Jherqsolimitanas
1480 845 1576 886 seu
1605 829 1988 900 undecumque
2012 846 2147 901 que-

563 933 720 999 sitas,
743 930 942 1002 quibus
963 933 1197 981 onustus
1225 923 1550 996 advenerat,
1574 921 1633 977 in
1659 921 1976 979 sanctuario
1994 932 2148 993 pater

562 1023 863 1091 Richardus
889 1018 1171 1093 deposuit,
1183 1025 1239 1073 et
1263 1016 1343 1073 sic
1369 1014 1602 1071 lectione
1630 1014 1940 1097 prmissa,
1956 1029 2148 1071 susce-

560 1115 665 1185 ptis
686 1122 740 1168 et
758 1110 1089 1175 deosculatis
1113 1107 1423 1181 fratribus,
1440 1107 1619 1175 vicem
1654 1106 1931 1162 beneficiis
1957 1121 2148 1177 repen-

555 1206 652 1271 dit,
678 1204 918 1277 gaudens
942 1219 1069 1260 cum
1099 1200 1483 1276 gaudentibus,
1508 1208 1563 1255 et
1583 1199 1788 1271 gratias
1810 1214 1977 1270 agens
2000 1198 2147 1270 quod

472 1321 476 1325 -
553 1310 745 1363 eorum
767 1294 1112 1365 orationibus
1138 1291 1388 1361 munitus
1414 1290 1634 1346 labores
1661 1289 1876 1344 viarum
1911 1304 2142 1345 securus

554 1384 995 1459 percucurrerit,
1019 1384 1196 1455 libens
1226 1381 1556 1450 toleraverit,
1593 1380 1742 1453 quod
1773 1380 2147 1453 gratissimum

555 1485 643 1545 est
675 1477 1240 1547 cuilibetenumerare
1269 1474 1362 1530 ubi
1384 1473 1639 1530 evaserit.
1662 1471 1961 1543 Postquam
1983 1472 2149 1544 igitur

556 1574 836 1641 dilectioni
872 1571 1217 1633 satisfactum
1254 1579 1360 1638 est,
1392 1580 1446 1626 et
1467 1584 1729 1642 prospera
1757 1568 2037 1639 utrimque
2058 1582 2148 1623 re-

557 1666 780 1735 plicata,
824 1664 953 1736 quia
1005 1664 1060 1719 in
1100 1663 1301 1719 talibus
1342 1659 1586 1717 adversis
1623 1658 1926 1716 referendis
1962 1660 2009 1714 si
2038 1673 2148 1730 qua

557 1762 707 1823 sunt,
754 1754 881 1817 dies,
918 1762 1232 1821 reservatur
1282 1752 1558 1831 crastinaR
1588 1751 1658 1808 ad
1696 1750 2147 1807 refocillationem

557 1844 767 1918 fatigati
788 1846 1035 1918 corporis
1056 1856 1285 1921 ventum.
1302 1855 1389 1903 est
1405 1865 1437 1927 ς,
1461 1846 1606 1918 quod
1628 1854 1684 1902 et
1705 1846 1940 1917 abunde,
1964 1845 2038 1901 ita
2066 1855 2148 1902 tay-

556 1953 685 2010 men
718 1938 1387 2011 utkhopcstatisnfficeret,
1422 1946 1774 2010 procuratum
1801 1945 1904 1993 est.
1936 1935 2147 1995 Exinde

556 2031 885 2106 venerabilis
918 2032 1150 2103 paterin
1178 2030 1452 2100 reddenda
1481 2030 1874 2086 beneﬁciorum
1904 2029 2023 2085 vice
2050 2045 2145 2087 ac-

554 2122 829 2196 cjngitur,
860 2122 1092 2196 primam
1136 2137 1329 2177 eorum
1359 2120 1682 2192 pensionem
1733 2119 1970 2187 solvens,
1998 2119 2147 2191 quod

555 2225 708 2286 grate
732 2214 799 2270 ad
824 2231 950 2270 cum
966 2213 1316 2286 pervenerint
1348 2201 1538 2269 effusis
1573 2211 1858 2267 affectibus
1881 2211 2144 2284 judicare,

556 2297 621 2378 et
667 2307 773 2363 hoc
817 2306 1019 2377 ubique
1074 2305 1284 2373 testari.
1340 2304 1499 2379 Cepit
1555 2304 1723 2372 enim,
1770 2304 1930 2375 quasi
1981 2304 2165 2360 nichil—

555 2409 740 2455 aetum
786 2397 1003 2469 fuisset,
1053 2395 1333 2453 beneficiis
1377 2396 1576 2452 addere
1621 2395 1906 2463 beneficia,
1958 2395 2148 2450 rimari

557 2492 899 2564 singulorum
927 2490 1303 2563 necessitates,
1341 2497 1392 2544 ct
1432 2503 1534 2567 ope
1571 2503 1666 2544 eas
1691 2487 1891 2556 levare,
1924 2497 1987 2543 ut
2011 2503 2135 2543 cun-

553 2579 627 2654 cti
666 2589 1027 2654 agnoscerent
1074 2589 1283 2653 patrem
1321 2578 1426 2647 sibi
1458 2578 1766 2646 advenisse,
1805 2587 1858 2633 et
1902 2577 2145 2650 plenitu—

552 2673 669 2735 dini
701 2673 887 2746 gaudii
916 2688 1123 2744 eorum
1146 2672 1223 2744 nil
1248 2671 1501 2744 decsseta
1519 2669 1763 2744 (Hiram
1791 2671 1941 2726 omni
1969 2671 2163 2728 laudis

552 2765 1110 2845 praeconiodignum!
1144 2764 1240 2852 qui
1272 2765 1439 2820 etiam
1474 2780 1771 2835 puerorum
1797 2764 1936 2820 lecta
1970 2779 2152 2837 per-se.

551 2858 839 2925 circuibat,
866 2867 927 2913 ut
953 2857 1162 2915 videret
1183 2857 1229 2912 si
1255 2856 1386 2928 quid
1408 2865 1557 2912 esset
1582 2855 1915 2925 addendum,
1943 2857 1990 2913 si
2011 2856 2164 2927 quid‘

554 2942 1018 3025 innovandum,’si
1045 2946 1178 3017 quid
1200 2945 1619 3013 nieliorandum,
1647 2946 1895 3001 utetiam
1922 2961 2020 3017 per
2036 2946 2143 3003 hoc

552 3046 816 3122 paternus
842 3039 962 3109 ejus
991 3037 1211 3109 animus
1232 3045 1641 3108 agnosceretur,
1666 3045 1732 3092 et-
1755 3037 1937 3093 debita
1970 3038 2160 3109 pietas-

552 3131 766 3203 cunctis
795 3130 1197 3202 inpenderetur.
1227 3127 1504 3197 Studebat
1526 3128 1580 3185 id
1609 3130 1866 3187 omnibus
1892 3146 2144 3188 resecare

1550 350 1857 417 HUGONIS‘
1889 350 2183 408 ABBATIS
2219 352 2789 424 FLAVINHCENSIS
3645 362 3724 420 εδει

559 489 863 546 numquam
885 473 967 533 ita,
990 469 1259 542 sepositus
1281 467 1362 524 vel
1394 464 1658 536 abiectus,
1692 473 1753 521 ut
1786 465 1843 521 in
1874 465 2136 538 ignoran-
2165 473 2216 533 Α
2243 469 2374 525 dum
2401 470 2657 527 inductus
2693 468 2859 525 fuerit
2884 465 3174 539 patefecit;
3211 484 3413 541 semper
3433 478 3715 532 tamenseu-

2245 579 2420 632 rasse,
2443 579 2503 621 sc
2523 563 2819 635 deliquisse
2860 559 3146 619 confessus
3179 570 3281 619 est.
3312 560 3582 621 Aderantet
3600 569 3717 623 coni-

2245 652 2349 722 tes,
2393 654 2533 733 inter
2569 670 2709 726 quos
2752 662 2873 711 erat
2920 653 3333 711 archidiaconus
3371 654 3548 713 missus
3573 657 3718 730 abqii-

2246 759 2433 816 scopo,
2473 760 2707 815 poscens
2738 750 2948 815 patrem
2976 743 3287 814 piissimum
3329 750 3389 799 ut
3421 746 3569 801 errori
3596 746 3729 804 locum.

2244 836 2399 897 daret
2417 836 2611 903 veniae,
2632 844 2689 892 et
2724 835 2873 907 quod
2908 843 3091 892 actum
3117 844 3236 891 erat
3264 851 3370 907 pro
3381 852 3474 893 suo
3495 852 3642 895 amore
3661 855 3719 895 η·
3786 820 3787 839 1

2245 935 2362 981 tum
2392 926 2596 982 sineret
2615 943 2737 983 esse
2761 935 2817 984 et
2838 926 3049 983 stabile.
3077 925 3216 1000 (F01.
3249 926 3362 999 89.)
3384 925 3448 983 At
3473 927 3545 983 vir
3566 929 3721 987 ιιιἰήδὲ

2247 1034 2370 1074 mus
2399 1034 2573 1090 pauca
2593 1034 2720 1076 cum
2744 1019 2977 1076 consilio
3000 1019 3297 1091 loquutus:
3319 1019 3565 1089 Petitioni,
3588 1021 3720 1094 inquit,

2246 1108 2426 1163 damni
2437 1109 2667 1179 episcopi
2684 1109 3016 1180 adquiescere
3042 1109 3388 1179 honoriﬁcum
3400 1116 3490 1178 est,
3510 1118 3553 1165 et
3572 1110 3725 1182 fratrea

2246 1201 2338 1270 qui
2360 1200 2567 1272 publice
2576 1200 2809 1272 peccavit
2834 1198 3050 1271 publica
3071 1200 3430 1271 satisfactione
3447 1203 3655 1272 corripere
3669 1203 3724 1257 bo-

2248 1307 2373 1345 num
2398 1299 2496 1347 est.
2525 1290 2653 1348 Haec
2674 1292 2957 1363 loquutus,
2994 1291 3225 1348 fratrem
3246 1293 3486 1349 ultimum
3504 1292 3553 1349 in
3570 1293 3727 1368 collegio

2247 1381 2479 1439 fratrum
2507 1383 2726 1439 interim
2767 1384 2958 1441 sedere
2997 1384 3273 1456 pmcepit,
3309 1384 3635 1458 quoadusque
3654 1395 3726 1442 ιη-
3788 1381 3789 1451 ἦ

2247 1487 2420 1535 ctaret
2454 1477 2511 1533 in
2551 1477 2794 1549 capitulo
2820 1478 2889 1534 de
2926 1478 3014 1533 his
3040 1493 3165 1549 qua:
3194 1477 3479 1535 mandabat
3501 1477 3730 1550 episcopus,
3788 1470 3789 1489 ‘

2247 1579 2301 1627 et
2319 1570 2554 1636 consilio
2585 1570 2828 1644 generali
2854 1570 2988 1642 quid
3021 1579 3177 1627 esset
3195 1570 3461 1643 agendum
3482 1571 3728 1642 disponeret.

2248 1663 2527 1719 Abseessit
2552 1661 2721 1719 frater
2737 1678 2771 1719 a
2812 1664 3201 1735 conspectibus
3223 1664 3416 1735 patris,
3444 1672 3496 1720 et
3516 1678 3621 1721 cum
3634 1673 3743 1722 tua

2247 1752 2450 1809 virtute
2491 1753 2767 1825 patientiae.
2786 1753 3322 1825 jubentisobmdivit
3348 1755 3570 1827 imperio,
3606 1755 3733 1813 talen-

2247 1860 2354 1916 que
2375 1860 2435 1902 se
2453 1834 2662 1901 exibuit
2683 1847 2742 1901 in
2762 1846 3107 1916 obmdiendo,
3132 1855 3194 1904 ut
3219 1848 3500 1905 miraretur
3522 1848 3600 1921 qui
3621 1848 3732 1906 ridis-
3789 1828 3791 1921 ξ

2247 1942 2349 1991 set.
2394 1934 2591 2009 Vigilia
2618 1946 2736 1992 erat
2763 1936 3083 1994 festivitatis
3114 1939 3295 2000 sancti
3320 1938 3511 2007 Vitoni,
3541 1940 3597 1995 ad
3623 1954 3743 2010 qua

2246 2027 2493 2083 certatim
2536 2027 2781 2100 undique
2822 2028 3202 2086 confluxerant
3244 2031 3453 2087 nobiles
3494 2040 3543 2088 et
3578 2029 3747 2102 spectati,
3790 2027 3791 2059 ξ

2245 2120 2349 2175 viri
2368 2123 2675 2195 vulgusque
2698 2122 3098 2194 promiscuum,
3128 2132 3203 2180 ει.
3218 2124 3274 2179 in
3312 2124 3573 2195 praesentia
3589 2123 3734 2195 episco-
3790 2138 3791 2153 π

2246 2228 2487 2289 porum,_
2504 2215 2787 2283 abbatum,
2820 2215 3242 2285 monachorum,
3288 2216 3604 2284 clericorum,
3629 2214 3734 2271 nobi-

2246 2304 2380 2360 lium
2401 2314 2457 2361 et
2478 2305 2800 2378 ignobilium
2828 2306 3057 2362 ultimus
3074 2307 3328 2371 omnium
3362 2307 3490 2363 sedit
3515 2305 3750 2377 Stephants.

2245 2414 2372 2455 cum
2398 2399 2542 2455 bona
2566 2399 2829 2470 patientia
2850 2408 2907 2455 et
2930 2399 3124 2455 vultus
3139 2400 3386 2471 ejusnon
3406 2408 3522 2455 sunt
3544 2399 3688 2454 mutati
3702 2398 3735 2452 in

2245 2490 2462 2547 diversa
2490 2490 2703 2563 (LiReg.
2739 2508 2779 2560 ι,
2816 2491 2926 2563 18).
2967 2490 3351 2559 Quamobrem.
3383 2500 3447 2548 ad
3487 2490 3753 2548 exorandum.
3792 2494 3793 2529 ἰ

2244 2592 2456 2654 patrem
2484 2583 2818 2639 Richardum
2844 2599 2943 2655 pro
2964 2584 3139 2655 ipsius
3158 2585 3498 2641 restitutione
3508 2597 3660 2638 omnes
3677 2580 3751 2652 qui.
3792 2580 3793 2587 “

2246 2676 2475 2731 aderant
2514 2675 3078 2733 unanimesreddidit
3114 2675 3237 2748 ejus
3280 2676 3561 2732 humilitas.
3591 2672 3637 2729 lu
3663 2688 3739 2728 cn-

2246 2769 2393 2826 stino
2404 2784 2596 2825 coram
2612 2769 2870 2825 omnibus
2883 2769 3100 2840 culpam
3126 2768 3429 2840 professus,
3452 2768 3595 2825 errati
3611 2764 3739 2821 remis-

2246 2862 2461 2919 sionem
2501 2861 2755 2934 Optinuit,
2799 2862 3374 2937 gratiamreportavit
3444 2871 3495 2917 et
3527 2860 3584 2917 de
3613 2857 3753 2914 ultimo.

2246 2963 2532 3027 promotos
2557 2954 2730 3013 estin
2767 2955 3105 3026 superiorem
3121 2963 3365 3022 ,statum,
3386 2969 3506 3011 cum
3524 2951 3664 3025 gratia.
3680 2964 3742 3020 μ·

2247 3057 2347 3105 tris
2368 3048 2454 3104 sui
2475 3048 2739 3120 praelatus
2752 3048 3015 3107 custodia:
3037 3047 3216 3120 gregis
3239 3045 3525 3114 Dominici,
3546 3053 3591 3100 et
3602 3044 3684 3113 jam
3699 3039 3753 3095 ad:

2248 3140 2467 3209 missas,
2494 3140 2829 3196 utabbatem
2854 3140 3027 3206 decet,
3055 3139 3375 3204 honoratus,
3389 3147 3491 3204 est,
3506 3136 3587 3208 qui
3599 3135 3652 3191 de
3668 3148 3755 3189 eor.

551 3223 704 3293 vitia,
734 3237 915 3278 mores
937 3221 1229 3295 corrigere,
1259 3229 1319 3276 ut
1346 3228 1533 3292 posset
1559 3209 1842 3293 plantaria
1868 3221 2135 3278 virtutum

2242 3206 2491 3305 reptione
2526 3232 3006 3305 illatainjuriatus
3030 3246 3142 3287 non
3176 3240 3283 3287 est.
3322 3206 3743 3286 Verumiarehidia-

552 3333 605 3371 ιη
612 3332 813 3373 serere.

619 3409 710 3464 25.
752 3408 863 3465 Nec
915 3408 1185 3465 silendum
1225 3408 1358 3480 quid
1387 3408 1455 3464 de
1495 3407 1796 3480 Stephano,
1829 3424 1993 3480 quem
2028 3424 2159 3466 ore-

550 3501 715 3563 nobio
745 3502 922 3557 sancti
945 3500 1227 3557 Laurentii
1248 3502 1531 3573 praelatum
1552 3500 1814 3570 diximus,
1839 3509 2022 3558 actum
2043 3502 2153 3571 sit.

550 3593 691 3657 Cum
736 3593 883 3648 enim
916 3600 1077 3664 esset
1108 3592 1251 3648 idem
1286 3593 1597 3649 communis
1624 3601 1812 3664 pastor
1850 3602 2040 3649 noster
2082 3594 2155 3648 in.

549 3684 893 3755 expeditione
931 3684 1434 3753 Jhcrosolimitana,
1482 3694 1537 3742 et
1583 3701 1680 3757 per
1715 3701 1921 3740 annum
1963 3686 2154 3741 conti-.

550 3792 720 3831 nuum
752 3793 890 3848 pene
922 3787 1229 3834 remoratus
1261 3776 1476 3846 fuisset,
1516 3776 1775 3849 famaque
1805 3776 2013 3834 fuisset.
2039 3778 2137 3834 de-

550 3868 796 3925 functum
821 3886 949 3926 cum
977 3886 1121 3938 csse,
1152 3870 1466 3926 Duramnus
1488 3869 1807 3927 Leodiensis
1824 3871 2137 3941 cpiscopus,

549 3961 646 4034 qui
679 3961 1007 4019 Wolhodoni
1038 3972 1400 4030 successerat,
1446 3960 1785 4033 Stephanum
1822 3962 1891 4018 ad
1926 3977 1986 4018 se
2013 3978 2151 4018 evo-.

550 4063 735 4109 catum
765 4098 779 4123 ,
814 4064 872 4110 ut
900 4056 1021 4112 loco
1046 4056 1261 4112 abbatis
1289 4064 1575 4127 praeesset,
1605 4054 1783 4112 oﬂlcio
1812 4054 2053 4123 monuit,
2085 4065 2138 4111 et

550 4148 916 4204 ammonendo
941 4149 1149 4219 petivit.
1192 4147 1292 4205 Cui
1333 4164 1456 4205 cum
1503 4149 1589 4204 vir
1626 4148 1893 4221 simplicis
1930 4148 2136 4220 ingenii

548 4239 720 4310 patris
761 4241 1061 4312 spiritualis
1093 4243 1448 4314 praetenderet
1480 4241 1893 4309 oboedientiam,
1930 4242 2139 4313 absque

548 4331 706 4404 cujus
733 4335 1004 4404 permissu
1024 4343 1079 4391 et
1105 4335 1381 4391 voluntate
1408 4335 1542 4389 nulli
1565 4334 1648 4390 fas
1669 4343 1813 4392 esset
1835 4335 2151 4406 quidquam.

549 4444 902 4498 praesumere,
928 4429 1017 4484 ille
1040 4429 1321 4499 respondit
1349 4429 1523 4499 patris
1550 4428 1811 4484 Richardi
1843 4444 1902 4485 se
1938 4429 1993 4483 in
2018 4428 2151 4500 ejus-

547 4521 797 4578 discessu
825 4521 1157 4576 voluntatem
1181 4520 1492 4592 agnovisse,
1519 4519 1666 4591 quod
1700 4535 1827 4574 eum
1854 4520 1978 4575 loco
2000 4534 2139 4590 prae-

549 4609 711 4666 ficere
750 4609 1041 4681 delegisset
1080 4628 1091 4663 :
1128 4609 1286 4679 cujus
1313 4611 1442 4681 quia
1477 4625 1622 4664 nunc
1646 4609 1853 4664 obitum
1891 4611 2137 4666 audisset

548 4701 693 4757 fama
714 4703 991 4775 vulgante,
1007 4702 1336 4759 decrevisset
1359 4711 1418 4757 ut
1443 4701 1669 4757 decebat
1696 4703 2032 4758 voluntatem
2053 4703 2137 4757 in-

547 4795 713 4865 plere.
748 4795 888 4863 Quid
919 4797 1107 4851 mullis
1130 4796 1346 4851 morer?
1365 4810 1690 4865 persuasum
1713 4804 1799 4851 est
1829 4795 2057 4861 homini,
2081 4805 2138 4850 et

548 4886 654 4942 sibi
684 4887 867 4944 minus
899 4905 1121 4955 cavens,
1154 4886 1396 4957 suscepit
1428 4886 1799 4957 praelationem
1834 4886 1970 4954 loci,
1998 4904 2134 4943 con-

548 4976 792 5037 secratus
812 4983 879 5036 ad
907 4982 1139 5038 ollicium
1172 4982 1406 5037 abbatis.
1434 4980 1552 5036 Non
1580 4982 1753 5036 multo
1773 4991 1896 5053 post
1918 4983 2003 5037 vir
2037 4981 2133 5037 Dei

546 5073 726 5141 rediit,
753 5084 807 5130 et
844 5075 1072 5132 audiens
1118 5076 1265 5147 quod
1307 5075 1511 5133 factum
1557 5086 1694 5145 erat,
1742 5094 1906 5149 super
1944 5076 2133 5135 fratris

511 5237 523 5253 ο
543 5184 730 5224 errore
755 5168 946 5224 doluit.
980 5167 1073 5225 llle
1102 5185 1321 5240 quoque
1347 5180 1406 5226 ut
1440 5170 1647 5226 audivit
1682 5180 1888 5241 patrem
1916 5171 2129 5240 adesse,

544 5280 655 5319 non
674 5273 759 5320 est
780 5280 949 5321 ausus
976 5280 1265 5321 occurrere
1296 5266 1558 5335 venienti,
1596 5267 1691 5323 sed
1712 5267 1969 5339 cogitavit
1994 5282 2131 5339 pra:-

544 5356 727 5412 vcnire
749 5355 941 5413 faciem
970 5357 1091 5428 ejus
1128 5355 1185 5411 in
1213 5357 1584 5427 confessione,
1620 5368 1673 5415 et
1701 5360 1935 5431 sumptis
1955 5359 2130 5416 comi-

544 5448 689 5504 tibus
722 5448 871 5504 venit
889 5448 958 5505 ad
985 5447 1337 5506 festivitatem
1371 5451 1546 5507 sancti
1582 5449 1787 5507 Vitoni.
1811 5451 1881 5507 At
1911 5452 2005 5507 ubi
2036 5468 2128 5508 ve-

543 5540 641 5607 nit,
666 5541 815 5597 solus
846 5540 1052 5613 absque
1084 5541 1375 5598 comitibus
1397 5543 1700 5600 claustrum
1736 5543 1979 5611 intravit,
2003 5560 2128 5599 ora-

541 5633 718 5688 tiones
746 5632 893 5702 fecit,
917 5634 972 5689 in
995 5634 1234 5690 claustro
1254 5636 1411 5703 sedit,
1437 5644 1491 5693 et
1510 5637 1669 5707 quasi
1700 5638 1794 5707 qui
1817 5653 2119 5708 numquam

534 5725 825 5791 ordinatus
852 5726 1045 5784 fuisset
1073 5728 1442 5799 prmlationcm
1472 5729 1761 5784 abdicavit.
1788 5730 2124 5800 Conspectui

534 5822 711 5896 patris
731 5831 1093 5893 praesentatus
1118 5821 1402 5880 satisfecit.
1436 5822 1666 5891 qualia:
1697 5821 1758 5858 ὀλ
1795 5837 1808 5847 τ
1831 5823 2131 5879 "mentien-

2238 3341 2417 3383 conus
2432 3323 2785 3393 .Leodiensis,
2814 3324 2945 3396 quia
2972 3323 3181 3379 domini
3212 3323 3315 3379 sui-
3338 3331 3399 3387 ut
3422 3319 3578 3377 voluit
3601 3318 3743 3373 inom-

2240 3420 2405 3477 nibus
2432 3426 2707 3490 exequuta
2746 3419 3000 3473 voluntas
3026 3432 3138 3472 non
3167 3423 3276 3485 est,
3296 3415 3523 3487 rediens
3546 3410 3607 3467 ad
3625 3407 3763 3475 illum,

2240 3525 2352 3566 non
2378 3519 2563 3566 tamen
2586 3525 2713 3565 cum
2741 3508 2937 3565 abbate
2965 3506 3266 3579 Stephano,
3292 3506 3449 3563 testis
3475 3497 3757 3561 fallaxfactns.

2238 3613 2355 3673 est;
2380 3605 2476 3675 qui
2496 3620 2610 3659 rem
2645 3612 2855 3676 gestam
2884 3616 2996 3658 non
3030 3609 3092 3657 ut
3118 3607 3274 3672 gesta
3291 3607 3411 3667 .est,
3432 3613 3527 3653 nec
3545 3609 3602 3651 eo
3619 3590 3765 3647 enim.

2240 3712 2367 3769 quo
2385 3706 2538 3769 gesta
2581 3705 2685 3764 est,
2711 3695 2965 3752 retulisse
3006 3693 3403 3764 comprobatus
3426 3698 3526 3746 est.
3550 3684 3637 3753 Qui
3663 3694 3747 3751 Iw

2240 3797 2556 3860 rumpentes
2581 3789 2637 3844 in
2667 3803 2726 3845 se
2746 3787 2916 3855 animi
2938 3786 3212 3857 appetitus
3231 3785 3387 3842 nulla
3410 3782 3463 3839 vi
3483 3776 3628 3837 animi
3645 3786 3749 3831 coet-

2240 3900 2371 3940 cens
2393 3884 2478 3939 vel
2503 3882 2811 3950 refrenans,
2836 3881 3111 3937 abbatiam
3144 3875 3629 3936 Lohiensembeato
3652 3862 3758 3939 patri

2240 3990 2338 4046 pro
2373 3976 2626 4049 his,‘qua=.
2659 3990 2819 4031 secus
2845 3988 3010 4045 quam
3040 3972 3326 4027 mandavit
3354 3961 3749 4044 gesserat-abstn-

2239 4068 2321 4136 lit,
2352 4077 2407 4124 et
2439 4070 2691 4125 abbatem
2715 4077 2907 4124 contra
2925 4066 3020 4138 jus
3042 4065 3257 4136 fasque,
3285 4078 3451 4136 quem
3470 4058 3639 4123 voluit,
3663 4049 3750 4108 sub-

2240 4162 2437 4218 stituit.
2479 4161 2551 4216 At
2596 4176 2726 4216 vero
2763 4160 3001 4216 domnus
3047 4157 3363 4228 Stephanus
3392 4156 3587 4226 aliquot
3614 4143 3753 4203 diebus

2242 4251 2473 4307 Virduni
2505 4259 2902 4318 commoratus,
2944 4258 3002 4304 et
3034 4250 3102 4304 de
3141 4247 3487 4319 correptione
3510 4240 3767 4298 melionlIIS.

2239 4352 2346 4412 est,
2360 4353 2414 4400 et
2435 4342 2699 4415 quamdiu
2715 4342 2848 4397 vixit
2869 4349 3079 4413 patrem
3103 4339 3419 4411 fratresque
3433 4334 3608 4392 intimo

2241 4436 2450 4505 dilexit,
2484 4436 2738 4507 filiosque
2760 4450 2893 4491 suos
2922 4434 2977 4489 in
3015 4434 3211 4489 timore
3240 4430 3359 4486 Deo
3393 4427 3587 4485 servire
3602 4421 3757 4477 docnin

2166 4566 2216 4626 ο
2243 4530 2610 4600 omnibusque
2652 4527 2946 4615 exemplar
2975 4525 3259 4597 religionis
3302 4532 3359 4580 et
3391 4516 3662 4590 discipline
3690 4520 3753 4563 εισ

2242 4623 2369 4678 titit.

2312 4714 2451 4780 (Fel.
2482 4714 2591 4785 89‘)
2618 4714 2708 4769 26.
2747 4714 2916 4786 Igitur
2960 4713 3029 4769 ad
3069 4713 3289 4768 beatum
3315 4710 3625 4783 Symeonem

2238 4813 2447 4860 ctentes
2472 4784 2791 4871 articulum,
2818 4804 2950 4875 quid
2980 4804 3124 4875 apud
3156 4802 3493 4859 Richardum
3517 4784 3764 4883 Νοηιιηίπς

2239 4898 2541 4969 principem
2574 4896 2785 4970 egerit,
2822 4898 2967 4954 sicut
3008 4898 3064 4952 in
3123 4895 3367 4951 armario
3403 4890 3764 4979 Rothomgelfl

2238 4993 2566 5060 continetur,
2598 4992 2725 5047 licet
2746 4992 2961 5047 libellus
2986 4990 3114 5046 vita:
3141 4989 3261 5061 ejus
3284 4988 3392 5043 hoc
3441 4985 3604 5046 sileat,
3622 4982 3765 5071 plllfls

2234 5083 2589 5153 explicemus.
2655 5082 2737 5138 Ad
2782 5081 2931 5137 hunc
2983 5082 3169 5152 itaque
3206 5079 3438 5134 veniens
3481 5086 3598 5131 cum
3622 5062 3757 5123 sociis.

2237 5174 2654 5231 commendatus
2679 5183 2763 5230 est
2795 5173 3014 5230 cuidam
3043 5173 3164 5229 viro
3184 5171 3528 5229 nobilissimo
3565 5156 3769 5219 Gozelillo

2236 5263 2477 5330 nomine,
2508 5263 2604 5333 qui
2632 5278 2727 5319 eos
2757 5270 3034 5334 gratanter
3064 5254 3587 5330 suscepithospicio,
3628 5255 3674 5303 et
3696 5242 3760 5297 δο-

2237 5358 2400 5429 nigne
2425 5366 2549 5429 post
2578 5356 2821 5412 laborem
2853 5354 3061 5412 refecit.
3099 5355 3172 5410 At
3190 5368 3318 5409 vero
3367 5337 3765 5432 clemenliﬁ‘iimffs

2237 5424 2489 5523 princeps
2527 5449 2836 5527 Richardus
2862 5449 3091 5506 caritate
3126 5446 3406 5519 protinus,
3451 5424 3765 5527 ωίδετίφτὼ

2235 5561 2505 5616 copiosus,
2539 5524 2808 5601 serviﬁDci
2835 5552 2944 5599 tam
2960 5542 3159 5615 prolixi
3180 5538 3394 5596 itineris
3422 5542 3592 5591 motus
3608 5524 3760 5581 labon

2235 5637 2545 5693 necessitati
2575 5650 2859 5691 servorum
2883 5635 2977 5691 Dei
3005 5635 3074 5690 de
3095 5642 3278 5689 monte
3308 5628 3459 5701 Syna
3482 5621 3759 5710 compos-5f:

2232 5731 2496 5800 plurimas
2520 5729 2599 5786 eis
2633 5728 2863 5799 largitus
2888 5736 2972 5783 est
3025 5727 3265 5792 di‘vitias,
3311 5734 3455 5793 quas
3500 5698 3764 5804 veneri-bl“?

2234 5792 2469 5895 Symeon
2497 5839 2590 5894 per
2628 5792 2823 5877 fratres
2850 5821 2943 5893 qui
2969 5837 3158 5877 ερςιω
3188 5792 3533 5877 advenerant,
3559 5792 3767 5893 item
