3834 6304
62 441 140 497 9.33

1223 416 1635 480 CHRONICON.
1681 449 1750 458 -—
1778 416 1909 474 LIB.
1933 416 1997 472 ll.

3162 415 3271 472 254

63 555 191 622 misit,
203 561 248 609 et
270 549 372 621 ipse
388 561 508 602 cum
530 541 753 617 praefato
776 539 1037 598 Gozelino
1062 554 1173 610 uno
1200 545 1416 594 tantum
1443 549 1576 600 con-
1604 534 1651 592 Α
1681 530 1843 607 talem
1888 538 2049 603 antea
2074 528 2198 601 quis
2230 544 2343 598 non
2370 528 2585 622 viderit-
2618 527 2900 601 Ceperunt
2939 529 3085 587 enim
3133 530 3275 588 inter

65 655 202 704 tentus
219 639 403 696 tumulo
448 634 722 707 btephano
773 632 1032 709 nomine,
1056 645 1174 685 vtro
1196 643 1336 699 eque
1365 635 1583 701 sancto,

64 735 231 795 biennio
253 729 476 797 mansit;
501 727 657 798 cujus
680 726 903 801 hortatu
926 724 1071 797 idem
1093 721 1178 777 vir
1202 716 1580 776 nobilissimus

65 825 388 887 monasterium
414 829 613 878 sancta:
646 818 934 897 Trinitatis
974 817 1032 895 in
1052 815 1243 890 vicino,
1258 820 1444 869 monte
1466 810 1580 866 Ro-

66 917 331 993 tomagensis
360 914 506 971 urbis
525 911 816 969 edificavit.
848 909 945 968 Illo
986 908 1044 965 in
1088 908 1213 987 loco
1235 907 1319 963 vir
1344 903 1580 960 mitissi-

65 1026 155 1067 mus
175 1010 383 1065 domnus
438 1002 674 1077 Symcon
709 1000 971 1077 reliquias
1029 1006 1232 1071 sancta:
1287 995 1579 1061 Catennze,

64 1120 167 1177 quas
211 1115 377 1159 secum
421 1097 646 1165 ferebat,
695 1093 968 1167 deposuit,
1013 1090 1257 1163 gaudens
1316 1083 1587 1177 divina

66 1176 351 1268 tit-nominari
412 1189 792 1260 dispositione,
860 1194 923 1242 ut
965 1183 1174 1240 scilicet
1231 1176 1584 1236 occidentalis

66 1285 321 1357 plebstanto
343 1270 592 1354 gauderet
644 1277 935 1350 suffragio,
968 1275 1100 1331 dum
1129 1273 1250 1345 ejus
1271 1271 1594 1343 frequenter-

67 1375 240 1433 relevari
267 1376 567 1445 jmererctur
618 1371 885 1441 antidoto.
940 1366 1052 1424 Hec
1073 1375 1256 1439 autem
1285 1372 1373 1420 est
1397 1372 1587 1429 sancta

67 1465 316 1533 Catherina,
369 1479 489 1535 qua:
516 1478 549 1519 a
591 1461 866 1518 Maxentio
920 1475 1126 1517 caesare
1147 1456 1293 1529 apud
1345 1456 1588 1511 Alexan-

67 1560 197 1616 driam
224 1556 467 1629 martyrio
487 1564 771 1622 coronata,
799 1555 868 1610 ab
890 1552 1099 1625 angelis
1125 1549 1197 1606 ad
1221 1556 1461 1615 montem
1487 1544 1589 1619 Sy-

69 1644 144 1726 nay
162 1650 329 1717 delata,
359 1657 411 1704 et
436 1648 492 1704 in
516 1646 831 1703 habitaculo
878 1643 1140 1715 angelicis
1168 1639 1425 1697 manibus
1451 1653 1590 1710 pra:-

68 1730 209 1813 parato
233 1741 413 1808 locata,
437 1738 587 1811 quod
608 1736 832 1810 quidem
878 1735 936 1792 in
983 1736 1206 1791 modum
1229 1731 1507 1789 turriculae
1532 1730 1589 1785 in

1682 638 1741 678 se
1767 622 2033 699 elementa
2061 637 2449 693 compugnare,
2486 621 2645 693 itaut
2695 622 2750 676 in
2776 623 2950 680 tribus
2974 626 3135 682 annis
3163 636 3287 696 prie.

1665 712 1851 768 ‘nimia
1876 711 2058 782 pluvia
2094 728 2204 768 non
2247 712 2622 768 invenirentur
2656 714 2794 787 sulci
2836 716 2996 772 utiles
3045 718 3275 791 semini-

1682 802 1807 858 bus.
1841 800 1996 857 Tunc
2018 802 2071 857 in
2114 802 2389 876 plerisque
2416 805 2551 861 locis
2585 805 2688 879 fuit
2733 807 2903 863 modii
2938 811 3183 880 precium
3206 812 3277 868 60

1683 896 2009 965 solidorum,
2034 898 2171 954 alias
2195 899 2470 955 sextarius
2496 900 2561 956 15
2591 894 2913 973 solidorum.
2935 902 3089 969 Tunc
3109 907 3276 962 etiam

1683 988 1937 1045 humanae
1966 1005 2162 1046 carnes
2185 991 2254 1046 ab
2280 990 2599 1049 hominibus
2629 993 2899 1071 devorata:
2927 1006 3074 1065 sunt,
3102 998 3177 1054 ita
3219 1008 3279 1055 ut

1682 1084 1740 1140 in
1774 1078 1955 1138 forum
2002 1080 2273 1138 Trenortii
2314 1082 2505 1140 delata:
2543 1085 2672 1154 sint,
2720 1087 2835 1143 acsi
2877 1091 3274 1149 venundandte.

1685 1175 1837 1251 Quas
1864 1177 1960 1248 qui
1998 1176 2182 1242 attulit
2235 1176 2632 1249 deprehensus,
2676 1174 2799 1253 igne
2844 1194 3118 1249 crematus
3171 1195 3275 1242 est.

1684 1266 1890 1325 Carnes
1913 1283 2043 1342 vero
2065 1267 2235 1339 humo
2267 1268 2501 1338 traditae,
2524 1280 2690 1344 atque
2711 1273 2781 1343 ab
2807 1275 3105 1347 aliqrnoctu
3118 1278 3280 1337 effos-

1688 1377 1763 1417 sa:
1782 1370 1835 1417 et
1856 1370 2111 1435 comestae
2141 1370 2290 1419 sunt.
2320 1361 2424 1439 Qui
2464 1364 2858 1436 deprehensus,
2895 1377 2951 1424 et
2978 1371 3096 1441 ipse
3129 1388 3283 1429 com-

1686 1453 1883 1527 bustus
1906 1464 2007 1510 est.
2038 1452 2193 1527 Tunc
2229 1471 2397 1527 prope
2425 1457 2730 1513 aecclcsiam
2767 1462 2940 1516 sancti
2969 1461 3197 1522 Joannis
3224 1467 3280 1522 in

1689 1547 1985 1604 castanedo
2007 1563 2177 1621 prope
2200 1548 2476 1605 civitatem
2504 1549 2962 1610 Matisconensem
2984 1556 3143 1612 sitam
3166 1560 3284 1630 qui-

1690 1638 1816 1695 dam
1853 1640 1957 1697 sibi
1976 1640 2259 1713 tugurium
2286 1652 2570 1711 statuerat,
2596 1644 2691 1725 qui
2713 1661 2845 1711 eum
2868 1656 3027 1718 nocte
3047 1651 3284 1720 quadam

1691 1742 1965 1789 errantem
2002 1735 2336 1806 suscepisset
2374 1736 2646 1808 hospicio,
2683 1737 3062 1810 deprehensus
3105 1741 3174 1798 ab
3218 1760 3288 1800 eo

68 1833 174 1889 edito
197 1840 502 1904 porrectum,
536 1846 649 1888 uno
672 1838 886 1886 tantum
938 1826 1213 1883 foramine
1251 1822 1399 1881 scala
1420 1837 1589 1895 appo-
1616 1892 1661 1904 _
1694 1822 2010 1895 hujusmodi
2031 1823 2154 1880 cibo
2173 1826 2343 1893 vesci,
2368 1841 2493 1882 cum
2517 1836 2807 1900 susceptus
2838 1829 3036 1886 timens
3067 1832 3172 1887 sibi
3202 1831 3290 1889 fu-

70 1926 143 1981 sita
165 1892 345 2007 aditum
360 1892 586 2006 praebet,
620 1924 762 1991 oleo,
799 1921 946 1995 quod
973 1920 1041 1976 de
1065 1919 1185 1990 ejus
1206 1932 1434 1989 corpore
1455 1892 1587 1988 pro-
1616 1892 1664 1953 Β
1696 1892 1783 1988 gae
1824 1931 1884 1973 se
1906 1916 2227 1974 credidisset
2278 1919 2504 1989 auxilio,
2531 1936 2591 1977 re
2648 1892 2706 1977 in
2737 1922 2958 1995 civitate
2995 1924 3288 1995 patefacta,

71 2017 171 2084 nuit,
201 2017 430 2072 omnibus
474 2017 728 2087 medetur
750 2073 758 2084 δ
778 2013 1033 2093 infirmis.
1080 2010 1252 2069 Porro
1287 2010 1355 2067 ad
1380 2008 1595 2065 radices

70 2110 257 2180 ejusdem
284 2108 476 2166 montis
527 2109 703 2180 ipsius
733 2117 938 2185 sanctae
974 2104 1205 2187 virginis
1242 2111 1391 2161 extat
1417 2110 1599 2158 orato-

73 2201 259 2268 rium,in
291 2217 393 2272 quo
422 2200 602 2257 multa
630 2201 792 2259 turba
836 2198 1237 2276 monachorum
1284 2195 1374 2253 die
1410 2203 1601 2251 noctu-

72 2308 150 2363 que
170 2291 264 2371 Deo'
292 2293 472 2349 Iaudes
510 2292 850 2371 canentium,
880 2292 1056 2348 beatae
1078 2290 1313 2371 martyri
1342 2288 1598 2344 devotum

73 2377 237 2457 sum
260 2369 626 2463 famulatum.
687 2382 784 2440 llis
840 2383 1013 2454 rnoris
1055 2391 1142 2459 est
1193 2369 1281 2437 die
1313 2377 1604 2453 Dominico

74 2477 225 2533 ontis
243 2478 589 2557 supercilium
610 2476 932 2553 ascendere,
958 2483 1013 2532 et
1032 2474 1221 2541 missis
1246 2473 1320 2529 ibi
1361 2471 1604 2529 celebra-

75 2569 138 2637 tis,
156 2569 270 2625 duos
287 2570 366 2625 vel
392 2578 511 2627 tres
531 2568 735 2625 ibidem
769 2582 989 2639 semper
1014 2565 1212 2623 fratres
1241 2563 1513 2621 dimittere
1534 2562 1605 2618 oh

73 2661 271 2719 excubias
290 2663 427 2718 sacri
454 2661 735 2734 corporis,
765 2659 974 2732 quibus
1008 2658 1100 2716 alii
1136 2657 1382 2714 vicissim
1406 2654 1607 2711 fratres

73 2769 141 2825 per
162 2754 504 2811 hebdomadas
528 2753 848 2821 succedunt,
872 2765 1201 2822 sacrumque
1227 2749 1430 2816 oleum,
1456 2745 1606 2819 quod

73 2844 118 2925 de
139 2847 212 2902 illo
230 2847 431 2904 efﬂuere
454 2862 577 2903 non
597 2845 817 2912 desinit,
840 2845 1016 2901 vitreo
1042 2858 1172 2900 vase
1200 2841 1484 2915 supposito
1512 2840 1610 2897 de-

72 2938 215 3015 bilium
241 2941 419 2997 usibus
443 2945 846 2997 reservandum
869 2953 1086 2995 summa
1107 2951 1235 2992 cum
1254 2934 1609 2991 veneratione

73 3031 308 3104 excipiunt,
347 3049 457 3105 quo
517 3048 625 3105 non
663 3032 842 3088 solum
871 3028 1192 3097 Christiani,
1251 3026 1607 3084 verumetiam

74 3125 238 3208 pagani,
270 3124 406 3208 quod
430 3126 586 3183 dictu
620 3125 872 3208 mirabile
906 3133 1009 3191 est,
1043 3121 1296 3198 injuncti,
1324 3135 1482 3190 opem
1504 3117 1608 3176 sibi

75 3216 296 3273 medicina:
321 3225 625 3293 reportant.
657 3215 804 3273 Inter
828 3229 1116 3293 quos‘eum
1142 3213 1337 3269 beatus
1368 3210 1604 3285 Symeon

76 3294 157 3362 sua:
182 3310 470 3379 septimanae
506 3292 830 3383 fungeretur
855 3292 1054 3383 cilicio,
1092 3305 1327 3382 eumillo
1349 3303 1611 3379 salutaris.

77 3397 151 3453 (λιειὶ
170 3400 354 3472 liquore
377 3402 479 3457 tria
520 3400 815 3472 admodum
846 3397 1059 3459 minuta
1091 3397 1157 3453 de
1199 3394 1484 3468 sarcofago
1524 3393 1610 3450 di-

76 3470 275 3563 stillantia
306 3495 506 3550 meruit
535 3473 678 3551 “ossa
703 3470 982 3570 excipere.
1029 3488 1164 3557 Quae
1190 3489 1473 3562 diligenter
1497 3488 1610 3543 col-

77 3582 193 3652 lecta,
222 3595 268 3642 et
293 3588 343 3642 in
364 3587 581 3643 concha
609 3586 787 3660 vitrea
823 3600 952 3641 cum
990 3583 1112 3655 ipso
1159 3582 1281 3662 oleo
1331 3580 1610 3655 recondita

78 3662 218 3752 secum
236 3679 574 3735 conservavit
626 3678 817 3733 multis
844 3674 1155 3749 profutura,
1184 3684 1239 3731 et
1269 3690 1331 3731 ea
1366 3682 1612 3753 postmo-

78 3767 190 3851 dum,
213 3779 266 3825 ut
282 3771 537 3838 diximus,
570 3770 830 3847 :ecclesite
852 3768 1093 3841 praefatae
1131 3766 1345 3824 Sanctae
1367 3762 1611 3824 Trinita-

79 3862 345 3931 lisRodomi
400 3864 654 3932 contulit,
702 3880 845 3927 auro
886 3872 940 3920 et
993 3871 1220 3935 argento
1255 3860 1608 3934 preeiosiora.

79 3951 341 4012 Conlinetur
366 3957 549 4013 adhuc
582 3958 639 4011 in
681 3956 872 4012 eodem
922 3955 1177 4013 eoenobio
1203 3971 1301 4010 vas
1356 3953 1491 4010 illud
1537 3953 1616 4009 vi-

78 4053 211 4099 treum
230 4062 343 4102 cum
366 4047 638 4125 reliquiis,
693 4045 748 4102 id
768 4054 851 4125 est
872 4032 1048 4125 tribus
1079 4045 1389 4125 minoribus
1413 4044 1615 4120 articu—

78 4132 212 4192 lorum
240 4138 529 4210 junctnris,
568 4124 724 4209 quod
772 4121 872 4193 vas
914 4122 986 4194 ch
1017 4121 1397 4193 inundantiam
1438 4128 1617 4207 sancti

78 4229 154 4283 olei
204 4249 401 4305 quaque
463 4233 775 4316 septimana
835 4241 1138 4313 vacuatur,
1195 4239 1250 4308 et
1303 4232 1614 4302 petentibus

77 4333 151 4403 pro
185 4325 408 4395 reliquiis
461 4325 642 4404 sancti
709 4324 955 4396 corporis
996 4325 1176 4399 datur.
1232 4322 1346 4397 (Cf.
1391 4325 1611 4396 supra).

79 4409 230 4470 Beatus
260 4428 432 4473 autem
484 4417 726 4490 Symcon
776 4417 922 4488 apud
964 4416 1248 4488 praefatum
1292 4416 1615 4474 Gozelinum

79 4500 252 4586 biennio
270 4525 512 4578 manens,
537 4510 799 4582 cogitavit
828 4508 1049 4566 tandem
1072 4518 1281 4581 patrem
1316 4526 1478 4566 suum
1520 4509 1618 4566 ka-

1696 2009 1884 2066 missis
1925 2009 2365 2082 exploratoribus
2409 2012 2666 2069 inventus
2709 2030 2837 2070 cum
2892 2015 2964 2072 48
3019 2017 3293 2088 capitibus

1696 2100 2114 2171 trucidatorum,
2139 2117 2376 2175 quorum
2401 2118 2595 2160 carnes
2615 2114 2932 2175 voravcrat;
2972 2114 3028 2162 et
3048 2107 3138 2164 hic
3192 2108 3305 2164 der

1697 2194 2006 2265 prehensus
2037 2193 2168 2267 igni.
2197 2193 2546 2251 traditusest.
2578 2194 2754 2251 Tanta
2776 2195 2881 2253 fuit
2906 2196 3070 2255 famis
3099 2199 3292 2256 anxie-

1701 2296 1811 2356 tas,
1863 2287 2011 2359 quod
2036 2295 2420 2366 attemptatum
2445 2287 2517 2345 sit
2542 2288 2595 2344 in
2630 2289 2877 2360 partibus
2903 2290 3034 2361 illis,
3087 2300 3147 2348 ut
3165 2292 3294 2364 qui-

1697 2380 1826 2438 dam
1842 2380 2022 2437 albam
2040 2390 2240 2437 terram
2262 2381 2466 2455 argilla:
2484 2382 2717 2439 similem
2736 2382 3013 2452 ellossam,
3026 2385 3296 2456 pcmtixta

1700 2473 1879 2537 farina
1910 2474 1993 2531 vel
2014 2474 2277 2533 cantabro
2299 2474 2471 2549 (105),
2508 2491 2649 2547 pane
2690 2476 2816 2533 inde
2850 2475 2996 2534 facto
3040 2477 3296 2535 comede-

1703 2575 1844 2623 rent.
1901 2564 2189 2640 Miserum'
2214 2574 2333 2623 erat
2373 2576 2429 2623 et
2474 2566 2768 2624 dolendum
2825 2567 3008 2629 videre
3033 2584 3129 2625 ora
3146 2584 3298 2624 mar-

1705 2660 1885 2717 centia
1922 2659 2157 2732 jejunio,
2202 2661 2306 2717 hos
2350 2661 2418 2716 ad
2456 2669 2658 2717 terram
2686 2676 2845 2717 ruere
2869 2661 3073 2718 noneis
3101 2661 3300 2719 sum-a-

1704 2761 1866 2826 gante
1890 2751 1997 2809 cibi
2030 2751 2244 2819 solatio,
2310 2751 2449 2810 istos
2499 2751 2798 2809 morientes
2842 2752 3109 2823 aspicere,
3160 2753 3299 2810 alios

1707 2846 1841 2904 dum
1863 2845 1944 2903 eis
1974 2843 2141 2902 funus
2193 2844 2475 2902 exiberent
2514 2843 2721 2917 pariter
2766 2844 3035 2902 commori
3056 2854 3110 2901 et
3134 2860 3300 2917 super

1707 2936 1857 3009 ipsos
1887 2937 2232 3005 occumbere,
2263 2937 2448 3009 plures
2490 2951 2722 2993 numero
2760 2936 3065 3008 insepultos
3092 2937 3300 3009 jacere,

1707 3029 1840 3102 quia
1865 3045 1974 3086 non
2008 3038 2127 3086 erat
2159 3031 2256 3102 qui
2277 3030 2549 3101 sepeliret.
2584 3029 2829 3104 Sequuta
2871 3038 2957 3086 est
2980 3036 3036 3087 et
3064 3031 3171 3087 alia
3206 3047 3304 3103 pe-

1709 3123 1832 3192 stis,
1865 3123 1993 3195 quia
2030 3138 2062 3179 e
2085 3122 2442 3180 cadaveribus
2461 3132 2808 3180 mortuorum
2847 3138 2943 3195 pre
2970 3123 3142 3180 nimia
3165 3123 3306 3181 mul-

1713 3216 1947 3274 titudine
1997 3218 2276 3289 sepultura
2324 3218 2630 3274 carentium
2661 3218 2776 3290 lupi
2798 3216 3066 3285 adcscati,
3088 3232 3305 3288 erepere

1710 3310 1950 3385 praedam
1973 3325 2041 3367 ex
2062 3310 2398 3367 hominibus.
2453 3309 2609 3367 Tunc
2657 3310 2910 3367 carnaria
2946 3309 3090 3367 facta
3112 3319 3242 3371 sunt
3269 3326 3304 3366 a

1712 3391 1884 3459 Deum
1923 3402 2259 3472 timentibus,
2290 3403 2347 3459 in
2370 3403 2572 3476 quibus
2603 3414 2814 3476 patrem
2854 3404 3020 3473 ﬁlius,
3075 3402 3304 3460 fratrem

1712 3493 1899 3564 frater,
1932 3504 1987 3551 ct
2035 3505 2211 3552 mater
2262 3495 2437 3552 ﬁlium
2482 3498 2614 3552 dum
2661 3496 2973 3553 deﬁcientes
3011 3496 3302 3567 aspiceret,

1712 3587 2093 3663 protrahebat;
2126 3597 2181 3643 et
2226 3588 2520 3662 aliquando
2566 3587 2682 3658 ipse
2723 3587 2854 3643 dum
2882 3587 3210 3658 desperabat
3233 3585 3304 3643 de

1712 3680 1845 3749 vita,
1863 3679 2349 3752 superaddebatur,
2380 3681 2453 3736 ita
2477 3689 2537 3737 ut
2567 3678 2943 3753 gratissimum
2967 3678 3023 3734 id
3042 3688 3188 3736 esset
3213 3678 3302 3735 οἵ·
3364 3734 3373 3743 ,

1714 3771 1899 3828 ficium
1941 3771 2169 3840 funeris,
2207 3772 2254 3828 si
2301 3773 2521 3844 spirans
2546 3773 2748 3845 aliquis
2772 3772 2866 3827 illo
2888 3788 2920 3828 a
2950 3771 3146 3844 quovis
3168 3787 3299 3843 pro-

1708 3864 1987 3936 jiceretur.
2017 3863 2385 3933 Quamobrem
2417 3866 2474 3921 in
2508 3865 2763 3937 expensis
2789 3879 3088 3937 egenorum
3114 3864 3305 3922 acele-

1714 3973 1922 4013 srarum
1940 3964 2265 4013 ornamenta
2291 3956 2553 4013 distracta
2587 3965 2739 4024 sunt,
2764 3954 3146 4026 dispertitique
3177 3955 3303 4011 the-

1715 4049 1884 4106 sauri.
1912 4051 2122 4105 Aurum
2142 4050 2310 4117 enim,
2338 4059 2400 4106 ut
2414 4050 2492 4106 ait
2511 4049 2738 4108 moralis
2758 4049 2948 4106 doctor
2957 4047 3306 4116 Ambrosius,

1714 4141 1958 4198 aecclesia
1981 4142 2146 4198 habet
2187 4159 2297 4198 non
2343 4150 2406 4198 ut
2429 4147 2648 4210 servet,
2702 4141 2799 4200 sed
2831 4150 2893 4197 ut
2938 4148 3144 4214 eroget.
3170 4140 3307 4208 Quis

1716 4246 1895 4292 autem
1920 4251 1987 4291 eo
2012 4243 2253 4306 tempore
2277 4234 2614 4301 reconderet,
2665 4250 2792 4290 cum
2811 4235 3129 4304 reconditis,
3152 4234 3201 4292 si
3224 4232 3310 4289 fa-

1716 4342 1836 4382 mes
1861 4325 2042 4382 saltim
2065 4324 2443 4396 quinquenuio
2487 4325 2765 4392 durasset,
2793 4320 2979 4380 nullus
3017 4333 3164 4381 esset
3212 4326 3308 4395 qui

1718 4416 2030 4473 frueretur?
2057 4415 2165 4473 Sed
2186 4432 2287 4472 nec
2308 4416 2566 4472 omnibus
2586 4416 3031 4484 subveniebatur,
3053 4417 3182 4487 quia
3213 4433 3309 4471 vo-

1717 4512 1914 4567 luntati
1946 4525 2109 4582 posse
2137 4524 2250 4565 non
2295 4510 2716 4582 suifragabatur.
2783 4508 2898 4566 llac
2929 4526 3063 4582 ergo
3106 4519 3311 4580 tempe-

78 4590 306 4651 rissimum
327 4596 663 4678 Richardum
694 4599 946 4678 abbatem
975 4597 1265 4670 sociosque
1310 4614 1443 4655 suos
1471 4599 1612 4654 invi—
1642 4612 1693 4673 ι)
1720 4615 1859 4663 state
1909 4605 2191 4661 civitatum
2243 4603 2646 4660 Gallicanarum
2674 4604 2937 4675 praesules
2993 4602 3309 4669 consilium,

79 4697 184 4751 sere,
208 4697 254 4743 et
274 4689 349 4745 sic
373 4672 686 4747 valedicens
706 4672 988 4758 omnibus,
1022 4688 1329 4745 Virdunum
1360 4692 1531 4757 venit,
1560 4698 1616 4746 et

77 4790 171 4855 ctm
190 4781 362 4837 eodem
402 4767 789 4855 patreidiebus
835 4782 1258 4854 quamplurimis
1303 4783 1617 4859 mansit;et

77 4863 334 4937 frequenter
365 4873 681 4944 injuriatus,
726 4882 1007 4944 tamquam
1035 4889 1209 4945 agnus
1236 4858 1619 4928 mansuetissi¥

76 4972 169 5015 mus
192 4966 360 5020 omnia
401 4966 644 5039 pertulit,
684 4966 1044 5045 etspeeulum
1095 4965 1263 5021 totius
1310 4965 1618 5023 sanctitatis

75 5055 283 5114 omnibus
302 5075 359 5115 se
384 5058 637 5131 praebuit.
739 5045 743 5049 ’

125 5142 239 5211 (Fol.
266 5144 467 5221 85)‘27.
502 5151 672 5223 Igitur
695 5168 841 5224 anno
867 5152 936 5207 ab
964 5153 1073 5208 inc.
1106 5151 1261 5208 Dom.
1289 5152 1445 5208 1028.
1478 5162 1617 5209 tem—

76 5235 187 5300 Plum
217 5244 485 5313 sepulchri
525 5233 756 5301 Domini.
777 5245 1024 5302 funditus
1053 5262 1307 5302 eversum
1344 5256 1430 5303 est
1453 5248 1615 5318 jussu

75 5324 289 5400 Principis
332 5332 651 5403 Babiloniae,
719 5334 952 5393 faciente
992 5334 1294 5391 Judcorum
1334 5338 1612 5409 nequicia.

75 5413 257 5501 [Cum
290 5444 370 5496 tn,
396 5429 459 5496 7;
508 5447 579 5497 ιν,
609 5429 693 5503 4.]
735 5430 977 5501 Sequuta
1011 5432 1200 5488 eodem
1238 5449 1384 5488 anno
1407 5433 1461 5488 in
1486 5436 1618 5491 orbe

76 5514 296 5573 li'rrarum
321 5521 578 5579 universo
615 5522 808 5592 fames,
847 5524 919 5579 ita
944 5523 1086 5595 cepit
1117 5526 1517 5595 convalescere,
1558 5537 1620 5583 ut

1723 4716 1834 4771 quo
1868 4706 2021 4754 tanta
2042 4698 2173 4753 mali
2195 4698 2367 4754 moles
2398 4698 2688 4765 levaretur,
2722 4697 2992 4762 ineuntes,
3046 4696 3153 4749 hoc
3188 4703 3313 4749 tan-

1723 4791 1848 4847 dem
1874 4790 2270 4846 adinvcnerunt
2292 4789 2499 4862 (1028),
2531 4798 2590 4845 ut
2634 4804 2764 4860 quia
2792 4787 3168 4844 deﬁcientibus
3195 4785 3312 4857 jam

1723 4901 1788 4940 ex
1816 4891 1931 4940 toto
1958 4883 2233 4939 alimentis
2285 4882 2544 4940 omnibus
2587 4880 2843 4953 opitulari
2888 4880 3210 4951 nequibant,
3242 4896 3314 4938 ne

1722 4985 1868 5040 terra
1914 4976 2221 5032 habitatore
2249 4974 2508 5032 destituta
2563 4974 2618 5028 in
2655 4972 3006 5030 solitudinem
3047 4973 3316 5046 redigere-

1721 5078 1831 5136 tur,
1856 5070 2071 5140 aliquos
2101 5083 2241 5139 quos
2270 5083 2392 5124 esse
2416 5066 2715 5139 vegetiores
2734 5074 3029 5132 constaret,
3061 5066 3190 5122 dato
3209 5082 3313 5138 pro

1721 5176 1882 5231 posse
1903 5175 2132 5215 numero
2163 5159 2437 5215 cotidiano
2461 5158 2848 5230 qualicumque
2892 5158 3014 5214 cibo
3037 5167 3312 5215 sustenta-

1721 5262 1873 5309 rent:
1900 5267 1991 5307 nor
2050 5261 2108 5306 ut
2137 5250 2261 5306 aliis
2315 5250 2518 5306 solacia
2551 5266 2673 5320 quae
2720 5258 2974 5322 poterant
3020 5249 3324 5306 subtrahe-.

1722 5353 1932 5412 rentur,
1969 5353 2049 5399 sct
2076 5353 2133 5399 ut
2164 5344 2299 5398 istos
2330 5351 2666 5400 sustentatos
2686 5351 2844 5398 terra:
2873 5342 3112 5398 cultores
3134 5357 3311 5397 rescr-

1723 5420 1935 5502 varent,
1960 5444 2014 5491 et
2040 5435 2163 5490 aliis
2193 5434 2581 5491 misericordiae
2602 5435 2813 5492 viscera
2833 5448 2943 5490 non
2958 5440 3308 5504 negarentur.

1725 5528 1822 5584 Det
1851 5528 1955 5583 illis
1986 5526 2129 5583 Deus
2172 5528 2415 5589 invenire
2461 5527 2912 5596 misericordiam,
2936 5525 3031 5597 qui
3066 5524 3122 5580 in
3160 5531 3312 5581 tanta

1522 5744 1752 5802 NO'I'IE.

128 5886 253 5973 (1.05)
282 5894 318 5947 i.
352 5910 400 5950 ρ.
434 5894 660 5977 furfure.
