3834 6304
434 291 545 349 255

1437 289 1737 348 HUGONIS
1774 289 2069 347 ABBATIS
2101 289 2668 347 FLAVINIACENSIS

3604 290 3701 350 ἰαὶ

439 405 695 480 angustia
718 388 1152 465 misericordiam
1176 405 1552 463 necessitatem
1575 404 1908 476 patientibus
1936 404 2024 460 in-

2155 402 2834 477 lilatatiexprobrarentur.
2860 400 3048 473 [Cum
3071 400 3136 455 Β.
3167 399 3287 455 Vita
3298 397 3454 455 Wiu.
3476 398 3704 471 29.11%:

390 574 395 579 γ
437 499 774 573 panderunt;
825 507 880 555 et
918 507 1107 570 parcat
1154 497 1254 566 eis,
1286 497 1531 570 quicum
1558 505 1804 569 possent,
1830 498 2027 559 volun-

440 592 539 649 tati
568 590 952 663 indigentium,
983 607 1088 661 non
1138 598 1199 647 ut
1233 590 1552 647 debuissent
1589 598 1645 646 et
1698 590 2028 661 potuissent,

440 684 854 742 consuluerunt.
882 681 1025 741 Inter
1045 683 1145 743 has
1179 682 1464 754 angustias
1514 681 1839 738 venerabilis
1861 681 2031 738 abbas

442 776 754 833 Ricbardus
781 783 961 830 mente
983 783 1364 846 compunctus,
1396 789 1523 831 cum
1570 773 1755 829 omnia
1776 789 1899 844 quae
1932 773 2032 828 ha-

444 872 609 928 bebat
635 870 965 943 pauperibus
994 869 1337 943 contulisset,
1369 885 1476 930 non
1497 868 1741 941 pepercit
1760 868 2035 925 thesauris

445 961 725 1029 ecclesia),
752 959 923 1014 immo
948 973 1072 1030 qua:
1097 958 1245 1035 ineis
1274 959 1610 1030 preciosiora
1645 967 1814 1031 erant.
1847 958 1903 1014 in
1943 974 2033 1016 or-

449 1052 722 1106 mamentis
745 1059 797 1104 et
828 1050 1005 1120 palliis
1050 1049 1294 1127 vendidit
1328 1049 1600 1107 'Remensi
1656 1050 1945 1119 aacclesiae,
1979 1063 2035 1109 et

440 1144 686 1218 precium
723 1158 917 1201 eorum
938 1142 1271 1215 pauperibus
1313 1142 1619 1212 distribuit,
1662 1150 1873 1201 retento
1893 1159 2033 1214 quo-

441 1251 548 1308 que
569 1234 675 1293 sibi
728 1241 881 1292 certo
930 1250 1175 1297 numero.
1206 1249 1400 1292 eorum
1453 1220 1655 1308 quibus
1698 1233 2033 1290 cotidianum

440 1326 649 1381 victum
700 1331 764 1380 ut
804 1320 994 1380 vivere
1045 1332 1271 1399 possent
1340 1323 1755 1395 inpertiebatnr,
1813 1323 2036 1381 mittens

440 1425 642 1489 praeter
663 1416 782 1474 hazc
802 1417 1017 1477 litteras
1042 1425 1096 1472 et
1120 1416 1372 1487 nuncios,
1398 1423 1454 1472 et
1485 1431 1583 1488 per
1611 1432 1671 1473 se
1697 1416 1864 1475 etiam
1887 1432 2038 1473 com—

442 1522 678 1564 monens
705 1522 862 1580 reges
887 1515 941 1563 et
963 1506 1258 1579 principes,
1281 1506 1566 1578 pontiﬁces
1587 1522 1806 1579 quoque
1837 1507 2053 1579 quibus,

441 1598 817 1657 familiaritate
837 1599 1189 1672 jungebatur,
1214 1607 1276 1655 ut
1310 1600 1623 1668 thesauros,
1648 1584 1789 1672 quos
1815 1600 1957 1659 tinea
1985 1611 2049 1663 et

441 1706 616 1763 erugo
646 1691 977 1761 demolitur,
990 1707 1088 1763 per
1135 1708 1334 1749 manus
1376 1708 1680 1764 pauperum
1732 1693 2052 1751 caelestibus.

443 1754 666 1854 palatiis
711 1754 1010 1854 index-ent,-
1024 1793 1087 1847 et
1127 1754 1683 1867 ventres.egenorum
1736 1754 2117 1858 gazoiilatiaB

446 1875 785 1937 aeternitatis
803 1875 921 1939 sibi.
952 1877 1383 1943 constituerent._
1412 1876 1637 1950 Accepit
1678 1878 1846 1934 etiam
1873 1894 2042 1950 pecu-

447 1966 596 2023 niam
625 1984 737 2027 non
759 1984 985 2039 parvam
1008 1985 1040 2025 a
1061 1970 1259 2025 comite
1280 1968 1604 2038 Rutenensi,
1637 1971 2040 2035 concessaloco

445 2059 836 2121 vadii,abbatia
858 2061 1035 2117 sancti
1079 2060 1361 2141 Amantii,
1396 2078 1519 2139 qpaa
1533 2071 1653 2125 erat
1677 2061 1823 2134 juris
1850 2058 2041 2123 accele-

446 2154 544 2211 siaa
563 2154 738 2211 Sancti
776 2153 945 2223 Petri,
981 2171 1148 2226 quam
1186 2155 1411 2211 omnino
1445 2157 1778 2228 pauperibus
1808 2156 2042 2228 partitus

450 2254 556 2303 est.
607 2245 814 2304 Verum
859 2262 1046 2304 comes
1090 2247 1216 2303 data
1247 2249 1478 2318 pecunia
1522 2256 1579 2306 et
1622 2228 1899 2307 abbatiam
1936 2248 2042 2323 sibi

449 2339 738 2412 usurpavit
784 2354 911 2396 cum
963 2330 1346 2405 redditibuset
1369 2339 1584 2410 fundis;
1620 2349 1676 2397 et
1705 2349 1766 2397 ut
1787 2349 2055 2404 asserunt

450 2431 787 2490 habitatores
803 2430 1029 2489 Rutena:
1049 2432 1224 2502 urbis,
1249 2440 1542 2504 antequam
1565 2433 1798 2503 pecunia
1825 2441 2043 2506 recepta

450 2521 649 2581 fuisset
673 2540 741 2581 ex
769 2525 1011 2597 ejusdem
1047 2525 1280 2583 abbatitc
1309 2524 1527 2593 fundis,
1541 2525 1657 2596 ipse
1689 2534 1864 2588 morte
1898 2541 2041 2596 prae-

448 2623 648 2671 ventus
669 2624 775 2684 est,
827 2623 883 2672 et
924 2616 1005 2673 sic
1050 2617 1269 2675 abbatia
1316 2633 1348 2673 a
1378 2616 1792 2677 successoribus
1820 2617 1941 2689 ejus
1962 2632 2045 2673 re-

448 2715 599 2763 tenta
622 2717 727 2777 est,
752 2725 1087 2781 quamquam
1110 2710 1179 2766 ab
1201 2709 1637 2771 inhabitantibus
1650 2725 1762 2764 non
1784 2716 1900 2765 tota
1921 2725 2045 2771 san—

452 2796 526 2853 cti
556 2799 798 2855 Amantii
827 2801 1067 2869 abbatia,
1103 2817 1227 2873 qua:
1267 2802 1582 2861 latisssrma.
1610 2809 1695 2857 est
1723 2809 1778 2857 et
1820 2817 2042 2874 posses-

452 2889 625 2946 sionis
652 2893 918 2960 enormis,
937 2894 1079 2964 juris
1101 2894 1346 2950 ecclesiae
1370 2893 1871 2963 Virdunensisesse
1890 2896 2043 2958 dica-

455 2987 566 3046 tur,
599 2981 692 3036 sed
714 2998 843 3051 pars
873 2985 1146 3054 quaedam,
1178 2985 1431 3042 videlicet
1453 2986 1671 3053 abbatia
1711 2987 1889 3044 sancti
1926 2986 2044 3051 Ma-

454 3067 525 3124 rii
558 3069 625 3125 de
660 3068 905 3139 Utiabra,
941 3082 1002 3129 ut
1044 3073 1294 3129 moderni
1339 3082 1612 3131 testantur
1656 3075 1823 3132 etiam
1874 3093 2040 3139 nunc.

455 3158 570 3217 Nec
590 3162 750 3219 debet
796 3137 1011 3221 reticeri
1061 3164 1324 3227 Willelmi
1376 3166 1554 3239 Supra
1597 3168 1799 3241 regula;
1841 3168 2045 3227 factum
2073 3137 2118 3199 Ο

459 3255 835 3312 memorabile.
888 3256 1029 3313 Cum
1072 3274 1105 3314 a
1145 3256 1557 3333 Fructuariensi
1597 3260 1870 3329 caanobio,
1906 3261 2055 3332 quod

457 3343 603 3415 juris
624 3354 743 3401 erat
766 3345 1117 3404 Divionensis
1159 3347 1426 3416 ecclesiae,
1455 3348 1707 3417 redisset,
1730 3357 1785 3406 et
1819 3348 2053 3420 Divioni,

460 3445 524 3497 ut
543 3437 792 3507 decebat,
847 3448 1140 3511 susceptus
1166 3441 1222 3496 in
1254 3441 1494 3512 capitulo
1515 3441 1751 3513 qualiter
1771 3456 1830 3497 se
1858 3440 2057 3497 fratres

461 3529 749 3598 baberent,
778 3530 825 3589 si
870 3533 1182 3589 necessaria
1214 3549 1325 3589 non
1363 3534 1618 3589 deessent
1647 3531 1967 3604 inquireret,
1998 3540 2060 3587 ut

463 3620 693 3690 audivit,
709 3623 893 3679 omnia
923 3639 1048 3680 esse
1076 3625 1257 3697 plena,
1277 3625 1797 3696 nullumquclocum
1816 3624 2060 3698 indigen-

466 3713 660 3784 tiaaqui
688 3730 799 3771 non
821 3726 1005 3787 posset
1027 3718 1134 3773 levi
1177 3718 1334 3775 obice
1359 3719 1594 3786 obstrui,
1651 3718 1951 3790 interrogat
1993 3718 2062 3774 de

464 3805 786 3875 elemosiua,
829 3810 1216 3881 cognovi‘tquc,
1268 3811 1396 3882 quia
1425 3811 1529 3867 etsi
1581 3811 2061 3867 eonsuetudinaria

467 3896 703 3951 dabatur
724 3913 832 3953 non
866 3907 1055 3954 tamen
1073 3901 1408 3972 pauperibus
1435 3908 1599 3971 prout
1617 3908 1869 3971 poterant
1890 3907 1944 3973 et
1965 3899 2064 3955 ha-

468 3987 672 4045 bebant
692 3990 1155 4063 sut‘fragabantur,
1186 3993 1302 4049 zelo
1332 4008 1631 4049 succensus
1657 4007 1723 4048 eo
1746 3991 1840 4062 qui
1870 4007 2063 4049 carnes

472 4091 790 4139 sanctorum
821 4084 1023 4154 exedit,
1058 4085 1340 4157 increpata
1386 4100 1577 4141 eorum
1624 4084 1855 4152 duricia,
1882 4101 1911 4139 a
1939 4082 2067 4140 sede

472 4179 721 4237 concitus
749 4195 875 4236 cum
913 4182 1058 4237 bona
1111 4183 1379 4254 indignati
1414 4182 1583 4238 animi
1631 4181 2067 4239 stomachatioue

472 4272 732 4340 surrexit,
757 4273 875 4346 (fol.
891 4273 1000 4345 85’)
1025 4283 1081 4331 et
1097 4275 1353 4348 imposita
1378 4276 1678 4348 antiphona
1691 4275 1759 4331 de
1773 4274 2064 4330 mandato:

478 4359 581 4417 Ubi
602 4372 678 4417 est
717 4366 919 4419 caritas
936 4367 1088 4421 ?non
1112 4368 1254 4422 ultra
1289 4366 1664 4439 progrediens,
1695 4367 1791 4423 sed
1814 4366 1921 4421 hoc
1948 4364 2069 4435 ejus

2132 504 2294 553 antea
2343 504 2624 553 cessatum
2672 501 2778 564 est,
2827 493 3003 549 donec
3042 508 3207 549 omne
3256 490 3395 547 illud
3422 491 3703 561 repositum

2131 588 2464 660 pauperibus
2488 587 2751 644 donatum
2801 593 2907 654 est,
2950 594 3004 643 et
3044 584 3162 655 ipse
3183 583 3254 641 ad
3301 580 3517 639 Italiam
3554 597 3706 639 reme-

2132 696 2266 750 ans,
2286 696 2411 735 cum
2437 679 2662 735 biennio
2683 693 2845 734 suum
2876 694 2907 734 a
2945 677 3131 735 seculo
3164 683 3516 747 expectasset
3538 690 3705 730 exces-

2132 788 2278 841 sum,
2291 771 2508 827 tandem
2520 770 2700 826 redire
2719 770 3055 840 compulsus,
3077 777 3204 825 ante
3225 766 3518 822 Divionem
3535 773 3695 822 trans-

2134 864 2429 932 iens,,loca
2484 862 2592 919 sibi
2643 861 2943 927 commissa
2972 860 3261 926 circuibat,
3298 857 3510 913 dehinc
3539 855 3703 913 Pisca-

2134 971 2267 1027 num
2298 955 2442 1027 (104)
2470 972 2535 1012 se
2588 954 2853 1020 contulit,
2871 953 2964 1008 ubi
3009 952 3314 1008 inminente
3357 965 3412 1004 a.
3436 949 3585 1004 dom.
3610 948 3704 1004 inc.

2137 1052 2269 1109 1051
2328 1053 2535 1116 ἱηᾱὶοι.,
2562 1054 2629 1111 ﬂ
2692 1052 2829 1108 obiit
2872 1051 3098 1107 Kalend.
3136 1048 3413 1127 Januarii,
3475 1046 3547 1103 ad
3573 1047 3710 1119 cujus

2137 1147 2449 1220 sepulcrum
2493 1146 2759 1221 puerulus
2785 1144 3046 1202 decennis
3089 1159 3120 1199 a
3148 1142 3395 1205 maxima
3423 1139 3711 1213 egritudine

2137 1248 2364 1317 sanatus
2389 1248 2512 1302 est.

2206 1330 2323 1390 Hoc
2346 1331 2747 1402 annmChono,
2782 1329 2958 1393 ouiet
2983 1327 3315 1397 Conradus,
3348 1326 3408 1382 in
3442 1324 3713 1385 Francim

2136 1424 2309 1497 venit.

2209 1514 2399 1589 [Gem
2432 1513 2577 1582 Ro»,
2596 1530 2672 1581 ιν,
2694 1511 2776 1586 5.]
2800 1512 2975 1569 Anno
2993 1512 3163 1585 igitur
3191 1509 3514 1582 a.passione
3548 1506 3713 1563 Dom-

2139 1591 2386 1690 ni1000,
2410 1607 2480 1663 ab
2508 1607 2787 1669 iuc.,vero,
2827 1604 2985 1673 1035,
3014 1604 3159 1675 cepit
3205 1600 3421 1673 placida
3463 1600 3739 1657 serenitas.
3800 1656 3801 1663 η

2142 1710 2300 1775 terrae
2352 1699 2698 1757 dulcedinem
2736 1690 3042 1757 Creatoris‘
3067 1694 3379 1761 ostendere,
3427 1702 3485 1749 et
3517 1690 3714 1762 frugum

2144 1789 2534 1850 abundantiam
2565 1787 2908 1861 portendere.
2959 1785 3115 1842 Tunc
3164 1800 3261 1856 per
3282 1782 3723 1854 Aquitaniam,et

2141 1882 2513 1945 Arelatensem
2573 1890 2629 1938 et
2683 1880 3109 1954 Lugdunensem
3171 1876 3512 1950 provincias,
3558 1884 3609 1929 et
3634 1888 3717 1944 per

2142 1974 2459 2040 universam
2497 1973 2874 2046 Burgundiam
2921 1971 3156 2033 concilia
3216 1969 3474 2031 instituta
3508 1976 3647 2034 sunt,
3671 1976 3725 2021 et

2140 2085 2263 2145 pan
2278 2069 2511 2133 ﬁrmata.
2571 2065 2849 2127 Statutum
2906 2073 2992 2123 est
3024 2064 3192 2123 etiam
3215 2063 3249 2119 6
3308 2061 3447 2124 feria
3468 2076 3502 2115 a
3525 2061 3649 2115 vino
3671 2070 3719 2115 et

2144 2161 2175 2214 7
2227 2176 2260 2218 a
2282 2157 2999 2227 carnibusabstinere,,,nisi
3032 2155 3214 2231 gravis
3230 2154 3541 2215 inﬁrmitas
3565 2154 3741 2207 intera

2143 2252 2379 2321 cederet,
2403 2260 2457 2309 et
2477 2261 2609 2309 tunc
2634 2261 2748 2308 tres
2792 2249 3468 2323 pauperesrelicerentur.
3501 2244 3581 2301 Eo
3599 2260 3724 2317 quo-

2143 2362 2251 2421 que
2279 2360 2426 2407 anno
2466 2352 2619 2403 tanta
2640 2343 2799 2414 copia
2848 2340 3276 2412 ﬁumenti,,vini
3321 2346 3722 2407 ceterarumque

2143 2434 2365 2508 frugum
2386 2435 2879 2506 extitit,,quantam
2921 2432 2978 2493 in
3029 2431 3401 2501 subsequente
3427 2427 3720 2499 quinque!»

2143 2530 2240 2585 nio
2259 2528 2385 2601 quis
2409 2542 2630 2599 sperare
2667 2513 2779 2582 non
2804 2525 3023 2598 potuita
3061 2522 3170 2581 Sed
3204 2523 3448 2578 humana
3470 2530 3647 2592 styrps
3666 2520 3722 2551 ³¹³

2143 2619 2434 2683 inmemor
2452 2616 2843 2679 beneﬁciorum
2867 2613 2986 2682 Dei,
3016 2613 3161 2670 velut
3189 2611 3346 2669 canis
3376 2609 3447 2666 ad
3476 2610 3721 2666 vomitum

2143 2727 2385 2780 reversa,
2420 2708 2808 2777 recalcitravit,
2834 2716 2907 2769 et.
2934 2707 3003 2765 ad
3045 2687 3320 2767 maliciam
3350 2718 3618 2759 conversa
3634 2710 3721 2757 est.

2146 2802 2254 2883 LCL
2290 2803 2455 2873 Gyas.
2481 2800 2617 2859 Ron.
2663 2799 2789 2855 Vita
2832 2793 3494 2867 ῑνὶιιειηιίλὶὶυἰοηνιᾶ]
3524 2784 3744 2848 Ρωεηίι

2145 2912 2212 2969 eo
2234 2906 2477 2968 tempore
2497 2893 2783 2965 comitatui
2810 2890 3162 2950 Normannia:
3186 2888 3513 2944 Richardus
3560 2885 3725 2958 junior
3800 2900 3801 2911 ι

2150 2986 2515 3064 (105),_primi
2538 2984 2804 3043 Richardi
2831 2982 3121 3054 ﬁlius,_qui
3147 2981 3204 3035 in
3247 2978 3607 3035 Fiseannensi
3633 2993 3705 3032 cm

2148 3083 2334 3151 nobio,
2372 3082 2429 3137 in
2462 3095 2574 3152 quo
2600 3088 2756 3153 pater
2778 3094 2916 3135 suus
2949 3076 3181 3143 clericos
3228 3072 3568 3138 instituerat,
3597 3070 3727 3139 abii,»

2157 3176 2260 3243 etis
2281 3174 2499 3243 clericis
2527 3170 2831 3228 monachos
2865 3166 3171 3237 introduxit
3201 3164 3306 3221 sub
3340 3160 3733 3235 regimineWil-

2155 3268 2303 3325 lelmi
2326 3265 2563 3333 abbatis,
2594 3263 2798 3335 quibus
2829 3262 2995 3327 etiam
3036 3259 3104 3316 ad
3149 3274 3314 3314 usum
3338 3254 3727 3318 cotidinarium,

2157 3342 2214 3423 in
2241 3356 2581 3424 ornamentis
2613 3364 2667 3412 et
2686 3352 2943 3427 pratuliis,
2981 3351 3169 3419 fundis
3216 3358 3272 3405 et
3302 3347 3574 3404 reditibus
3601 3353 3728 3401 tanta

2157 3435 2389 3524 largitus
2412 3460 2518 3521 est,
2546 3458 2608 3509 ut
2625 3447 2911 3519 cupiditati
2942 3443 3280 3512 satisfecisse
3302 3441 3601 3497 videretur.
3624 3437 3745 3492 Erat.

2158 3547 2306 3603 enim
2331 3545 2389 3601 in
2413 3542 2733 3600 elemosinis
2755 3541 2961 3613 largus,
2990 3538 3048 3593 in
3074 3536 3307 3601 caritate
3349 3532 3619 3606 proﬂuas,
3646 3546 3730 3585 atc-

2159 3639 2455 3701 clcsiarum
2481 3644 2714 3703 amator,
2764 3646 3069 3705 pauperum
3112 3635 3414 3695 recreator,
3467 3637 3729 3682 servorum

2161 3716 2258 3788 Dei
2280 3730 2592 3803 praecipuus
2622 3734 2930 3793 venerator,
2962 3724 3023 3791 in
3052 3722 3214 3793 cujus
3252 3735 3423 3776 manu
3448 3715 3747 3774 elemosina.

2163 3823 2415 3893 sudabat,
2464 3822 2640 3889 donec
2679 3817 3020 3885 inveniretur
3079 3814 3169 3891 cui
3219 3811 3542 3868 debebatur.
3585 3807 3735 3876 Hujus

2162 3926 2407 3987 tempore
2435 3913 2570 3968 viris
2627 3895 2921 3983 religiosis.
2948 3906 3135 3963 ﬂoruit
3175 3902 3549 3968 Normannia,
3576 3896 3730 3973 quiad

2163 4026 2289 4069 eum
2318 4008 2559 4078 undique
2611 4002 2958 4065 conﬂuebant
2986 4000 3134 4065 velut
3186 4013 3316 4068 apes
3378 3995 3448 4057 ad
3498 3989 3725 4050 alvearia.

2165 4101 2312 4158 Inter
2346 4115 2485 4172 quos
2540 4100 2691 4157 hunc
2719 4095 2901 4151 virum
2946 4094 3168 4154 beatum
3216 4086 3568 4161 prOpensiori
3594 4080 3730 4141 coluit

2167 4192 2492 4259 reverentia,
2542 4191 2679 4247 adeo
2719 4197 2781 4243 ut
2824 4184 3048 4257 speciali
3079 4198 3206 4239 eum
3263 4193 3453 4237 amore
3488 4176 3727 4248 diligeret.

2167 4296 2220 4343 et
2238 4284 2524 4358 praeceptis
2547 4282 2667 4354 ejus
2715 4280 3095 4348 obtemperare
3141 4271 3503 4341 consiliisque
3531 4264 3729 4338 adquie-

2170 4393 2322 4436 scere
2341 4376 2619 4447 gauderet.

473 4454 701 4554 i'_'_i°i“m
730 4472 948 4529 semper
964 4467 1236 4529 repetens,
1268 4461 1335 4515 ad
1358 4460 1640 4515 cellarium
1656 4459 1825 4524 νθιὶίῑ,
1853 4467 1907 4513 οι
1931 4458 2067 4514 ῐηίε-
2098 4494 2145 4554 ι)
2242 4469 2380 4543 (Fol.
2396 4467 2596 4539 89’)28.
2614 4463 2989 4534 Obiitqunque
3000 4452 3725 4554 RichardusNormannoru:

475 4548 575 4604 silc
597 4550 900 4619 quodlibet,
924 4551 1072 4621 quod
1096 4551 1353 4607 manibus
1379 4550 1575 4607 Finees
1604 4550 1845 4605 alterius
1871 4564 2040 4605 occur

2168 4533 2279 4619 du‘x
2302 4576 2353 4615 a.
2390 4533 2499 4613 inc.
2533 4556 2690 4611 Dom.
2734 4533 2896 4621 1026,
2920 4561 2975 4608 et
3005 4545 3274 4606 successit
3323 4541 3630 4600 Richardus
3658 4533 3739 4601 1H,.

475 4640 566 4708 rit,
621 4641 915 4712 arripiens,
972 4657 1098 4697 cum
1129 4643 1185 4698 in
1234 4657 1331 4699 ore
1364 4651 1421 4698 et
1466 4643 1653 4698 animo
1680 4641 1803 4713 ejus
1853 4656 2070 4711 semper

475 4744 832 4793 versaretur:
879 4736 981 4792 Ubi
1020 4746 1098 4792 est
1140 4739 1383 4793 caritas?
1404 4754 1556 4806 vasa,
1593 4737 1649 4792 in
1698 4737 1900 4808 quibus
1954 4735 2073 4791 fru-

478 4837 745 4898 mentum,
771 4832 1001 4887 ordeum
1025 4839 1080 4887 et
1112 4832 1298 4887 vinum
1344 4831 1687 4898 servabatur,
1732 4829 1989 4900 disrupit,
2020 4836 2075 4884 et

477 4921 669 4975 accitis
693 4925 1024 4994 pauperibus
1045 4925 1269 4981 vascula
1290 4940 1481 4981 eorum
1504 4924 1748 4995 inplevit,
1766 4923 1900 4977 illud
1924 4937 2072 4977 sem-

479 5027 579 5083 per
596 5014 761 5069 corde
780 5024 834 5071 et
864 5032 959 5072 ore
979 5018 1306 5089 depromens
1332 5036 1345 5073 :
1379 5016 1479 5072 Ubi
1499 5024 1579 5072 est
1607 5017 1846 5070 caritas?
1866 5023 1921 5069 ct
1941 5027 2073 5084 ope-

436 5170 443 5177 _
484 5108 563 5164 ris
615 5109 913 5164 exibitione
957 5120 1293 5167 contestans.
1340 5110 1511 5182 Cujus
1549 5108 1718 5165 animi
1744 5106 2074 5178 indignatio-

481 5215 612 5257 nem
643 5201 734 5257 vix
764 5201 1091 5273 adiuvando,
1132 5213 1193 5259 ut
1246 5204 1392 5275 quod
1420 5211 1772 5276 aggregatum
1823 5209 1943 5258 erat
1980 5214 2077 5254 ex-

485 5294 836 5365 penderetur,
852 5293 1104 5368 mitigare
1130 5304 1443 5366 potuerunt,
1468 5311 1592 5352 cum
1614 5294 1714 5350 Ubi
1731 5304 1810 5348 est
1831 5291 2079 5347 caritas?

485 5397 702 5457 semper
746 5394 1105 5458 repeteretur,
1144 5395 1198 5443 et
1236 5387 1343 5459 ipsi
1384 5386 1696 5454 incrassati,
1743 5382 2074 5458 inpinguati,

2169 4661 2225 4717 et
2267 4650 2465 4715 eodem,
2484 4661 2629 4715 anno
2654 4644 2963 4702 defunctus.
2995 4650 3097 4698 est.
3134 4639 3267 4695 Post
3292 4650 3460 4713 quem
3486 4633 3727 4717 Robertus

2172 4716 2494 4798 comitatum
2517 4735 2868 4793 Normanniae
2890 4733 3121 4802 adeptus
3134 4773 3150 4799 ,
3172 4730 3322 4785 hunc
3334 4736 3420 4781 ter
3431 4724 3643 4780 beatum
3654 4716 3725 4771 Bi-

2174 4832 2461 4897 cbardum,
2492 4829 2560 4884 de
2584 4842 2696 4898 quo
2723 4826 2883 4880 nobis
2905 4832 2992 4880 est
3014 4836 3218 4887 sermo,
3248 4820 3394 4874 inter
3421 4815 3624 4887 primos
3646 4809 3723 4863 ba-

2176 4921 2313 4988 buit,
2336 4918 2678 4988 consilioque
2696 4918 2818 4986 ejus
2843 4913 2997 4984 regni
3020 4909 3369 4967 Normannia:
3389 4904 3727 4962 tractabantur

2174 5010 2424 5083 negocia.
2454 5009 2611 5063 Tunc
2635 5005 2814 5063 extitit
2844 5003 3070 5074 quidam
3106 5000 3280 5055 Britto
3314 4996 3538 5055 nomine
3566 4992 3717 5083 lime-

2177 5080 2398 5167 noldus,
2442 5101 2609 5154 homo
2656 5095 2858 5151 mentis
2902 5106 3194 5164 perversa,
3224 5085 3556 5145 detestandae
3580 5080 3721 5136 im.

2176 5195 2273 5267 qui
2301 5202 2469 5249 totam
2513 5192 2681 5245 vitam
2727 5203 2884 5267 suam
2927 5185 3148 5245 diabolo
3195 5181 3493 5245 dicaverat,
3540 5174 3724 5267 utpoa‘l

2176 5264 2568 5357 experimentis
2591 5264 2997 5353 probatissimis
3017 5282 3358 5344 compertum
3372 5279 3477 5327 est.
3493 5267 3588 5322 Hie
3604 5264 3723 5357 bona

2178 5353 2554 5435 et-momentis
2599 5371 2858 5427 omnibus
2901 5383 3027 5429 cum
3069 5366 3291 5429 diabolo
3339 5360 3659 5433 loquebatur,
3682 5353 3721 5401 ει

1774 5498 1910 5555 VA“
1924 5497 2016 5554 LE
2049 5489 2451 5552 LECTIONES.

566 5574 635 5605 ³¹²
662 5583 805 5646 styrs
827 5590 875 5629 ε.

2014 5656 2242 5717 NOTAE.
2270 5660 2273 5663 ’

567 5761 714 5832 (lOl)
746 5760 995 5831 Féramp.

2265 5741 2412 5818 (105)
2435 5740 2547 5798 Cir.
2582 5740 2733 5797 Glab.
2770 5738 2906 5795 Rod.
2932 5736 3054 5791 Vita
3084 5732 3341 5788 Willelmi
3368 5719 3663 5785 Divion.,l5.‘
