3834 6304
60 402 147 459 257

1292 374 1703 450 CHRONICDN.
1734 418 1803 428 —
1827 380 1955 442 LIB.
1990 382 2053 441 ll.

3188 396 3295 453 258

57 510 288 587 quidquid
316 509 423 566 sibi
457 507 900 581 agendumforet
923 505 1084 570 .illius
1122 507 1388 565 nebuloso
1435 505 1609 562 collo.
1640 502 1682 560 Α
1710 506 1765 556 et
1787 502 1913 557 data
1933 510 2018 558 est
2040 501 2090 557 ei
2117 517 2149 556 a
2168 488 2430 558 Lothario
2456 501 2512 558 in
2533 503 2714 561 dotem
2742 489 3071 578 Lugdunum
3099 508 3296 567 civitas

56 608 165 679 quio
184 603 586 674 disponebatur.
615 601 713 659 Hic
736 619 833 674 per
854 611 1110 673 suscepta
1145 601 1453 673 iniquitatis
1472 615 1606 656 con-

56 700 154 755 silia
182 696 244 752 ad
265 697 482 768 plenam
509 696 857 768 iniquitatem
879 698 1172 765 enutritus,
1195 704 1251 753 et
1276 711 1402 752 vere
1431 711 1606 752 mem-

56 794 185 846 brum
214 790 357 844 illius
384 789 585 855 factus,
615 787 712 860 qui
737 796 823 845 est
849 787 1026 846 fomes
1053 788 1286 844 malicize
1313 797 1368 843 et
1399 787 1606 844 discor-

55 884 136 938 dia:
159 892 207 937 et
226 883 404 938 omnis
432 881 734 953 nequiciae,
783 882 926 953 apud
970 880 1256 952 praefatum
1298 879 1600 951 principem

54 991 214 1031 omnes
238 974 529 1044 optimates
547 975 724 1030 totius
747 975 903 1047 regni
938 976 1252 1041 accusavit,
1303 975 1462 1046 quasi
1507 973 1602 1044 qui

55 1066 152 1135 ejus
188 1066 427 1121 meditati
456 1075 651 1122 essent
701 1066 1062 1136 dejectionem
1110 1074 1167 1121 et
1211 1081 1421 1134 necem,
1452 1075 1507 1122 et
1528 1067 1603 1122 ita

55 1170 227 1215 statum
244 1160 412 1216 totius
443 1169 602 1216 terrae
627 1160 989 1231 perturbavit,
1029 1168 1091 1215 ut
1115 1175 1239 1216 vere
1268 1160 1469 1215 diaboli
1499 1161 1603 1216 hoc

54 1267 166 1322 opus
210 1264 346 1318 esse,
410 1251 534 1322 ejus
585 1252 692 1307 hoc
738 1252 1057 1318 artiﬁcium,
1084 1251 1204 1322 ejus
1231 1258 1602 1307 commentum

54 1350 420 1415 agnosceretur.
439 1342 580 1413 (Fel.
607 1343 723 1416 90.)
750 1343 1125 1399 lnﬂammatur
1144 1344 1398 1415 princeps
1417 1343 1604 1399 adver-

52 1451 129 1490 sus
166 1435 470 1506 optimates,
502 1436 642 1490 ﬁunt
683 1435 935 1502 discidia,
966 1436 1277 1491 excitantur
1315 1435 1519 1509 jurgia,
1547 1442 1604 1491 et

53 1527 399 1584 uao‘intestino
413 1527 559 1583 bello
584 1536 696 1583 tota
743 1527 1459 1598 debaehaturNormannia.
1488 1527 1603 1586 Hac

52 1628 290 1673 crescente
328 1618 633 1687 discordia,
701 1619 1025 1675 comitatum
1080 1612 1237 1691 pater
1291 1619 1601 1678 Riehardus

43 1708 173 1763 adire
211 1710 568 1780 compellitur,
610 1719 664 1766 et
693 1712 953 1782 adjuncto
992 1713 1100 1769 sibi
1141 1714 1345 1769 domno
1370 1713 1601 1771 Ermen-

53 1801 165 1858 frido
188 1803 545 1880 Rotomagum
587 1808 828 1876 advenit,
860 1817 917 1864 et
960 1826 1094 1880 pace
1134 1811 1277 1866 inter
1318 1810 1597 1882 principes
1625 1858 1673 1920 Β

51 1898 275 1965 restituta,
333 1900 663 1970 praedictum
727 1900 1120 1966 Ermenuldum
1168 1903 1596 1977 alisquantisper

52 1989 295 2059 mitiorem,
326 1990 456 2063 quia
484 2002 617 2050 ante
650 2003 1006 2065 conspectum
1035 2010 1321 2061 servorum
1346 1994 1443 2051 Dei
1473 2011 1596 2053 cas-

50 2078 232 2135 sahatur
252 2082 430 2138 omnis
451 2083 728 2141 diabolica
765 2086 988 2153 astutia,
1017 2086 1330 2142 convictum
1367 2094 1424 2142 et
1466 2098 1594 2142 cor-

48 2181 222 2241 reptum
241 2189 421 2238 secum
456 2175 771 2232 Virdunum
799 2177 1049 2246 deduxit,
1082 2179 1412 2236 monasticis
1434 2179 1596 2236 vesti-

42 2266 211 2327 mentis
241 2268 432 2336 induit,
460 2278 522 2325 et
548 2269 826 2325 hominem
843 2270 1049 2326 diaboli
1076 2272 1290 2343 laqueis
1320 2272 1594 2346 irretitum

50 2373 146 2426 quae
170 2369 286 2416 sunt
304 2361 579 2418 daemonis
602 2378 863 2433 spernere
880 2364 1133 2420 docebat.
1163 2363 1269 2421 Sed
1286 2365 1347 2420 in
1366 2380 1595 2437 corpore

45 2452 243 2520 peccatis
263 2453 485 2510 subdito
519 2453 723 2527 refugit
747 2456 996 2512 habitare
1025 2457 1315 2528 sapientia.
1356 2456 1597 2515 Simulat

52 2542 120 2597 bat
153 2544 233 2600 ille
278 2546 344 2602 ad
383 2554 611 2617 tempus
660 2560 721 2605 se
761 2549 1187 2621 phylosophum,
1216 2559 1277 2607 ut
1309 2551 1595 2609 crederent

48 2646 146 2689 eum
163 2636 248 2707 qui
276 2653 383 2693 non
406 2647 682 2694 noverant
706 2640 1095 2711 theosophum,
1119 2640 1216 2696 sed
1239 2639 1317 2696 nil
1336 2628 1478 2699 ﬁctae
1495 2659 1595 2715 pa-

49 2724 113 2780 cis
134 2728 345 2784 amicum
378 2730 657 2802 sapientia
678 2731 848 2787 novit.
877 2731 1247 2799 Quamobrem
1269 2734 1452 2793 omnis
1472 2736 1593 2807 ejus

52 2818 211 2873 astutia
228 2828 280 2875 ct
297 2822 552 2892 nequitia
574 2823 728 2878 brevi
750 2825 970 2896 cognita
989 2832 1094 2892 est,
1106 2840 1207 2882 nec
1227 2827 1405 2896 potuit
1423 2828 1593 2888 latere

51 2904 161 2961 inter
178 2920 383 2967 sanctos
406 2910 600 2967 feralis
624 2913 715 2968 illa
738 2914 945 2981 rabies,
976 2930 1129 2986 pacis
1149 2916 1394 2989 inimica.
1418 2918 1590 2993 Egre-

52 2994 170 3052 ditur
191 2999 436 3058 inimieus
458 3003 635 3059 homo
660 3004 728 3059 de
751 3004 875 3060 loco
903 3019 1012 3061 non
1050 3020 1172 3073 suo,
1206 3006 1348 3062 redit
1370 3004 1438 3062 ad
1467 3018 1589 3070 sua,

52 3086 186 3144 utitur
226 3100 335 3147 arte
383 3092 881 3164 inpudentissima,
928 3105 984 3152 et
1008 3096 1204 3152 iterum
1235 3098 1592 3168 perversitate

1709 591 2010 647 Galliarum
2054 593 2420 650 nobilissima.
2444 594 2523 651 Ex
2555 597 2647 652 illa
2676 596 2931 654 Mathildc
2962 600 3180 671 genitus
3209 610 3296 660 est

1709 682 1973 741 Rodolfus
2003 701 2120 753 rex,
2152 686 2249 757 qui
2280 686 2498 758 praefuit
2537 676 2866 763 Burgundim
2891 700 3017 761 post
3044 700 3289 763 patrem;

1706 788 1758 833 et
1795 776 1965 846 Gisia,
1991 794 2156 849 quam
2186 779 2472 836 Conradus
2514 781 2812 853 imperator
2840 784 2997 840 duxit
3034 801 3287 853 uxorem,

1706 868 1774 923 dc
1811 884 1920 940 qua
1961 870 2149 942 genuit
2192 871 2423 926 tercium
2462 868 2810 941 Heinricum;
2877 874 3035 931 Berta
3099 877 3288 945 etiam,

1705 976 1869 1030 quam
1895 960 2105 1031 accepit
2130 946 2247 1016 Odo
2271 959 2646 1031 Carnotensis,
2676 980 2741 1019 ex
2771 982 2880 1037 qua
2919 969 3109 1039 genuit
3142 968 3291 1025 hunc

1705 1049 1970 1107 Odonem.
2000 1050 2270 1109 Rodulfus
2298 1068 2426 1109 vero
2451 1070 2546 1109 rex
2575 1057 2782 1127 absque
2806 1058 2995 1113 liberis
3021 1060 3287 1127 existens,

1704 1140 1960 1199 Conrado
1982 1143 2301 1215 imperatori
2340 1143 2673 1217 Burgundiae
2712 1164 2941 1221 regnum
2976 1150 3287 1223 dereliquit,

1702 1232 1843 1288 dans
1878 1233 1927 1290 ei
1961 1235 2206 1289 lanceam
2231 1236 2407 1291 sancti
2441 1235 2725 1305 Mauricii,
2763 1240 2908 1309 quod
2931 1251 3049 1298 erat
3075 1242 3291 1314 insigne

1702 1325 1857 1396 regni
1893 1323 2243 1396 Burgundiaa.
2296 1322 2375 1382 Eo
2406 1338 2536 1382 vero
2593 1327 2854 1385 defuncto
2880 1373 2894 1393 .
2939 1339 2993 1387 et
3034 1332 3290 1389 Conrado

1703 1431 1873 1489 regno
1894 1418 2083 1488 potito,
2112 1415 2249 1486 0J0,
2265 1421 2392 1490 quia
2416 1432 2536 1474 erat
2564 1436 2629 1475 ex
2656 1419 2847 1477 Sorore
2872 1422 3107 1492 Rodulﬁ,
3133 1442 3288 1481 sum-

1702 1516 1796 1579 pta
1817 1510 2105 1581 tyrannide
2135 1511 2202 1565 ad
2229 1527 2458 1584 regnum
2489 1513 2632 1583 cepit
2658 1514 2903 1584 aspirare
2933 1535 2945 1570 :
2973 1525 3027 1572 et
3048 1519 3142 1587 qui
3173 1529 3290 1575 erat

1702 1601 1847 1657 acris
1875 1600 2124 1675 animiet
2147 1600 2348 1659 ferocis
2381 1604 2606 1675 ingenii,
2633 1603 3009 1677 frequentibus
3031 1609 3290 1680 irruptio—

1701 1694 1864 1750 nibus
1889 1693 2089 1766 irrupit
2113 1695 2251 1752 ﬁnes
2272 1687 2621 1769 Burgundize,
2653 1700 2998 1770 optinuitque
3042 1702 3291 1760 civitates

1700 1793 1755 1842 et
1805 1786 2029 1843 castella
2081 1802 2259 1858 usque
2305 1788 2374 1845 ad
2414 1787 2610 1843 Jurum
2645 1797 2700 1845 et
2739 1799 2980 1846 montem
3017 1789 3192 1860 Jovis,
3237 1803 3291 1849 et

1701 1895 1933 1950 magnus
1952 1878 2129 1936 factus
2157 1888 2241 1936 est
2261 1881 2629 1938 vehementer.
2648 1880 2874 1939 Obsedit
2895 1899 3115 1957 quoque
3131 1884 3292 1942 Vien-

1696 1987 1848 2038 nam,
1884 1987 2051 2041 quam
2080 1986 2144 2026 ea
2171 1971 2487 2035 conditione
2514 1973 2569 2027 in
2611 1972 2790 2030 foedus
2814 1976 3039 2046 recepit,
3065 1986 3125 2031 ut
3147 1993 3289 2047 prte-

1697 2062 1892 2119 stituto
1928 2064 2166 2119 termino
2195 2064 2251 2119 in
2276 2065 2467 2120 eadem
2494 2066 2630 2122 urb'c
2654 2082 2748 2126 rex
2773 2068 3034 2139 appellari
3056 2077 3111 2124 et
3132 2085 3290 2126 coro-

1695 2155 1817 2213 nari
1861 2154 2165 2213 debuiSset.
2195 2154 2342 2212 Infra
2371 2150 2520 2214 hunc
2556 2151 2848 2215 terminum
2880 2147 3286 2232 expeditionem

1694 2244 1867 2300 movit
1890 2245 1944 2299 in
1975 2261 2205 2319 regnum
2233 2244 2895 2322 Lotharingim,[lsm.]et
2915 2251 3021 2307 Bar
3043 2238 3286 2310 castrum

1694 2336 1859 2408 cepit,
1890 2337 2248 2410 dimissisque
2290 2340 2368 2395 ibi
2394 2332 2662 2398 militibus
2691 2343 3029 2416 quingentis.
3058 2345 3128 2401 ad
3176 2346 3288 2403 alia

1695 2442 1754 2484 se
1779 2428 2070 2498 convertit,
2103 2430 2232 2501 quia
2259 2431 2410 2487 curis
2438 2433 2754 2506 agitabatur
2795 2436 3122 2493 innumeris.
3175 2436 3288 2494 Re—

1692 2518 1990 2576 bellaverat
2011 2522 2159 2577 enim
2191 2531 2383 2579 contra
2404 2521 2722 2582 Heinricuin
2743 2525 3083 2584 Francorum
3102 2545 3287 2602 regem

1694 2606 1918 2667 Roberti
1946 2610 2120 2668 ﬁlium
2135 2655 2151 2681 ,
2193 2622 2248 2669 et
2274 2623 2463 2670 contra
2487 2617 2658 2687 c’eptis
2678 2617 2798 2689 ejus
2822 2618 3124 2676 obsistebat
3142 2620 3288 2678 Con-

1692 2702 1862 2759 radus
1905 2703 2225 2776 imperator,
2269 2722 2507 2778 quorum
2539 2708 2608 2765 lis
2633 2726 2831 2781 magna
2855 2709 2978 2767 fuit.
3006 2711 3111 2778 Qui
3135 2712 3287 2769 misit

1693 2796 1762 2852 ad
1786 2798 2215 2871 expugnandum
2240 2796 2397 2856 illum
2426 2800 2758 2858 Gozclonem
2793 2802 3010 2859 ducem.
3031 2803 3147 2860 Hoc
3169 2802 3285 2862 Odo

1693 2886 1999 2962 agnoscens
2027 2890 2211 2960 rediit,
2233 2901 2287 2949 et
2318 2907 2377 2949 se
2410 2891 2480 2949 ad
2509 2893 2712 2950 bellum
2736 2904 2927 2951 contra
2958 2884 3293 2978 Lotharieni

1694 2997 1783 3038 ses
1808 2974 2066 3040 accinxit.
2084 2980 2286 3042 Gozelo
2305 2994 2512 3056 autem,
2550 2987 2661 3044 dux
2689 2989 2857 3046 totius
2875 2990 3066 3062 primae
3091 2974 3293 3061 Belias,
3368 2996 3375 3001 ’

1692 3090 1818 3131 cum
1843 3075 2015 3131 nimio
2039 3077 2281 3135 exercitu
2307 3078 2525 3136 irruens
2546 3078 2602 3135 in
2630 3096 2780 3151 eum,
2811 3098 2937 3137 cum
2959 3083 3053 3139 diu
3083 3084 3283 3139 utrim~

48 3178 353 3251 malignitatis
374 3183 505 3255 ejus
516 3187 889 3258 corrumpitur
907 3166 1265 3267 Normannia.
1292 3187 1589 3260 Projicitur
1615 3203 1663 3267 ο
1694 3181 1800 3267 ξξίξθ
1822 3176 2126 3267 Ρυεξξίξίιξῖξ
2154 3167 2373 3267 fuisse“
2407 3171 2709 3267 θξθτίῗίξιῖξη
2726 3173 2847 3245 eius
2869 3172 2923 3228 in
2949 3172 3134 3247 fugam
3156 3191 3283 3231 νεῖ*

52 3264 330 3339 de'atebris,
359 3289 473 3344 quo
509 3288 568 3331 se
601 3272 886 3332 fortiorem
921 3285 978 3334 et
1010 3264 1365 3334 valentiorem
1396 3279 1588 3335 crede-

53 3353 136 3425 bat,
154 3367 199 3414 et
216 3363 335 3431 quia
356 3364 572 3420 diaboli
600 3365 898 3423 calliditate
935 3367 991 3422 in
1027 3376 1259 3425 mortem
1304 3367 1589 3424 ducendus

49 3458 178 3518 esset,
199 3469 227 3508 a
248 3454 400 3513 beato
421 3457 483 3512 ei
508 3457 629 3514 viro
658 3459 994 3530 praedicitur,
1016 3476 1122 3516 nec
1138 3458 1439 3517 frustratur
1459 3476 1589 3533 pro-'-

51 3540 210 3599 missis.
230 3543 529 3619 Postquam
556 3550 705 3605 enim
739 3550 929 3621 plures
961 3551 1288 3623 optimatum
1317 3550 1588 3621 Normans

52 3629 129 3686 uiae
150 3634 515 3716 conjuratione
537 3638 773 3696 conﬁcta
798 3649 856 3697 et
874 3638 1128 3713 impOsita
1154 3642 1339 3716 duello
1365 3658 1567 3715 supera

51 3714 251 3796 νῖινίιυὸε
263 3732 550 3788 convictos
571 3731 893 3805 principalis
914 3735 1178 3810 severitas
1201 3714 1380 3808 oculis
1396 3736 1588 3794 terris-

50 3830 129 3884 que
148 3819 463 3892 privaverat,
503 3839 536 3879 a
565 3825 802 3896 quodam
830 3824 1121 3903 forestorio
1146 3827 1455 3897 convictus,
1487 3844 1587 3885 sua

49 3912 224 3973 peratus
248 3923 299 3970 et
333 3916 557 3973 occisus
577 3952 599 3985 ν,
626 3915 792 3972 ﬁnem
826 3918 955 3974 vita:
997 3917 1127 3975 fecit
1167 3927 1225 3979 et
1268 3919 1600 3978 criminum.‘

49 3996 144 4064 Quo
169 4001 216 4059 in
247 4004 388 4063 facto
426 4007 633 4065 intueri
673 4009 806 4066 libet
836 4009 1185 4067 dulcedinem
1229 4020 1286 4067 et
1328 4012 1586 4083 pietatem

52 4090 129 4145 viri
145 4094 281 4165 justi,
304 4101 399 4171 qui
428 4101 711 4157 hominem
738 4118 866 4159 vere
885 4102 1089 4159 diaboli
1128 4104 1489 4176 ergasterium
1525 4115 1587 4161 ut

51 4182 152 4240 Vidit
174 4192 535 4264 pmipitante
569 4194 789 4250 diabolo
819 4195 1154 4266 convictum,
1180 4197 1249 4253 ad
1277 4196 1460 4253 sinum
1489 4197 1588 4253 mi-
1617 4226 1621 4231 ο

50 4277 309 4362 sericordiat
333 4284 635 4359 confugere
658 4286 873 4356 decuit,
896 4296 953 4344 et
981 4288 1188 4346 factum
1228 4288 1584 4362 incorrigibi-

51 4356 147 4435 Ιεω,
169 4386 230 4429 ne
258 4375 463 4434 diutius
497 4356 846 4451 grassaretur
868 4380 926 4437 in
955 4381 1139 4451 viciis,
1175 4382 1243 4438 ad
1271 4381 1586 4453 exemplum

51 4461 248 4520 omnium
271 4469 612 4538 perditorum
633 4471 799 4530 citius
819 4473 997 4545 perire
1021 4474 1328 4543 nunciavit,
1348 4484 1411 4530 ut
1436 4481 1589 4532 esset

1695 3258 1780 3326 t't,
1825 3267 1879 3316 et
1925 3257 2001 3315 ibi
2049 3256 2166 3317 Odo
2214 3261 2332 3334 ipse
2387 3255 2777 3321 miserabiliter
2833 3267 3059 3323 corruit.
3110 3266 3284 3340 Cujus

1690 3367 1891 3424 corpus
1912 3352 2152 3410 lacerum
2176 3355 2506 3414 venerabilis
2528 3365 2683 3429 pater
2699 3352 3009 3417 Richardus
3029 3367 3084 3415 et
3105 3359 3283 3441 Rogef

1691 3442 1789 3500 rus
1840 3443 2304 3503 Cathalaunensis
2338 3448 2631 3520 episc0pus
2684 3464 2716 3504 a
2763 3449 2893 3506 cede
2941 3461 3280 3523 susceptum,

1690 3536 2042 3594 reddiderunt
2070 3534 2253 3608 uxori,
2281 3549 2337 3596 et
2375 3549 2462 3599 est
2497 3535 2745 3613 sepultus
2784 3534 3043 3603 Turonis.
3072 3536 3283 3605 Cecidit

1689 3622 1745 3685 in
1766 3631 1909 3687 bello
1931 3618 2099 3703 illo'et
2118 3618 2400 3698 Manasses
2425 3650 2630 3704 comes,
2643 3624 2699 3692 et
2721 3622 3025 3697 Evervinus
3044 3646 3099 3694 et
3119 3638 3280 3708 Dido,

1688 3732 1743 3780 et
1768 3721 2000 3782 Virduni
2037 3710 2256 3799 sepulti.
2287 3714 2659 3786 Walerannus
2710 3744 2934 3802 quoque
2990 3745 3180 3789 comes
3217 3730 3277 3788 in

1688 3804 1831 3874 bello
1852 3819 1973 3890 ipso
2004 3835 2037 3877 a
2066 3808 2360 3878 Godefrido
2385 3808 2674 3879 GozelOnis
2697 3821 2856 3879 ducis
2888 3823 3003 3881 ﬁlio
3038 3824 3279 3897 graviter

1688 3910 2025 3982 vulneratus,
2059 3912 2187 3970 cum
2212 3913 2329 3986 jam
2360 3912 2617 3971 deﬁceret
2645 3915 2930 3987 pugnans‘,
2960 3916 3133 3972 vitam
3176 3932 3276 3987 po-

1688 4004 1869 4074 poscit
1891 4011 1948 4061 et
1975 4006 2243 4076 membra,
2268 4015 2331 4063 ut
2360 4004 2549 4064 liceret
2569 4007 2622 4064 ei
2652 4007 2797 4079 apud
2840 4005 3146 4065 Virdunum
3176 4010 3280 4066 sub

1689 4094 1954 4165 regimine
1976 4097 2150 4167 patris
2172 4094 2432 4154 Richardi
2456 4098 2781 4156 monasticis
2803 4098 2957 4156 indui
2978 4100 3279 4158 vestimen-

1688 4178 1780 4253 tis,
1812 4186 1955 4242 sicut
1985 4186 2095 4244 Deo
2132 4188 2444 4259 devoverat,
2476 4191 2624 4262 quod
2661 4200 2716 4247 et
2745 4192 3000 4263 optinuit.
3035 4191 3104 4249 Et
3133 4194 3278 4250 bello

1686 4285 1900 4347 exacto,
1925 4293 2052 4335 cum
2074 4278 2302 4351 praefato
2321 4290 2476 4354 patre
2495 4270 2679 4352 rediit,
2689 4290 2746 4339 et
2768 4285 3075 4342 monachus
3096 4284 3279 4359 factus

1687 4374 1773 4423 est
1796 4366 1970 4440 (l06.)

1761 4458 1878 4533 (fol.
1919 4460 2034 4533 90.)
2056 4450 2375 4521 Omitti’mus
2417 4463 2763 4522 necationem
2809 4473 2865 4523 et
2912 4466 3276 4539 piscationem

51 4548 90 4603 ti
106 4561 231 4612 tanto
258 4558 425 4617 levior
457 4579 624 4634 ρωηα
664 4573 790 4636 post
813 4574 1070 4634 mortem,
1117 4576 1325 4639 quanto
1353 4566 1587 4624 celerior
1613 4553 1665 4615 Β
1688 4554 1888 4612 noveni
1928 4556 2123 4628 capitis
2169 4558 2525 4630 parvulorum
2568 4558 2624 4615 in
2660 4560 2900 4630 vivario,
2926 4561 3047 4619 viro
3072 4561 3181 4646 “Dei
3218 4562 3275 4620 in

52 4648 250 4729 peccanti
276 4653 562 4711 accederet
583 4655 823 4713 vindicta
846 4673 943 4729 per
970 4666 1225 4715 mortem.

105 4724 218 4803 (1°01.
243 4739 351 4815 89.)
381 4745 473 4801 29.
503 4743 805 4804 Veniamus
835 4724 1004 4820 igitur
1038 4749 1154 4821 jam
1177 4766 1325 4807 nunc
1350 4750 1425 4807 ad
1448 4749 1583 4806 illud

53 4818 336 4911 lacrimabile
392 4834 601 4892 bellum
645 4838 790 4911 apud
832 4818 942 4895 Bar
985 4818 1226 4898 castrum
1252 4842 1498 4898 habitum
1526 4858 1579 4898 a.

1684 4647 1883 4707 abditis
1909 4657 1965 4706 et
1993 4650 2203 4722 asperis
2233 4650 2384 4725 jugis
2434 4650 2713 4709 Romarici
2761 4653 2971 4717 montis
3017 4640 3140 4726 quae
3157 4654 3276 4727 jam

1685 4743 1933 4800 subierat
1952 4759 2141 4800 amore
2168 4744 2371 4816 quietis
2398 4745 2646 4814 internas,
2663 4745 2869 4818 Spiritu
2893 4756 3086 4804 sancto
3113 4764 3273 4806 reve-

1683 4832 1831 4890 lante
1875 4834 2167 4908 signatam,
2198 4852 2269 4893 ne
2318 4846 2510 4896 sancto
2550 4838 2730 4895 ordini
2769 4840 3276 4898 sanctimonialium

157 4916 294 4978 Dom,
323 4925 484 4994 1037,
518 4926 708 5009 [Qum
736 4910 882 4988 non,
914 4932 1109 5007 "119,1
1133 4935 1190 4990 in
1223 4949 1334 5006 quo
1387 4935 1585 4991 cecidit
1682 4925 1942 4999 injuriam
1972 4927 2170 4987 ftecisse
2190 4930 2497 5000 videamur,
2521 4932 2758 4988 maxime
2789 4949 2914 4990 cum
2944 4942 3004 5015 et
3030 4934 3136 4991 illae
3175 4935 3275 4992 ha~

54 4998 140 5061 0do
169 5010 297 5071 ﬁlius
320 4998 537 5079 Odonis-
558 5002 656 5076 ﬁlii
707 5019 955 5081 Tetbaldi
983 4998 1383 5094 rCainoteiisis,
1422 5027 1593 5098 cujus“

56 5110 305 5170 cognomen
332 5109 437 5166 fuit
469 5112 742 5184 Tricator,
790 5117 886 5188 qui
936 5117 1275 5174 Willelmum
1308 5117 1583 5176 Norman-

57 5202 154 5283 {tum
174 5194 403 5260 Rollonis
424 5204 600 5262 ﬁlium
639 5208 767 5266 dolo
807 5210 1099 5281 interfecit,
1137 5212 1233 5283 qui
1284 5229 1352 5270 ex
1395 5230 1591 5271 sorore

57 5275 274 5346 Πεῖτίωηί
300 5292 595 5354 Trccot'um
617 5302 838 5359 comitis
860 5306 1049 5376 genuit
1074 5275 1339 5375 ﬁdcnem,
1359 5316 1421 5369 ut
1439 5307 1585 5364 dixi-

58 5384 167 5467 ¹¹³ξ¹⁵ν
193 5392 387 5449 Patrem
420 5387 587 5460 hujus
608 5389 836 5450 Odonis.
866 5393 933 5450 Et
953 5405 1015 5452 ut
1035 5397 1252 5467 plenius
1301 5398 1591 5456 illucescat'

58 5462 117 5554 rei
133 5471 328 5542 veritas,
349 5477 599 5538 dicamus
643 5499 767 5554 qua:
788 5483 955 5541 fuerit
982 5503 1150 5544 causa
1175 5489 1311 5544 tanti
1331 5491 1587 5546 certami-

58 5550 138 5654 ῗίῗῖ
148 5556 426 5654 .Conmdus
462 5550 788 5645 Burﬁundiaa
816 5591 910 5634 rex
941 5580 1152 5651 accepit
1192 5597 1422 5639 uxorem
1465 5582 1583 5641 Ma-

58 5646 258 5720 mildcm,
273 5672 512 5717 sororem
527 5662 772 5722 Lotharii
794 5668 1035 5740 junioris
1053 5670 1199 5744 regis
1218 5671 1582 5744 Francorum.

114 5824 237 5900 (106)
261 5831 378 5897 Vita
404 5837 655 5902 Ricbardi
683 5845 748 5903 ll.

1685 5020 1952 5079 bitatione
1987 5024 2183 5081 vicina:
2204 5026 2336 5092 sint,
2374 5033 2429 5082 et
2460 5033 2611 5081 tanta
2634 5026 2786 5081 urbis
2815 5025 3125 5085 Virdunicze
3165 5029 3279 5085 fre-

1687 5117 1913 5186 quentia
1940 5117 2269 5175 miraculum
2295 5119 2402 5174 hoc
2424 5118 2757 5175 celebratum
2789 5119 2882 5189 sit,
2919 5128 2981 5177 ut
3020 5121 3116 5193 qui
3158 5138 3273 5179 non

1691 5209 1826 5265 vidit
1857 5208 2002 5266 fama
2033 5210 2304 5269 referente
2343 5210 2614 5281 didicerit,
2666 5212 2794 5269 licet
2831 5213 2915 5269 vir
2967 5215 3273 5286 prophetici

1692 5301 1920 5374 spiritus
1948 5302 2002 5358 id
2030 5304 2363 5362 omnimodis
2393 5313 2614 5376 propter
2647 5306 3039 5378 improperium
3075 5307 3274 5378 impio-

1687 5410 1813 5451 rum
1866 5397 2119 5453 caelatum
2168 5412 2292 5455 esse
2335 5396 2590 5453 voluerit.
2628 5396 2755 5454 Haec
2787 5398 3049 5479 est'enim
3102 5413 3271 5454 causa

1689 5505 1812 5562 quae
1845 5504 1973 5545 eum
2004 5490 2073 5545 ab
2109 5489 2201 5545 illa
2232 5506 2331 5546 sua
2357 5492 2540 5563 quiete
2576 5491 2783 5563 praefati
2814 5490 3016 5547 montis
3046 5490 3268 5547 interim

1688 5583 1961 5655 deposuit.
1997 5582 2152 5641 Unde
2176 5592 2232 5641 et
2251 5586 2605 5658 correptione
2633 5602 2735 5663 pro
2775 5596 3020 5658 tempore
3046 5594 3103 5641 et
3145 5585 3270 5641 loco
3333 5658 3341 5673 ‘

1690 5677 1837 5745 data,
1871 5676 1965 5733 illo
1992 5692 2052 5734 se
2074 5678 2279 5748 retulit,
2308 5688 2368 5735 ut
2393 5680 2572 5750 palam
2598 5680 2822 5737 daretur
2848 5681 3091 5753 intelligi,
3123 5680 3267 5737 invi-

1518 5768 1763 5855 nom.
