3834 6304
548 313 654 371 259

1488 324 1491 327 ‘
1537 310 1840 368 HUGONlS
1876 313 2169 369 ABBATIS
2206 312 2775 371 FLAV'INIACENSIS
2894 338 2901 343 τ
3705 325 3787 382 κθ

550 426 666 480 tuin
693 440 820 480 eum
843 433 897 480 et
920 424 1080 495 quasi
1104 431 1353 485 coactum
1370 424 1438 479 ad
1459 424 1651 478 horam
1677 424 1949 480 relaxasse
1975 426 2125 497 rigo-
2157 433 2200 488 Α
2229 442 2431 492 rorem,
2475 427 2528 481 in
2568 426 2983 484 matrimonium
3029 430 3260 499 accepit.
3310 429 3409 488 ilic
3454 434 3622 490 etiam
3665 447 3785 494 tanto

547 520 662 574 rem
694 517 960 588 propositi
981 516 1086 573 sui.
1125 515 1259 571 Illud
1287 523 1406 570 erat
1451 514 1505 569 in
1551 515 1671 570 viro
1727 514 1823 571 Dei
1856 514 2122 584 mirabile,

547 608 696 678 quod
735 608 933 664 absens
958 616 1183 677 corpore
1226 605 1371 661 istud
1408 606 1710 676 agnoverit,
1737 606 1921 662 locum
1960 608 2125 663 etiam

546 712 603 757 et
631 709 941 769 numerum,
965 708 1020 756 et
1044 699 1190 769 quod
1218 707 1372 754 terno
1398 706 1573 754 tractu
1610 698 1681 753 ab
1725 699 1853 756 imis
1896 700 2127 773 gurgitis

549 793 845 866 gurgustiis
883 793 972 848 illa
1001 790 1327 862 uaufragosa
1356 791 1514 846 turba
1546 800 1852 847 erueretur.

619 884 894 941 Habitavit
924 886 1108 940 autem
1131 884 1389 955 primitus
1421 883 1474 937 in
1496 884 1618 939 loco
1642 884 1887 955 quinque
1906 885 2128 941 milibus

545 994 577 1033 a
599 977 871 1032 Romarici
902 984 1086 1032 monte
1108 984 1343 1043 semoto,
1382 975 1476 1046 qui
1504 984 1992 1047 nuncupatur.....,
2014 994 2126 1033 uno

545 1078 754 1125 tantum
778 1068 976 1124 comite
1018 1076 1330 1134 contentus,
1363 1067 1453 1123 cui
1477 1075 1659 1123 tamen
1691 1085 1849 1124 versa
1874 1068 1993 1124 vice
2028 1069 2126 1123 do-

544 1162 726 1217 minus
754 1176 880 1216 cum
905 1159 1142 1215 Martino
1171 1160 1460 1215 serviebat.
1491 1158 1595 1215 Ubi
1616 1169 1820 1230 quanta
1854 1176 1913 1216 se
1932 1168 2127 1231 ’corpo-

539 1254 616 1310 ris
638 1255 1006 1309 maceratione
1027 1253 1315 1321 attriverit,
1333 1262 1538 1324 quanta
1566 1253 1766 1309 mentis
1793 1250 2125 1310 contritione

540 1343 782 1398 animam
811 1342 1154 1410 relevaverit,
1188 1342 1340 1397 solus
1391 1342 1729 1398 intcrnorum
1789 1343 1991 1398 arbiter
2025 1358 2124 1399 no-

542 1436 639 1502 vit,
676 1435 807 1506 quia
834 1442 889 1489 et
919 1434 1009 1489 ille
1038 1434 1119 1489 sic
1145 1448 1284 1504 opus
1311 1434 1548 1489 dexterae
1587 1430 1829 1505 peregit,
1865 1443 1927 1489 ut
1974 1434 2126 1505 igno-

539 1535 689 1582 raret
712 1527 957 1593 sinistra,
984 1526 1219 1583 maxime
1240 1542 1365 1582 cum
1392 1526 1691 1581 incolatum
1717 1542 1879 1581 suum
1899 1528 2125 1598 prolon-

539 1617 656 1687 gari
696 1616 894 1672 cotidie
917 1616 1165 1684 deﬁeret,
1202 1616 1296 1688 qui
1326 1616 1540 1671 volebat
1576 1618 1609 1672 a
1655 1617 1933 1672 consortio
1965 1616 2124 1671 habi-

539 1709 773 1764 tantium
794 1708 970 1764 Cedar
1002 1709 1290 1765 tenebroso
1311 1709 1514 1766 divelli.
1537 1708 1669 1765 Post
1691 1710 1793 1765 hec
1820 1710 1884 1765 ad
1914 1710 2121 1777 locum,

2233 532 2422 573 amore
2443 512 2810 573 venerabilem
2841 518 3010 587 hunc,
3042 521 3109 575 de
3138 536 3249 591 quo
3285 538 3470 579 sermo
3498 526 3688 597 agitur,
3710 545 3784 585 co-

2229 608 2357 677 luit,
2412 617 2475 665 ut
2520 610 2640 680 ejus
2683 612 2929 667 consiliis
2979 612 3035 667 in
3082 605 3174 669 illa
3208 623 3539 687 tempestate
3582 621 3782 691 palatina

2228 699 2546 770 disponeret
2576 702 2974 770 moderamina,
3003 712 3057 759 et
3082 720 3419 777 quamquam
3467 725 3598 782 egre
3639 712 3699 767 ad
3737 730 3784 770 se

2230 792 2468 847 accitum
2500 794 2793 865 omnigena
2824 794 3129 852 honoraret
3155 797 3468 856 dulcedinis
3495 810 3550 857 et
3573 803 3783 860 devotio-

2230 883 2318 937 nis
2340 882 2623 952 instantia,
2649 885 2786 941 adeo
2806 894 2866 941 ut
2886 888 3191 945 :ecclesiam
3208 889 3663 966 Rotom'agensem
3682 912 3784 953 cum

2228 974 2463 1045 praesule
2484 977 2631 1031 sedis
2666 977 2842 1047 ipsius
2864 988 2918 1033 et
2940 980 3111 1049 clero,
3147 983 3271 1052 ejus
3292 986 3554 1056 gauderet
3572 986 3787 1044 decorari

2228 1067 2498 1135 doctrina,
2531 1076 2591 1124 ut
2612 1084 2679 1124 ex
2710 1070 3011 1127 multarum
3041 1071 3288 1132 facicbus
3320 1082 3509 1133 rerum
3546 1095 3686 1135 nunc
3708 1098 3785 1137 us-

2228 1171 2335 1227 que
2378 1157 2555 1211 conici
2587 1165 2787 1227 potest,
2814 1159 2976 1215 etiam
3001 1162 3196 1219 a'libro
3213 1167 3494 1221 communi
3516 1170 3785 1224 secundum

2229 1245 2422 1302 modos
2454 1246 2856 1304 institutionem
2889 1251 3010 1320 ejus
3035 1254 3320 1315 ordinato.
3364 1265 3491 1311 post
3523 1258 3699 1314 maius
3721 1260 3786 1313 al-

2225 1345 2346 1395 tare
2374 1348 2566 1396 catena
2602 1341 2816 1396 ﬁrmato
2844 1343 2932 1398 ω.

2301 1430 2417 1507 (fol.
2434 1434 2549 1505 91’)
2567 1431 2899 1492 Rambertus
2918 1434 3284 1495 Virdunensis
3302 1440 3596 1513 episcopus
3620 1441 3787 1499 Hiero-

2224 1526 2495 1599 solymam
2516 1528 2724 1584 vadens
2742 1529 2871 1584 villa
2900 1528 3219 1602 Bellagrada
3248 1534 3383 1589 obiit
3416 1550 3468 1590 a.
3518 1535 3674 1591 Dom.
3698 1538 3784 1593 inc.

2229 1615 2388 1684 1058,
2425 1615 2513 1688 (G.
2549 1615 2698 1673 νίν-ά.
2735 1619 2824 1691 10)
2851 1619 3203 1690 pontiﬁcatus
3233 1623 3319 1678 sui
3368 1640 3421 1680 a.
3462 1625 3553 1694 14,
3592 1636 3644 1682 et
3667 1640 3787 1698 post

2226 1709 2451 1765 modum
2479 1718 2726 1782 tempore
2762 1711 3021 1769 Richardi
3047 1717 3389 1772 successoris
3421 1718 3507 1773 sui
3541 1735 3575 1773 a
3599 1719 3786 1774 clericis

538 1800 634 1871 qui
658 1799 1184 1874 Rombéchus.(l07)
1218 1802 1437 1869 dicitur,
1466 1803 1748 1867 secedens,
1792 1800 1871 1857 ibi
1901 1803 2117 1858 habita-
2153 1808 2199 1868 Β
2225 1799 2465 1858 Bernero
2490 1811 2545 1859 et
2579 1802 2857 1862 Bernardo
2903 1807 3109 1862 relatus
3129 1849 3144 1873 ,
3180 1806 3413 1864 Virduni
3446 1818 3532 1866 est
3569 1813 3786 1882 sepultus

538 1892 726 1947 culum
751 1892 855 1947 sibi
885 1892 1140 1950 instituit.
1184 1892 1402 1950 Etcum
1431 1895 1504 1949 ibi
1526 1895 1681 1950 vellel
1704 1895 1912 1950 diutius
1935 1896 2120 1961 latere,

538 1998 650 2040 non
681 1985 878 2056 potuit.
925 1984 1198 2057 Cepcrunt
1233 1996 1287 2042 et
1321 1986 1415 2042 illo
1450 1986 1742 2054 conﬂuere,
1775 1988 1899 2058 quis
1932 1987 2125 2043 similis

536 2075 838 2134 inoleverat
865 2079 1030 2135 ardor
1060 2080 1185 2135 vita:
1206 2079 1604 2135 anachoretica:
1654 2088 1708 2136 et
1736 2080 1855 2150 ejus
1877 2096 1936 2135 se
1956 2080 2124 2136 disci-

536 2169 750 2241 pulatui
788 2171 1143 2240 contrudere;
1186 2172 1388 2242 quibus
1413 2180 1467 2227 et
1488 2172 1606 2244 ipse
1633 2186 1889 2227 normam
1907 2170 2123 2228 vivendi

542 2260 784 2317 instituit
806 2263 1109 2318 secundum
1144 2278 1352 2318 morem
1385 2278 1416 2317 a
1446 2263 1653 2319 sanctis
1688 2261 1947 2318 Patribus
1968 2263 2125 2319 insti-

535 2361 738 2409 tutum.
763 2353 1012 2425 Cumque
1047 2355 1162 2423 jam
1199 2355 1634 2426 quinquennium
1682 2356 1943 2413 dedicatae
1966 2358 2122 2429 peni-

538 2447 719 2503 tentire
756 2447 1091 2519 impleretur,
1128 2448 1346 2504 devotio
1386 2448 1843 2512 'sanctidcsiderii
1876 2467 1982 2506 non
2015 2451 2121 2505 mi-

534 2538 828 2607 nuebatur,
865 2539 1000 2611 quin
1039 2541 1097 2595 in
1136 2540 1255 2598 dies
1290 2542 1632 2613 propensiori
1672 2543 1854 2598 studio
1882 2543 2119 2615 augeba—

536 2638 647 2697 tur,
677 2631 807 2702 quia
833 2632 888 2687 in
912 2632 1031 2703 ipsa
1054 2648 1153 2688 sua
1184 2633 1571 2689 exercitatione
1604 2634 1996 2702 delectabatur,
2025 2635 2119 2706 qui

533 2722 892 2780 delectatione
920 2725 1269 2795 pascebatur.
1298 2724 1657 2782 Inclinaverat
1678 2730 1826 2782 enim
1848 2727 2118 2784 cervicem

532 2816 703 2872 animi
738 2816 793 2872 in
831 2817 1147 2875 testimonia
1172 2818 1409 2886 Domini,
1441 2819 1661 2876 incessu
1707 2818 1959 2888 humilia,
1988 2836 2118 2877 suc-

533 2924 696 2966 cessu
723 2910 959 2978 excelsa,
984 2926 1249 2982 processu
1279 2911 1583 2967 clarissima
1608 2954 1623 2977 ,
1664 2920 1718 2967 et
1752 2915 1882 2983 quia
1931 2928 2117 2967 veram

532 3001 933 3073 philosophiam
954 3002 965 3013 ’
984 3002 1400 3075 amplexabatur
1416 3044 1431 3064 .
1464 3004 1808 3058 excitabatur
1857 3006 2119 3060 accende-

532 3090 716 3161 batur,
760 3101 816 3149 et
854 3093 1099 3168 ardebat,
1136 3108 1367 3166 agnitum
1389 3108 1535 3149 enim
1560 3093 1826 3166 eloquium
1856 3103 2003 3149 tuum
2034 3113 2118 3150 ve-

2227 1894 2282 1948 in
2303 1897 2661 1952 monasterio.
2696 1896 2812 1954 Hoc
2848 1899 2919 1931 ⁸⁸⁸
2939 1899 3106 1955 etiam
3154 1915 3303 1956 anno
3352 1902 3494 1957 obiit
3533 1902 3786 1959 Amadeus

2225 1986 2395 2043 abbas
2418 1988 2851 2048 Flaviniacensis
2875 1992 2943 2047 14
2992 1992 3266 2050 Kalendas
3296 1994 3520 2067 Aprilis.

2295 2077 2458 2151 [Rom
2485 2079 2652 2137 GLAB.
2683 2098 2765 2150 tv,
2786 2082 2873 2156 9.]
2902 2083 3062 2140 Anno
3091 2086 3160 2141 ab
3181 2085 3291 2141 inc.
3328 2086 3487 2142 Dom.
3526 2085 3687 2156 1059,
3721 2088 3786 2143 die

2181 2176 2191 2184 ’
2225 2169 2596 2228 Kalendarum
2635 2172 2788 2241 Julii,
2819 2175 2853 2230 6
2876 2174 3031 2243 feria,
3063 2177 3195 2233 luna
3247 2177 3343 2245 28,
3373 2176 3638 2237 factaest
3664 2182 3785 2251 ecly-

2223 2264 2337 2334 psis
2363 2266 2517 2321 solis.
2566 2267 2659 2322 Sol
2694 2267 3051 2325 enimfactus
3081 2279 3166 2326 est
3201 2271 3472 2342 saphirini
3498 2273 3723 2337 coloris,
3747 2286 3784 2329 et

2222 2354 2414 2410 eadem
2441 2355 2530 2411 die
2551 2357 2720 2412 natali
2761 2359 3136 2431 apostolorum
3170 2361 3394 2431 quidam
3426 2360 3783 2419 Romanorum

2223 2448 2279 2503 in
2299 2446 2637 2505 Clementem
2656 2466 2854 2522 papam
2885 2452 3234 2525 insurgentes
3267 2462 3322 2509 et
3349 2462 3668 2512 interimere
3686 2473 3783 2513 eum

2221 2541 2489 2608 volentes,
2502 2557 2628 2597 cum
2642 2550 2759 2599 ‘non
2779 2545 3107 2615 potuissent,
3126 2562 3157 2601 a
3175 2547 3301 2603 sede
3317 2563 3444 2603 eum
3462 2549 3783 2619 depulerunt.

2225 2628 2330 2687 Sed
2355 2632 2645 2691 Conradus
2666 2635 2966 2706 imperator
2991 2638 3121 2693 illuc
3143 2639 3389 2707 veniens,
3426 2642 3666 2712 propria
3687 2658 3782 2697 cum

2223 2722 2339 2778 sedi
2359 2724 2618 2790 restituit,
2633 2733 2685 2780 et
2707 2727 2895 2782 eodem
2920 2743 3067 2783 anno
3087 2728 3230 2798 apud
3251 2727 3552 2785 Saxoniam
3569 2732 3722 2799 obiit,
3745 2742 3785 2787 et

2221 2815 2416 2871 tertius
2436 2813 2730 2874 Heinricus
2762 2820 3053 2876 successit.
3095 2820 3349 2877 Clemens
3381 2837 3608 2894 quoque
3646 2840 3783 2895 papa,

2220 2907 2401 2977 primo
2450 2907 2880 2982 Bavebergensis
2908 2912 3195 2983 episcopus
3214 2956 3228 2979 ,
3255 2913 3439 2969 dictus
3478 2913 3784 2979 Suicherus,

2220 2998 2375 3065 obiit,
2407 3007 2464 3055 et
2486 2998 2769 3069 .Robertus
2807 3002 3144 3059 Francorum
3187 3020 3303 3060 rex.
3347 3003 3643 3063 Heinricus
3680 3023 3784 3062 vero

2218 3098 2344 3160 post
2364 3100 2592 3149 mortem
2606 3091 2908 3161 Ramherti,
2925 3094 3103 3166 primo
3124 3097 3275 3169 regni
3299 3096 3385 3153 sui
3403 3113 3573 3166 anno,
3586 3098 3783 3154 viroDei

533 3184 818 3253 hementer,
888 3185 1112 3243 Domine
1133 3230 1150 3255 ,
1217 3194 1268 3242 ει
1329 3202 1506 3241 servus
1544 3195 1666 3241 tuus
1727 3185 1916 3242 dilexit
1979 3188 2117 3243 illud
2145 3197 2186 3256 ρ
2221 3179 2495 3239 Richardo
2519 3183 2859 3256 episcopium
2895 3184 3240 3243 Virdunense
3270 3189 3576 3257 concessit,
3600 3189 3694 3246 sed
3715 3191 3781 3244 vir

535 3274 711 3349 (Psal.
735 3293 924 3346 cxviu,
954 3277 1103 3352 140.)
1138 3278 1524 3336 Revocabatur
1552 3279 1622 3335 ab
1644 3279 1902 3353 episcopo
1927 3290 1982 3338 et
2008 3280 2119 3337 fra-

533 3369 711 3427 tribus
749 3372 869 3443 ejus
911 3372 1217 3429 ahsentiam
1248 3387 1375 3445 egre
1411 3370 1737 3443 ferentibus,
1790 3381 1846 3431 et
1895 3373 2029 3430 illud
2066 3374 2118 3431 ei

532 3461 819 3534 sepissime
855 3462 1239 3520 intendebatur
1276 3482 1291 3519 :
1328 3462 1623 3534 Revertere,
1649 3473 1903 3521 revertere
1938 3463 2117 3521 Sana-

532 3552 699 3619 mitis,
730 3561 1004 3621 revertere,
1030 3563 1306 3623 revertere,
1334 3562 1394 3609 ut
1423 3553 1727 3609 intueamur
1748 3562 1799 3611 te
1829 3553 2010 3629 (Cant.
2040 3572 2117 3624 γι,

531 3642 645 3716 12).
696 3643 802 3701 Sed
847 3644 916 3700 ab
964 3660 1033 3702 eo
1063 3645 1268 3715 verbis,
1319 3645 1550 3714 litteris,
1580 3655 1707 3704 actu
1740 3662 1961 3719 quoque
1997 3646 2119 3720 ipso

531 3738 743 3793 reditus
767 3738 1138 3811 denegabatur
1172 3737 1264 3795 ⁸⁸³.
1290 3738 1406 3795 Vidi
1433 3740 1551 3811 ipse
1567 3739 1833 3812 quasdam
1857 3739 2117 3810 epistolas

529 3827 588 3885 iu
623 3828 855 3887 invicem
883 3831 1104 3899 missas,
1128 3839 1185 3889 et
1206 3830 1313 3904 legi
1346 3831 1642 3904 puerulus;
1672 3831 1730 3886 in
1755 3831 1958 3903 quibus
1985 3847 2117 3888 eon—

530 3929 791 3980 stantlam
833 3923 954 3995 ejus
981 3925 1037 3980 in
1065 3924 1369 3997 responsis,
1406 3940 1532 3981 cum
1556 3924 1606 3980 ei
1633 3924 1863 3980 verbum
1888 3939 2118 3995 respon-

530 4015 703 4071 sionis
740 4025 1126 4087 opponeretur,
1154 4025 1218 4074 ut
1252 4016 1517 4085 diximus,
1566 4017 1640 4073 ita
1698 4016 1754 4071 in
1805 4015 1915 4072 ﬁne
1950 4017 2117 4072 unius

529 4107 775 4178 epistola:
815 4108 1049 4167 fratrum
1090 4109 1352 4182 repressit
1387 4109 1619 4165 intentio
1668 4127 1682 4164 :
1723 4107 1805 4177 Si,
1837 4109 2112 4181 inquiunt,

529 4205 681 4255 verba
711 4203 877 4257 verbis
909 4204 1118 4258 obviare
1156 4202 1404 4269 volueris,
1429 4186 1531 4257 non
1552 4201 1801 4272 deﬁcient
1839 4199 1994 4256 verba
2015 4217 2111 4272 pro

528 4289 680 4346 verba
703 4290 1092 4348 laborantibus.

2219 3273 2548 3331 mitissimus
2575 3276 2681 3332 hoc
2708 3278 2911 3346 renuit,
2955 3286 3010 3334 et
3042 3277 3378 3335 Richardum
3411 3295 3578 3336 suum
3618 3282 3675 3337 in
3710 3282 3786 3336 ha-

2219 3365 2439 3421 tismate
2473 3366 2703 3424 ﬁliolum
2743 3363 2992 3426 Hildradi
3028 3371 3249 3428 comitis
3280 3371 3452 3427 ﬁlium
3483 3374 3783 3429 intronizari

2218 3455 2366 3513 fecit.
2392 3458 2583 3531 [Cum
2618 3458 2755 3517 Bon.
2783 3478 2839 3529 v,
2876 3460 2959 3536 3.]
2994 3461 3074 3518 Eo
3109 3462 3167 3519 in
3211 3471 3475 3535 tempore,
3521 3466 3581 3521 in
3618 3481 3785 3522 mense

2216 3546 2548 3606 Novembrio
2577 3551 2707 3607 luna
2764 3551 2836 3607 28
2870 3552 3014 3610 facta
3039 3562 3124 3611 est
3144 3555 3377 3628 eclypsis
3408 3556 3573 3624 solis,
3607 3568 3662 3614 et
3688 3559 3782 3611 visa

2217 3649 2305 3698 est
2334 3642 2489 3698 stella
2530 3659 2653 3715 quae
2688 3642 2908 3701 Lucifer
2943 3631 3169 3715 dicitur,
3207 3662 3436 3718 vespere
3483 3663 3705 3705 sursum
3744 3657 3785 3702 et

2215 3734 2473 3791 deorsum
2531 3735 2761 3807 agitari,
2819 3738 2980 3809 quasi
3032 3738 3422 3795 comminando
3468 3741 3780 3813 terrigenas.

2218 3824 2293 3898 (v,
2326 3827 2407 3900 5.)
2457 3826 2612 3885 Tunc
2643 3830 2812 3888 etiam
2842 3831 2899 3885 in
2933 3830 3185 3887 Romana
3231 3831 3359 3888 sede
3396 3833 3629 3903 quidam
3673 3849 3784 3906 puer

2216 3934 2487 3975 annorum
2523 3921 2591 3976 l2
2629 3930 2870 3980 statutus
2900 3932 3021 3980 erat
3043 3923 3388 3997 Symoniace,
3428 3926 3597 3997 cujus
3636 3927 3784 3997 turpi-

2214 4011 2348 4068 tudo
2382 4013 2818 4071 conversationis
2852 4024 2907 4071 et
2929 4016 3053 4072 vitae
3080 4015 3293 4072 horrori
3338 4025 3424 4072 est
3462 4016 3690 4074 referre.
3722 4020 3781 4083 (γ,

2215 4103 2295 4172 4.)
2326 4104 2454 4160 Fuit
2480 4121 2699 4178 quoque
2726 4108 2781 4163 in
2807 4109 2916 4165 illis
2930 4109 3126 4166 diebus
3149 4112 3524 4181 suprataxatis
3547 4112 3691 4168 circa
3709 4127 3767 4166 an

2214 4211 2346 4251 num
2380 4197 2736 4254 millesimum
2765 4198 3064 4257 Dominica:
3108 4202 3510 4259 incarnationis
3534 4203 3784 4260 dissensio

2216 4287 2460 4345 maxima
2504 4298 2629 4359 post
2664 4298 2900 4347 mortem
2944 4290 3247 4357 Burchardi
3280 4291 3675 4365 Lugdunensis
3705 4311 3781 4349 ar-

599 4382 715 4451 (fol.
743 4383 875 4457 90'.)
897 4384 985 4441 50.
1009 4384 1169 4441 Anno
1202 4385 1272 4441 ab
1294 4384 1402 4442 inc.
1434 4364 1593 4440 Dom.
1643 4383 1783 4439 1055
1835 4376 2110 4439 Robertus
2212 4379 2567 4451 chiepiscopi,
2597 4381 2695 4452 qui
2730 4382 2838 4439 hoc
2870 4383 3049 4440 solum
3080 4382 3209 4440 fecit
3242 4364 3425 4441 nobile
3460 4385 3614 4457 quod
3645 4386 3784 4459 periit

526 4490 712 4533 comes
735 4475 1178 4533 Normannorum
1212 4476 1639 4533 Jherosolimam
1688 4475 1806 4542 ivit,
1835 4473 2106 4529 inﬁnitam
2211 4484 2313 4540 pro
2356 4471 2676 4542 episcOpatu
2712 4473 2833 4544 ipso
2856 4517 2872 4542 ,
2909 4490 3073 4546 quem
3110 4476 3267 4531 multi
3303 4478 3544 4547 superbe
3581 4488 3782 4550 appete-

526 4569 816 4640 pecuniam
846 4585 1032 4625 secum
1070 4567 1275 4637 ferens,
1320 4584 1486 4641 quam
1518 4567 1746 4623 omnino
1779 4568 2112 4637 pauperibus
2144 4553 2190 4608 Ῑ)
2214 4563 2365 4618 bant.
2394 4562 2461 4619 Et
2487 4565 2700 4635 primus
2723 4567 2972 4622 omnium
3015 4568 3260 4638 pmdicti
3298 4567 3607 4625 Burchardi
3634 4583 3781 4640 nepos

527 4661 762 4732 partitus
795 4669 898 4727 est,
937 4670 991 4716 et
1020 4661 1075 4717 in
1103 4662 1382 4717 redeundo
1416 4657 1792 4731 apudNiccam
1818 4657 1975 4713 obiit.
2003 4657 2107 4714 Cui
2213 4653 2565 4712 Burchardus
2600 4655 2961 4729 Augustanus
2992 4660 3316 4730 episcopus,
3352 4661 3545 4716 relicta
3581 4661 3779 4733 propri:

528 4752 797 4809 successit
835 4751 1144 4809 Willelmus
1185 4753 1239 4808 in
1277 4760 1434 4809 aetate
1478 4750 1697 4825 puerili.
1746 4748 1938 4823 [Cum
1968 4749 2106 4807 Ron.

529 4861 603 4912 tv,
635 4844 716 4919 6.]
742 4844 818 4902 Eo
852 4862 998 4901 anno
1042 4844 1324 4904 Iohannes
1377 4860 1517 4918 papa
1548 4844 1704 4911 obiit,
1743 4849 1798 4900 et
1843 4843 2110 4899 successit

527 4936 869 5007 Benedictus,
903 4938 1179 4995 Benedicti
1210 4947 1264 4995 et
1294 4937 1523 4995 Joannis
1557 4938 1748 5007 nepos.
1797 4935 2107 4991 Willelmus

526 5028 716 5085 fraude
744 5047 967 5088 suorum
991 5031 1329 5087 Normannia
1359 5032 1580 5102 pulsus,
1610 5029 1909 5085 Robertum
1952 5027 2102 5101 (108)

526 5119 863 5177 Francorum
886 5123 1145 5193 expetivit
1184 5138 1387 5195 regem,
1425 5121 1520 5193 qui
1548 5120 1692 5176 bello
1716 5128 1771 5175 et
1812 5135 1980 5175 manu
2002 5133 2104 5174 va-

523 5213 632 5269 lida
666 5230 1021 5288 congressus,
1053 5217 1211 5273 victis
1235 5222 1290 5272 et
1326 5213 1619 5287 prostratis
1646 5211 2004 5278 Normannis,
2034 5211 2105 5267 de

522 5307 878 5364 traditoribus
899 5307 1108 5379 judicio
1128 5307 1255 5363 dato
1278 5306 1596 5363 comitatum
1629 5304 1679 5360 ei
1709 5303 1968 5390 restituit.
2002 5300 2099 5373 (tv,

522 5398 602 5471 8.)
624 5399 729 5468 Qui
753 5408 944 5472 postea
970 5399 1306 5468 Mathildem,
1338 5398 1589 5454 Balduini
1622 5393 1979 5451 Flandrensis
2003 5408 2099 5448 so-

2212 4746 2361 4813 sede,
2377 4748 2683 4818 procaciter
2702 4748 3123 4822 Lugdunensem
3150 4752 3406 4822 arripuit,
3430 4765 3486 4809 et
3510 4764 3637 4825 post
3662 4753 3775 4808 mul-

2210 4845 2297 4893 tas
2333 4847 2670 4909 perpetratas
2714 4842 2992 4912 nequitias
3032 4850 3227 4913 captus
3260 4860 3289 4898 a
3324 4845 3597 4901 militibus
3632 4846 3774 4916 impe

2208 4929 2429 4997 ratoris,
2457 4939 2720 5001 perpetuo
2749 4942 2834 4988 est
2855 4932 3288 5005 condempnatus
3307 4936 3495 4992 exilio.
3529 4936 3661 4993 Post
3674 4951 3780 4991 eum

2210 5019 2476 5077 Geraldus
2502 5038 2687 5079 comes
2728 5023 2898 5079 ﬁlium
2953 5041 3115 5081 suum
3144 5027 3435 5097 puerulum
3479 5037 3780 5099 arrogant“

2211 5113 2287 5168 ibi
2324 5113 2440 5175 sola
2480 5118 2908 5187 praesumptione
2948 5127 3171 5174 auctore
3211 5119 3520 5189 constituit,
3547 5130 3605 5176 et
3629 5118 3781 5175 hicin

2210 5203 2399 5277 fugam
2431 5221 2625 5263 versus
2649 5208 2886 5264 delituit.
2922 5209 3029 5282 (tu,
3071 5210 3150 5281 9.)
3181 5210 3426 5283 [legebat
3460 5227 3526 5267 eo
3552 5219 3782 5282 tempore

2210 5319 2439 5376 regnum
2494 5304 2832 5362 Francorum
2882 5307 3193 5372 lleinricus.
3245 5307 3471 5365 Roberti
3526 5309 3676 5380 regis
3727 5321 3779 5359 ex

2208 5394 2531 5453 Constantia
2572 5398 2740 5455 ﬁlius.
2784 5399 2923 5455 Nam
2965 5400 3139 5472 llugo,
3173 5402 3267 5471 qui
3311 5401 3488 5457 adhuc
3530 5399 3781 5456 decennis

1807 5482 2042 5538 VARUS
2081 5483 2484 5543 LECTIONES.

595 5584 667 5618 au
694 5585 1065 5658 denegabat“,
1099 5602 1147 5639 ο,
1192 5582 1263 5617 ιιι
1297 5583 1471 5653 major
1489 5582 1700 5654 pagina:
1720 5578 1830 5646 90’,
1861 5594 1988 5648 pars
2008 5586 2059 5633 et
2087 5586 2198 5634 tota
2227 5580 2288 5636 91
2326 5589 2498 5635 vacat.
2525 5582 2596 5616 ⁸³⁸
2621 5583 2810 5638 addita
2840 5593 2978 5655 post.

2055 5671 2286 5731 NOTAE.

592 5767 739 5842 (1οη
776 5766 1061 5826 Rumbech
1092 5774 1317 5824 auctore
1339 5765 1475 5823 Vita:
1498 5765 1756 5841 Richardi
1778 5782 1901 5838 cap.
1936 5767 2021 5821 14.

2280 5766 2427 5841 (108)
2451 5766 2742 5823 Ileiuricus
2766 5764 2807 5820 1.
2841 5783 2892 5821 a.
2930 5766 3059 5822 1051
3092 5798 3163 5807 -
3196 5765 3332 5823 1060
3380 5768 3646 5834 regnavit.
