3878 6310
99 346 185 401 961
1310 339 1654 396 CllRONlCO

1760 369 1827 378 -ο-
1855 336 1984 392 LIB.
2015 335 2076 390 11.

3241 339 3348 395 262

102 467 369 515 coronatus
393 465 498 523 est,
531 457 804 511 inmatura
842 465 1018 511 morte
1058 441 1370 526 praiventus
1395 463 1497 509 est.
1528 453 1660 508 Ter-
1691 470 1734 524 Α
1761 465 2096 522 guonensem
2129 449 2577 506 archidiaconum
2608 451 2873 522 speciosis
2909 461 3159 508 ornatum
3195 454 3350 510 indu—

100 554 223 605 cium
247 549 541 604 Robertum
576 563 700 602 cum
735 548 999 603 voluisset
1039 556 1215 602 mater
1248 545 1426 602 facere
1455 561 1655 617 regem,

101 657 186 694 nec
217 639 498 708 potuisset,
528 639 721 693 ducem
766 639 1431 714 constituitBurgundite.
1461 637 1536 709 (v,
1575 636 1657 707 2.)

97 733 202 788 Fuit
221 748 435 803 quoque
457 732 728 786 dissensio
747 747 941 802 magna
961 731 1104 786 inter
1126 732 1306 802 ipsum
1342 729 1658 785 Heinrieum

97 833 142 878 et
170 824 300 878 ﬁlios
323 820 531 877 Odoms
569 821 663 892 qui
695 822 839 891 apud
874 821 1107 876 Barrum
1143 821 1301 886 obiit,
1336 819 1657 875 Tetbaldum

96 923 140 968 et
159 911 486 983 Stephanum
515 931 526 966 :
553 914 688 966 adeo
716 921 776 966 ut
807 912 948 966 idem
983 927 1098 976 rex,
1126 912 1309 965 ablato
1351 910 1420 965 ab
1447 910 1528 965 eis
1563 910 1659 965 do-

98 1005 246 1058 minio
280 1003 568 1059 Turonicaa
603 1005 779 1071 urbis,
809 1004 962 1058 daret
995 1005 1124 1059 illud
1157 1003 1418 1060 Gotl'redo
1448 1003 1656 1069 Tuditi,

96 1101 190 1155 ﬁlio
225 1098 499 1164 Fulconis,
537 1099 632 1170 qui
662 1114 782 1154 eam
822 1107 934 1153 toto
969 1115 1116 1153 anno
1152 1099 1363 1154 obsedit
1392 1115 1404 1150 :
1443 1106 1497 1153 et
1525 1097 1658 1152 inito

95 1191 216 1246 bello
245 1189 556 1260 Stephanus
579 1188 798 1258 fugatus
830 1197 935 1255 est,
973 1189 1288 1245 Tetbaudus
1315 1199 1507 1260 captus
1530 1205 1654 1245 cum

96 1288 193 1343 suis
209 1295 329 1342 ante
357 1286 632 1342 civitatem
665 1285 954 1350 deductus,
982 1285 1352 1340 reddiditeam
1370 1282 1652 1350 Gotl‘redo,

85 1390 138 1436 'et
162 1383 209 1435 in
232 1381 485 1452 captione
509 1379 792 1435 remansit.
825 1378 972 1434 Mille
995 1377 1321 1449 septingenti
1347 1386 1401 1432 et
1448 1392 1514 1432 eo
1535 1393 1654 1431 am-

93 1473 214 1544 plius
245 1473 344 1528 viri
369 1473 581 1543 absque
607 1471 892 1542 sanguinis
919 1471 1186 1526 eﬁ'usione
1218 1471 1272 1524 in
1295 1469 1481 1540 praelio
1512 1469 1654 1539 capti

91 1575 219 1620 sunt.
266 1565 339 1637 (γ,
391 1565 476 1634 4.)
520 1563 598 1619 Ea
635 1572 958 1634 tempestate
998 1562 1216 1634 Ungros
1261 1562 1364 1618 sibi
1413 1562 1654 1617 secundo

82 1657 294 1711 'rebelles
328 1671 459 1711 cum
500 1655 724 1711 vicisset
767 1655 1086 1725 imperator,
1131 1669 1198 1708 ex
1234 1652 1384 1707 omni
1426 1651 1654 1722 imperio

93 1764 177 1803 suo
197 1748 484 1819 episcopos
509 1747 826 1819 congregari
853 1745 998 1814 fecit,
1022 1755 1076 1802 et
1114 1754 1305 1801 contra
1333 1745 1652 1817 Symoniam

1763 544 1962 597 mentis
2004 543 2072 597 ad
2118 541 2541 614 Lugdunensem
2568 543 2865 599 destinavit
2895 544 3098 611 sedem,
3130 554 3185 600 et
3208 545 3347 602 facta

1762 644 1847 690 est
1866 635 2165 705 provincias
2194 636 2352 706 quies
2369 645 2423 690 et
2449 638 2709 708 gaudium
2738 638 2959 708 populo.
2988 639 3062 709 (v,
3093 638 3348 710 Manno

1763 727 1881 797 ipso
1907 735 2055 782 treva
2090 726 2185 782 Dei
2225 729 2463 799 primum
2496 738 2701 784 statuta
2728 739 2811 784 est
2831 739 2885 785 et
2910 731 3222 799 ﬁrmata,.et
3244 748 3349 802 pax

1764 820 1880 888 ipsa
1925 828 2077 874 treva
2115 819 2212 876 Dei
2244 823 2529 892 appellata.
2565 813 2696 889 Qua:
2732 838 2840 878 non
2873 824 3051 878 solum
3091 825 3350 879 humanis
3435 882 3450 897 ,

1762 911 2056 982 prasidiis,
2092 913 2186 968 sed
2214 921 2266 968 et
2308 912 2512 969 divinis
2542 915 2862 971 conﬁrmata
2897 924 2984 971 est
3024 917 3344 973 terroribus.

1762 1002 1936 1069 Quam
1982 1020 2107 1058 cum
2142 1005 2412 1060 noluisset
2447 1007 2689 1077 recipere
2732 1024 2866 1080 gens
2901 1007 3190 1077 Neustriaa,
3230 1009 3349 1064 viro

1763 1096 1859 1152 Dei
1903 1096 2178 1153 Richardo
2223 1099 2574 1170 prtedicante,
2628 1110 2681 1156 et
2724 1111 2786 1156 ut
2829 1117 2949 1157 eam
2986 1104 3346 1175 susciperent,

1761 1193 1891 1262 quia
1915 1193 2170 1249 voluntas
2192 1193 2405 1248 Domini
2433 1204 2568 1262 erat,
2605 1195 2722 1266 (fol.
2752 1198 2843 1269 92)
2869 1207 2922 1252 et
2946 1213 2977 1252 a
3012 1197 3122 1253 Deo
3149 1213 3257 1254 non
3280 1201 3350 1254 ab

1761 1287 1984 1343 homine
2019 1289 2296 1344 decretum
2333 1289 2438 1343 hoc
2465 1300 2827 1360 processerat,
2853 1300 3231 1359 ammonente,
3271 1293 3347 1363 (v,

1762 1379 1838 1451 l.)
1862 1380 2048 1436 divino
2080 1382 2292 1452 judicio
2330 1386 2469 1453 cepit
2501 1383 2552 1437 in
2577 1399 2674 1440 eos
2696 1385 2942 1440 descvire
2970 1385 3114 1456 ignis
3139 1387 3348 1457 quieos

1759 1475 2076 1544 torquebat;
2119 1492 2186 1531 eo
2221 1491 2365 1530 anno
2393 1475 2506 1531 fere
2544 1487 2693 1532 totus
2721 1479 2870 1534 orbis
2898 1480 3184 1549 penuriam
3221 1496 3349 1550 pas-

1757 1581 1855 1622 sus
1898 1575 1984 1622 est
2033 1584 2133 1638 pro
2170 1571 2394 1623 raritate
2437 1569 2550 1624 vini
2589 1579 2644 1625 et
2691 1571 2878 1627 tritici.
2936 1572 3177 1642 Sequuta
3208 1581 3350 1628 este

1757 1659 1990 1730 vestigio
2020 1661 2330 1716 mortalitas
2362 1662 2649 1717 hominum
2678 1664 3033 1733 prmmaxima
3060 1681 3112 1719 a.
3142 1665 3212 1720 ab
3237 1664 3342 1720 inc.

1759 1749 1916 1805 Dom.
1945 1751 2101 1806 l042.
2122 1751 2273 1807 Multi
2298 1762 2480 1808 autem
2515 1770 2707 1810 corum
2739 1756 2830 1826 qui
2866 1757 3258 1826 torquebantur
3278 1758 3349 1812 ab

93 1856 234 1912 agens
268 1840 338 1895 ita
373 1855 541 1896 orsus
572 1849 655 1895 est
686 1839 760 1909 (v,
793 1840 848 1909 5)
880 1859 892 1893 :
924 1838 1130 1910 Lugens
1164 1838 1307 1892 vobis
1340 1839 1540 1906 incipio
1569 1836 1652 1892 lo-
1687 1841 1730 1895 B
1758 1843 1906 1914 igne,
1950 1844 2235 1901 venientes
2276 1847 2343 1901 ad
2382 1846 2562 1901 virum
2602 1846 2720 1913 Dei,
2753 1849 2965 1904 meritis
3002 1851 3126 1919 ejus
3150 1858 3204 1905 et
3228 1865 3349 1921 pre-

85 1934 183 2002 ‘qui,
201 1933 284 2002 qui
314 1933 425 1987 vice
449 1930 653 1988 Christi
674 1932 730 1984 in
764 1931 878 2000 ejus
905 1929 1148 1985 wcclesia
1183 1929 1459 1983 constituti
1493 1930 1648 1996 estis',

89 2040 225 2091 quam
251 2021 349 2076 sibi
369 2023 712 2093 desponsavit
745 2032 792 2077 et
817 2039 911 2097 suo
937 2021 1195 2093 sanguine
1222 2020 1460 2074 redemit.
1498 2018 1650 2074 Sicut

89 2115 205 2168 enim
269 2115 516 2185 gratuita
565 2113 800 2168 bonitate
838 2113 902 2167 de
939 2113 1059 2166 sinu
1104 2111 1291 2165 Patris
1347 2128 1440 2181 per
1489 2111 1652 2182 virgi-

87 2215 188 2258 nem
220 2205 285 2258 ad
318 2222 413 2260 nos
457 2204 787 2259 redimendos
823 2205 997 2259 venire
1021 2204 1273 2276 dignatus
1299 2211 1397 2271 est,
1428 2204 1507 2257 ita
1540 2204 1651 2257 suis

88 2299 307 2369 pracepit
335 2284 410 2354 ἐι
465 2299 627 2365 dixit,
676 2299 889 2352 mittens
938 2315 1025 2352 eos
1067 2313 1085 2351 :
1126 2296 1307 2352 Gratis
1349 2297 1650 2367 accepistis,

83 2389 234 2458 'gratis
281 2390 430 2444 date.
479 2388 580 2443 Vos
620 2397 795 2443 autem
839 2390 1077 2443 avaricia
1119 2397 1171 2442 et
1206 2388 1498 2459 cupiditate
1531 2404 1652 2441 cor-

93 2481 329 2550 r'upti,qui
351 2479 766 2534 benedictionem
783 2480 1017 2550 conferre
1039 2479 1260 2545 debetis,
1275 2480 1330 2532 in
1350 2479 1449 2532 hac
1477 2487 1655 2532 trans-

88 2573 325 2640 gressione
353 2572 538 2626 dando
574 2580 625 2626 et
679 2571 983 2642 accipiendo
1017 2570 1288 2625 maledicti
1324 2571 1470 2624 estis.
1511 2567 1654 2623 Nam

93 2673 133 2717 et
157 2672 295 2733 pater
319 2681 492 2732 meus,
533 2663 597 2718 de
635 2663 786 2733 cujus
819 2664 1012 2717 animae
1050 2662 1287 2733 periculo
1313 2662 1464 2717 valde
1484 2663 1654 2734 perti-

95 2772 258 2824 mesco,
297 2757 524 2812 eandem
560 2755 952 2827 dampnabilem
991 2757 1279 2810 avaritiam
1323 2757 1379 2810 in
1416 2756 1528 2811 vita
1557 2773 1656 2810 sua

96 2851 229 2906 nimis
274 2853 536 2908 exercuit.
587 2849 796 2905 Idcirco
837 2851 1150 2923 quicumque
1193 2859 1423 2906 vestrum
1470 2850 1569 2905 hac
1603 2866 1656 2904 se

91 2941 276 2996 macula
293 2941 564 3013 pollutum
587 2941 845 3012 agnoscit,
871 2949 1074 3011 oportet
1095 2950 1151 2994 ut
1173 2957 1205 2994 a
1234 2957 1388 2994 sacro
1417 2941 1658 2994 ministe-

95 3033 160 3086 rio
186 3042 451 3088 arceatur.
490 3033 718 3104 Propter
741 3033 875 3087 hanc
901 3034 1040 3087 enim
1063 3033 1320 3103 o/fensam
1340 3033 1479 3086 venit
1503 3047 1659 3102 super

93 3123 212 3190 ﬁlios
232 3124 508 3178 hominum
541 3125 727 3195 (alites,
754 3124 1081 3191 mortalitas,
1112 3133 1164 3179 et
1195 3124 1430 3196 gladius.
1462 3120 1655 3179 Omnes

94 3217 209 3270 enim
234 3217 436 3288 gradus
461 3217 831 3273 ecclesiastici
876 3235 908 3272 α
949 3219 1180 3272 ηιαπὶωο
1211 3219 1460 3288 pontiﬁce
1489 3233 1658 3289 usque
1684 3190 1730 3252 (ἶ

96 3309 152 3360 ad
174 3311 451 3364 ostiarium
495 3312 864 3381 opprimuntur
902 3329 994 3376 per
1034 3320 1219 3366 vestra:
1259 3311 1656 3366 dainnnationis

92 3395 368 3469 pravarum,
405 3411 456 3456 et
481 3418 537 3456 tn
568 3411 782 3458 cunctos
817 3404 1098 3474 spirituale
1124 3412 1406 3476 grassatur
1436 3403 1658 3458 latroci-

95 3492 238 3547 nium.
268 3494 356 3548 Ad
385 3494 528 3550 hanc
549 3510 740 3551 vocem
782 3496 1130 3566 imperatoris
1161 3495 1450 3567 stupefacti
1478 3497 1658 3568 ponti-

94 3581 233 3653 lices,
276 3587 674 3644 misericordia!
726 3604 948 3660 operam
977 3589 1359 3660 implorabant.
1408 3590 1476 3645 At
1505 3590 1658 3661 prin-

93 3689 202 3747 ceps
229 3679 612 3736 misericordia
641 3689 856 3748 motus,
897 3690 952 3737 et
996 3697 1095 3753 pro
1138 3683 1320 3737 anima
1365 3682 1538 3753 patris
1569 3682 1656 3739 sui

95 3778 231 3824 orare
253 3785 349 3827 eos
374 3786 634 3838 monens,
667 3774 950 3844 proposuit
969 3774 1228 3842 edictum,
1253 3783 1314 3830 ut
1335 3775 1518 3831 nullus
1539 3791 1658 3848 gra-

94 3859 180 3915 dus
205 3857 290 3918 vel
313 3861 681 3920 ministerium
705 3865 1154 3922 azcclesiasticum
1185 3867 1370 3937 precio
1406 3868 1658 3939 adquire-

94 3961 252 4023 retur;
276 3967 330 4012 et
357 3957 404 4014 si
433 3957 559 4028 quis
595 3966 962 4028 a‘ttemptaret,
987 3959 1135 4014 omni
1166 3960 1374 4015 honore
1404 3960 1660 4017 multare-

95 4052 185 4100 tur.
217 4048 384 4115 Sicut,
433 4049 710 4121 inquiens,
756 4049 898 4105 Deus
943 4068 1193 4106 coronam
1231 4053 1444 4124 intperii
1486 4053 1655 4125 gratis

95 4139 204 4196 mihi
233 4142 398 4210 dedit,
426 4143 504 4197 ita
531 4160 623 4214 ego
639 4142 778 4214 quod
805 4143 876 4198 ad
895 4145 1198 4217 religionem
1223 4148 1450 4217 pertinet
1485 4148 1655 4218 gratis

93 4226 330 4300 hnpendo.
383 4231 512 4288 Volo
538 4242 596 4288 ut
628 4243 679 4288 et
708 4251 797 4289 vos
838 4235 1088 4290 similiter
1121 4237 1360 4307 faciatis.
1387 4236 1656 4294 Puerulus

96 4320 256 4395 itaque
300 4325 397 4398 qui
442 4323 705 4382 Romanae
744 4327 1038 4384 incnbabat
1072 4329 1336 4397 ecclesiae,
1383 4339 1655 4402 prmeepto

97 4411 418 4485 imperatoris
465 4434 496 4472 a
534 4419 662 4474 sede
701 4418 948 4490 dejeetus
988 4428 1092 4484 est,
1135 4430 1190 4477 et
1231 4420 1528 4494 Gregorius
1566 4421 1652 4491 Vl,

98 4506 294 4563 natione
327 4506 611 4564 Romanus
647 4509 980 4567 substitutus
1005 4520 1106 4567 est.
1145 4511 1317 4584 Cujus
1341 4514 1483 4569 bona
1508 4513 1653 4569 fama

97 4597 333 4670 quidquid
371 4600 524 4671 prior
551 4599 830 4656 fedaverat
869 4601 926 4656 in
961 4602 1158 4659 melius
1192 4602 1530 4661 reformavit.
1577 4605 1652 4678 (v,

97 4685 164 4757 ι.)
204 4688 296 4748 Hie
335 4700 588 4748 sanctum
638 4689 926 4748 0dilonem
971 4693 1264 4750 instituens
1304 4693 1655 4767 Lugdunensi

89 4782 328 4841 ecclesia:
360 4785 604 4841 ordinari
651 4785 987 4856 pontiﬁcem,
1045 4787 1198 4842 misit
1237 4787 1287 4843 ei
1332 4788 1558 4858 pallium
1602 4799 1657 4845 et

99 4874 316 4932 anulum.
365 4877 474 4934 Sed
511 4878 600 4934 vir
629 4877 921 4950 religiosus
968 4879 1264 4935 humilitati
1293 4881 1520 4938 studens
1550 4883 1656 4939 hoc

100 4967 275 5035 renuit,
306 4971 532 5040 pallium
565 4979 748 5028 tamen
779 4979 833 5026 et
866 4971 1092 5026 anulum
1132 4973 1380 5041 retinuit,
1431 4990 1658 5032 servans

103 5053 212 5112 illud
246 5063 483 5131 pontiﬁci
526 5064 622 5134 qui
655 5065 854 5136 dignus
889 5072 1066 5131 esset;
1101 5065 1250 5136 quod
1281 5082 1455 5137 usque
1490 5067 1652 5124 hodie

101 5145 317 5210 Cluniaei
357 5156 608 5213 habetur.
662 5155 954 5213 Heinricus
1005 5173 1170 5225 vero,
1220 5166 1438 5229 recepto
1483 5153 1653 5232 regno

102 5240 504 5314 Austrasiorum,
551 5258 831 5320 comperta
877 5248 1220 5305 dissensione
1268 5251 1568 5318 condoluit,
1600 5261 1654 5310 et

102 5337 222 5401 apud
248 5337 564 5412 Bysontium
615 5356 667 5395 a.
715 5342 784 5396 ab
819 5343 927 5396 inc.
979 5340 1135 5396 Dom.
1182 5339 1342 5409 1041,
1385 5343 1653 5401 electione

103 5423 212 5480 cleri
236 5438 284 5484 et
314 5431 500 5501 poculi
547 5432 822 5487 ﬁrmatum
868 5432 1132 5488 domuum
1174 5430 1488 5490 Odelricum
1522 5435 1652 5492 Lin-

1757 1935 1914 1991 cibus
1937 1937 2275 1992 curabantur
2295 1939 2507 1994 medica
2531 1940 2732 1995 virtute
2748 1940 2862 1996 Dei.
2887 1941 3148 2012 Superest
3169 1943 3349 1999 adhuc

1755 2026 1992 2084 domnus
2020 2029 2292 2088 Eduensis
2315 2032 2607 2103 episcopus
2632 2033 2802 2105 (l09),
2839 2034 2924 2088 vir
2945 2035 3070 2090 vitae
3105 2036 3348 2108 longevi-

1755 2125 1865 2174 tate
1889 2121 2216 2191 grandevus,
2251 2124 2347 2194 qui
2381 2132 2435 2179 et
2469 2123 2673 2180 referre
2705 2127 2900 2182 solitus
2934 2135 3035 2194 est,
3064 2129 3192 2198 quia
3221 2145 3346 2184 cum

1758 2226 1789 2266 a
1811 2221 2003 2268 sancto
2037 2212 2265 2271 Odilone
2291 2225 2346 2271 et
2383 2217 2581 2273 ceteris
2620 2218 2736 2289 ipsa
2767 2234 2872 2289 pax
2903 2219 3106 2276 divinis
3141 2223 3349 2276 revela—
3423 2287 3426 2290 ,

1759 2305 2001 2361 tionibus
2029 2296 2298 2376 instituta,
2325 2318 2474 2365 treva
2499 2309 2594 2366 Dei
2623 2313 2914 2383 appellata,
2945 2321 2999 2367 et
3016 2314 3085 2368 ab
3112 2314 3346 2369 Austra-

1759 2397 1858 2454 siis
1905 2409 2159 2471 suscepta
2194 2401 2419 2471 fuisset,
2459 2413 2513 2460 et
2564 2406 2818 2462 voluntas
2853 2406 3100 2462 omnium
3144 2408 3198 2461 in
3243 2408 3348 2463 hoc

1757 2500 1905 2546 esset
1939 2509 2047 2548 una
2071 2502 2132 2548 ut
2162 2495 2364 2566 ubique
2396 2507 2734 2566 servaretur,
2760 2499 3049 2571 negocium
3076 2500 3181 2556 hoc
3205 2509 3347 2556 stre-

1758 2584 1958 2638 nuitati
1999 2585 2164 2656 hujus
2203 2589 2377 2657 patris
2403 2591 2578 2645 nostri
2620 2589 2820 2648 Gratia:
2862 2591 2958 2647 Dei
3000 2594 3069 2648 ab
3091 2593 3349 2650 omnibus

1760 2671 2079 2742 impositum
2125 2681 2230 2742 est,
2279 2683 2340 2730 ut
2363 2676 2485 2746 ejus
2528 2680 2712 2734 studio
2741 2687 2796 2736 et
2830 2680 3097 2737 industria
3125 2699 3229 2752 pax
3255 2697 3349 2738 ea-

1760 2765 1883 2820 dem
1913 2765 1969 2820 in
1994 2765 2246 2824 Ncustria
2277 2778 2608 2836 servaretur,
2637 2787 2704 2827 eo
2737 2773 2885 2844 quod
2909 2775 3044 2830 certi
3072 2784 3257 2830 essent
3280 2776 3348 2831 de

1759 2872 1845 2924 eo,
1875 2858 2022 2928 quod
2064 2867 2212 2915 tanta
2241 2869 2388 2916 esset
2426 2861 2548 2933 ejus
2591 2878 2718 2936 erga
2757 2881 2951 2922 omnes
2998 2875 3053 2921 et
3097 2868 3347 2923 omnium

1759 2962 1888 3020 erga
1919 2963 2045 3004 eum
2076 2951 2250 3022 gratia
2273 2993 2289 3019 ,
2339 2959 2401 3008 ut
2429 2953 2696 3024 quidquid
2739 2957 3069 3013 servandum
3103 2958 3345 3027 doceret,

1761 3052 2076 3101 servaretur
2114 3061 2146 3101 a
2181 3047 2420 3116 cunctis,
2467 3049 2734 3121 quidquid
2761 3052 3042 3107 vitandum
3069 3062 3348 3110 monstra—

1760 3143 1863 3202 ret,
1894 3135 1949 3191 id
1975 3137 2160 3192 cuncti
2182 3138 2433 3194 vitarent.
2460 3138 2828 3206 Quamobrem
2859 3143 3054 3215 sategit
3074 3153 3230 3215 pater
3251 3161 3347 3201 ve-

1761 3224 2043 3292 nerabilis,
2078 3234 2139 3281 ut
2171 3235 2387 3284 tantum
2415 3229 2623 3286 bonum
2664 3241 2942 3303 gratanter
2980 3234 3050 3289 ab
3089 3236 3348 3292 omnibus

1762 3319 2134 3389 susciperetur
2154 3338 2168 3350 θ
2197 3321 2292 3377 sed
2314 3337 2569 3392 perversa
2589 3326 2956 3395 quorumdam
2986 3327 3262 3397 voluntas,
3294 3341 3350 3386 et

1761 3423 1916 3466 mens
1939 3410 2226 3480 indomita,
2250 3413 2409 3484 quasi
2447 3414 2755 3472 inauditum
2791 3417 2897 3474 hoc
2922 3419 3154 3490 respuit,
3185 3423 3348 3492 quasi

1759 3502 1853 3572 qui
1880 3503 2086 3560 nollent
2125 3504 2376 3562 instituta
2414 3517 2642 3579 paterna
2677 3511 2886 3567 violare
2913 3523 2967 3568 et
3008 3528 3148 3570 nova
3183 3523 3348 3586 atque

1760 3595 2008 3654 inaudita
2048 3599 2347 3670 suscipere.
2394 3599 2548 3658 Unde
2584 3611 2639 3659 et
2667 3604 3005 3676 subsequuta
3049 3615 3136 3664 est
3162 3607 3348 3664 divina

1757 3689 1916 3758 ultio,
1953 3691 2097 3762 ignis
2119 3692 2328 3749 scilicet
2356 3693 2413 3748 in
2443 3695 2672 3775 rebelles
2717 3706 2772 3752 et
2813 3706 3167 3757 contumaces
3190 3701 3350 3758 dese-

1757 3783 1912 3840 viens
1938 3800 1968 3840 a
2011 3783 2264 3855 Domino,
2307 3803 2418 3859 quo
2449 3791 2848 3860 torquebantur
2868 3793 2964 3864 qui
2984 3793 3104 3850 viro
3130 3793 3227 3850 Dei
3257 3811 3346 3851 re-

1759 3876 1952 3934 sistere
1972 3886 2028 3934 et
2049 3880 2306 3936 mandata
2328 3881 2450 3952 ejus
2473 3892 2825 3941 contemnere
2856 3901 2968 3940 non
2995 3888 3346 3944 verebantur.

1760 3967 1985 4028 Videres
2023 3973 2422 4030 monasterium
2452 3976 2641 4032 eximii
2682 3978 2860 4048 patris
2887 3979 3197 4037 ardentium
3226 3989 3349 4038 tur-

1757 4060 1842 4117 bis
1884 4060 2168 4132 refertum,
2208 4080 2350 4135 quos
2393 4065 2511 4137 ipse
2545 4077 2864 4124 sanctorum
2913 4070 3162 4143 reliquiis
3205 4089 3349 4144 aqua

1756 4153 2046 4210 benedicta
2077 4157 2347 4226 respersis
2374 4166 2429 4213 et
2465 4159 2596 4216 vino
2634 4161 2784 4229 lotis,
2818 4169 2874 4217 et
2896 4163 3118 4232 pulvere
3146 4166 3242 4236 qui
3281 4167 3351 4222 de

1757 4256 1912 4318 petra
1962 4250 2240 4320 sepulchri
2280 4251 2501 4308 Domini
2536 4255 2832 4312 radebatur
2878 4257 3008 4315 vino
3053 4260 3175 4331 ipso
3215 4277 3350 4318 eon-

1756 4351 1972 4409 sperso,
1995 4347 2050 4395 et
2082 4338 2151 4396 ad
2183 4343 2486 4413 potandum
2522 4344 2745 4402 miseris
2769 4347 2925 4415 dato,
2967 4365 3099 4420 pace
3131 4351 3347 4407 ﬁrmata

1757 4437 1812 4485 et
1836 4429 2042 4500 jurata,
2087 4432 2337 4504 pristinae
2359 4436 2583 4493 sanitati
2605 4439 2883 4497 reddebat.
2908 4440 3016 4498 Pro
3042 4443 3349 4501 innumeris

1758 4531 1940 4579 autem
1974 4525 2153 4582 turbis
2179 4526 2572 4586 conﬂuentium
2596 4531 2940 4590 inﬁrmorum
2964 4551 3062 4591 vas
3089 4537 3240 4608 potui
3270 4538 3346 4593 illi

1756 4625 2010 4686 paratum
2033 4626 2173 4686 erat,
2198 4628 2260 4676 ut
2291 4621 2337 4677 si
2375 4622 2695 4681 advenirent
2726 4628 2922 4700 egroti,
2953 4637 3117 4700 potus
3154 4630 3348 4703 salutis

1758 4723 1869 4763 non
1911 4709 2156 4780 deesset,
2197 4728 2266 4769 ne
2301 4705 2621 4774 fallerentur
2667 4720 2716 4776 si
2768 4721 2905 4776 hora
2958 4723 3348 4795 ineompetenti

1757 4800 2074 4873 venissent;
2109 4821 2246 4862 neve
2270 4816 2402 4865 tunc
2431 4808 2573 4868 foret
2599 4815 2902 4870 necessitas
2927 4817 3244 4872 recurrendi
3278 4819 3347 4874 ad

1758 4892 2095 4952 ablutionem
2146 4899 2506 4971 reliquiarum
2530 4946 2546 4973 ,
2601 4906 2770 4976 quod
2802 4917 2926 4978 post
2982 4910 3347 4980 expletionem

1762 4985 1949 5042 misse
1973 4987 2170 5059 inpleri
2197 5008 2318 5049 mos
2345 5004 2480 5051 erat.

1834 5076 2022 5150 [Cum
2055 5080 2192 5138 Bon.
2221 5101 2276 5152 v,
2304 5085 2381 5158 1.]
2425 5087 2586 5144 Anno
2627 5089 2795 5162 igitur
2829 5093 2898 5148 ab
2926 5093 3139 5151 incarn.
3185 5096 3344 5153 Dom.

1764 5167 1925 5238 1045,
1962 5171 2252 5232 Heinricus
2272 5179 2428 5234 duxit
2450 5197 2677 5238 uxorem
2715 5186 2941 5243 nomine
2967 5189 3228 5260 Agnetem
3245 5232 3260 5258 ,
3286 5189 3349 5245 ﬁ-

1759 5260 1892 5318 liam
1941 5263 2200 5322 Willelmi
2241 5267 2604 5340 Pictavensis,
2661 5278 2804 5346 apud
2855 5278 3210 5351 Bysontium;
3253 5282 3347 5336 ubi

1759 5354 2036 5412 affuerunt
2061 5360 2303 5432 episcopi
2344 5364 2433 5420 28.
2467 5365 2619 5423 Cum'
2640 5371 2787 5424 enim
2829 5381 2975 5428 esset
3012 5373 3148 5428 alias
3170 5373 3348 5428 bonus

1758 5455 1813 5502 et
1847 5463 2040 5507 omnes
2069 5453 2190 5524 ejus
2219 5455 2434 5514 sitirent
2457 5459 2784 5532 dominium,
2826 5465 3010 5521 carnis
3048 5477 3228 5521 tamen
3259 5464 3347 5518 in-

1606 5668 1837 5730 NOTAE.

158 5771 296 5858 (ιοό)
329 5788 551 5862 Hagano
577 5789 782 5847 obiita.
815 5789 971 5848 1098.
999 5791 1125 5848 Jun.
1150 5793 1324 5851 25.-v.
1358 5796 1519 5857 intra.
