  <div class='ocr_page' id='page_1' title='image "/cluster/home/n/w/nwhite01/storage/ocr_20150623/154/hvd.32044015473820/137.png"; bbox 0 0 3834 6304; ppageno 0'>
   <div class='ocr_carea' id='block_1_1' title="bbox 474 342 584 399">
    <p class='ocr_par' dir='ltr' id='par_1_1' title="bbox 474 342 584 399">
     <span class='ocr_line' id='line_1_1' title="bbox 474 342 584 399; baseline -0.009 0"><span class='ocrx_word' id='word_1_1' title='bbox 474 342 584 399; x_wconf 75' lang='lat'><strong>265</strong></span> 
     </span>
    </p>
   </div>
   <div class='ocr_carea' id='block_1_2' title="bbox 1478 312 2726 384">
    <p class='ocr_par' dir='ltr' id='par_1_2' title="bbox 1478 312 2726 384">
     <span class='ocr_line' id='line_1_2' title="bbox 1478 312 2726 384; baseline -0.003 -2"><span class='ocrx_word' id='word_1_2' title='bbox 1478 312 1780 384; x_wconf 75' lang='lat' dir='ltr'><strong>HUGONIS</strong></span> <span class='ocrx_word' id='word_1_3' title='bbox 1821 320 2114 379; x_wconf 79' lang='lat' dir='ltr'><strong>ABBATIS</strong></span> <span class='ocrx_word' id='word_1_4' title='bbox 2152 321 2726 379; x_wconf 76' lang='lat' dir='ltr'><strong>FLAVINIACENSIS</strong></span> 
     </span>
    </p>
   </div>
   <div class='ocr_carea' id='block_1_3' title="bbox 3662 319 3760 380">
    <p class='ocr_par' dir='ltr' id='par_1_3' title="bbox 3662 319 3760 380">
     <span class='ocr_line' id='line_1_3' title="bbox 3662 319 3760 380; baseline 0.041 -4"><span class='ocrx_word' id='word_1_5' title='bbox 3662 319 3760 380; x_wconf 60' lang='grc' dir='ltr'><strong>εει</strong></span> 
     </span>
    </p>
   </div>
   <div class='ocr_carea' id='block_1_4' title="bbox 476 432 3759 516">
    <p class='ocr_par' dir='ltr' id='par_1_4' title="bbox 476 432 3759 516">
     <span class='ocr_line' id='line_1_4' title="bbox 476 432 3759 516; baseline -0.008 -4"><span class='ocrx_word' id='word_1_6' title='bbox 476 452 872 512; x_wconf 75' lang='lat' dir='ltr'><strong>continentiam</strong></span> <span class='ocrx_word' id='word_1_7' title='bbox 901 449 1117 506; x_wconf 85' lang='lat' dir='ltr'><strong>frenare</strong></span> <span class='ocrx_word' id='word_1_8' title='bbox 1157 461 1265 501; x_wconf 90' lang='lat' dir='ltr'><strong>non</strong></span> <span class='ocrx_word' id='word_1_9' title='bbox 1306 442 1500 516; x_wconf 87' lang='lat' dir='ltr'><strong>potuit.</strong></span> <span class='ocrx_word' id='word_1_10' title='bbox 1541 439 1704 495; x_wconf 83' lang='lat' dir='ltr'><strong>Pater</strong></span> <span class='ocrx_word' id='word_1_11' title='bbox 1748 436 2060 494; x_wconf 80' lang='lat' dir='ltr'><strong>Richardus</strong></span> <span class='ocrx_word' id='word_1_12' title='bbox 2089 440 2137 495; x_wconf 82' lang='grc' dir='ltr'><strong>Α</strong></span> <span class='ocrx_word' id='word_1_13' title='bbox 2164 435 2567 493; x_wconf 90' lang='lat' dir='ltr'><strong>ctimonialium</strong></span> <span class='ocrx_word' id='word_1_14' title='bbox 2595 444 2803 502; x_wconf 88' lang='lat' dir='ltr'><strong>coetus;</strong></span> <span class='ocrx_word' id='word_1_15' title='bbox 2843 440 2898 490; x_wconf 87' lang='lat' dir='ltr'><strong>et</strong></span> <span class='ocrx_word' id='word_1_16' title='bbox 2930 432 3248 490; x_wconf 90' lang='lat' dir='ltr'><strong>visitationc</strong></span> <span class='ocrx_word' id='word_1_17' title='bbox 3283 432 3559 504; x_wconf 85' lang='lat' dir='ltr'><strong>solempni</strong></span> <span class='ocrx_word' id='word_1_18' title='bbox 3583 442 3759 489; x_wconf 78' lang='lat' dir='ltr'><strong>osten-</strong></span> 
     </span>
    </p>
   </div>
   <div class='ocr_carea' id='block_1_5' title="bbox 476 528 2074 614">
    <p class='ocr_par' dir='ltr' id='par_1_5' title="bbox 476 528 2074 614">
     <span class='ocr_line' id='line_1_5' title="bbox 476 528 2074 614; baseline -0.013 -12"><span class='ocrx_word' id='word_1_19' title='bbox 476 555 613 602; x_wconf 89' lang='lat' dir='ltr'><strong>tunc</strong></span> <span class='ocrx_word' id='word_1_20' title='bbox 654 541 914 614; x_wconf 90' lang='lat' dir='ltr'><strong>temporis</strong></span> <span class='ocrx_word' id='word_1_21' title='bbox 967 534 1360 595; x_wconf 79' lang='lat' dir='ltr'><strong>menastcrium</strong></span> <span class='ocrx_word' id='word_1_22' title='bbox 1391 531 1618 587; x_wconf 80' lang='lat' dir='ltr'><strong>nolebat</strong></span> <span class='ocrx_word' id='word_1_23' title='bbox 1654 528 1990 600; x_wconf 82' lang='lat' dir='ltr'><strong>relinquere,</strong></span> <span class='ocrx_word' id='word_1_24' title='bbox 2042 544 2074 582; x_wconf 92' lang='lat' dir='ltr'><strong>a</strong></span> 
     </span>
    </p>
   </div>
   <div class='ocr_carea' id='block_1_6' title="bbox 492 618 2072 709">
    <p class='ocr_par' dir='ltr' id='par_1_6' title="bbox 492 618 2072 709">
     <span class='ocr_line' id='line_1_6' title="bbox 492 618 2072 709; baseline -0.012 -16"><span class='ocrx_word' id='word_1_25' title='bbox 492 652 604 709; x_wconf 89' lang='lat' dir='ltr'><strong>quo</strong></span> <span class='ocrx_word' id='word_1_26' title='bbox 629 650 730 707; x_wconf 78' lang='lat' dir='ltr'><strong>pro</strong></span> <span class='ocrx_word' id='word_1_27' title='bbox 745 634 911 689; x_wconf 81' lang='lat' dir='ltr'><strong>nullis</strong></span> <span class='ocrx_word' id='word_1_28' title='bbox 938 627 1316 701; x_wconf 84' lang='lat' dir='ltr'><strong>ingruentibus</strong></span> <span class='ocrx_word' id='word_1_29' title='bbox 1337 624 1522 680; x_wconf 80' lang='lat' dir='ltr'><strong>causis</strong></span> <span class='ocrx_word' id='word_1_30' title='bbox 1557 621 1868 707; x_wconf 83' lang='lat' dir='ltr'><strong>patiebatur</strong></span> <span class='ocrx_word' id='word_1_31' title='bbox 1893 618 2072 687; x_wconf 80' lang='lat' dir='ltr'><strong>avelli,</strong></span> 
     </span>
    </p>
   </div>
   <div class='ocr_carea' id='block_1_7' title="bbox 498 713 2076 800">
    <p class='ocr_par' dir='ltr' id='par_1_7' title="bbox 498 713 2076 800">
     <span class='ocr_line' id='line_1_7' title="bbox 498 713 2076 800; baseline -0.013 -15"><span class='ocrx_word' id='word_1_32' title='bbox 498 729 630 800; x_wconf 84' lang='lat' dir='ltr'><strong>quia</strong></span> <span class='ocrx_word' id='word_1_33' title='bbox 660 727 865 783; x_wconf 78' lang='lat' dir='ltr'><strong>sciebat</strong></span> <span class='ocrx_word' id='word_1_34' title='bbox 888 732 939 779; x_wconf 91' lang='lat' dir='ltr'><strong>et</strong></span> <span class='ocrx_word' id='word_1_35' title='bbox 956 722 1284 793; x_wconf 83' lang='lat' dir='ltr'><strong>praedixerat</strong></span> <span class='ocrx_word' id='word_1_36' title='bbox 1317 715 1443 772; x_wconf 93' lang='lat' dir='ltr'><strong>ﬁliis</strong></span> <span class='ocrx_word' id='word_1_37' title='bbox 1479 715 1747 770; x_wconf 83' lang='lat' dir='ltr'><strong>inminere</strong></span> <span class='ocrx_word' id='word_1_38' title='bbox 1783 713 2076 768; x_wconf 89' lang='lat' dir='ltr'><strong>resolutio-</strong></span> 
     </span>
    </p>
   </div>
   <div class='ocr_carea' id='block_1_8' title="bbox 486 807 2070 887">
    <p class='ocr_par' dir='ltr' id='par_1_8' title="bbox 486 807 2070 887">
     <span class='ocr_line' id='line_1_8' title="bbox 486 807 2070 887; baseline -0.011 -9"><span class='ocrx_word' id='word_1_39' title='bbox 486 836 613 877; x_wconf 89' lang='lat' dir='ltr'><strong>nem</strong></span> <span class='ocrx_word' id='word_1_40' title='bbox 642 819 729 876; x_wconf 86' lang='lat' dir='ltr'><strong>sui</strong></span> <span class='ocrx_word' id='word_1_41' title='bbox 758 814 1020 887; x_wconf 83' lang='lat' dir='ltr'><strong>corporis.</strong></span> <span class='ocrx_word' id='word_1_42' title='bbox 1062 811 1275 868; x_wconf 79' lang='lat' dir='ltr'><strong>Etenim</strong></span> <span class='ocrx_word' id='word_1_43' title='bbox 1297 809 1676 881; x_wconf 83' lang='lat' dir='ltr'><strong>superioribus</strong></span> <span class='ocrx_word' id='word_1_44' title='bbox 1704 807 1864 862; x_wconf 88' lang='lat' dir='ltr'><strong>annis</strong></span> <span class='ocrx_word' id='word_1_45' title='bbox 1893 822 2070 877; x_wconf 90' lang='lat' dir='ltr'><strong>quan-</strong></span> 
     </span>
    </p>
   </div>
   <div class='ocr_carea' id='block_1_9' title="bbox 483 898 2075 977">
    <p class='ocr_par' dir='ltr' id='par_1_9' title="bbox 483 898 2075 977">
     <span class='ocr_line' id='line_1_9' title="bbox 483 898 2075 977; baseline -0.009 -9"><span class='ocrx_word' id='word_1_46' title='bbox 483 913 692 968; x_wconf 86' lang='lat' dir='ltr'><strong>dolucs</strong></span> <span class='ocrx_word' id='word_1_47' title='bbox 738 909 846 975; x_wconf 79' lang='lat' dir='ltr'><strong>illa,</strong></span> <span class='ocrx_word' id='word_1_48' title='bbox 877 907 943 962; x_wconf 91' lang='lat' dir='ltr'><strong>de</strong></span> <span class='ocrx_word' id='word_1_49' title='bbox 974 910 1081 977; x_wconf 85' lang='lat' dir='ltr'><strong>qua</strong></span> <span class='ocrx_word' id='word_1_50' title='bbox 1124 902 1598 974; x_wconf 80' lang='lat' dir='ltr'><strong>inpraesentiarum</strong></span> <span class='ocrx_word' id='word_1_51' title='bbox 1633 900 1966 956; x_wconf 77' lang='lat' dir='ltr'><strong>mentionem</strong></span> <span class='ocrx_word' id='word_1_52' title='bbox 1992 898 2075 955; x_wconf 91' lang='lat' dir='ltr'><strong>fe-</strong></span> 
     </span>
    </p>
   </div>
   <div class='ocr_carea' id='block_1_10' title="bbox 483 993 2073 1072">
    <p class='ocr_par' dir='ltr' id='par_1_10' title="bbox 483 993 2073 1072">
     <span class='ocr_line' id='line_1_10' title="bbox 483 993 2073 1072; baseline -0.008 -12"><span class='ocrx_word' id='word_1_53' title='bbox 483 1005 679 1069; x_wconf 92' lang='lat' dir='ltr'><strong>cimus,</strong></span> <span class='ocrx_word' id='word_1_54' title='bbox 719 1001 981 1072; x_wconf 83' lang='lat' dir='ltr'><strong>populum</strong></span> <span class='ocrx_word' id='word_1_55' title='bbox 1021 997 1279 1063; x_wconf 69' lang='lat' dir='ltr'><strong>vastavit,</strong></span> <span class='ocrx_word' id='word_1_56' title='bbox 1308 1010 1433 1051; x_wconf 90' lang='lat' dir='ltr'><strong>cum</strong></span> <span class='ocrx_word' id='word_1_57' title='bbox 1462 994 1794 1049; x_wconf 89' lang='lat' dir='ltr'><strong>dilaberetur</strong></span> <span class='ocrx_word' id='word_1_58' title='bbox 1819 993 2073 1063; x_wconf 88' lang='lat' dir='ltr'><strong>populus,</strong></span> 
     </span>
    </p>
   </div>
   <div class='ocr_carea' id='block_1_11' title="bbox 480 1084 2074 1160">
    <p class='ocr_par' dir='ltr' id='par_1_11' title="bbox 480 1084 2074 1160">
     <span class='ocr_line' id='line_1_11' title="bbox 480 1084 2074 1160; baseline -0.009 -8"><span class='ocrx_word' id='word_1_59' title='bbox 480 1105 534 1152; x_wconf 90' lang='lat' dir='ltr'><strong>et</strong></span> <span class='ocrx_word' id='word_1_60' title='bbox 551 1094 742 1149; x_wconf 91' lang='lat' dir='ltr'><strong>civitas</strong></span> <span class='ocrx_word' id='word_1_61' title='bbox 769 1087 1132 1146; x_wconf 72' lang='lat' dir='ltr'><strong>Vit-dunensis</strong></span> <span class='ocrx_word' id='word_1_62' title='bbox 1157 1102 1296 1160; x_wconf 88' lang='lat' dir='ltr'><strong>pene</strong></span> <span class='ocrx_word' id='word_1_63' title='bbox 1322 1087 1661 1159; x_wconf 77' lang='lat' dir='ltr'><strong>redigeretur</strong></span> <span class='ocrx_word' id='word_1_64' title='bbox 1683 1085 1742 1139; x_wconf 86' lang='lat' dir='ltr'><strong>in</strong></span> <span class='ocrx_word' id='word_1_65' title='bbox 1768 1084 2074 1151; x_wconf 86' lang='lat' dir='ltr'><strong>heremum,</strong></span> 
     </span>
    </p>
   </div>
   <div class='ocr_carea' id='block_1_12' title="bbox 480 1175 2078 1257">
    <p class='ocr_par' dir='ltr' id='par_1_12' title="bbox 480 1175 2078 1257">
     <span class='ocr_line' id='line_1_12' title="bbox 480 1175 2078 1257; baseline -0.008 -13"><span class='ocrx_word' id='word_1_66' title='bbox 480 1192 770 1244; x_wconf 80' lang='lat' dir='ltr'><strong>commune</strong></span> <span class='ocrx_word' id='word_1_67' title='bbox 790 1181 1105 1257; x_wconf 75' lang='lat' dir='ltr'><strong>periculum</strong></span> <span class='ocrx_word' id='word_1_68' title='bbox 1124 1180 1403 1236; x_wconf 91' lang='lat' dir='ltr'><strong>communi</strong></span> <span class='ocrx_word' id='word_1_69' title='bbox 1431 1179 1677 1233; x_wconf 91' lang='lat' dir='ltr'><strong>oratione</strong></span> <span class='ocrx_word' id='word_1_70' title='bbox 1712 1177 1828 1232; x_wconf 91' lang='lat' dir='ltr'><strong>tolli</strong></span> <span class='ocrx_word' id='word_1_71' title='bbox 1862 1175 2078 1232; x_wconf 89' lang='lat' dir='ltr'><strong>consul-</strong></span> 
     </span>
    </p>
   </div>
   <div class='ocr_carea' id='block_1_13' title="bbox 480 1268 2075 1348">
    <p class='ocr_par' dir='ltr' id='par_1_13' title="bbox 480 1268 2075 1348">
     <span class='ocr_line' id='line_1_13' title="bbox 480 1268 2075 1348; baseline -0.006 -16"><span class='ocrx_word' id='word_1_72' title='bbox 480 1287 599 1333; x_wconf 88' lang='lat' dir='ltr'><strong>tum</strong></span> <span class='ocrx_word' id='word_1_73' title='bbox 649 1285 752 1333; x_wconf 88' lang='lat' dir='ltr'><strong>est.</strong></span> <span class='ocrx_word' id='word_1_74' title='bbox 787 1275 963 1346; x_wconf 86' lang='lat' dir='ltr'><strong>Cujus</strong></span> <span class='ocrx_word' id='word_1_75' title='bbox 1002 1271 1347 1328; x_wconf 77' lang='lat' dir='ltr'><strong>necessitatis</strong></span> <span class='ocrx_word' id='word_1_76' title='bbox 1376 1276 1602 1348; x_wconf 77' lang='lat' dir='ltr'><strong>urgente</strong></span> <span class='ocrx_word' id='word_1_77' title='bbox 1631 1268 1873 1334; x_wconf 86' lang='lat' dir='ltr'><strong>miseria,</strong></span> <span class='ocrx_word' id='word_1_78' title='bbox 1920 1282 2075 1322; x_wconf 86' lang='lat' dir='ltr'><strong>com-</strong></span> 
     </span>
    </p>
   </div>
   <div class='ocr_carea' id='block_1_14' title="bbox 480 1359 2075 1431">
    <p class='ocr_par' dir='ltr' id='par_1_14' title="bbox 480 1359 2075 1431">
     <span class='ocr_line' id='line_1_14' title="bbox 480 1359 2075 1431; baseline -0.008 -6"><span class='ocrx_word' id='word_1_79' title='bbox 480 1370 637 1425; x_wconf 82' lang='lat' dir='ltr'><strong>muni</strong></span> <span class='ocrx_word' id='word_1_80' title='bbox 666 1375 795 1424; x_wconf 87' lang='lat' dir='ltr'><strong>voto</strong></span> <span class='ocrx_word' id='word_1_81' title='bbox 824 1367 1184 1423; x_wconf 84' lang='lat' dir='ltr'><strong>delibera-tum</strong></span> <span class='ocrx_word' id='word_1_82' title='bbox 1216 1371 1299 1420; x_wconf 86' lang='lat' dir='ltr'><strong>est</strong></span> <span class='ocrx_word' id='word_1_83' title='bbox 1366 1362 1511 1418; x_wconf 88' lang='lat' dir='ltr'><strong>beati</strong></span> <span class='ocrx_word' id='word_1_84' title='bbox 1548 1359 1734 1415; x_wconf 76' lang='lat' dir='ltr'><strong>Vitoni</strong></span> <span class='ocrx_word' id='word_1_85' title='bbox 1775 1359 2075 1431; x_wconf 85' lang='lat' dir='ltr'><strong>imploran-</strong></span> 
     </span>
    </p>
   </div>
   <div class='ocr_carea' id='block_1_15' title="bbox 481 1450 2077 1529">
    <p class='ocr_par' dir='ltr' id='par_1_15' title="bbox 481 1450 2077 1529">
     <span class='ocr_line' id='line_1_15' title="bbox 481 1450 2077 1529; baseline -0.008 -13"><span class='ocrx_word' id='word_1_86' title='bbox 481 1463 612 1517; x_wconf 85' lang='lat' dir='ltr'><strong>dum</strong></span> <span class='ocrx_word' id='word_1_87' title='bbox 639 1476 761 1515; x_wconf 86' lang='lat' dir='ltr'><strong>esse</strong></span> <span class='ocrx_word' id='word_1_88' title='bbox 791 1457 1143 1529; x_wconf 57' lang='lat' dir='ltr'><strong>praesidium,</strong></span> <span class='ocrx_word' id='word_1_89' title='bbox 1190 1455 1350 1526; x_wconf 85' lang='lat' dir='ltr'><strong>cujus</strong></span> <span class='ocrx_word' id='word_1_90' title='bbox 1389 1469 1448 1509; x_wconf 89' lang='lat' dir='ltr'><strong>se</strong></span> <span class='ocrx_word' id='word_1_91' title='bbox 1493 1451 1840 1509; x_wconf 87' lang='lat' dir='ltr'><strong>conﬁdebant</strong></span> <span class='ocrx_word' id='word_1_92' title='bbox 1865 1450 2077 1506; x_wconf 88' lang='lat' dir='ltr'><strong>meritis</strong></span> 
     </span>
    </p>
   </div>
   <div class='ocr_carea' id='block_1_16' title="bbox 478 1540 2077 1621">
    <p class='ocr_par' dir='ltr' id='par_1_16' title="bbox 478 1540 2077 1621">
     <span class='ocr_line' id='line_1_16' title="bbox 478 1540 2077 1621; baseline -0.006 -16"><span class='ocrx_word' id='word_1_93' title='bbox 478 1553 606 1607; x_wconf 62' lang='lat' dir='ltr'><strong>vita:</strong></span> <span class='ocrx_word' id='word_1_94' title='bbox 655 1549 847 1621; x_wconf 87' lang='lat' dir='ltr'><strong>procul</strong></span> <span class='ocrx_word' id='word_1_95' title='bbox 898 1548 1069 1602; x_wconf 88' lang='lat' dir='ltr'><strong>dubio</strong></span> <span class='ocrx_word' id='word_1_96' title='bbox 1122 1552 1442 1617; x_wconf 83' lang='lat' dir='ltr'><strong>captaturos</strong></span> <span class='ocrx_word' id='word_1_97' title='bbox 1499 1541 1823 1599; x_wconf 89' lang='lat' dir='ltr'><strong>remedium.</strong></span> <span class='ocrx_word' id='word_1_98' title='bbox 1882 1540 2077 1596; x_wconf 80' lang='lat' dir='ltr'><strong>Visum</strong></span> 
     </span>
    </p>
   </div>
   <div class='ocr_carea' id='block_1_17' title="bbox 483 1634 2078 1710">
    <p class='ocr_par' dir='ltr' id='par_1_17' title="bbox 483 1634 2078 1710">
     <span class='ocr_line' id='line_1_17' title="bbox 483 1634 2078 1710; baseline -0.006 -12"><span class='ocrx_word' id='word_1_99' title='bbox 483 1644 648 1698; x_wconf 89' lang='lat' dir='ltr'><strong>etiam</strong></span> <span class='ocrx_word' id='word_1_100' title='bbox 673 1650 757 1696; x_wconf 92' lang='lat' dir='ltr'><strong>est</strong></span> <span class='ocrx_word' id='word_1_101' title='bbox 778 1639 1055 1696; x_wconf 76' lang='lat' dir='ltr'><strong>Richardo</strong></span> <span class='ocrx_word' id='word_1_102' title='bbox 1083 1639 1364 1710; x_wconf 87' lang='lat' dir='ltr'><strong>episcopo,</strong></span> <span class='ocrx_word' id='word_1_103' title='bbox 1396 1636 1570 1708; x_wconf 90' lang='lat' dir='ltr'><strong>ipsius</strong></span> <span class='ocrx_word' id='word_1_104' title='bbox 1602 1634 1938 1693; x_wconf 86' lang='lat' dir='ltr'><strong>confessoris</strong></span> <span class='ocrx_word' id='word_1_105' title='bbox 1954 1650 2078 1689; x_wconf 89' lang='lat' dir='ltr'><strong>cor-</strong></span> 
     </span>
    </p>
   </div>
   <div class='ocr_carea' id='block_1_18' title="bbox 483 1725 2076 1805">
    <p class='ocr_par' dir='ltr' id='par_1_18' title="bbox 483 1725 2076 1805">
     <span class='ocr_line' id='line_1_18' title="bbox 483 1725 2076 1805; baseline -0.006 -17"><span class='ocrx_word' id='word_1_106' title='bbox 483 1746 589 1805; x_wconf 87' lang='lat' dir='ltr'><strong>pus</strong></span> <span class='ocrx_word' id='word_1_107' title='bbox 614 1732 1029 1787; x_wconf 83' lang='lat' dir='ltr'><strong>sanctissimum</strong></span> <span class='ocrx_word' id='word_1_108' title='bbox 1054 1729 1256 1800; x_wconf 79' lang='lat' dir='ltr'><strong>exponi</strong></span> <span class='ocrx_word' id='word_1_109' title='bbox 1280 1729 1479 1786; x_wconf 90' lang='lat' dir='ltr'><strong>debere</strong></span> <span class='ocrx_word' id='word_1_110' title='bbox 1500 1728 1567 1782; x_wconf 91' lang='lat' dir='ltr'><strong>de</strong></span> <span class='ocrx_word' id='word_1_111' title='bbox 1589 1725 1810 1793; x_wconf 85' lang='lat' dir='ltr'><strong>feretro,</strong></span> <span class='ocrx_word' id='word_1_112' title='bbox 1848 1734 1910 1780; x_wconf 91' lang='lat' dir='ltr'><strong>ut</strong></span> <span class='ocrx_word' id='word_1_113' title='bbox 1945 1740 2076 1797; x_wconf 90' lang='lat' dir='ltr'><strong>pro-</strong></span> 
     </span>
    </p>
   </div>
   <div class='ocr_carea' id='block_1_19' title="bbox 2177 523 3760 603">
    <p class='ocr_par' dir='ltr' id='par_1_19' title="bbox 2177 523 3760 603">
     <span class='ocr_line' id='line_1_19' title="bbox 2177 523 3760 603; baseline -0.004 -15"><span class='ocrx_word' id='word_1_114' title='bbox 2177 531 2380 588; x_wconf 81' lang='lat' dir='ltr'><strong>dobant</strong></span> <span class='ocrx_word' id='word_1_115' title='bbox 2403 547 2532 603; x_wconf 84' lang='lat' dir='ltr'><strong>erga</strong></span> <span class='ocrx_word' id='word_1_116' title='bbox 2559 539 2772 602; x_wconf 83' lang='lat' dir='ltr'><strong>patrem</strong></span> <span class='ocrx_word' id='word_1_117' title='bbox 2799 526 3144 584; x_wconf 91' lang='lat' dir='ltr'><strong>devotionem</strong></span> <span class='ocrx_word' id='word_1_118' title='bbox 3171 526 3277 599; x_wconf 62' lang='lat' dir='ltr'><strong>piae</strong></span> <span class='ocrx_word' id='word_1_119' title='bbox 3303 525 3633 583; x_wconf 72' lang='lat' dir='ltr'><strong>affectionis.</strong></span> <span class='ocrx_word' id='word_1_120' title='bbox 3659 523 3760 582; x_wconf 71' lang='lat' dir='ltr'><strong>Nec</strong></span> 
     </span>
    </p>
   </div>
   <div class='ocr_carea' id='block_1_20' title="bbox 2175 613 3762 692">
    <p class='ocr_par' dir='ltr' id='par_1_20' title="bbox 2175 613 3762 692">
     <span class='ocr_line' id='line_1_20' title="bbox 2175 613 3762 692; baseline -0.004 -14"><span class='ocrx_word' id='word_1_121' title='bbox 2175 622 2338 678; x_wconf 88' lang='lat' dir='ltr'><strong>rediit</strong></span> <span class='ocrx_word' id='word_1_122' title='bbox 2382 622 2451 679; x_wconf 90' lang='lat' dir='ltr'><strong>ad</strong></span> <span class='ocrx_word' id='word_1_123' title='bbox 2477 623 2701 677; x_wconf 90' lang='lat' dir='ltr'><strong>domum</strong></span> <span class='ocrx_word' id='word_1_124' title='bbox 2731 622 3044 692; x_wconf 84' lang='lat' dir='ltr'><strong>episcopus,</strong></span> <span class='ocrx_word' id='word_1_125' title='bbox 3081 616 3217 690; x_wconf 89' lang='lat' dir='ltr'><strong>quin</strong></span> <span class='ocrx_word' id='word_1_126' title='bbox 3261 633 3435 673; x_wconf 75' lang='lat' dir='ltr'><strong>immo</strong></span> <span class='ocrx_word' id='word_1_127' title='bbox 3476 613 3762 673; x_wconf 77' lang='lat' dir='ltr'><strong>cotidiaris</strong></span> 
     </span>
    </p>
   </div>
   <div class='ocr_carea' id='block_1_21' title="bbox 2176 708 3761 778">
    <p class='ocr_par' dir='ltr' id='par_1_21' title="bbox 2176 708 3761 778">
     <span class='ocr_line' id='line_1_21' title="bbox 2176 708 3761 778; baseline -0.004 -8"><span class='ocrx_word' id='word_1_128' title='bbox 2176 713 2422 770; x_wconf 85' lang='lat' dir='ltr'><strong>excubiis</strong></span> <span class='ocrx_word' id='word_1_129' title='bbox 2468 713 2740 768; x_wconf 88' lang='lat' dir='ltr'><strong>adherens</strong></span> <span class='ocrx_word' id='word_1_130' title='bbox 2774 711 2864 775; x_wconf 78' lang='lat' dir='ltr'><strong>.ei,</strong></span> <span class='ocrx_word' id='word_1_131' title='bbox 2904 728 3018 768; x_wconf 93' lang='lat' dir='ltr'><strong>non</strong></span> <span class='ocrx_word' id='word_1_132' title='bbox 3061 711 3171 778; x_wconf 91' lang='lat' dir='ltr'><strong>die,</strong></span> <span class='ocrx_word' id='word_1_133' title='bbox 3216 726 3327 766; x_wconf 87' lang='lat' dir='ltr'><strong>non</strong></span> <span class='ocrx_word' id='word_1_134' title='bbox 3374 720 3539 766; x_wconf 91' lang='lat' dir='ltr'><strong>nocte</strong></span> <span class='ocrx_word' id='word_1_135' title='bbox 3570 708 3640 764; x_wconf 81' lang='lat' dir='ltr'><strong>ab</strong></span> <span class='ocrx_word' id='word_1_136' title='bbox 3680 710 3761 764; x_wconf 83' lang='lat' dir='ltr'><strong>illo</strong></span> 
     </span>
    </p>
   </div>
   <div class='ocr_carea' id='block_1_22' title="bbox 2176 802 3761 878">
    <p class='ocr_par' dir='ltr' id='par_1_22' title="bbox 2176 802 3761 878">
     <span class='ocr_line' id='line_1_22' title="bbox 2176 802 3761 878; baseline -0.001 -17"><span class='ocrx_word' id='word_1_137' title='bbox 2176 806 2485 878; x_wconf 90' lang='lat' dir='ltr'><strong>patiebatur</strong></span> <span class='ocrx_word' id='word_1_138' title='bbox 2514 805 2692 861; x_wconf 83' lang='lat' dir='ltr'><strong>avelli.</strong></span> <span class='ocrx_word' id='word_1_139' title='bbox 2726 803 3080 861; x_wconf 82' lang='lat' dir='ltr'><strong>Advenerunt</strong></span> <span class='ocrx_word' id='word_1_140' title='bbox 3114 813 3169 859; x_wconf 91' lang='lat' dir='ltr'><strong>et</strong></span> <span class='ocrx_word' id='word_1_141' title='bbox 3198 803 3509 861; x_wconf 82' lang='lat' dir='ltr'><strong>vicinarum</strong></span> <span class='ocrx_word' id='word_1_142' title='bbox 3550 802 3761 859; x_wconf 84' lang='lat' dir='ltr'><strong>urbium</strong></span> 
     </span>
    </p>
   </div>
   <div class='ocr_carea' id='block_1_23' title="bbox 2175 895 3760 969">
    <p class='ocr_par' dir='ltr' id='par_1_23' title="bbox 2175 895 3760 969">
     <span class='ocr_line' id='line_1_23' title="bbox 2175 895 3760 969; baseline -0.003 -15"><span class='ocrx_word' id='word_1_143' title='bbox 2175 896 2439 969; x_wconf 81' lang='lat' dir='ltr'><strong>episcopi,</strong></span> <span class='ocrx_word' id='word_1_144' title='bbox 2474 898 2729 965; x_wconf 87' lang='lat' dir='ltr'><strong>abbates,</strong></span> <span class='ocrx_word' id='word_1_145' title='bbox 2761 907 2815 953; x_wconf 89' lang='lat' dir='ltr'><strong>et</strong></span> <span class='ocrx_word' id='word_1_146' title='bbox 2847 898 3054 969; x_wconf 86' lang='lat' dir='ltr'><strong>quique</strong></span> <span class='ocrx_word' id='word_1_147' title='bbox 3089 905 3410 968; x_wconf 85' lang='lat' dir='ltr'><strong>magnates,</strong></span> <span class='ocrx_word' id='word_1_148' title='bbox 3442 896 3513 951; x_wconf 87' lang='lat' dir='ltr'><strong>ad</strong></span> <span class='ocrx_word' id='word_1_149' title='bbox 3544 895 3760 951; x_wconf 80' lang='lat' dir='ltr'><strong>visitan-</strong></span> 
     </span>
    </p>
   </div>
   <div class='ocr_carea' id='block_1_24' title="bbox 2176 986 3759 1059">
    <p class='ocr_par' dir='ltr' id='par_1_24' title="bbox 2176 986 3759 1059">
     <span class='ocr_line' id='line_1_24' title="bbox 2176 986 3759 1059; baseline -0.003 -14"><span class='ocrx_word' id='word_1_150' title='bbox 2176 991 2308 1045; x_wconf 90' lang='lat' dir='ltr'><strong>dum</strong></span> <span class='ocrx_word' id='word_1_151' title='bbox 2338 1005 2464 1046; x_wconf 91' lang='lat' dir='ltr'><strong>eum</strong></span> <span class='ocrx_word' id='word_1_152' title='bbox 2495 999 2551 1046; x_wconf 89' lang='lat' dir='ltr'><strong>et</strong></span> <span class='ocrx_word' id='word_1_153' title='bbox 2585 989 3051 1045; x_wconf 85' lang='lat' dir='ltr'><strong>commendandos</strong></span> <span class='ocrx_word' id='word_1_154' title='bbox 3088 1004 3147 1045; x_wconf 92' lang='lat' dir='ltr'><strong>se</strong></span> <span class='ocrx_word' id='word_1_155' title='bbox 3179 988 3265 1055; x_wconf 89' lang='lat' dir='ltr'><strong>ei;</strong></span> <span class='ocrx_word' id='word_1_156' title='bbox 3303 988 3513 1059; x_wconf 81' lang='lat' dir='ltr'><strong>quibus</strong></span> <span class='ocrx_word' id='word_1_157' title='bbox 3546 986 3759 1041; x_wconf 77' lang='lat' dir='ltr'><strong>videba-</strong></span> 
     </span>
    </p>
   </div>
   <div class='ocr_carea' id='block_1_25' title="bbox 2174 1079 3760 1154">
    <p class='ocr_par' dir='ltr' id='par_1_25' title="bbox 2174 1079 3760 1154">
     <span class='ocr_line' id='line_1_25' title="bbox 2174 1079 3760 1154; baseline 0 -18"><span class='ocrx_word' id='word_1_158' title='bbox 2174 1089 2287 1149; x_wconf 88' lang='lat' dir='ltr'><strong>tur,</strong></span> <span class='ocrx_word' id='word_1_159' title='bbox 2313 1082 2460 1153; x_wconf 92' lang='lat' dir='ltr'><strong>quod</strong></span> <span class='ocrx_word' id='word_1_160' title='bbox 2486 1080 2547 1137; x_wconf 89' lang='lat' dir='ltr'><strong>in</strong></span> <span class='ocrx_word' id='word_1_161' title='bbox 2569 1082 2721 1138; x_wconf 87' lang='lat' dir='ltr'><strong>obitu</strong></span> <span class='ocrx_word' id='word_1_162' title='bbox 2750 1082 2872 1154; x_wconf 87' lang='lat' dir='ltr'><strong>ejus</strong></span> <span class='ocrx_word' id='word_1_163' title='bbox 2895 1079 3297 1151; x_wconf 59' lang='lat' dir='ltr'><strong>omninoter&#39;ra</strong></span> <span class='ocrx_word' id='word_1_164' title='bbox 3330 1089 3760 1137; x_wconf 79' lang='lat' dir='ltr'><strong>commoveretur</strong></span> 
     </span>
    </p>
   </div>
   <div class='ocr_carea' id='block_1_26' title="bbox 2176 1172 3760 1231">
    <p class='ocr_par' dir='ltr' id='par_1_26' title="bbox 2176 1172 3760 1231">
     <span class='ocr_line' id='line_1_26' title="bbox 2176 1172 3760 1231; baseline -0.001 -2"><span class='ocrx_word' id='word_1_165' title='bbox 2176 1183 2232 1229; x_wconf 90' lang='lat' dir='ltr'><strong>et</strong></span> <span class='ocrx_word' id='word_1_166' title='bbox 2252 1174 2694 1230; x_wconf 84' lang='lat' dir='ltr'><strong>conturbaretur.</strong></span> <span class='ocrx_word' id='word_1_167' title='bbox 2711 1172 3032 1231; x_wconf 83' lang='lat' dir='ltr'><strong>Excubabat</strong></span> <span class='ocrx_word' id='word_1_168' title='bbox 3051 1173 3244 1230; x_wconf 92' lang='lat' dir='ltr'><strong>diebus</strong></span> <span class='ocrx_word' id='word_1_169' title='bbox 3273 1189 3339 1229; x_wconf 91' lang='lat' dir='ltr'><strong>ac</strong></span> <span class='ocrx_word' id='word_1_170' title='bbox 3358 1173 3620 1230; x_wconf 88' lang='lat' dir='ltr'><strong>noctibus</strong></span> <span class='ocrx_word' id='word_1_171' title='bbox 3647 1185 3760 1229; x_wconf 83' lang='lat' dir='ltr'><strong>ante</strong></span> 
     </span>
    </p>
   </div>
   <div class='ocr_carea' id='block_1_27' title="bbox 2176 1258 3757 1338">
    <p class='ocr_par' dir='ltr' id='par_1_27' title="bbox 2176 1258 3757 1338">
     <span class='ocr_line' id='line_1_27' title="bbox 2176 1258 3757 1338; baseline 0 -15"><span class='ocrx_word' id='word_1_172' title='bbox 2176 1268 2401 1323; x_wconf 89' lang='lat' dir='ltr'><strong>domum</strong></span> <span class='ocrx_word' id='word_1_173' title='bbox 2427 1266 2548 1338; x_wconf 84' lang='lat' dir='ltr'><strong>ejus</strong></span> <span class='ocrx_word' id='word_1_174' title='bbox 2578 1267 2739 1323; x_wconf 90' lang='lat' dir='ltr'><strong>turba</strong></span> <span class='ocrx_word' id='word_1_175' title='bbox 2774 1266 3014 1323; x_wconf 90' lang='lat' dir='ltr'><strong>ﬁliorum</strong></span> <span class='ocrx_word' id='word_1_176' title='bbox 3062 1274 3115 1322; x_wconf 89' lang='lat' dir='ltr'><strong>et</strong></span> <span class='ocrx_word' id='word_1_177' title='bbox 3142 1258 3457 1322; x_wconf 82' lang='lat' dir='ltr'><strong>ceterorum</strong></span> <span class='ocrx_word' id='word_1_178' title='bbox 3506 1264 3757 1334; x_wconf 84' lang='lat' dir='ltr'><strong>ﬁdelium,</strong></span> 
     </span>
    </p>
   </div>
   <div class='ocr_carea' id='block_1_28' title="bbox 2176 1356 3761 1437">
    <p class='ocr_par' dir='ltr' id='par_1_28' title="bbox 2176 1356 3761 1437">
     <span class='ocr_line' id='line_1_28' title="bbox 2176 1356 3761 1437; baseline 0.001 -23"><span class='ocrx_word' id='word_1_179' title='bbox 2176 1359 2270 1414; x_wconf 89' lang='lat' dir='ltr'><strong>alii</strong></span> <span class='ocrx_word' id='word_1_180' title='bbox 2292 1358 2434 1431; x_wconf 84' lang='lat' dir='ltr'><strong>patri</strong></span> <span class='ocrx_word' id='word_1_181' title='bbox 2457 1358 2526 1414; x_wconf 91' lang='lat' dir='ltr'><strong>ad</strong></span> <span class='ocrx_word' id='word_1_182' title='bbox 2552 1359 2782 1415; x_wconf 80' lang='lat' dir='ltr'><strong>meliora</strong></span> <span class='ocrx_word' id='word_1_183' title='bbox 2805 1356 3089 1437; x_wconf 81' lang='lat' dir='ltr'><strong>festinanti</strong></span> <span class='ocrx_word' id='word_1_184' title='bbox 3123 1357 3431 1414; x_wconf 79' lang='lat' dir='ltr'><strong>valedicere</strong></span> <span class='ocrx_word' id='word_1_185' title='bbox 3454 1365 3511 1413; x_wconf 91' lang='lat' dir='ltr'><strong>et</strong></span> <span class='ocrx_word' id='word_1_186' title='bbox 3542 1374 3604 1415; x_wconf 85' lang='lat' dir='ltr'><strong>se</strong></span> <span class='ocrx_word' id='word_1_187' title='bbox 3628 1373 3761 1415; x_wconf 69' lang='lat' dir='ltr'><strong>com»</strong></span> 
     </span>
    </p>
   </div>
   <div class='ocr_carea' id='block_1_29' title="bbox 2178 1451 3760 1521">
    <p class='ocr_par' dir='ltr' id='par_1_29' title="bbox 2178 1451 3760 1521">
     <span class='ocr_line' id='line_1_29' title="bbox 2178 1451 3760 1521; baseline 0.001 -16"><span class='ocrx_word' id='word_1_188' title='bbox 2178 1452 2437 1507; x_wconf 67' lang='lat' dir='ltr'><strong>mentiare</strong></span> <span class='ocrx_word' id='word_1_189' title='bbox 2495 1451 2789 1519; x_wconf 87' lang='lat' dir='ltr'><strong>volebant,</strong></span> <span class='ocrx_word' id='word_1_190' title='bbox 2852 1451 2944 1506; x_wconf 80' lang='lat' dir='ltr'><strong>alii</strong></span> <span class='ocrx_word' id='word_1_191' title='bbox 3004 1451 3267 1507; x_wconf 86' lang='lat' dir='ltr'><strong>sanitates</strong></span> <span class='ocrx_word' id='word_1_192' title='bbox 3323 1465 3622 1521; x_wconf 86' lang='lat' dir='ltr'><strong>corporum</strong></span> <span class='ocrx_word' id='word_1_193' title='bbox 3675 1465 3760 1507; x_wconf 82' lang='lat' dir='ltr'><strong>ex-</strong></span> 
     </span>
    </p>
   </div>
   <div class='ocr_carea' id='block_1_30' title="bbox 2177 1541 3759 1613">
    <p class='ocr_par' dir='ltr' id='par_1_30' title="bbox 2177 1541 3759 1613">
     <span class='ocr_line' id='line_1_30' title="bbox 2177 1541 3759 1613; baseline 0.001 -19"><span class='ocrx_word' id='word_1_194' title='bbox 2177 1541 2454 1611; x_wconf 87' lang='lat' dir='ltr'><strong>petebant,</strong></span> <span class='ocrx_word' id='word_1_195' title='bbox 2486 1549 2548 1597; x_wconf 89' lang='lat' dir='ltr'><strong>ut</strong></span> <span class='ocrx_word' id='word_1_196' title='bbox 2579 1541 2761 1597; x_wconf 88' lang='lat' dir='ltr'><strong>saltim</strong></span> <span class='ocrx_word' id='word_1_197' title='bbox 2796 1556 2998 1613; x_wconf 87' lang='lat' dir='ltr'><strong>aquam</strong></span> <span class='ocrx_word' id='word_1_198' title='bbox 3034 1541 3335 1598; x_wconf 68' lang='lat' dir='ltr'><strong>ablutionis</strong></span> <span class='ocrx_word' id='word_1_199' title='bbox 3363 1558 3637 1597; x_wconf 89' lang='lat' dir='ltr'><strong>manuum</strong></span> <span class='ocrx_word' id='word_1_200' title='bbox 3655 1541 3759 1613; x_wconf 85' lang='lat' dir='ltr'><strong>ejus</strong></span> 
     </span>
    </p>
   </div>
   <div class='ocr_carea' id='block_1_31' title="bbox 2179 1630 3760 1703">
    <p class='ocr_par' dir='ltr' id='par_1_31' title="bbox 2179 1630 3760 1703">
     <span class='ocr_line' id='line_1_31' title="bbox 2179 1630 3760 1703; baseline 0.001 -18"><span class='ocrx_word' id='word_1_201' title='bbox 2179 1638 2541 1700; x_wconf 89' lang='lat' dir='ltr'><strong>mererentur,</strong></span> <span class='ocrx_word' id='word_1_202' title='bbox 2574 1648 2684 1703; x_wconf 89' lang='lat' dir='ltr'><strong>qua</strong></span> <span class='ocrx_word' id='word_1_203' title='bbox 2729 1630 2944 1687; x_wconf 90' lang='lat' dir='ltr'><strong>inuncti</strong></span> <span class='ocrx_word' id='word_1_204' title='bbox 2993 1630 3459 1688; x_wconf 84' lang='lat' dir='ltr'><strong>refoeillarcntur.</strong></span> <span class='ocrx_word' id='word_1_205' title='bbox 3498 1630 3609 1687; x_wconf 88' lang='lat' dir='ltr'><strong>Ubi</strong></span> <span class='ocrx_word' id='word_1_206' title='bbox 3646 1648 3760 1703; x_wconf 79' lang='lat' dir='ltr'><strong>ergo</strong></span> 
     </span>
    </p>
   </div>
   <div class='ocr_carea' id='block_1_32' title="bbox 2178 1722 3761 1794">
    <p class='ocr_par' dir='ltr' id='par_1_32' title="bbox 2178 1722 3761 1794">
     <span class='ocr_line' id='line_1_32' title="bbox 2178 1722 3761 1794; baseline 0 -17"><span class='ocrx_word' id='word_1_207' title='bbox 2178 1722 2353 1777; x_wconf 87' lang='lat' dir='ltr'><strong>sensit</strong></span> <span class='ocrx_word' id='word_1_208' title='bbox 2396 1722 2666 1779; x_wconf 89' lang='lat' dir='ltr'><strong>inminere</strong></span> <span class='ocrx_word' id='word_1_209' title='bbox 2709 1723 2904 1779; x_wconf 83' lang='lat' dir='ltr'><strong>heram</strong></span> <span class='ocrx_word' id='word_1_210' title='bbox 2949 1723 3258 1779; x_wconf 89' lang='lat' dir='ltr'><strong>vocationis</strong></span> <span class='ocrx_word' id='word_1_211' title='bbox 3284 1739 3428 1790; x_wconf 80' lang='lat' dir='ltr'><strong>suae,</strong></span> <span class='ocrx_word' id='word_1_212' title='bbox 3458 1723 3605 1779; x_wconf 90' lang='lat' dir='ltr'><strong>ﬁlios</strong></span> <span class='ocrx_word' id='word_1_213' title='bbox 3639 1739 3761 1794; x_wconf 87' lang='lat' dir='ltr'><strong>quos</strong></span> 
     </span>
    </p>
   </div>
   <div class='ocr_carea' id='block_1_33' title="bbox 486 1789 3763 1895">
    <p class='ocr_par' dir='ltr' id='par_1_33' title="bbox 486 1789 3763 1895">
     <span class='ocr_line' id='line_1_33' title="bbox 486 1789 3763 1895; baseline -0.004 -14"><span class='ocrx_word' id='word_1_214' title='bbox 486 1789 734 1881; x_wconf 58' lang='lat' dir='ltr'><strong>cessione</strong></span> <span class='ocrx_word' id='word_1_215' title='bbox 758 1824 1023 1895; x_wconf 89' lang='lat' dir='ltr'><strong>solempni</strong></span> <span class='ocrx_word' id='word_1_216' title='bbox 1046 1830 1295 1879; x_wconf 84' lang='lat' dir='ltr'><strong>evectum</strong></span> <span class='ocrx_word' id='word_1_217' title='bbox 1327 1829 1750 1894; x_wconf 64' lang='lat' dir='ltr'><strong>praesentaretur</strong></span> <span class='ocrx_word' id='word_1_218' title='bbox 1773 1819 2080 1889; x_wconf 86' lang='lat' dir='ltr'><strong>conspecti-</strong></span> <span class='ocrx_word' id='word_1_219' title='bbox 2111 1789 2153 1848; x_wconf 72' lang='grc' dir='ltr'><strong>Β</strong></span> <span class='ocrx_word' id='word_1_220' title='bbox 2181 1811 2403 1869; x_wconf 87' lang='lat' dir='ltr'><strong>Christo</strong></span> <span class='ocrx_word' id='word_1_221' title='bbox 2428 1813 2766 1886; x_wconf 88' lang='lat' dir='ltr'><strong>adquisierat</strong></span> <span class='ocrx_word' id='word_1_222' title='bbox 2787 1814 3082 1871; x_wconf 89' lang='lat' dir='ltr'><strong>convenire</strong></span> <span class='ocrx_word' id='word_1_223' title='bbox 3116 1814 3302 1886; x_wconf 87' lang='lat' dir='ltr'><strong>jussit,</strong></span> <span class='ocrx_word' id='word_1_224' title='bbox 3338 1823 3395 1870; x_wconf 89' lang='lat' dir='ltr'><strong>et</strong></span> <span class='ocrx_word' id='word_1_225' title='bbox 3422 1818 3683 1870; x_wconf 86' lang='lat' dir='ltr'><strong>inunctus</strong></span> <span class='ocrx_word' id='word_1_226' title='bbox 3705 1815 3763 1869; x_wconf 82' lang='lat' dir='ltr'><strong>ab</strong></span> 
     </span>
    </p>
   </div>
   <div class='ocr_carea' id='block_1_34' title="bbox 485 1908 2079 1984">
    <p class='ocr_par' dir='ltr' id='par_1_34' title="bbox 485 1908 2079 1984">
     <span class='ocr_line' id='line_1_34' title="bbox 485 1908 2079 1984; baseline -0.006 -13"><span class='ocrx_word' id='word_1_227' title='bbox 485 1916 593 1971; x_wconf 89' lang='lat' dir='ltr'><strong>bus</strong></span> <span class='ocrx_word' id='word_1_228' title='bbox 616 1915 883 1982; x_wconf 78' lang='lat' dir='ltr'><strong>omnium,</strong></span> <span class='ocrx_word' id='word_1_229' title='bbox 917 1924 977 1969; x_wconf 86' lang='lat' dir='ltr'><strong>ut</strong></span> <span class='ocrx_word' id='word_1_230' title='bbox 1002 1914 1155 1984; x_wconf 82' lang='lat' dir='ltr'><strong>plebs</strong></span> <span class='ocrx_word' id='word_1_231' title='bbox 1198 1912 1374 1983; x_wconf 89' lang='lat' dir='ltr'><strong>ipsius</strong></span> <span class='ocrx_word' id='word_1_232' title='bbox 1412 1910 1549 1966; x_wconf 84' lang='lat' dir='ltr'><strong>fulta</strong></span> <span class='ocrx_word' id='word_1_233' title='bbox 1583 1908 1914 1981; x_wconf 89' lang='lat' dir='ltr'><strong>patrocinio,</strong></span> <span class='ocrx_word' id='word_1_234' title='bbox 1947 1908 2079 1964; x_wconf 91' lang='lat' dir='ltr'><strong>dum</strong></span> 
     </span>
    </p>
   </div>
   <div class='ocr_carea' id='block_1_35' title="bbox 486 1994 2083 2076">
    <p class='ocr_par' dir='ltr' id='par_1_35' title="bbox 486 1994 2083 2076">
     <span class='ocr_line' id='line_1_35' title="bbox 486 1994 2083 2076; baseline -0.006 -11"><span class='ocrx_word' id='word_1_235' title='bbox 486 2007 667 2065; x_wconf 85' lang='lat' dir='ltr'><strong>sancti</strong></span> <span class='ocrx_word' id='word_1_236' title='bbox 712 2001 922 2062; x_wconf 76' lang='lat' dir='ltr'><strong>videret</strong></span> <span class='ocrx_word' id='word_1_237' title='bbox 965 2006 1233 2073; x_wconf 91' lang='lat' dir='ltr'><strong>loculum,</strong></span> <span class='ocrx_word' id='word_1_238' title='bbox 1286 2005 1406 2076; x_wconf 87' lang='lat' dir='ltr'><strong>ejus</strong></span> <span class='ocrx_word' id='word_1_239' title='bbox 1435 2002 1764 2075; x_wconf 88' lang='lat' dir='ltr'><strong>propensius</strong></span> <span class='ocrx_word' id='word_1_240' title='bbox 1808 1994 2083 2073; x_wconf 77' lang='lat' dir='ltr'><strong>expeteret</strong></span> 
     </span>
    </p>
   </div>
   <div class='ocr_carea' id='block_1_36' title="bbox 488 2089 2080 2169">
    <p class='ocr_par' dir='ltr' id='par_1_36' title="bbox 488 2089 2080 2169">
     <span class='ocr_line' id='line_1_36' title="bbox 488 2089 2080 2169; baseline -0.006 -14"><span class='ocrx_word' id='word_1_241' title='bbox 488 2098 820 2166; x_wconf 85' lang='lat' dir='ltr'><strong>subsidium,</strong></span> <span class='ocrx_word' id='word_1_242' title='bbox 848 2098 997 2169; x_wconf 88' lang='lat' dir='ltr'><strong>quod</strong></span> <span class='ocrx_word' id='word_1_243' title='bbox 1026 2104 1253 2152; x_wconf 80' lang='lat' dir='ltr'><strong>neverat</strong></span> <span class='ocrx_word' id='word_1_244' title='bbox 1283 2096 1388 2151; x_wconf 91' lang='lat' dir='ltr'><strong>sibi</strong></span> <span class='ocrx_word' id='word_1_245' title='bbox 1415 2109 1528 2149; x_wconf 92' lang='lat' dir='ltr'><strong>non</strong></span> <span class='ocrx_word' id='word_1_246' title='bbox 1564 2091 1904 2148; x_wconf 88' lang='lat' dir='ltr'><strong>defuturum.</strong></span> <span class='ocrx_word' id='word_1_247' title='bbox 1930 2089 2080 2147; x_wconf 89' lang='lat' dir='ltr'><strong>Con-</strong></span> 
     </span>
    </p>
   </div>
   <div class='ocr_carea' id='block_1_37' title="bbox 488 2178 2079 2259">
    <p class='ocr_par' dir='ltr' id='par_1_37' title="bbox 488 2178 2079 2259">
     <span class='ocr_line' id='line_1_37' title="bbox 488 2178 2079 2259; baseline -0.006 -12"><span class='ocrx_word' id='word_1_248' title='bbox 488 2191 791 2247; x_wconf 89' lang='lat' dir='ltr'><strong>tradicente</strong></span> <span class='ocrx_word' id='word_1_249' title='bbox 825 2190 1009 2259; x_wconf 87' lang='lat' dir='ltr'><strong>itaque</strong></span> <span class='ocrx_word' id='word_1_250' title='bbox 1040 2188 1159 2244; x_wconf 90' lang='lat' dir='ltr'><strong>viro</strong></span> <span class='ocrx_word' id='word_1_251' title='bbox 1200 2178 1646 2242; x_wconf 84' lang='lat' dir='ltr'><strong>reverentissimo</strong></span> <span class='ocrx_word' id='word_1_252' title='bbox 1680 2193 1841 2255; x_wconf 85' lang='lat' dir='ltr'><strong>patre</strong></span> <span class='ocrx_word' id='word_1_253' title='bbox 1868 2190 2079 2249; x_wconf 84' lang='lat' dir='ltr'><strong>nostro,</strong></span> 
     </span>
    </p>
   </div>
   <div class='ocr_carea' id='block_1_38' title="bbox 489 2274 2084 2354">
    <p class='ocr_par' dir='ltr' id='par_1_38' title="bbox 489 2274 2084 2354">
     <span class='ocr_line' id='line_1_38' title="bbox 489 2274 2084 2354; baseline -0.005 -16"><span class='ocrx_word' id='word_1_254' title='bbox 489 2282 696 2354; x_wconf 66' lang='lat' dir='ltr'><strong>praesul</strong></span> <span class='ocrx_word' id='word_1_255' title='bbox 715 2281 860 2351; x_wconf 91' lang='lat' dir='ltr'><strong>quod</strong></span> <span class='ocrx_word' id='word_1_256' title='bbox 884 2280 1277 2335; x_wconf 88' lang='lat' dir='ltr'><strong>deliberaverat</strong></span> <span class='ocrx_word' id='word_1_257' title='bbox 1302 2278 1359 2333; x_wconf 90' lang='lat' dir='ltr'><strong>in</strong></span> <span class='ocrx_word' id='word_1_258' title='bbox 1380 2274 1683 2334; x_wconf 82' lang='lat' dir='ltr'><strong>crastinum</strong></span> <span class='ocrx_word' id='word_1_259' title='bbox 1707 2275 1903 2347; x_wconf 86' lang='lat' dir='ltr'><strong>inpleri</strong></span> <span class='ocrx_word' id='word_1_260' title='bbox 1922 2276 2084 2332; x_wconf 89' lang='lat' dir='ltr'><strong>desti-</strong></span> 
     </span>
    </p>
   </div>
   <div class='ocr_carea' id='block_1_39' title="bbox 488 2368 2083 2440">
    <p class='ocr_par' dir='ltr' id='par_1_39' title="bbox 488 2368 2083 2440">
     <span class='ocr_line' id='line_1_39' title="bbox 488 2368 2083 2440; baseline -0.003 -11"><span class='ocrx_word' id='word_1_261' title='bbox 488 2374 679 2430; x_wconf 88' lang='lat' dir='ltr'><strong>navit:</strong></span> <span class='ocrx_word' id='word_1_262' title='bbox 712 2373 1016 2429; x_wconf 87' lang='lat' dir='ltr'><strong>obsistente</strong></span> <span class='ocrx_word' id='word_1_263' title='bbox 1065 2386 1132 2428; x_wconf 93' lang='lat' dir='ltr'><strong>eo</strong></span> <span class='ocrx_word' id='word_1_264' title='bbox 1172 2379 1226 2426; x_wconf 89' lang='lat' dir='ltr'><strong>et</strong></span> <span class='ocrx_word' id='word_1_265' title='bbox 1277 2371 1490 2426; x_wconf 88' lang='lat' dir='ltr'><strong>dicente</strong></span> <span class='ocrx_word' id='word_1_266' title='bbox 1541 2368 1829 2425; x_wconf 86' lang='lat' dir='ltr'><strong>levandam</strong></span> <span class='ocrx_word' id='word_1_267' title='bbox 1861 2368 2083 2440; x_wconf 87' lang='lat' dir='ltr'><strong>quidem</strong></span> 
     </span>
    </p>
   </div>
   <div class='ocr_carea' id='block_1_40' title="bbox 490 2461 2083 2537">
    <p class='ocr_par' dir='ltr' id='par_1_40' title="bbox 490 2461 2083 2537">
     <span class='ocr_line' id='line_1_40' title="bbox 490 2461 2083 2537; baseline -0.004 -16"><span class='ocrx_word' id='word_1_268' title='bbox 490 2466 771 2523; x_wconf 88' lang='lat' dir='ltr'><strong>miseriam</strong></span> <span class='ocrx_word' id='word_1_269' title='bbox 804 2464 1027 2537; x_wconf 74' lang='lat' dir='ltr'><strong>populi,</strong></span> <span class='ocrx_word' id='word_1_270' title='bbox 1078 2462 1173 2519; x_wconf 89' lang='lat' dir='ltr'><strong>sed</strong></span> <span class='ocrx_word' id='word_1_271' title='bbox 1214 2463 1472 2533; x_wconf 88' lang='lat' dir='ltr'><strong>episeopo</strong></span> <span class='ocrx_word' id='word_1_272' title='bbox 1516 2478 1626 2517; x_wconf 89' lang='lat' dir='ltr'><strong>non</strong></span> <span class='ocrx_word' id='word_1_273' title='bbox 1684 2476 1973 2517; x_wconf 90' lang='lat' dir='ltr'><strong>cessurum</strong></span> <span class='ocrx_word' id='word_1_274' title='bbox 2026 2461 2083 2516; x_wconf 87' lang='lat' dir='ltr'><strong>in</strong></span> 
     </span>
    </p>
   </div>
   <div class='ocr_carea' id='block_1_41' title="bbox 488 2552 2088 2630">
    <p class='ocr_par' dir='ltr' id='par_1_41' title="bbox 488 2552 2088 2630">
     <span class='ocr_line' id='line_1_41' title="bbox 488 2552 2088 2630; baseline -0.004 -16"><span class='ocrx_word' id='word_1_275' title='bbox 488 2573 838 2630; x_wconf 85' lang='lat' dir='ltr'><strong>prosperum,</strong></span> <span class='ocrx_word' id='word_1_276' title='bbox 871 2556 967 2629; x_wconf 90' lang='lat' dir='ltr'><strong>qui</strong></span> <span class='ocrx_word' id='word_1_277' title='bbox 998 2571 1171 2611; x_wconf 87' lang='lat' dir='ltr'><strong>ausus</strong></span> <span class='ocrx_word' id='word_1_278' title='bbox 1199 2552 1394 2611; x_wconf 88' lang='lat' dir='ltr'><strong>fuisset</strong></span> <span class='ocrx_word' id='word_1_279' title='bbox 1421 2552 1726 2624; x_wconf 88' lang='lat' dir='ltr'><strong>inquietare</strong></span> <span class='ocrx_word' id='word_1_280' title='bbox 1751 2553 1926 2609; x_wconf 86' lang='lat' dir='ltr'><strong>sancti</strong></span> <span class='ocrx_word' id='word_1_281' title='bbox 1968 2568 2088 2610; x_wconf 86' lang='lat' dir='ltr'><strong>cor-</strong></span> 
     </span>
    </p>
   </div>
   <div class='ocr_carea' id='block_1_42' title="bbox 487 2645 2082 2721">
    <p class='ocr_par' dir='ltr' id='par_1_42' title="bbox 487 2645 2082 2721">
     <span class='ocr_line' id='line_1_42' title="bbox 487 2645 2082 2721; baseline -0.004 -15"><span class='ocrx_word' id='word_1_282' title='bbox 487 2666 593 2721; x_wconf 88' lang='lat' dir='ltr'><strong>pus</strong></span> <span class='ocrx_word' id='word_1_283' title='bbox 616 2649 1005 2706; x_wconf 80' lang='lat' dir='ltr'><strong>honoriﬁcum.</strong></span> <span class='ocrx_word' id='word_1_284' title='bbox 1037 2646 1263 2703; x_wconf 82' lang='lat' dir='ltr'><strong>Noctem</strong></span> <span class='ocrx_word' id='word_1_285' title='bbox 1299 2646 1446 2701; x_wconf 88' lang='lat' dir='ltr'><strong>illam</strong></span> <span class='ocrx_word' id='word_1_286' title='bbox 1471 2650 1626 2717; x_wconf 89' lang='lat' dir='ltr'><strong>pater</strong></span> <span class='ocrx_word' id='word_1_287' title='bbox 1656 2646 1945 2701; x_wconf 91' lang='lat' dir='ltr'><strong>insonnem</strong></span> <span class='ocrx_word' id='word_1_288' title='bbox 1979 2645 2082 2702; x_wconf 88' lang='lat' dir='ltr'><strong>du-</strong></span> 
     </span>
    </p>
   </div>
   <div class='ocr_carea' id='block_1_43' title="bbox 490 2738 2085 2808">
    <p class='ocr_par' dir='ltr' id='par_1_43' title="bbox 490 2738 2085 2808">
     <span class='ocr_line' id='line_1_43' title="bbox 490 2738 2085 2808; baseline -0.003 -11"><span class='ocrx_word' id='word_1_289' title='bbox 490 2743 590 2808; x_wconf 77' lang='lat' dir='ltr'><strong>xit,</strong></span> <span class='ocrx_word' id='word_1_290' title='bbox 622 2750 750 2797; x_wconf 86' lang='lat' dir='ltr'><strong>ante</strong></span> <span class='ocrx_word' id='word_1_291' title='bbox 798 2742 972 2797; x_wconf 87' lang='lat' dir='ltr'><strong>altare</strong></span> <span class='ocrx_word' id='word_1_292' title='bbox 1000 2740 1177 2797; x_wconf 85' lang='lat' dir='ltr'><strong>sancti</strong></span> <span class='ocrx_word' id='word_1_293' title='bbox 1222 2738 1568 2795; x_wconf 89' lang='lat' dir='ltr'><strong>orationibus</strong></span> <span class='ocrx_word' id='word_1_294' title='bbox 1608 2753 1814 2794; x_wconf 90' lang='lat' dir='ltr'><strong>vacans</strong></span> <span class='ocrx_word' id='word_1_295' title='bbox 1841 2754 1965 2793; x_wconf 91' lang='lat' dir='ltr'><strong>eum</strong></span> <span class='ocrx_word' id='word_1_296' title='bbox 2001 2738 2085 2793; x_wconf 87' lang='lat' dir='ltr'><strong>la-</strong></span> 
     </span>
    </p>
   </div>
   <div class='ocr_carea' id='block_1_44' title="bbox 489 2831 2082 2901">
    <p class='ocr_par' dir='ltr' id='par_1_44' title="bbox 489 2831 2082 2901">
     <span class='ocr_line' id='line_1_44' title="bbox 489 2831 2082 2901; baseline -0.003 -12"><span class='ocrx_word' id='word_1_297' title='bbox 489 2834 699 2889; x_wconf 81' lang='lat' dir='ltr'><strong>crimis.</strong></span> <span class='ocrx_word' id='word_1_298' title='bbox 733 2831 795 2887; x_wconf 89' lang='lat' dir='ltr'><strong>In</strong></span> <span class='ocrx_word' id='word_1_299' title='bbox 824 2832 1135 2889; x_wconf 85' lang='lat' dir='ltr'><strong>crastinum</strong></span> <span class='ocrx_word' id='word_1_300' title='bbox 1157 2832 1310 2887; x_wconf 86' lang='lat' dir='ltr'><strong>venit</strong></span> <span class='ocrx_word' id='word_1_301' title='bbox 1329 2831 1644 2901; x_wconf 74' lang='lat' dir='ltr'><strong>episcopus,</strong></span> <span class='ocrx_word' id='word_1_302' title='bbox 1668 2831 1850 2887; x_wconf 88' lang='lat' dir='ltr'><strong>clerus</strong></span> <span class='ocrx_word' id='word_1_303' title='bbox 1875 2831 2082 2899; x_wconf 91' lang='lat' dir='ltr'><strong>omnis,</strong></span> 
     </span>
    </p>
   </div>
   <div class='ocr_carea' id='block_1_45' title="bbox 489 2922 2085 2996">
    <p class='ocr_par' dir='ltr' id='par_1_45' title="bbox 489 2922 2085 2996">
     <span class='ocr_line' id='line_1_45' title="bbox 489 2922 2085 2996; baseline -0.003 -14"><span class='ocrx_word' id='word_1_304' title='bbox 489 2933 547 2982; x_wconf 91' lang='lat' dir='ltr'><strong>et</strong></span> <span class='ocrx_word' id='word_1_305' title='bbox 568 2926 837 2996; x_wconf 86' lang='lat' dir='ltr'><strong>populus,</strong></span> <span class='ocrx_word' id='word_1_306' title='bbox 868 2934 1071 2980; x_wconf 89' lang='lat' dir='ltr'><strong>etcum</strong></span> <span class='ocrx_word' id='word_1_307' title='bbox 1098 2925 1279 2979; x_wconf 90' lang='lat' dir='ltr'><strong>multo</strong></span> <span class='ocrx_word' id='word_1_308' title='bbox 1305 2923 1500 2978; x_wconf 84' lang='lat' dir='ltr'><strong>timore</strong></span> <span class='ocrx_word' id='word_1_309' title='bbox 1531 2930 1586 2978; x_wconf 89' lang='lat' dir='ltr'><strong>et</strong></span> <span class='ocrx_word' id='word_1_310' title='bbox 1611 2922 1916 2979; x_wconf 80' lang='lat' dir='ltr'><strong>reverentia</strong></span> <span class='ocrx_word' id='word_1_311' title='bbox 1954 2938 2085 2978; x_wconf 89' lang='lat' dir='ltr'><strong>san-</strong></span> 
     </span>
    </p>
   </div>
   <div class='ocr_carea' id='block_1_46' title="bbox 493 3014 2087 3088">
    <p class='ocr_par' dir='ltr' id='par_1_46' title="bbox 493 3014 2087 3088">
     <span class='ocr_line' id='line_1_46' title="bbox 493 3014 2087 3088; baseline -0.003 -15"><span class='ocrx_word' id='word_1_312' title='bbox 493 3018 571 3073; x_wconf 88' lang='lat' dir='ltr'><strong>cti</strong></span> <span class='ocrx_word' id='word_1_313' title='bbox 600 3016 873 3088; x_wconf 85' lang='lat' dir='ltr'><strong>pontiﬁcis</strong></span> <span class='ocrx_word' id='word_1_314' title='bbox 902 3016 1187 3087; x_wconf 85' lang='lat' dir='ltr'><strong>exponunt</strong></span> <span class='ocrx_word' id='word_1_315' title='bbox 1211 3014 1494 3085; x_wconf 82' lang='lat' dir='ltr'><strong>reliquias,</strong></span> <span class='ocrx_word' id='word_1_316' title='bbox 1521 3026 1686 3084; x_wconf 89' lang='lat' dir='ltr'><strong>super</strong></span> <span class='ocrx_word' id='word_1_317' title='bbox 1711 3020 1907 3069; x_wconf 80' lang='lat' dir='ltr'><strong>aUrum</strong></span> <span class='ocrx_word' id='word_1_318' title='bbox 1937 3014 2087 3069; x_wconf 80' lang='lat' dir='ltr'><strong>obri—</strong></span> 
     </span>
    </p>
   </div>
   <div class='ocr_carea' id='block_1_47' title="bbox 495 3102 2087 3179">
    <p class='ocr_par' dir='ltr' id='par_1_47' title="bbox 495 3102 2087 3179">
     <span class='ocr_line' id='line_1_47' title="bbox 495 3102 2087 3179; baseline -0.001 -16"><span class='ocrx_word' id='word_1_319' title='bbox 495 3125 624 3164; x_wconf 82' lang='lat' dir='ltr'><strong>zum</strong></span> <span class='ocrx_word' id='word_1_320' title='bbox 677 3108 974 3179; x_wconf 76' lang='lat' dir='ltr'><strong>preeiosas.</strong></span> <span class='ocrx_word' id='word_1_321' title='bbox 1024 3107 1184 3175; x_wconf 87' lang='lat' dir='ltr'><strong>Quod</strong></span> <span class='ocrx_word' id='word_1_322' title='bbox 1231 3108 1326 3163; x_wconf 86' lang='lat' dir='ltr'><strong>ubi</strong></span> <span class='ocrx_word' id='word_1_323' title='bbox 1356 3102 1561 3162; x_wconf 85' lang='lat' dir='ltr'><strong>factum</strong></span> <span class='ocrx_word' id='word_1_324' title='bbox 1618 3114 1724 3174; x_wconf 91' lang='lat' dir='ltr'><strong>est,</strong></span> <span class='ocrx_word' id='word_1_325' title='bbox 1776 3106 2087 3178; x_wconf 89' lang='lat' dir='ltr'><strong>pontiﬁcem</strong></span> 
     </span>
    </p>
   </div>
   <div class='ocr_carea' id='block_1_48' title="bbox 494 3198 2086 3273">
    <p class='ocr_par' dir='ltr' id='par_1_48' title="bbox 494 3198 2086 3273">
     <span class='ocr_line' id='line_1_48' title="bbox 494 3198 2086 3273; baseline -0.003 -16"><span class='ocrx_word' id='word_1_326' title='bbox 494 3209 653 3273; x_wconf 70' lang='lat' dir='ltr'><strong>pater</strong></span> <span class='ocrx_word' id='word_1_327' title='bbox 672 3201 847 3256; x_wconf 86' lang='lat' dir='ltr'><strong>adivit</strong></span> <span class='ocrx_word' id='word_1_328' title='bbox 879 3219 892 3254; x_wconf 92' lang='lat'>:</span> <span class='ocrx_word' id='word_1_329' title='bbox 926 3200 1182 3272; x_wconf 75' lang='lat' dir='ltr'><strong>Inptesti,</strong></span> <span class='ocrx_word' id='word_1_330' title='bbox 1225 3199 1511 3270; x_wconf 72' lang='lat' dir='ltr'><strong>inQuiens,</strong></span> <span class='ocrx_word' id='word_1_331' title='bbox 1542 3199 1681 3270; x_wconf 82' lang='lat' dir='ltr'><strong>quod</strong></span> <span class='ocrx_word' id='word_1_332' title='bbox 1728 3198 1965 3267; x_wconf 59' lang='lat' dir='ltr'><strong>voluisti,</strong></span> <span class='ocrx_word' id='word_1_333' title='bbox 1996 3199 2086 3253; x_wconf 85' lang='lat' dir='ltr'><strong>sed</strong></span> 
     </span>
    </p>
   </div>
   <div class='ocr_carea' id='block_1_49' title="bbox 496 3290 2091 3365">
    <p class='ocr_par' dir='ltr' id='par_1_49' title="bbox 496 3290 2091 3365">
     <span class='ocr_line' id='line_1_49' title="bbox 496 3290 2091 3365; baseline -0.003 -16"><span class='ocrx_word' id='word_1_334' title='bbox 496 3295 702 3349; x_wconf 81' lang='lat' dir='ltr'><strong>noveris</strong></span> <span class='ocrx_word' id='word_1_335' title='bbox 735 3303 783 3349; x_wconf 86' lang='lat' dir='ltr'><strong>te</strong></span> <span class='ocrx_word' id='word_1_336' title='bbox 807 3295 1050 3365; x_wconf 81' lang='lat' dir='ltr'><strong>quintum</strong></span> <span class='ocrx_word' id='word_1_337' title='bbox 1073 3292 1262 3347; x_wconf 79' lang='lat' dir='ltr'><strong>abhinc</strong></span> <span class='ocrx_word' id='word_1_338' title='bbox 1295 3306 1492 3347; x_wconf 81' lang='lat' dir='ltr'><strong>annum</strong></span> <span class='ocrx_word' id='word_1_339' title='bbox 1522 3293 1578 3347; x_wconf 83' lang='lat' dir='ltr'><strong>in</strong></span> <span class='ocrx_word' id='word_1_340' title='bbox 1602 3290 1796 3348; x_wconf 64' lang='lat' dir='ltr'><strong>sabulo</strong></span> <span class='ocrx_word' id='word_1_341' title='bbox 1828 3308 1932 3346; x_wconf 83' lang='lat' dir='ltr'><strong>non</strong></span> <span class='ocrx_word' id='word_1_342' title='bbox 1953 3292 2091 3346; x_wconf 82' lang='lat' dir='ltr'><strong>visu-</strong></span> 
     </span>
    </p>
   </div>
   <div class='ocr_carea' id='block_1_50' title="bbox 498 3383 2087 3458">
    <p class='ocr_par' dir='ltr' id='par_1_50' title="bbox 498 3383 2087 3458">
     <span class='ocr_line' id='line_1_50' title="bbox 498 3383 2087 3458; baseline -0.004 -15"><span class='ocrx_word' id='word_1_343' title='bbox 498 3404 638 3443; x_wconf 80' lang='lat' dir='ltr'><strong>rum.</strong></span> <span class='ocrx_word' id='word_1_344' title='bbox 666 3386 829 3443; x_wconf 83' lang='lat' dir='ltr'><strong>Michi</strong></span> <span class='ocrx_word' id='word_1_345' title='bbox 851 3402 1054 3458; x_wconf 82' lang='lat' dir='ltr'><strong>quoque</strong></span> <span class='ocrx_word' id='word_1_346' title='bbox 1083 3386 1174 3457; x_wconf 85' lang='lat' dir='ltr'><strong>qui</strong></span> <span class='ocrx_word' id='word_1_347' title='bbox 1210 3385 1435 3452; x_wconf 80' lang='lat' dir='ltr'><strong>assensi,</strong></span> <span class='ocrx_word' id='word_1_348' title='bbox 1465 3392 1586 3439; x_wconf 82' lang='lat' dir='ltr'><strong>ante</strong></span> <span class='ocrx_word' id='word_1_349' title='bbox 1613 3385 1858 3456; x_wconf 76' lang='lat' dir='ltr'><strong>quintum</strong></span> <span class='ocrx_word' id='word_1_350' title='bbox 1888 3383 2087 3438; x_wconf 78' lang='lat' dir='ltr'><strong>simili-</strong></span> 
     </span>
    </p>
   </div>
   <div class='ocr_carea' id='block_1_51' title="bbox 500 3468 2091 3548">
    <p class='ocr_par' dir='ltr' id='par_1_51' title="bbox 500 3468 2091 3548">
     <span class='ocr_line' id='line_1_51' title="bbox 500 3468 2091 3548; baseline -0.003 -13"><span class='ocrx_word' id='word_1_351' title='bbox 500 3489 583 3536; x_wconf 80' lang='lat' dir='ltr'><strong>ter</strong></span> <span class='ocrx_word' id='word_1_352' title='bbox 601 3495 801 3534; x_wconf 79' lang='lat' dir='ltr'><strong>annum</strong></span> <span class='ocrx_word' id='word_1_353' title='bbox 840 3480 1096 3533; x_wconf 78' lang='lat' dir='ltr'><strong>terminus</strong></span> <span class='ocrx_word' id='word_1_354' title='bbox 1117 3479 1221 3533; x_wconf 86' lang='lat' dir='ltr'><strong>erit</strong></span> <span class='ocrx_word' id='word_1_355' title='bbox 1245 3479 1388 3545; x_wconf 72' lang='lat' dir='ltr'><strong>vim,</strong></span> <span class='ocrx_word' id='word_1_356' title='bbox 1416 3483 1467 3533; x_wconf 79' lang='lat' dir='ltr'><strong>te</strong></span> <span class='ocrx_word' id='word_1_357' title='bbox 1503 3485 1624 3548; x_wconf 83' lang='lat' dir='ltr'><strong>post</strong></span> <span class='ocrx_word' id='word_1_358' title='bbox 1663 3468 1930 3531; x_wconf 82' lang='lat' dir='ltr'><strong>modicum</strong></span> <span class='ocrx_word' id='word_1_359' title='bbox 1965 3475 2091 3531; x_wconf 77' lang='lat' dir='ltr'><strong>sub—</strong></span> 
     </span>
    </p>
   </div>
   <div class='ocr_carea' id='block_1_52' title="bbox 499 3567 2087 3643">
    <p class='ocr_par' dir='ltr' id='par_1_52' title="bbox 499 3567 2087 3643">
     <span class='ocr_line' id='line_1_52' title="bbox 499 3567 2087 3643; baseline -0.006 -12"><span class='ocrx_word' id='word_1_360' title='bbox 499 3580 763 3643; x_wconf 64' lang='lat' dir='ltr'><strong>sequente.</strong></span> <span class='ocrx_word' id='word_1_361' title='bbox 795 3570 1048 3637; x_wconf 81' lang='lat' dir='ltr'><strong>Dixerat,</strong></span> <span class='ocrx_word' id='word_1_362' title='bbox 1078 3578 1133 3626; x_wconf 91' lang='lat' dir='ltr'><strong>et</strong></span> <span class='ocrx_word' id='word_1_363' title='bbox 1170 3570 1381 3626; x_wconf 87' lang='lat' dir='ltr'><strong>dictum</strong></span> <span class='ocrx_word' id='word_1_364' title='bbox 1429 3569 1514 3625; x_wconf 82' lang='lat' dir='ltr'><strong>rei</strong></span> <span class='ocrx_word' id='word_1_365' title='bbox 1553 3567 1806 3640; x_wconf 83' lang='lat' dir='ltr'><strong>probavit</strong></span> <span class='ocrx_word' id='word_1_366' title='bbox 1838 3574 2087 3623; x_wconf 90' lang='lat' dir='ltr'><strong>eventus.</strong></span> 
     </span>
    </p>
   </div>
   <div class='ocr_carea' id='block_1_53' title="bbox 500 3655 2091 3735">
    <p class='ocr_par' dir='ltr' id='par_1_53' title="bbox 500 3655 2091 3735">
     <span class='ocr_line' id='line_1_53' title="bbox 500 3655 2091 3735; baseline -0.001 -16"><span class='ocrx_word' id='word_1_367' title='bbox 500 3664 710 3733; x_wconf 83' lang='lat' dir='ltr'><strong>Quarto</strong></span> <span class='ocrx_word' id='word_1_368' title='bbox 734 3665 881 3719; x_wconf 90' lang='lat' dir='ltr'><strong>enim</strong></span> <span class='ocrx_word' id='word_1_369' title='bbox 902 3665 1137 3721; x_wconf 76' lang='lat' dir='ltr'><strong>necdum</strong></span> <span class='ocrx_word' id='word_1_370' title='bbox 1165 3671 1362 3733; x_wconf 78' lang='lat' dir='ltr'><strong>exacto</strong></span> <span class='ocrx_word' id='word_1_371' title='bbox 1386 3676 1562 3731; x_wconf 85' lang='lat' dir='ltr'><strong>anno,</strong></span> <span class='ocrx_word' id='word_1_372' title='bbox 1607 3662 1822 3720; x_wconf 89' lang='lat' dir='ltr'><strong>viribus</strong></span> <span class='ocrx_word' id='word_1_373' title='bbox 1845 3655 2091 3735; x_wconf 79' lang='lat' dir='ltr'><strong>corporis</strong></span> 
     </span>
    </p>
   </div>
   <div class='ocr_carea' id='block_1_54' title="bbox 501 3754 2090 3828">
    <p class='ocr_par' dir='ltr' id='par_1_54' title="bbox 501 3754 2090 3828">
     <span class='ocr_line' id='line_1_54' title="bbox 501 3754 2090 3828; baseline -0.002 -15"><span class='ocrx_word' id='word_1_374' title='bbox 501 3757 648 3828; x_wconf 88' lang='lat' dir='ltr'><strong>cepit</strong></span> <span class='ocrx_word' id='word_1_375' title='bbox 684 3760 836 3826; x_wconf 82' lang='lat' dir='ltr'><strong>pater</strong></span> <span class='ocrx_word' id='word_1_376' title='bbox 859 3757 1103 3825; x_wconf 84' lang='lat' dir='ltr'><strong>destitui,</strong></span> <span class='ocrx_word' id='word_1_377' title='bbox 1133 3764 1190 3812; x_wconf 89' lang='lat' dir='ltr'><strong>et</strong></span> <span class='ocrx_word' id='word_1_378' title='bbox 1222 3756 1538 3812; x_wconf 85' lang='lat' dir='ltr'><strong>convocatis</strong></span> <span class='ocrx_word' id='word_1_379' title='bbox 1575 3754 1840 3812; x_wconf 64' lang='lat' dir='ltr'><strong>fratribus</strong></span> <span class='ocrx_word' id='word_1_380' title='bbox 1880 3755 2090 3811; x_wconf 89' lang='lat' dir='ltr'><strong>indica-</strong></span> 
     </span>
    </p>
   </div>
   <div class='ocr_carea' id='block_1_55' title="bbox 501 3847 2093 3918">
    <p class='ocr_par' dir='ltr' id='par_1_55' title="bbox 501 3847 2093 3918">
     <span class='ocr_line' id='line_1_55' title="bbox 501 3847 2093 3918; baseline -0.003 -11"><span class='ocrx_word' id='word_1_381' title='bbox 501 3851 580 3907; x_wconf 85' lang='lat' dir='ltr'><strong>vit</strong></span> <span class='ocrx_word' id='word_1_382' title='bbox 616 3851 902 3905; x_wconf 83' lang='lat' dir='ltr'><strong>imminere</strong></span> <span class='ocrx_word' id='word_1_383' title='bbox 941 3850 1086 3905; x_wconf 90' lang='lat' dir='ltr'><strong>diem</strong></span> <span class='ocrx_word' id='word_1_384' title='bbox 1134 3864 1251 3905; x_wconf 75' lang='lat' dir='ltr'><strong>sua:</strong></span> <span class='ocrx_word' id='word_1_385' title='bbox 1303 3848 1681 3905; x_wconf 86' lang='lat' dir='ltr'><strong>resolutionis.</strong></span> <span class='ocrx_word' id='word_1_386' title='bbox 1735 3848 1861 3904; x_wconf 74' lang='lat' dir='ltr'><strong>Mox</strong></span> <span class='ocrx_word' id='word_1_387' title='bbox 1910 3847 2093 3918; x_wconf 89' lang='lat' dir='ltr'><strong>itaque</strong></span> 
     </span>
    </p>
   </div>
   <div class='ocr_carea' id='block_1_56' title="bbox 502 3938 2091 4014">
    <p class='ocr_par' dir='ltr' id='par_1_56' title="bbox 502 3938 2091 4014">
     <span class='ocr_line' id='line_1_56' title="bbox 502 3938 2091 4014; baseline -0.001 -18"><span class='ocrx_word' id='word_1_388' title='bbox 502 3940 739 3997; x_wconf 67' lang='lat' dir='ltr'><strong>abbatis:</strong></span> <span class='ocrx_word' id='word_1_389' title='bbox 773 3941 953 3997; x_wconf 82' lang='lat' dir='ltr'><strong>sancti</strong></span> <span class='ocrx_word' id='word_1_390' title='bbox 989 3939 1135 3996; x_wconf 85' lang='lat' dir='ltr'><strong>Petri</strong></span> <span class='ocrx_word' id='word_1_391' title='bbox 1171 3940 1595 3996; x_wconf 82' lang='lat' dir='ltr'><strong>Catalauneusis</strong></span> <span class='ocrx_word' id='word_1_392' title='bbox 1619 3938 1953 4014; x_wconf 85' lang='lat' dir='ltr'><strong>Odylardum</strong></span> <span class='ocrx_word' id='word_1_393' title='bbox 1991 3940 2091 3995; x_wconf 88' lang='lat' dir='ltr'><strong>ab-</strong></span> 
     </span>
    </p>
   </div>
   <div class='ocr_carea' id='block_1_57' title="bbox 504 4024 2094 4104">
    <p class='ocr_par' dir='ltr' id='par_1_57' title="bbox 504 4024 2094 4104">
     <span class='ocr_line' id='line_1_57' title="bbox 504 4024 2094 4104; baseline -0.001 -14"><span class='ocrx_word' id='word_1_394' title='bbox 504 4033 687 4090; x_wconf 84' lang='lat' dir='ltr'><strong>batem</strong></span> <span class='ocrx_word' id='word_1_395' title='bbox 714 4032 975 4100; x_wconf 88' lang='lat' dir='ltr'><strong>instituit,</strong></span> <span class='ocrx_word' id='word_1_396' title='bbox 1021 4032 1171 4088; x_wconf 87' lang='lat' dir='ltr'><strong>Bello</strong></span> <span class='ocrx_word' id='word_1_397' title='bbox 1199 4032 1346 4089; x_wconf 89' lang='lat' dir='ltr'><strong>Loco</strong></span> <span class='ocrx_word' id='word_1_398' title='bbox 1372 4024 1587 4104; x_wconf 87' lang='lat' dir='ltr'><strong>patrem</strong></span> <span class='ocrx_word' id='word_1_399' title='bbox 1615 4032 1965 4090; x_wconf 70' lang='lat' dir='ltr'><strong>Richardum&#39;</strong></span> <span class='ocrx_word' id='word_1_400' title='bbox 1998 4032 2094 4089; x_wconf 88' lang='lat' dir='ltr'><strong>de-</strong></span> 
     </span>
    </p>
   </div>
   <div class='ocr_carea' id='block_1_58' title="bbox 504 4122 2095 4198">
    <p class='ocr_par' dir='ltr' id='par_1_58' title="bbox 504 4122 2095 4198">
     <span class='ocr_line' id='line_1_58' title="bbox 504 4122 2095 4198; baseline 0 -18"><span class='ocrx_word' id='word_1_401' title='bbox 504 4125 662 4198; x_wconf 91' lang='lat' dir='ltr'><strong>legit,</strong></span> <span class='ocrx_word' id='word_1_402' title='bbox 700 4125 953 4181; x_wconf 85' lang='lat' dir='ltr'><strong>coenobio</strong></span> <span class='ocrx_word' id='word_1_403' title='bbox 1003 4125 1181 4182; x_wconf 83' lang='lat' dir='ltr'><strong>sancti</strong></span> <span class='ocrx_word' id='word_1_404' title='bbox 1212 4122 1439 4181; x_wconf 86' lang='lat' dir='ltr'><strong>Huberti</strong></span> <span class='ocrx_word' id='word_1_405' title='bbox 1489 4124 1867 4194; x_wconf 86' lang='lat' dir='ltr'><strong>Teodericum,</strong></span> <span class='ocrx_word' id='word_1_406' title='bbox 1917 4125 2095 4182; x_wconf 90' lang='lat' dir='ltr'><strong>sancti</strong></span> 
     </span>
    </p>
   </div>
   <div class='ocr_carea' id='block_1_59' title="bbox 507 4213 2096 4287">
    <p class='ocr_par' dir='ltr' id='par_1_59' title="bbox 507 4213 2096 4287">
     <span class='ocr_line' id='line_1_59' title="bbox 507 4213 2096 4287; baseline 0.001 -16"><span class='ocrx_word' id='word_1_407' title='bbox 507 4213 718 4271; x_wconf 82' lang='lat' dir='ltr'><strong>Urbani</strong></span> <span class='ocrx_word' id='word_1_408' title='bbox 766 4213 1129 4287; x_wconf 77' lang='lat' dir='ltr'><strong>Stephanum,</strong></span> <span class='ocrx_word' id='word_1_409' title='bbox 1163 4215 1319 4273; x_wconf 78' lang='lat' dir='ltr'><strong>viros</strong></span> <span class='ocrx_word' id='word_1_410' title='bbox 1356 4214 1411 4271; x_wconf 92' lang='lat' dir='ltr'><strong>in</strong></span> <span class='ocrx_word' id='word_1_411' title='bbox 1437 4217 1589 4272; x_wconf 88' lang='lat' dir='ltr'><strong>omni</strong></span> <span class='ocrx_word' id='word_1_412' title='bbox 1634 4217 1851 4273; x_wconf 85' lang='lat' dir='ltr'><strong>theoria</strong></span> <span class='ocrx_word' id='word_1_413' title='bbox 1895 4216 2096 4287; x_wconf 87' lang='lat' dir='ltr'><strong>proba-</strong></span> 
     </span>
    </p>
   </div>
   <div class='ocr_carea' id='block_1_60' title="bbox 506 4307 2095 4380">
    <p class='ocr_par' dir='ltr' id='par_1_60' title="bbox 506 4307 2095 4380">
     <span class='ocr_line' id='line_1_60' title="bbox 506 4307 2095 4380; baseline -0.001 -16"><span class='ocrx_word' id='word_1_414' title='bbox 506 4307 777 4374; x_wconf 86' lang='lat' dir='ltr'><strong>tissimos,</strong></span> <span class='ocrx_word' id='word_1_415' title='bbox 814 4307 871 4364; x_wconf 88' lang='lat' dir='ltr'><strong>in</strong></span> <span class='ocrx_word' id='word_1_416' title='bbox 908 4308 1179 4364; x_wconf 83' lang='lat' dir='ltr'><strong>servando</strong></span> <span class='ocrx_word' id='word_1_417' title='bbox 1225 4308 1507 4380; x_wconf 75' lang='lat' dir='ltr'><strong>religionis</strong></span> <span class='ocrx_word' id='word_1_418' title='bbox 1534 4308 1825 4380; x_wconf 80' lang='lat' dir='ltr'><strong>proposito</strong></span> <span class='ocrx_word' id='word_1_419' title='bbox 1852 4307 2095 4364; x_wconf 85' lang='lat' dir='ltr'><strong>clarissi-</strong></span> 
     </span>
    </p>
   </div>
   <div class='ocr_carea' id='block_1_61' title="bbox 505 4393 2133 4474">
    <p class='ocr_par' dir='ltr' id='par_1_61' title="bbox 505 4393 2133 4474">
     <span class='ocr_line' id='line_1_61' title="bbox 505 4393 2133 4474; baseline -0.002 -16"><span class='ocrx_word' id='word_1_420' title='bbox 505 4416 647 4459; x_wconf 89' lang='lat' dir='ltr'><strong>mos.</strong></span> <span class='ocrx_word' id='word_1_421' title='bbox 676 4399 788 4457; x_wconf 81' lang='lat' dir='ltr'><strong>Has</strong></span> <span class='ocrx_word' id='word_1_422' title='bbox 806 4402 956 4458; x_wconf 81' lang='lat' dir='ltr'><strong>enim</strong></span> <span class='ocrx_word' id='word_1_423' title='bbox 985 4402 1237 4458; x_wconf 85' lang='lat' dir='ltr'><strong>abbatias</strong></span> <span class='ocrx_word' id='word_1_424' title='bbox 1259 4401 1377 4473; x_wconf 84' lang='lat' dir='ltr'><strong>ipse</strong></span> <span class='ocrx_word' id='word_1_425' title='bbox 1403 4412 1502 4473; x_wconf 90' lang='lat' dir='ltr'><strong>per</strong></span> <span class='ocrx_word' id='word_1_426' title='bbox 1525 4416 1586 4458; x_wconf 89' lang='lat' dir='ltr'><strong>se</strong></span> <span class='ocrx_word' id='word_1_427' title='bbox 1606 4403 1846 4474; x_wconf 82' lang='lat' dir='ltr'><strong>regebat.</strong></span> <span class='ocrx_word' id='word_1_428' title='bbox 1878 4400 2095 4456; x_wconf 80' lang='lat' dir='ltr'><strong>Exone—</strong></span> <span class='ocrx_word' id='word_1_429' title='bbox 2121 4393 2133 4405; x_wconf 83' lang='grc'><strong>’</strong></span> 
     </span>
    </p>
   </div>
   <div class='ocr_carea' id='block_1_62' title="bbox 2181 1904 3761 1976">
    <p class='ocr_par' dir='ltr' id='par_1_62' title="bbox 2181 1904 3761 1976">
     <span class='ocr_line' id='line_1_62' title="bbox 2181 1904 3761 1976; baseline 0.001 -16"><span class='ocrx_word' id='word_1_430' title='bbox 2181 1906 2440 1976; x_wconf 87' lang='lat' dir='ltr'><strong>episcopo</strong></span> <span class='ocrx_word' id='word_1_431' title='bbox 2472 1907 2593 1962; x_wconf 90' lang='lat' dir='ltr'><strong>oleo</strong></span> <span class='ocrx_word' id='word_1_432' title='bbox 2625 1915 2838 1975; x_wconf 91' lang='lat' dir='ltr'><strong>saneto,</strong></span> <span class='ocrx_word' id='word_1_433' title='bbox 2871 1904 3221 1963; x_wconf 82' lang='lat' dir='ltr'><strong>confessione</strong></span> <span class='ocrx_word' id='word_1_434' title='bbox 3248 1907 3399 1974; x_wconf 88' lang='lat' dir='ltr'><strong>data,</strong></span> <span class='ocrx_word' id='word_1_435' title='bbox 3448 1907 3646 1963; x_wconf 68' lang='lat' dir='ltr'><strong>viatico</strong></span> <span class='ocrx_word' id='word_1_436' title='bbox 3671 1923 3761 1962; x_wconf 63' lang='lat' dir='ltr'><strong>caa-</strong></span> 
     </span>
    </p>
   </div>
   <div class='ocr_carea' id='block_1_63' title="bbox 2184 1996 3763 2070">
    <p class='ocr_par' dir='ltr' id='par_1_63' title="bbox 2184 1996 3763 2070">
     <span class='ocr_line' id='line_1_63' title="bbox 2184 1996 3763 2070; baseline 0.002 -20"><span class='ocrx_word' id='word_1_437' title='bbox 2184 1996 2310 2052; x_wconf 90' lang='lat' dir='ltr'><strong>lesti</strong></span> <span class='ocrx_word' id='word_1_438' title='bbox 2336 2004 2549 2068; x_wconf 90' lang='lat' dir='ltr'><strong>pastus,</strong></span> <span class='ocrx_word' id='word_1_439' title='bbox 2580 1998 2866 2068; x_wconf 78' lang='lat' dir='ltr'><strong>expositus</strong></span> <span class='ocrx_word' id='word_1_440' title='bbox 2888 1997 3210 2066; x_wconf 87' lang='lat' dir='ltr'><strong>estlectulo,</strong></span> <span class='ocrx_word' id='word_1_441' title='bbox 3241 1997 3487 2070; x_wconf 90' lang='lat' dir='ltr'><strong>etjaeuit</strong></span> <span class='ocrx_word' id='word_1_442' title='bbox 3507 2015 3570 2052; x_wconf 77' lang='lat' dir='ltr'><strong>in</strong></span> <span class='ocrx_word' id='word_1_443' title='bbox 3599 1997 3763 2054; x_wconf 83' lang='lat' dir='ltr'><strong>cinere</strong></span> 
     </span>
    </p>
   </div>
   <div class='ocr_carea' id='block_1_64' title="bbox 2184 2088 3763 2162">
    <p class='ocr_par' dir='ltr' id='par_1_64' title="bbox 2184 2088 3763 2162">
     <span class='ocr_line' id='line_1_64' title="bbox 2184 2088 3763 2162; baseline 0 -17"><span class='ocrx_word' id='word_1_444' title='bbox 2184 2099 2237 2145; x_wconf 91' lang='lat' dir='ltr'><strong>et</strong></span> <span class='ocrx_word' id='word_1_445' title='bbox 2261 2089 2460 2158; x_wconf 87' lang='lat' dir='ltr'><strong>cilicio,</strong></span> <span class='ocrx_word' id='word_1_446' title='bbox 2494 2091 2569 2145; x_wconf 86' lang='lat' dir='ltr'><strong>ita</strong></span> <span class='ocrx_word' id='word_1_447' title='bbox 2598 2098 2658 2145; x_wconf 90' lang='lat' dir='ltr'><strong>ut</strong></span> <span class='ocrx_word' id='word_1_448' title='bbox 2704 2091 2876 2146; x_wconf 89' lang='lat' dir='ltr'><strong>altare</strong></span> <span class='ocrx_word' id='word_1_449' title='bbox 2919 2091 3097 2147; x_wconf 89' lang='lat' dir='ltr'><strong>sancti</strong></span> <span class='ocrx_word' id='word_1_450' title='bbox 3134 2088 3387 2146; x_wconf 83' lang='lat' dir='ltr'><strong>Nicboiai</strong></span> <span class='ocrx_word' id='word_1_451' title='bbox 3417 2090 3543 2162; x_wconf 86' lang='lat' dir='ltr'><strong>ejus</strong></span> <span class='ocrx_word' id='word_1_452' title='bbox 3569 2107 3763 2162; x_wconf 82' lang='lat' dir='ltr'><strong>semper</strong></span> 
     </span>
    </p>
   </div>
   <div class='ocr_carea' id='block_1_65' title="bbox 2184 2180 3763 2255">
    <p class='ocr_par' dir='ltr' id='par_1_65' title="bbox 2184 2180 3763 2255">
     <span class='ocr_line' id='line_1_65' title="bbox 2184 2180 3763 2255; baseline 0.001 -19"><span class='ocrx_word' id='word_1_453' title='bbox 2184 2191 2471 2253; x_wconf 88' lang='lat' dir='ltr'><strong>appareret</strong></span> <span class='ocrx_word' id='word_1_454' title='bbox 2502 2184 2842 2253; x_wconf 88' lang='lat' dir='ltr'><strong>conspectui.</strong></span> <span class='ocrx_word' id='word_1_455' title='bbox 2878 2182 3007 2239; x_wconf 89' lang='lat' dir='ltr'><strong>Inde</strong></span> <span class='ocrx_word' id='word_1_456' title='bbox 3043 2180 3242 2255; x_wconf 80' lang='lat' dir='ltr'><strong>fratres</strong></span> <span class='ocrx_word' id='word_1_457' title='bbox 3278 2182 3625 2254; x_wconf 88' lang='lat' dir='ltr'><strong>alloquutus,</strong></span> <span class='ocrx_word' id='word_1_458' title='bbox 3650 2194 3763 2239; x_wconf 62' lang='lat' dir='ltr'><strong>con</strong></span> 
     </span>
    </p>
   </div>
   <div class='ocr_carea' id='block_1_66' title="bbox 2186 2274 3761 2346">
    <p class='ocr_par' dir='ltr' id='par_1_66' title="bbox 2186 2274 3761 2346">
     <span class='ocr_line' id='line_1_66' title="bbox 2186 2274 3761 2346; baseline 0.001 -17"><span class='ocrx_word' id='word_1_459' title='bbox 2186 2282 2342 2329; x_wconf 86' lang='lat' dir='ltr'><strong>sueta</strong></span> <span class='ocrx_word' id='word_1_460' title='bbox 2365 2275 2560 2330; x_wconf 84' lang='lat' dir='ltr'><strong>salutis</strong></span> <span class='ocrx_word' id='word_1_461' title='bbox 2591 2274 2924 2330; x_wconf 85' lang='lat' dir='ltr'><strong>documenta</strong></span> <span class='ocrx_word' id='word_1_462' title='bbox 2961 2275 3257 2346; x_wconf 87' lang='lat' dir='ltr'><strong>replicans,</strong></span> <span class='ocrx_word' id='word_1_463' title='bbox 3288 2274 3402 2332; x_wconf 88' lang='lat' dir='ltr'><strong>Deo</strong></span> <span class='ocrx_word' id='word_1_464' title='bbox 3425 2283 3487 2331; x_wconf 92' lang='lat' dir='ltr'><strong>ut</strong></span> <span class='ocrx_word' id='word_1_465' title='bbox 3512 2275 3761 2332; x_wconf 77' lang='lat' dir='ltr'><strong>servirent</strong></span> 
     </span>
    </p>
   </div>
   <div class='ocr_carea' id='block_1_67' title="bbox 2185 2370 3761 2443">
    <p class='ocr_par' dir='ltr' id='par_1_67' title="bbox 2185 2370 3761 2443">
     <span class='ocr_line' id='line_1_67' title="bbox 2185 2370 3761 2443; baseline 0.001 -17"><span class='ocrx_word' id='word_1_466' title='bbox 2185 2376 2240 2426; x_wconf 91' lang='lat' dir='ltr'><strong>et</strong></span> <span class='ocrx_word' id='word_1_467' title='bbox 2263 2370 2588 2426; x_wconf 87' lang='lat' dir='ltr'><strong>adherercnt</strong></span> <span class='ocrx_word' id='word_1_468' title='bbox 2622 2370 2947 2439; x_wconf 90' lang='lat' dir='ltr'><strong>ammonuit,</strong></span> <span class='ocrx_word' id='word_1_469' title='bbox 2992 2372 3189 2443; x_wconf 90' lang='lat' dir='ltr'><strong>suique</strong></span> <span class='ocrx_word' id='word_1_470' title='bbox 3236 2380 3298 2428; x_wconf 90' lang='lat' dir='ltr'><strong>ut</strong></span> <span class='ocrx_word' id='word_1_471' title='bbox 3338 2382 3761 2429; x_wconf 71' lang='lat' dir='ltr'><strong>memorarentur</strong></span> 
     </span>
    </p>
   </div>
   <div class='ocr_carea' id='block_1_68' title="bbox 2185 2468 3761 2543">
    <p class='ocr_par' dir='ltr' id='par_1_68' title="bbox 2185 2468 3761 2543">
     <span class='ocr_line' id='line_1_68' title="bbox 2185 2468 3761 2543; baseline 0.003 -21"><span class='ocrx_word' id='word_1_472' title='bbox 2185 2468 2433 2543; x_wconf 89' lang='lat' dir='ltr'><strong>piissima</strong></span> <span class='ocrx_word' id='word_1_473' title='bbox 2476 2470 2766 2527; x_wconf 88' lang='lat' dir='ltr'><strong>devotione</strong></span> <span class='ocrx_word' id='word_1_474' title='bbox 2804 2470 3017 2542; x_wconf 88' lang='lat' dir='ltr'><strong>petivit,</strong></span> <span class='ocrx_word' id='word_1_475' title='bbox 3060 2471 3321 2528; x_wconf 90' lang='lat' dir='ltr'><strong>omnibus</strong></span> <span class='ocrx_word' id='word_1_476' title='bbox 3378 2472 3439 2527; x_wconf 92' lang='lat' dir='ltr'><strong>in</strong></span> <span class='ocrx_word' id='word_1_477' title='bbox 3486 2486 3761 2528; x_wconf 85' lang='lat' dir='ltr'><strong>commune</strong></span> 
     </span>
    </p>
   </div>
   <div class='ocr_carea' id='block_1_69' title="bbox 2186 2548 3761 2636">
    <p class='ocr_par' dir='ltr' id='par_1_69' title="bbox 2186 2548 3761 2636">
     <span class='ocr_line' id='line_1_69' title="bbox 2186 2548 3761 2636; baseline 0.001 -20"><span class='ocrx_word' id='word_1_478' title='bbox 2186 2560 2441 2618; x_wconf 86' lang='lat' dir='ltr'><strong>ﬂentibus</strong></span> <span class='ocrx_word' id='word_1_479' title='bbox 2460 2571 2514 2618; x_wconf 91' lang='lat' dir='ltr'><strong>et</strong></span> <span class='ocrx_word' id='word_1_480' title='bbox 2534 2578 2688 2618; x_wconf 90' lang='lat' dir='ltr'><strong>suam</strong></span> <span class='ocrx_word' id='word_1_481' title='bbox 2710 2548 3121 2619; x_wconf 81' lang='lat' dir='ltr'><strong>destitutionem</strong></span> <span class='ocrx_word' id='word_1_482' title='bbox 3150 2563 3761 2636; x_wconf 77' lang='lat' dir='ltr'><strong>ingeminantibus,cun</strong></span> 
     </span>
    </p>
   </div>
   <div class='ocr_carea' id='block_1_70' title="bbox 2188 2655 3761 2726">
    <p class='ocr_par' dir='ltr' id='par_1_70' title="bbox 2188 2655 3761 2726">
     <span class='ocr_line' id='line_1_70' title="bbox 2188 2655 3761 2726; baseline 0.002 -16"><span class='ocrx_word' id='word_1_483' title='bbox 2188 2655 2305 2726; x_wconf 90' lang='lat' dir='ltr'><strong>ipse</strong></span> <span class='ocrx_word' id='word_1_484' title='bbox 2347 2657 2595 2711; x_wconf 90' lang='lat' dir='ltr'><strong>omnium</strong></span> <span class='ocrx_word' id='word_1_485' title='bbox 2642 2656 2923 2712; x_wconf 86' lang='lat' dir='ltr'><strong>cohiberet</strong></span> <span class='ocrx_word' id='word_1_486' title='bbox 2975 2657 3255 2725; x_wconf 89' lang='lat' dir='ltr'><strong>lacrimas,</strong></span> <span class='ocrx_word' id='word_1_487' title='bbox 3311 2658 3591 2715; x_wconf 87' lang='lat' dir='ltr'><strong>solaretur</strong></span> <span class='ocrx_word' id='word_1_488' title='bbox 3626 2659 3761 2714; x_wconf 82' lang='lat' dir='ltr'><strong>dolo-</strong></span> 
     </span>
    </p>
   </div>
   <div class='ocr_carea' id='block_1_71' title="bbox 2189 2748 3760 2823">
    <p class='ocr_par' dir='ltr' id='par_1_71' title="bbox 2189 2748 3760 2823">
     <span class='ocr_line' id='line_1_71' title="bbox 2189 2748 3760 2823; baseline 0.004 -21"><span class='ocrx_word' id='word_1_489' title='bbox 2189 2765 2328 2816; x_wconf 84' lang='lat' dir='ltr'><strong>rem,</strong></span> <span class='ocrx_word' id='word_1_490' title='bbox 2373 2758 2430 2804; x_wconf 90' lang='lat' dir='ltr'><strong>et</strong></span> <span class='ocrx_word' id='word_1_491' title='bbox 2474 2748 2682 2805; x_wconf 86' lang='lat' dir='ltr'><strong>Christi</strong></span> <span class='ocrx_word' id='word_1_492' title='bbox 2711 2750 2921 2806; x_wconf 88' lang='lat' dir='ltr'><strong>domini</strong></span> <span class='ocrx_word' id='word_1_493' title='bbox 2950 2750 3294 2821; x_wconf 88' lang='lat' dir='ltr'><strong>promitteret</strong></span> <span class='ocrx_word' id='word_1_494' title='bbox 3322 2752 3622 2808; x_wconf 83' lang='lat' dir='ltr'><strong>aﬁ’uturam</strong></span> <span class='ocrx_word' id='word_1_495' title='bbox 3649 2767 3760 2823; x_wconf 84' lang='lat' dir='ltr'><strong>pro-</strong></span> 
     </span>
    </p>
   </div>
   <div class='ocr_carea' id='block_1_72' title="bbox 2189 2837 3760 2910">
    <p class='ocr_par' dir='ltr' id='par_1_72' title="bbox 2189 2837 3760 2910">
     <span class='ocr_line' id='line_1_72' title="bbox 2189 2837 3760 2910; baseline 0.003 -18"><span class='ocrx_word' id='word_1_496' title='bbox 2189 2838 2503 2894; x_wconf 90' lang='lat' dir='ltr'><strong>tectionem.</strong></span> <span class='ocrx_word' id='word_1_497' title='bbox 2523 2837 2655 2895; x_wconf 91' lang='lat' dir='ltr'><strong>Post</strong></span> <span class='ocrx_word' id='word_1_498' title='bbox 2675 2840 2778 2897; x_wconf 90' lang='lat' dir='ltr'><strong>hec</strong></span> <span class='ocrx_word' id='word_1_499' title='bbox 2802 2839 3062 2910; x_wconf 87' lang='lat' dir='ltr'><strong>reliquias</strong></span> <span class='ocrx_word' id='word_1_500' title='bbox 3108 2856 3247 2910; x_wconf 91' lang='lat' dir='ltr'><strong>quas</strong></span> <span class='ocrx_word' id='word_1_501' title='bbox 3262 2839 3760 2899; x_wconf 80' lang='lat' dir='ltr'><strong>Jherosolimitanus</strong></span> 
     </span>
    </p>
   </div>
   <div class='ocr_carea' id='block_1_73' title="bbox 2189 2924 3761 2997">
    <p class='ocr_par' dir='ltr' id='par_1_73' title="bbox 2189 2924 3761 2997">
     <span class='ocr_line' id='line_1_73' title="bbox 2189 2924 3761 2997; baseline 0.001 -18"><span class='ocrx_word' id='word_1_502' title='bbox 2189 2925 2505 2994; x_wconf 86' lang='lat' dir='ltr'><strong>patriarcha</strong></span> <span class='ocrx_word' id='word_1_503' title='bbox 2536 2924 2587 2980; x_wconf 88' lang='lat' dir='ltr'><strong>ei</strong></span> <span class='ocrx_word' id='word_1_504' title='bbox 2621 2924 2848 2990; x_wconf 78' lang='lat' dir='ltr'><strong>dederat</strong></span> <span class='ocrx_word' id='word_1_505' title='bbox 2897 2925 3000 2980; x_wconf 91' lang='lat' dir='ltr'><strong>sibi</strong></span> <span class='ocrx_word' id='word_1_506' title='bbox 3023 2925 3205 2980; x_wconf 86' lang='lat' dir='ltr'><strong>afferri</strong></span> <span class='ocrx_word' id='word_1_507' title='bbox 3232 2928 3520 2997; x_wconf 60' lang='lat' dir='ltr'><strong>praecepit;</strong></span> <span class='ocrx_word' id='word_1_508' title='bbox 3547 2937 3605 2983; x_wconf 89' lang='lat' dir='ltr'><strong>et</strong></span> <span class='ocrx_word' id='word_1_509' title='bbox 3634 2927 3761 2983; x_wconf 83' lang='lat' dir='ltr'><strong>salu-</strong></span> 
     </span>
    </p>
   </div>
   <div class='ocr_carea' id='block_1_74' title="bbox 2192 3017 3758 3089">
    <p class='ocr_par' dir='ltr' id='par_1_74' title="bbox 2192 3017 3758 3089">
     <span class='ocr_line' id='line_1_74' title="bbox 2192 3017 3758 3089; baseline 0.002 -17"><span class='ocrx_word' id='word_1_510' title='bbox 2192 3017 2318 3074; x_wconf 89' lang='lat' dir='ltr'><strong>tatis</strong></span> <span class='ocrx_word' id='word_1_511' title='bbox 2362 3017 2443 3074; x_wconf 88' lang='lat' dir='ltr'><strong>eis</strong></span> <span class='ocrx_word' id='word_1_512' title='bbox 2481 3026 2647 3089; x_wconf 91' lang='lat' dir='ltr'><strong>atque</strong></span> <span class='ocrx_word' id='word_1_513' title='bbox 2686 3017 3022 3074; x_wconf 87' lang='lat' dir='ltr'><strong>deosculatis</strong></span> <span class='ocrx_word' id='word_1_514' title='bbox 3070 3028 3197 3073; x_wconf 88' lang='lat' dir='ltr'><strong>cum</strong></span> <span class='ocrx_word' id='word_1_515' title='bbox 3244 3019 3415 3074; x_wconf 87' lang='lat' dir='ltr'><strong>multa</strong></span> <span class='ocrx_word' id='word_1_516' title='bbox 3455 3019 3758 3081; x_wconf 78' lang='lat' dir='ltr'><strong>reverentia.</strong></span> 
     </span>
    </p>
   </div>
   <div class='ocr_carea' id='block_1_75' title="bbox 2190 3108 3834 3187">
    <p class='ocr_par' dir='ltr' id='par_1_75' title="bbox 2190 3108 3834 3187">
     <span class='ocr_line' id='line_1_75' title="bbox 2190 3108 3834 3187; baseline 0.001 -23"><span class='ocrx_word' id='word_1_517' title='bbox 2190 3125 2285 3165; x_wconf 91' lang='lat' dir='ltr'><strong>eas</strong></span> <span class='ocrx_word' id='word_1_518' title='bbox 2326 3126 2466 3180; x_wconf 90' lang='lat' dir='ltr'><strong>quas</strong></span> <span class='ocrx_word' id='word_1_519' title='bbox 2504 3110 2646 3165; x_wconf 91' lang='lat' dir='ltr'><strong>collo</strong></span> <span class='ocrx_word' id='word_1_520' title='bbox 2674 3108 2818 3166; x_wconf 90' lang='lat' dir='ltr'><strong>ferre</strong></span> <span class='ocrx_word' id='word_1_521' title='bbox 2862 3119 3226 3165; x_wconf 87' lang='lat' dir='ltr'><strong>consueverat</strong></span> <span class='ocrx_word' id='word_1_522' title='bbox 3262 3111 3544 3181; x_wconf 78' lang='lat' dir='ltr'><strong>exposuit,</strong></span> <span class='ocrx_word' id='word_1_523' title='bbox 3580 3120 3633 3167; x_wconf 89' lang='lat' dir='ltr'><strong>et</strong></span> <span class='ocrx_word' id='word_1_524' title='bbox 3656 3119 3762 3165; x_wconf 83' lang='lat' dir='ltr'><strong>ante</strong></span> <span class='ocrx_word' id='word_1_525' title='bbox 3832 3172 3834 3187; x_wconf 46' lang='grc' dir='ltr'><strong>Ι</strong></span> 
     </span>
    </p>
   </div>
   <div class='ocr_carea' id='block_1_76' title="bbox 2192 3201 3763 3274">
    <p class='ocr_par' dir='ltr' id='par_1_76' title="bbox 2192 3201 3763 3274">
     <span class='ocr_line' id='line_1_76' title="bbox 2192 3201 3763 3274; baseline 0 -16"><span class='ocrx_word' id='word_1_526' title='bbox 2192 3218 2251 3258; x_wconf 89' lang='lat' dir='ltr'><strong>se</strong></span> <span class='ocrx_word' id='word_1_527' title='bbox 2273 3211 2581 3259; x_wconf 86' lang='lat' dir='ltr'><strong>reverenter</strong></span> <span class='ocrx_word' id='word_1_528' title='bbox 2613 3202 2734 3258; x_wconf 91' lang='lat' dir='ltr'><strong>sisti</strong></span> <span class='ocrx_word' id='word_1_529' title='bbox 2771 3202 3046 3274; x_wconf 63' lang='lat' dir='ltr'><strong>praecepit.</strong></span> <span class='ocrx_word' id='word_1_530' title='bbox 3080 3201 3220 3259; x_wconf 88' lang='lat' dir='ltr'><strong>Hinc</strong></span> <span class='ocrx_word' id='word_1_531' title='bbox 3243 3218 3542 3259; x_wconf 87' lang='lat' dir='ltr'><strong>commune</strong></span> <span class='ocrx_word' id='word_1_532' title='bbox 3573 3211 3763 3260; x_wconf 77' lang='lat' dir='ltr'><strong>saneto-</strong></span> 
     </span>
    </p>
   </div>
   <div class='ocr_carea' id='block_1_77' title="bbox 2198 3293 3763 3365">
    <p class='ocr_par' dir='ltr' id='par_1_77' title="bbox 2198 3293 3763 3365">
     <span class='ocr_line' id='line_1_77' title="bbox 2198 3293 3763 3365; baseline -0.001 -15"><span class='ocrx_word' id='word_1_533' title='bbox 2198 3311 2321 3350; x_wconf 92' lang='lat' dir='ltr'><strong>rum</strong></span> <span class='ocrx_word' id='word_1_534' title='bbox 2364 3294 2732 3365; x_wconf 86' lang='lat' dir='ltr'><strong>patrocinium</strong></span> <span class='ocrx_word' id='word_1_535' title='bbox 2769 3293 3092 3365; x_wconf 90' lang='lat' dir='ltr'><strong>implorans,</strong></span> <span class='ocrx_word' id='word_1_536' title='bbox 3130 3295 3273 3350; x_wconf 86' lang='lat' dir='ltr'><strong>elata</strong></span> <span class='ocrx_word' id='word_1_537' title='bbox 3317 3310 3487 3350; x_wconf 88' lang='lat' dir='ltr'><strong>manu</strong></span> <span class='ocrx_word' id='word_1_538' title='bbox 3529 3294 3763 3350; x_wconf 88' lang='lat' dir='ltr'><strong>fratribus</strong></span> 
     </span>
    </p>
   </div>
   <div class='ocr_carea' id='block_1_78' title="bbox 2191 3384 3761 3459">
    <p class='ocr_par' dir='ltr' id='par_1_78' title="bbox 2191 3384 3761 3459">
     <span class='ocr_line' id='line_1_78' title="bbox 2191 3384 3761 3459; baseline -0.002 -14"><span class='ocrx_word' id='word_1_539' title='bbox 2191 3396 2245 3445; x_wconf 90' lang='lat' dir='ltr'><strong>et</strong></span> <span class='ocrx_word' id='word_1_540' title='bbox 2267 3387 2524 3445; x_wconf 90' lang='lat' dir='ltr'><strong>omnibus</strong></span> <span class='ocrx_word' id='word_1_541' title='bbox 2556 3387 2652 3459; x_wconf 93' lang='lat' dir='ltr'><strong>qui</strong></span> <span class='ocrx_word' id='word_1_542' title='bbox 2692 3387 2918 3443; x_wconf 88' lang='lat' dir='ltr'><strong>aderant</strong></span> <span class='ocrx_word' id='word_1_543' title='bbox 2947 3387 3258 3454; x_wconf 83' lang='lat' dir='ltr'><strong>benedixit,</strong></span> <span class='ocrx_word' id='word_1_544' title='bbox 3290 3397 3347 3443; x_wconf 89' lang='lat' dir='ltr'><strong>et</strong></span> <span class='ocrx_word' id='word_1_545' title='bbox 3388 3387 3497 3443; x_wconf 89' lang='lat' dir='ltr'><strong>sibi</strong></span> <span class='ocrx_word' id='word_1_546' title='bbox 3542 3384 3761 3443; x_wconf 81' lang='lat' dir='ltr'><strong>benedici</strong></span> 
     </span>
    </p>
   </div>
   <div class='ocr_carea' id='block_1_79' title="bbox 2191 3477 3762 3552">
    <p class='ocr_par' dir='ltr' id='par_1_79' title="bbox 2191 3477 3762 3552">
     <span class='ocr_line' id='line_1_79' title="bbox 2191 3477 3762 3552; baseline -0.002 -17"><span class='ocrx_word' id='word_1_547' title='bbox 2191 3481 2366 3552; x_wconf 89' lang='lat' dir='ltr'><strong>petiit.</strong></span> <span class='ocrx_word' id='word_1_548' title='bbox 2422 3478 2623 3551; x_wconf 91' lang='lat' dir='ltr'><strong>Sicque</strong></span> <span class='ocrx_word' id='word_1_549' title='bbox 2672 3480 2800 3534; x_wconf 89' lang='lat' dir='ltr'><strong>data</strong></span> <span class='ocrx_word' id='word_1_550' title='bbox 2852 3478 2980 3535; x_wconf 89' lang='lat' dir='ltr'><strong>ﬁliis</strong></span> <span class='ocrx_word' id='word_1_551' title='bbox 3042 3478 3265 3534; x_wconf 88' lang='lat' dir='ltr'><strong>licentia</strong></span> <span class='ocrx_word' id='word_1_552' title='bbox 3331 3479 3617 3545; x_wconf 76' lang='lat' dir='ltr'><strong>exeundi,</strong></span> <span class='ocrx_word' id='word_1_553' title='bbox 3666 3477 3762 3548; x_wconf 85' lang='lat' dir='ltr'><strong>ipse</strong></span> 
     </span>
    </p>
   </div>
   <div class='ocr_carea' id='block_1_80' title="bbox 2193 3568 3763 3641">
    <p class='ocr_par' dir='ltr' id='par_1_80' title="bbox 2193 3568 3763 3641">
     <span class='ocr_line' id='line_1_80' title="bbox 2193 3568 3763 3641; baseline -0.003 -14"><span class='ocrx_word' id='word_1_554' title='bbox 2193 3571 2370 3628; x_wconf 88' lang='lat' dir='ltr'><strong>oculis</strong></span> <span class='ocrx_word' id='word_1_555' title='bbox 2431 3581 2486 3628; x_wconf 90' lang='lat' dir='ltr'><strong>et</strong></span> <span class='ocrx_word' id='word_1_556' title='bbox 2552 3570 2809 3627; x_wconf 90' lang='lat' dir='ltr'><strong>manibus</strong></span> <span class='ocrx_word' id='word_1_557' title='bbox 2873 3570 2930 3625; x_wconf 92' lang='lat' dir='ltr'><strong>in</strong></span> <span class='ocrx_word' id='word_1_558' title='bbox 2988 3569 3191 3626; x_wconf 71' lang='lat' dir='ltr'><strong>cadum</strong></span> <span class='ocrx_word' id='word_1_559' title='bbox 3252 3569 3527 3641; x_wconf 87' lang='lat' dir='ltr'><strong>porrectis</strong></span> <span class='ocrx_word' id='word_1_560' title='bbox 3583 3578 3636 3625; x_wconf 90' lang='lat' dir='ltr'><strong>et</strong></span> <span class='ocrx_word' id='word_1_561' title='bbox 3695 3568 3763 3622; x_wconf 79' lang='lat' dir='ltr'><strong>in-</strong></span> 
     </span>
    </p>
   </div>
   <div class='ocr_carea' id='block_1_81' title="bbox 2192 3654 3765 3735">
    <p class='ocr_par' dir='ltr' id='par_1_81' title="bbox 2192 3654 3765 3735">
     <span class='ocr_line' id='line_1_81' title="bbox 2192 3654 3765 3735; baseline -0.004 -15"><span class='ocrx_word' id='word_1_562' title='bbox 2192 3664 2448 3720; x_wconf 84' lang='lat' dir='ltr'><strong>tendebat</strong></span> <span class='ocrx_word' id='word_1_563' title='bbox 2515 3663 2584 3720; x_wconf 90' lang='lat' dir='ltr'><strong>ad</strong></span> <span class='ocrx_word' id='word_1_564' title='bbox 2646 3679 2810 3735; x_wconf 91' lang='lat' dir='ltr'><strong>quem</strong></span> <span class='ocrx_word' id='word_1_565' title='bbox 2881 3654 3201 3718; x_wconf 81' lang='lat' dir='ltr'><strong>festinabat.</strong></span> <span class='ocrx_word' id='word_1_566' title='bbox 3265 3660 3615 3735; x_wconf 81' lang='lat' dir='ltr'><strong>Legebantur</strong></span> <span class='ocrx_word' id='word_1_567' title='bbox 3661 3668 3765 3716; x_wconf 84' lang='lat' dir='ltr'><strong>ante</strong></span> 
     </span>
    </p>
   </div>
   <div class='ocr_carea' id='block_1_82' title="bbox 2193 3755 3765 3830">
    <p class='ocr_par' dir='ltr' id='par_1_82' title="bbox 2193 3755 3765 3830">
     <span class='ocr_line' id='line_1_82' title="bbox 2193 3755 3765 3830; baseline -0.006 -14"><span class='ocrx_word' id='word_1_568' title='bbox 2193 3775 2321 3816; x_wconf 90' lang='lat' dir='ltr'><strong>cum</strong></span> <span class='ocrx_word' id='word_1_569' title='bbox 2373 3758 2665 3830; x_wconf 90' lang='lat' dir='ltr'><strong>passiones</strong></span> <span class='ocrx_word' id='word_1_570' title='bbox 2728 3755 3065 3824; x_wconf 66' lang='lat' dir='ltr'><strong>Dominieaa,</strong></span> <span class='ocrx_word' id='word_1_571' title='bbox 3127 3755 3390 3810; x_wconf 89' lang='lat' dir='ltr'><strong>lectiones</strong></span> <span class='ocrx_word' id='word_1_572' title='bbox 3453 3768 3668 3826; x_wconf 88' lang='lat' dir='ltr'><strong>quoque</strong></span> <span class='ocrx_word' id='word_1_573' title='bbox 3710 3766 3765 3806; x_wconf 77' lang='lat' dir='ltr'><strong>ex</strong></span> 
     </span>
    </p>
   </div>
   <div class='ocr_carea' id='block_1_83' title="bbox 2194 3846 3763 3925">
    <p class='ocr_par' dir='ltr' id='par_1_83' title="bbox 2194 3846 3763 3925">
     <span class='ocr_line' id='line_1_83' title="bbox 2194 3846 3763 3925; baseline -0.006 -17"><span class='ocrx_word' id='word_1_574' title='bbox 2194 3862 2390 3925; x_wconf 89' lang='lat' dir='ltr'><strong>quarto</strong></span> <span class='ocrx_word' id='word_1_575' title='bbox 2443 3851 2788 3923; x_wconf 83' lang='lat' dir='ltr'><strong>dialogorum</strong></span> <span class='ocrx_word' id='word_1_576' title='bbox 2856 3850 3041 3918; x_wconf 89' lang='lat' dir='ltr'><strong>libro;</strong></span> <span class='ocrx_word' id='word_1_577' title='bbox 3101 3856 3157 3904; x_wconf 92' lang='lat' dir='ltr'><strong>et</strong></span> <span class='ocrx_word' id='word_1_578' title='bbox 3222 3846 3353 3904; x_wconf 79' lang='lat' dir='ltr'><strong>felix</strong></span> <span class='ocrx_word' id='word_1_579' title='bbox 3417 3849 3542 3919; x_wconf 88' lang='lat' dir='ltr'><strong>ejus</strong></span> <span class='ocrx_word' id='word_1_580' title='bbox 3608 3847 3763 3903; x_wconf 77' lang='lat' dir='ltr'><strong>anima</strong></span> 
     </span>
    </p>
   </div>
   <div class='ocr_carea' id='block_1_84' title="bbox 2194 3937 3762 4009">
    <p class='ocr_par' dir='ltr' id='par_1_84' title="bbox 2194 3937 3762 4009">
     <span class='ocr_line' id='line_1_84' title="bbox 2194 3937 3762 4009; baseline -0.006 -11"><span class='ocrx_word' id='word_1_581' title='bbox 2194 3942 2275 3999; x_wconf 92' lang='lat' dir='ltr'><strong>illi</strong></span> <span class='ocrx_word' id='word_1_582' title='bbox 2327 3944 2431 4000; x_wconf 92' lang='lat' dir='ltr'><strong>soli</strong></span> <span class='ocrx_word' id='word_1_583' title='bbox 2497 3943 2798 3998; x_wconf 89' lang='lat' dir='ltr'><strong>adherebat</strong></span> <span class='ocrx_word' id='word_1_584' title='bbox 2822 3983 2836 4009; x_wconf 93' lang='lat'><strong>,</strong></span> <span class='ocrx_word' id='word_1_585' title='bbox 2908 3937 2999 3996; x_wconf 91' lang='lat' dir='ltr'><strong>cui</strong></span> <span class='ocrx_word' id='word_1_586' title='bbox 3061 3955 3120 3996; x_wconf 90' lang='lat' dir='ltr'><strong>se</strong></span> <span class='ocrx_word' id='word_1_587' title='bbox 3182 3949 3359 3995; x_wconf 91' lang='lat' dir='ltr'><strong>totum</strong></span> <span class='ocrx_word' id='word_1_588' title='bbox 3415 3938 3762 3995; x_wconf 85' lang='lat' dir='ltr'><strong>commiserat.</strong></span> 
     </span>
    </p>
   </div>
   <div class='ocr_carea' id='block_1_85' title="bbox 2196 4032 3764 4107">
    <p class='ocr_par' dir='ltr' id='par_1_85' title="bbox 2196 4032 3764 4107">
     <span class='ocr_line' id='line_1_85' title="bbox 2196 4032 3764 4107; baseline -0.006 -14"><span class='ocrx_word' id='word_1_589' title='bbox 2196 4036 2301 4094; x_wconf 89' lang='lat' dir='ltr'><strong>Ubi</strong></span> <span class='ocrx_word' id='word_1_590' title='bbox 2362 4052 2494 4093; x_wconf 90' lang='lat' dir='ltr'><strong>vero</strong></span> <span class='ocrx_word' id='word_1_591' title='bbox 2548 4036 2691 4107; x_wconf 91' lang='lat' dir='ltr'><strong>cepit</strong></span> <span class='ocrx_word' id='word_1_592' title='bbox 2745 4034 2861 4106; x_wconf 91' lang='lat' dir='ltr'><strong>jam</strong></span> <span class='ocrx_word' id='word_1_593' title='bbox 2916 4034 2985 4090; x_wconf 91' lang='lat' dir='ltr'><strong>ab</strong></span> <span class='ocrx_word' id='word_1_594' title='bbox 3056 4032 3307 4090; x_wconf 88' lang='lat' dir='ltr'><strong>inferiori</strong></span> <span class='ocrx_word' id='word_1_595' title='bbox 3375 4041 3536 4104; x_wconf 85' lang='lat' dir='ltr'><strong>parte</strong></span> <span class='ocrx_word' id='word_1_596' title='bbox 3590 4045 3764 4101; x_wconf 86' lang='lat' dir='ltr'><strong>corpus</strong></span> 
     </span>
    </p>
   </div>
   <div class='ocr_carea' id='block_1_86' title="bbox 2194 4122 3764 4205">
    <p class='ocr_par' dir='ltr' id='par_1_86' title="bbox 2194 4122 3764 4205">
     <span class='ocr_line' id='line_1_86' title="bbox 2194 4122 3764 4205; baseline -0.008 -17"><span class='ocrx_word' id='word_1_597' title='bbox 2194 4130 2369 4188; x_wconf 90' lang='lat' dir='ltr'><strong>emori</strong></span> <span class='ocrx_word' id='word_1_598' title='bbox 2393 4129 2600 4205; x_wconf 74' lang='grc'><strong>(1046),</strong></span> <span class='ocrx_word' id='word_1_599' title='bbox 2636 4136 2951 4185; x_wconf 87' lang='lat' dir='ltr'><strong>sanctorum</strong></span> <span class='ocrx_word' id='word_1_600' title='bbox 2987 4126 3250 4198; x_wconf 83' lang='lat' dir='ltr'><strong>reliquias</strong></span> <span class='ocrx_word' id='word_1_601' title='bbox 3289 4124 3696 4197; x_wconf 89' lang='lat' dir='ltr'><strong>apprehendens</strong></span> <span class='ocrx_word' id='word_1_602' title='bbox 3720 4122 3764 4175; x_wconf 88' lang='lat' dir='ltr'><strong>in</strong></span> 
     </span>
    </p>
   </div>
   <div class='ocr_carea' id='block_1_87' title="bbox 2196 4208 3765 4291">
    <p class='ocr_par' dir='ltr' id='par_1_87' title="bbox 2196 4208 3765 4291">
     <span class='ocr_line' id='line_1_87' title="bbox 2196 4208 3765 4291; baseline -0.006 -13"><span class='ocrx_word' id='word_1_603' title='bbox 2196 4223 2394 4281; x_wconf 89' lang='lat' dir='ltr'><strong>lectulo</strong></span> <span class='ocrx_word' id='word_1_604' title='bbox 2428 4221 2587 4289; x_wconf 90' lang='lat' dir='ltr'><strong>sedit,</strong></span> <span class='ocrx_word' id='word_1_605' title='bbox 2623 4228 2679 4275; x_wconf 90' lang='lat' dir='ltr'><strong>et</strong></span> <span class='ocrx_word' id='word_1_606' title='bbox 2702 4220 2770 4276; x_wconf 89' lang='lat' dir='ltr'><strong>ad</strong></span> <span class='ocrx_word' id='word_1_607' title='bbox 2803 4218 2967 4291; x_wconf 86' lang='lat' dir='ltr'><strong>pedes</strong></span> <span class='ocrx_word' id='word_1_608' title='bbox 2999 4235 3094 4275; x_wconf 90' lang='lat' dir='ltr'><strong>eas</strong></span> <span class='ocrx_word' id='word_1_609' title='bbox 3131 4208 3365 4290; x_wconf 86' lang='lat' dir='ltr'><strong>ponens,</strong></span> <span class='ocrx_word' id='word_1_610' title='bbox 3396 4228 3565 4289; x_wconf 85' lang='lat' dir='ltr'><strong>atque</strong></span> <span class='ocrx_word' id='word_1_611' title='bbox 3605 4216 3678 4272; x_wconf 82' lang='lat' dir='ltr'><strong>uti</strong></span> <span class='ocrx_word' id='word_1_612' title='bbox 3702 4216 3765 4269; x_wconf 84' lang='lat' dir='ltr'><strong>vi-</strong></span> 
     </span>
    </p>
   </div>
   <div class='ocr_carea' id='block_1_88' title="bbox 2196 4312 3765 4384">
    <p class='ocr_par' dir='ltr' id='par_1_88' title="bbox 2196 4312 3765 4384">
     <span class='ocr_line' id='line_1_88' title="bbox 2196 4312 3765 4384; baseline -0.006 -9"><span class='ocrx_word' id='word_1_613' title='bbox 2196 4319 2322 4375; x_wconf 89' lang='lat' dir='ltr'><strong>talis</strong></span> <span class='ocrx_word' id='word_1_614' title='bbox 2347 4317 2497 4374; x_wconf 88' lang='lat' dir='ltr'><strong>calor</strong></span> <span class='ocrx_word' id='word_1_615' title='bbox 2521 4313 2828 4381; x_wconf 88' lang='lat' dir='ltr'><strong>deﬁciebat,</strong></span> <span class='ocrx_word' id='word_1_616' title='bbox 2871 4312 3135 4384; x_wconf 90' lang='lat' dir='ltr'><strong>paulatim</strong></span> <span class='ocrx_word' id='word_1_617' title='bbox 3159 4327 3253 4368; x_wconf 90' lang='lat' dir='ltr'><strong>eas</strong></span> <span class='ocrx_word' id='word_1_618' title='bbox 3280 4313 3632 4383; x_wconf 84' lang='lat' dir='ltr'><strong>protrahens,</strong></span> <span class='ocrx_word' id='word_1_619' title='bbox 3667 4318 3765 4365; x_wconf 78' lang='lat' dir='ltr'><strong>tan-</strong></span> 
     </span>
    </p>
   </div>
   <div class='ocr_carea' id='block_1_89' title="bbox 2196 4402 3765 4478">
    <p class='ocr_par' dir='ltr' id='par_1_89' title="bbox 2196 4402 3765 4478">
     <span class='ocr_line' id='line_1_89' title="bbox 2196 4402 3765 4478; baseline -0.008 -12"><span class='ocrx_word' id='word_1_620' title='bbox 2196 4410 2320 4466; x_wconf 91' lang='lat' dir='ltr'><strong>dem</strong></span> <span class='ocrx_word' id='word_1_621' title='bbox 2341 4409 2398 4462; x_wconf 92' lang='lat' dir='ltr'><strong>in</strong></span> <span class='ocrx_word' id='word_1_622' title='bbox 2427 4414 2646 4478; x_wconf 90' lang='lat' dir='ltr'><strong>pectore</strong></span> <span class='ocrx_word' id='word_1_623' title='bbox 2674 4404 2936 4472; x_wconf 84' lang='lat' dir='ltr'><strong>substitit,</strong></span> <span class='ocrx_word' id='word_1_624' title='bbox 2960 4411 3015 4459; x_wconf 92' lang='lat' dir='ltr'><strong>et</strong></span> <span class='ocrx_word' id='word_1_625' title='bbox 3038 4403 3299 4474; x_wconf 90' lang='lat' dir='ltr'><strong>reliquias</strong></span> <span class='ocrx_word' id='word_1_626' title='bbox 3326 4402 3529 4458; x_wconf 89' lang='lat' dir='ltr'><strong>ibidem</strong></span> <span class='ocrx_word' id='word_1_627' title='bbox 3555 4416 3673 4458; x_wconf 91' lang='lat' dir='ltr'><strong>cum</strong></span> <span class='ocrx_word' id='word_1_628' title='bbox 3696 4414 3765 4454; x_wconf 87' lang='lat' dir='ltr'><strong>re-</strong></span> 
     </span>
    </p>
   </div>
   <div class='ocr_carea' id='block_1_90' title="bbox 505 4489 2093 4568">
    <p class='ocr_par' dir='ltr' id='par_1_90' title="bbox 505 4491 2093 4566">
     <span class='ocr_line' id='line_1_90' title="bbox 505 4491 2093 4566; baseline -0.001 -18"><span class='ocrx_word' id='word_1_629' title='bbox 505 4502 661 4549; x_wconf 83' lang='lat' dir='ltr'><strong>ratus</strong></span> <span class='ocrx_word' id='word_1_630' title='bbox 698 4508 830 4566; x_wconf 82' lang='lat' dir='ltr'><strong>ergo</strong></span> <span class='ocrx_word' id='word_1_631' title='bbox 865 4492 935 4547; x_wconf 90' lang='lat' dir='ltr'><strong>ab</strong></span> <span class='ocrx_word' id='word_1_632' title='bbox 971 4494 1251 4558; x_wconf 84' lang='lat' dir='ltr'><strong>omnibus,</strong></span> <span class='ocrx_word' id='word_1_633' title='bbox 1291 4493 1443 4547; x_wconf 82' lang='lat' dir='ltr'><strong>illam</strong></span> <span class='ocrx_word' id='word_1_634' title='bbox 1464 4493 1570 4548; x_wconf 88' lang='lat' dir='ltr'><strong>sibi</strong></span> <span class='ocrx_word' id='word_1_635' title='bbox 1602 4500 1815 4548; x_wconf 86' lang='lat' dir='ltr'><strong>tantum</strong></span> <span class='ocrx_word' id='word_1_636' title='bbox 1860 4491 2093 4547; x_wconf 88' lang='lat' dir='ltr'><strong>retinere</strong></span> 
     </span>
    </p>
   </div>
   <div class='ocr_carea' id='block_1_91' title="bbox 2189 4489 3761 4568">
    <p class='ocr_par' dir='ltr' id='par_1_91' title="bbox 2198 4489 3761 4568">
     <span class='ocr_line' id='line_1_91' title="bbox 2198 4489 3761 4568; baseline -0.008 -12"><span class='ocrx_word' id='word_1_637' title='bbox 2198 4501 2474 4567; x_wconf 90' lang='lat' dir='ltr'><strong>clinasset,</strong></span> <span class='ocrx_word' id='word_1_638' title='bbox 2497 4492 2765 4568; x_wconf 91' lang='lat' dir='ltr'><strong>deposuit.</strong></span> <span class='ocrx_word' id='word_1_639' title='bbox 2802 4493 2847 4551; x_wconf 91' lang='grc' dir='ltr'>Ο</span> <span class='ocrx_word' id='word_1_640' title='bbox 2877 4494 3254 4550; x_wconf 88' lang='lat' dir='ltr'><strong>admirandam</strong></span> <span class='ocrx_word' id='word_1_641' title='bbox 3278 4493 3382 4549; x_wconf 91' lang='lat' dir='ltr'><strong>viri</strong></span> <span class='ocrx_word' id='word_1_642' title='bbox 3408 4489 3761 4549; x_wconf 86' lang='lat' dir='ltr'><strong>devotionem!</strong></span> 
     </span>
    </p>
   </div>
   <div class='ocr_carea' id='block_1_92' title="bbox 507 4583 2096 4656">
    <p class='ocr_par' dir='ltr' id='par_1_92' title="bbox 507 4583 2096 4656">
     <span class='ocr_line' id='line_1_92' title="bbox 507 4583 2096 4656; baseline -0.001 -14"><span class='ocrx_word' id='word_1_643' title='bbox 507 4586 745 4652; x_wconf 87' lang='lat' dir='ltr'><strong>censuit,</strong></span> <span class='ocrx_word' id='word_1_644' title='bbox 774 4584 865 4641; x_wconf 89' lang='lat' dir='ltr'><strong>cui</strong></span> <span class='ocrx_word' id='word_1_645' title='bbox 885 4593 1074 4655; x_wconf 88' lang='lat' dir='ltr'><strong>pastor</strong></span> <span class='ocrx_word' id='word_1_646' title='bbox 1101 4585 1264 4640; x_wconf 88' lang='lat' dir='ltr'><strong>datus</strong></span> <span class='ocrx_word' id='word_1_647' title='bbox 1286 4583 1486 4652; x_wconf 81' lang='lat' dir='ltr'><strong>fuerat,</strong></span> <span class='ocrx_word' id='word_1_648' title='bbox 1508 4586 1563 4640; x_wconf 89' lang='lat' dir='ltr'><strong>in</strong></span> <span class='ocrx_word' id='word_1_649' title='bbox 1593 4601 1703 4656; x_wconf 90' lang='lat' dir='ltr'><strong>qua</strong></span> <span class='ocrx_word' id='word_1_650' title='bbox 1729 4587 1895 4642; x_wconf 85' lang='lat' dir='ltr'><strong>etiam</strong></span> <span class='ocrx_word' id='word_1_651' title='bbox 1925 4600 1984 4641; x_wconf 92' lang='lat' dir='ltr'><strong>se</strong></span> <span class='ocrx_word' id='word_1_652' title='bbox 2009 4596 2096 4641; x_wconf 89' lang='lat' dir='ltr'><strong>se-</strong></span> 
     </span>
    </p>
   </div>
   <div class='ocr_carea' id='block_1_93' title="bbox 509 4676 2096 4749">
    <p class='ocr_par' dir='ltr' id='par_1_93' title="bbox 509 4676 2096 4749">
     <span class='ocr_line' id='line_1_93' title="bbox 509 4676 2096 4749; baseline 0 -16"><span class='ocrx_word' id='word_1_653' title='bbox 509 4678 667 4749; x_wconf 83' lang='lat' dir='ltr'><strong>peliri</strong></span> <span class='ocrx_word' id='word_1_654' title='bbox 711 4678 1099 4736; x_wconf 87' lang='lat' dir='ltr'><strong>destinaverat.</strong></span> <span class='ocrx_word' id='word_1_655' title='bbox 1130 4676 1270 4748; x_wconf 82' lang='lat' dir='ltr'><strong>(Fol.</strong></span> <span class='ocrx_word' id='word_1_656' title='bbox 1300 4678 1433 4749; x_wconf 69' lang='lat'><strong>92’.)</strong></span> <span class='ocrx_word' id='word_1_657' title='bbox 1464 4676 1531 4732; x_wconf 86' lang='lat' dir='ltr'><strong>Et</strong></span> <span class='ocrx_word' id='word_1_658' title='bbox 1566 4678 1682 4748; x_wconf 90' lang='lat' dir='ltr'><strong>jam</strong></span> <span class='ocrx_word' id='word_1_659' title='bbox 1728 4680 1784 4734; x_wconf 89' lang='lat' dir='ltr'><strong>in</strong></span> <span class='ocrx_word' id='word_1_660' title='bbox 1823 4679 2096 4735; x_wconf 84' lang='lat' dir='ltr'><strong>mandatis</strong></span> 
     </span>
    </p>
   </div>
   <div class='ocr_carea' id='block_1_94' title="bbox 512 4768 2095 4843">
    <p class='ocr_par' dir='ltr' id='par_1_94' title="bbox 512 4768 2095 4843">
     <span class='ocr_line' id='line_1_94' title="bbox 512 4768 2095 4843; baseline 0.002 -19"><span class='ocrx_word' id='word_1_661' title='bbox 512 4768 729 4826; x_wconf 81' lang='lat' dir='ltr'><strong>Domini</strong></span> <span class='ocrx_word' id='word_1_662' title='bbox 757 4770 1014 4831; x_wconf 83' lang='lat' dir='ltr'><strong>assiduus</strong></span> <span class='ocrx_word' id='word_1_663' title='bbox 1036 4770 1223 4841; x_wconf 90' lang='lat' dir='ltr'><strong>potius</strong></span> <span class='ocrx_word' id='word_1_664' title='bbox 1249 4776 1416 4842; x_wconf 86' lang='lat' dir='ltr'><strong>quam</strong></span> <span class='ocrx_word' id='word_1_665' title='bbox 1442 4770 1721 4841; x_wconf 82' lang='lat' dir='ltr'><strong>frequens,</strong></span> <span class='ocrx_word' id='word_1_666' title='bbox 1742 4772 1830 4828; x_wconf 86' lang='lat' dir='ltr'><strong>die</strong></span> <span class='ocrx_word' id='word_1_667' title='bbox 1858 4771 2095 4843; x_wconf 88' lang='lat' dir='ltr'><strong>quadam</strong></span> 
     </span>
    </p>
   </div>
   <div class='ocr_carea' id='block_1_95' title="bbox 513 4859 2097 4941">
    <p class='ocr_par' dir='ltr' id='par_1_95' title="bbox 513 4859 2097 4941">
     <span class='ocr_line' id='line_1_95' title="bbox 513 4859 2097 4941; baseline 0.001 -26"><span class='ocrx_word' id='word_1_668' title='bbox 513 4874 640 4931; x_wconf 84' lang='lat' dir='ltr'><strong>cum</strong></span> <span class='ocrx_word' id='word_1_669' title='bbox 660 4860 889 4941; x_wconf 69' lang='lat' dir='ltr'><strong>vidisset</strong></span> <span class='ocrx_word' id='word_1_670' title='bbox 912 4876 1082 4935; x_wconf 85' lang='lat' dir='ltr'><strong>unum</strong></span> <span class='ocrx_word' id='word_1_671' title='bbox 1118 4861 1187 4917; x_wconf 90' lang='lat' dir='ltr'><strong>de</strong></span> <span class='ocrx_word' id='word_1_672' title='bbox 1222 4859 1490 4931; x_wconf 81' lang='lat' dir='ltr'><strong>fratribus</strong></span> <span class='ocrx_word' id='word_1_673' title='bbox 1523 4862 1843 4918; x_wconf 86' lang='lat' dir='ltr'><strong>monasterii</strong></span> <span class='ocrx_word' id='word_1_674' title='bbox 1872 4863 1961 4918; x_wconf 90' lang='lat' dir='ltr'><strong>cui</strong></span> <span class='ocrx_word' id='word_1_675' title='bbox 1996 4878 2097 4917; x_wconf 91' lang='lat' dir='ltr'><strong>no-</strong></span> 
     </span>
    </p>
   </div>
   <div class='ocr_carea' id='block_1_96' title="bbox 514 4952 2102 5026">
    <p class='ocr_par' dir='ltr' id='par_1_96' title="bbox 514 4952 2102 5026">
     <span class='ocr_line' id='line_1_96' title="bbox 514 4952 2102 5026; baseline 0.001 -17"><span class='ocrx_word' id='word_1_676' title='bbox 514 4968 640 5009; x_wconf 86' lang='lat' dir='ltr'><strong>men</strong></span> <span class='ocrx_word' id='word_1_677' title='bbox 686 4952 871 5024; x_wconf 83' lang='lat' dir='ltr'><strong>Mysac</strong></span> <span class='ocrx_word' id='word_1_678' title='bbox 912 4955 1149 5025; x_wconf 79' lang='lat' dir='ltr'><strong>graviter</strong></span> <span class='ocrx_word' id='word_1_679' title='bbox 1177 4963 1398 5010; x_wconf 90' lang='lat' dir='ltr'><strong>estuare</strong></span> <span class='ocrx_word' id='word_1_680' title='bbox 1438 4952 1704 5022; x_wconf 87' lang='lat' dir='ltr'><strong>febribus,</strong></span> <span class='ocrx_word' id='word_1_681' title='bbox 1738 4962 1807 5010; x_wconf 86' lang='lat' dir='ltr'><strong>ut</strong></span> <span class='ocrx_word' id='word_1_682' title='bbox 1832 4956 1991 5026; x_wconf 86' lang='lat' dir='ltr'><strong>quasi</strong></span> <span class='ocrx_word' id='word_1_683' title='bbox 2022 4956 2102 5011; x_wconf 88' lang='lat' dir='ltr'><strong>in-</strong></span> 
     </span>
    </p>
   </div>
   <div class='ocr_carea' id='block_1_97' title="bbox 514 5044 2097 5115">
    <p class='ocr_par' dir='ltr' id='par_1_97' title="bbox 514 5044 2097 5115">
     <span class='ocr_line' id='line_1_97' title="bbox 514 5044 2097 5115; baseline 0.001 -15"><span class='ocrx_word' id='word_1_684' title='bbox 514 5044 708 5115; x_wconf 85' lang='lat' dir='ltr'><strong>tercipi</strong></span> <span class='ocrx_word' id='word_1_685' title='bbox 729 5044 1005 5100; x_wconf 84' lang='lat' dir='ltr'><strong>videretur</strong></span> <span class='ocrx_word' id='word_1_686' title='bbox 1028 5045 1254 5115; x_wconf 87' lang='lat' dir='ltr'><strong>spiritus</strong></span> <span class='ocrx_word' id='word_1_687' title='bbox 1278 5045 1398 5115; x_wconf 87' lang='lat' dir='ltr'><strong>ejus</strong></span> <span class='ocrx_word' id='word_1_688' title='bbox 1414 5087 1429 5111; x_wconf 92' lang='lat'><strong>,</strong></span> <span class='ocrx_word' id='word_1_689' title='bbox 1469 5058 1694 5100; x_wconf 89' lang='lat' dir='ltr'><strong>manum</strong></span> <span class='ocrx_word' id='word_1_690' title='bbox 1722 5045 1872 5102; x_wconf 90' lang='lat' dir='ltr'><strong>illius</strong></span> <span class='ocrx_word' id='word_1_691' title='bbox 1902 5047 2097 5113; x_wconf 90' lang='lat' dir='ltr'><strong>tenuit,</strong></span> 
     </span>
    </p>
   </div>
   <div class='ocr_carea' id='block_1_98' title="bbox 515 5136 2102 5210">
    <p class='ocr_par' dir='ltr' id='par_1_98' title="bbox 515 5136 2102 5210">
     <span class='ocr_line' id='line_1_98' title="bbox 515 5136 2102 5210; baseline 0.001 -17"><span class='ocrx_word' id='word_1_692' title='bbox 515 5143 573 5193; x_wconf 88' lang='lat' dir='ltr'><strong>et</strong></span> <span class='ocrx_word' id='word_1_693' title='bbox 599 5144 662 5195; x_wconf 86' lang='lat' dir='ltr'><strong>ut</strong></span> <span class='ocrx_word' id='word_1_694' title='bbox 694 5136 1016 5194; x_wconf 71' lang='lat' dir='ltr'><strong>nunciandae</strong></span> <span class='ocrx_word' id='word_1_695' title='bbox 1045 5139 1195 5194; x_wconf 87' lang='lat' dir='ltr'><strong>horae</strong></span> <span class='ocrx_word' id='word_1_696' title='bbox 1227 5138 1408 5208; x_wconf 88' lang='lat' dir='ltr'><strong>operis</strong></span> <span class='ocrx_word' id='word_1_697' title='bbox 1444 5137 1542 5193; x_wconf 91' lang='lat' dir='ltr'><strong>Dei</strong></span> <span class='ocrx_word' id='word_1_698' title='bbox 1582 5139 1799 5210; x_wconf 83' lang='lat' dir='ltr'><strong>signum</strong></span> <span class='ocrx_word' id='word_1_699' title='bbox 1833 5140 1986 5196; x_wconf 89' lang='lat' dir='ltr'><strong>daret</strong></span> <span class='ocrx_word' id='word_1_700' title='bbox 2012 5155 2102 5195; x_wconf 90' lang='lat' dir='ltr'><strong>sa—</strong></span> 
     </span>
    </p>
   </div>
   <div class='ocr_carea' id='block_1_99' title="bbox 515 5226 2100 5305">
    <p class='ocr_par' dir='ltr' id='par_1_99' title="bbox 515 5226 2100 5305">
     <span class='ocr_line' id='line_1_99' title="bbox 515 5226 2100 5305; baseline 0.002 -20"><span class='ocrx_word' id='word_1_701' title='bbox 515 5245 624 5286; x_wconf 88' lang='lat' dir='ltr'><strong>nus</strong></span> <span class='ocrx_word' id='word_1_702' title='bbox 661 5229 839 5286; x_wconf 88' lang='lat' dir='ltr'><strong>factus</strong></span> <span class='ocrx_word' id='word_1_703' title='bbox 878 5239 933 5287; x_wconf 89' lang='lat' dir='ltr'><strong>et</strong></span> <span class='ocrx_word' id='word_1_704' title='bbox 961 5231 1272 5298; x_wconf 84' lang='lat' dir='ltr'><strong>incolumis,</strong></span> <span class='ocrx_word' id='word_1_705' title='bbox 1311 5231 1587 5303; x_wconf 75' lang='lat' dir='ltr'><strong>praecepit.</strong></span> <span class='ocrx_word' id='word_1_706' title='bbox 1632 5226 1724 5288; x_wconf 86' lang='lat' dir='ltr'><strong>Ille</strong></span> <span class='ocrx_word' id='word_1_707' title='bbox 1760 5233 1817 5288; x_wconf 90' lang='lat' dir='ltr'><strong>in</strong></span> <span class='ocrx_word' id='word_1_708' title='bbox 1855 5238 1992 5290; x_wconf 81' lang='lat' dir='ltr'><strong>voce</strong></span> <span class='ocrx_word' id='word_1_709' title='bbox 2022 5234 2100 5305; x_wconf 88' lang='lat' dir='ltr'><strong>ju-</strong></span> 
     </span>
    </p>
   </div>
   <div class='ocr_carea' id='block_1_100' title="bbox 518 5319 2106 5394">
    <p class='ocr_par' dir='ltr' id='par_1_100' title="bbox 518 5319 2106 5394">
     <span class='ocr_line' id='line_1_100' title="bbox 518 5319 2106 5394; baseline 0.004 -18"><span class='ocrx_word' id='word_1_710' title='bbox 518 5320 701 5376; x_wconf 85' lang='lat' dir='ltr'><strong>bentis</strong></span> <span class='ocrx_word' id='word_1_711' title='bbox 739 5319 917 5384; x_wconf 85' lang='lat' dir='ltr'><strong>factus</strong></span> <span class='ocrx_word' id='word_1_712' title='bbox 954 5336 1125 5377; x_wconf 86' lang='lat' dir='ltr'><strong>sanus</strong></span> <span class='ocrx_word' id='word_1_713' title='bbox 1167 5322 1429 5377; x_wconf 72' lang='lat' dir='ltr'><strong>obmdivit</strong></span> <span class='ocrx_word' id='word_1_714' title='bbox 1454 5321 1628 5393; x_wconf 87' lang='lat' dir='ltr'><strong>patris</strong></span> <span class='ocrx_word' id='word_1_715' title='bbox 1655 5322 1914 5394; x_wconf 79' lang='lat' dir='ltr'><strong>imperio,</strong></span> <span class='ocrx_word' id='word_1_716' title='bbox 1944 5335 2000 5381; x_wconf 90' lang='lat' dir='ltr'><strong>et</strong></span> <span class='ocrx_word' id='word_1_717' title='bbox 2025 5326 2106 5382; x_wconf 90' lang='lat' dir='ltr'><strong>sic</strong></span> 
     </span>
    </p>
   </div>
   <div class='ocr_carea' id='block_1_101' title="bbox 518 5412 2101 5489">
    <p class='ocr_par' dir='ltr' id='par_1_101' title="bbox 518 5412 2101 5489">
     <span class='ocr_line' id='line_1_101' title="bbox 518 5412 2101 5489; baseline 0.003 -20"><span class='ocrx_word' id='word_1_718' title='bbox 518 5412 671 5469; x_wconf 90' lang='lat' dir='ltr'><strong>omni</strong></span> <span class='ocrx_word' id='word_1_719' title='bbox 698 5412 1025 5484; x_wconf 71' lang='lat' dir='ltr'><strong>egritudinis</strong></span> <span class='ocrx_word' id='word_1_720' title='bbox 1051 5413 1230 5470; x_wconf 90' lang='lat' dir='ltr'><strong>caruit</strong></span> <span class='ocrx_word' id='word_1_721' title='bbox 1252 5414 1620 5470; x_wconf 88' lang='lat' dir='ltr'><strong>incommodo.</strong></span> <span class='ocrx_word' id='word_1_722' title='bbox 1651 5415 1752 5472; x_wconf 84' lang='lat' dir='ltr'><strong>Hic</strong></span> <span class='ocrx_word' id='word_1_723' title='bbox 1770 5417 1978 5488; x_wconf 85' lang='lat' dir='ltr'><strong>itaque,</strong></span> <span class='ocrx_word' id='word_1_724' title='bbox 2005 5417 2101 5489; x_wconf 87' lang='lat' dir='ltr'><strong>qui</strong></span> 
     </span>
    </p>
   </div>
   <div class='ocr_carea' id='block_1_102' title="bbox 516 5505 2102 5572">
    <p class='ocr_par' dir='ltr' id='par_1_102' title="bbox 516 5505 2102 5572">
     <span class='ocr_line' id='line_1_102' title="bbox 516 5505 2102 5572; baseline 0.002 -12"><span class='ocrx_word' id='word_1_725' title='bbox 516 5505 689 5561; x_wconf 81' lang='lat' dir='ltr'><strong>tantis</strong></span> <span class='ocrx_word' id='word_1_726' title='bbox 717 5506 1031 5561; x_wconf 88' lang='lat' dir='ltr'><strong>abundabat</strong></span> <span class='ocrx_word' id='word_1_727' title='bbox 1057 5505 1376 5572; x_wconf 86' lang='lat' dir='ltr'><strong>virtutibus,</strong></span> <span class='ocrx_word' id='word_1_728' title='bbox 1405 5506 1725 5564; x_wconf 90' lang='lat' dir='ltr'><strong>imminente</strong></span> <span class='ocrx_word' id='word_1_729' title='bbox 1750 5509 1838 5565; x_wconf 90' lang='lat' dir='ltr'><strong>die</strong></span> <span class='ocrx_word' id='word_1_730' title='bbox 1856 5511 2102 5567; x_wconf 80' lang='lat' dir='ltr'><strong>vocatio-</strong></span> 
     </span>
    </p>
   </div>
   <div class='ocr_carea' id='block_1_103' title="bbox 518 5595 2103 5676">
    <p class='ocr_par' dir='ltr' id='par_1_103' title="bbox 518 5595 2103 5676">
     <span class='ocr_line' id='line_1_103' title="bbox 518 5595 2103 5676; baseline 0.004 -23"><span class='ocrx_word' id='word_1_731' title='bbox 518 5595 609 5653; x_wconf 82' lang='lat' dir='ltr'><strong>nis</strong></span> <span class='ocrx_word' id='word_1_732' title='bbox 632 5595 754 5668; x_wconf 86' lang='lat' dir='ltr'><strong>ejus</strong></span> <span class='ocrx_word' id='word_1_733' title='bbox 780 5596 1039 5653; x_wconf 86' lang='lat' dir='ltr'><strong>decubuit</strong></span> <span class='ocrx_word' id='word_1_734' title='bbox 1072 5596 1317 5654; x_wconf 89' lang='lat' dir='ltr'><strong>febribus</strong></span> <span class='ocrx_word' id='word_1_735' title='bbox 1334 5639 1350 5665; x_wconf 89' lang='lat'><strong>,</strong></span> <span class='ocrx_word' id='word_1_736' title='bbox 1381 5604 1436 5652; x_wconf 91' lang='lat' dir='ltr'><strong>et</strong></span> <span class='ocrx_word' id='word_1_737' title='bbox 1464 5597 1657 5654; x_wconf 89' lang='lat' dir='ltr'><strong>ultima</strong></span> <span class='ocrx_word' id='word_1_738' title='bbox 1695 5599 1787 5654; x_wconf 92' lang='lat' dir='ltr'><strong>illa</strong></span> <span class='ocrx_word' id='word_1_739' title='bbox 1811 5603 2103 5676; x_wconf 79' lang='lat' dir='ltr'><strong>exerceba-</strong></span> 
     </span>
    </p>
   </div>
   <div class='ocr_carea' id='block_1_104' title="bbox 516 5686 2103 5760">
    <p class='ocr_par' dir='ltr' id='par_1_104' title="bbox 516 5686 2103 5760">
     <span class='ocr_line' id='line_1_104' title="bbox 516 5686 2103 5760; baseline 0.004 -17"><span class='ocrx_word' id='word_1_740' title='bbox 516 5693 613 5743; x_wconf 74' lang='lat' dir='ltr'><strong>tur</strong></span> <span class='ocrx_word' id='word_1_741' title='bbox 640 5687 968 5760; x_wconf 74' lang='lat' dir='ltr'><strong>egﬁtudine.</strong></span> <span class='ocrx_word' id='word_1_742' title='bbox 1003 5686 1159 5755; x_wconf 85' lang='lat' dir='ltr'><strong>Quod</strong></span> <span class='ocrx_word' id='word_1_743' title='bbox 1182 5687 1276 5742; x_wconf 92' lang='lat' dir='ltr'><strong>ubi</strong></span> <span class='ocrx_word' id='word_1_744' title='bbox 1292 5702 1402 5757; x_wconf 79' lang='lat' dir='ltr'><strong>per</strong></span> <span class='ocrx_word' id='word_1_745' title='bbox 1420 5687 1612 5742; x_wconf 88' lang='lat' dir='ltr'><strong>urbem</strong></span> <span class='ocrx_word' id='word_1_746' title='bbox 1643 5690 1854 5757; x_wconf 91' lang='lat' dir='ltr'><strong>sonuit,</strong></span> <span class='ocrx_word' id='word_1_747' title='bbox 1883 5692 2103 5748; x_wconf 86' lang='lat' dir='ltr'><strong>advenit</strong></span> 
     </span>
    </p>
   </div>
   <div class='ocr_carea' id='block_1_105' title="bbox 516 5780 2103 5854">
    <p class='ocr_par' dir='ltr' id='par_1_105' title="bbox 516 5780 2103 5854">
     <span class='ocr_line' id='line_1_105' title="bbox 516 5780 2103 5854; baseline 0.005 -18"><span class='ocrx_word' id='word_1_748' title='bbox 516 5780 837 5854; x_wconf 69' lang='lat' dir='ltr'><strong>episcopus,</strong></span> <span class='ocrx_word' id='word_1_749' title='bbox 855 5781 1251 5838; x_wconf 86' lang='lat' dir='ltr'><strong>monachorum</strong></span> <span class='ocrx_word' id='word_1_750' title='bbox 1278 5794 1518 5851; x_wconf 88' lang='lat' dir='ltr'><strong>quoque,</strong></span> <span class='ocrx_word' id='word_1_751' title='bbox 1542 5780 1866 5840; x_wconf 89' lang='lat' dir='ltr'><strong>clericorum</strong></span> <span class='ocrx_word' id='word_1_752' title='bbox 1893 5794 1947 5842; x_wconf 90' lang='lat' dir='ltr'><strong>et</strong></span> <span class='ocrx_word' id='word_1_753' title='bbox 1980 5803 2103 5843; x_wconf 87' lang='lat' dir='ltr'><strong>san-</strong></span> 
     </span>
    </p>
   </div>
   <div class='ocr_carea' id='block_1_106' title="bbox 2201 4570 3762 4663">
    <p class='ocr_par' dir='ltr' id='par_1_106' title="bbox 2201 4570 3762 4663">
     <span class='ocr_line' id='line_1_106' title="bbox 2201 4570 3762 4663; baseline -0.009 -15"><span class='ocrx_word' id='word_1_754' title='bbox 2201 4590 2246 4648; x_wconf 93' lang='grc' dir='ltr'><strong>ο</strong></span> <span class='ocrx_word' id='word_1_755' title='bbox 2268 4589 2652 4663; x_wconf 85' lang='lat' dir='ltr'><strong>predicanuam</strong></span> <span class='ocrx_word' id='word_1_756' title='bbox 2693 4587 2813 4658; x_wconf 89' lang='lat' dir='ltr'><strong>ejus</strong></span> <span class='ocrx_word' id='word_1_757' title='bbox 2846 4586 2902 4641; x_wconf 88' lang='lat' dir='ltr'><strong>in</strong></span> <span class='ocrx_word' id='word_1_758' title='bbox 2944 4570 3199 4642; x_wconf 81' lang='lat' dir='ltr'><strong>omnibus</strong></span> <span class='ocrx_word' id='word_1_759' title='bbox 3231 4585 3615 4642; x_wconf 80' lang='lat' dir='ltr'><strong>sanctitatem!</strong></span> <span class='ocrx_word' id='word_1_760' title='bbox 3652 4585 3762 4637; x_wconf 79' lang='lat' dir='ltr'><strong>Cum</strong></span> 
     </span>
    </p>
   </div>
   <div class='ocr_carea' id='block_1_107' title="bbox 2202 4668 3763 4756">
    <p class='ocr_par' dir='ltr' id='par_1_107' title="bbox 2202 4668 3763 4756">
     <span class='ocr_line' id='line_1_107' title="bbox 2202 4668 3763 4756; baseline -0.008 -17"><span class='ocrx_word' id='word_1_761' title='bbox 2202 4700 2332 4756; x_wconf 86' lang='lat' dir='ltr'><strong>ergo</strong></span> <span class='ocrx_word' id='word_1_762' title='bbox 2382 4681 2721 4746; x_wconf 89' lang='lat' dir='ltr'><strong>reclinasset,</strong></span> <span class='ocrx_word' id='word_1_763' title='bbox 2770 4694 2969 4734; x_wconf 89' lang='lat' dir='ltr'><strong>manus</strong></span> <span class='ocrx_word' id='word_1_764' title='bbox 3004 4678 3258 4750; x_wconf 88' lang='lat' dir='ltr'><strong>reliquiis</strong></span> <span class='ocrx_word' id='word_1_765' title='bbox 3299 4668 3577 4749; x_wconf 88' lang='lat' dir='ltr'><strong>apposuit,</strong></span> <span class='ocrx_word' id='word_1_766' title='bbox 3616 4684 3668 4731; x_wconf 84' lang='lat' dir='ltr'><strong>et</strong></span> <span class='ocrx_word' id='word_1_767' title='bbox 3703 4674 3763 4729; x_wconf 76' lang='lat' dir='ltr'><strong>sic</strong></span> 
     </span>
    </p>
   </div>
   <div class='ocr_carea' id='block_1_108' title="bbox 2201 4763 3762 4847">
    <p class='ocr_par' dir='ltr' id='par_1_108' title="bbox 2201 4763 3762 4847">
     <span class='ocr_line' id='line_1_108' title="bbox 2201 4763 3762 4847; baseline -0.008 -16"><span class='ocrx_word' id='word_1_768' title='bbox 2201 4766 2490 4847; x_wconf 87' lang='lat' dir='ltr'><strong>usquequo</strong></span> <span class='ocrx_word' id='word_1_769' title='bbox 2539 4773 2794 4843; x_wconf 74' lang='lat' dir='ltr'><strong>spiritum</strong></span> <span class='ocrx_word' id='word_1_770' title='bbox 2840 4769 3088 4826; x_wconf 89' lang='lat' dir='ltr'><strong>Creatori</strong></span> <span class='ocrx_word' id='word_1_771' title='bbox 3148 4770 3420 4837; x_wconf 83' lang='lat' dir='ltr'><strong>redderet,</strong></span> <span class='ocrx_word' id='word_1_772' title='bbox 3473 4767 3664 4826; x_wconf 83' lang='lat' dir='ltr'><strong>erectis</strong></span> <span class='ocrx_word' id='word_1_773' title='bbox 3710 4763 3762 4819; x_wconf 79' lang='lat' dir='ltr'><strong>ad</strong></span> 
     </span>
    </p>
   </div>
   <div class='ocr_carea' id='block_1_109' title="bbox 2204 4848 3763 4932">
    <p class='ocr_par' dir='ltr' id='par_1_109' title="bbox 2204 4848 3763 4932">
     <span class='ocr_line' id='line_1_109' title="bbox 2204 4848 3763 4932; baseline -0.005 -11"><span class='ocrx_word' id='word_1_774' title='bbox 2204 4867 2377 4923; x_wconf 84' lang='lat' dir='ltr'><strong>Deum</strong></span> <span class='ocrx_word' id='word_1_775' title='bbox 2415 4864 2713 4920; x_wconf 89' lang='lat' dir='ltr'><strong>luminibus</strong></span> <span class='ocrx_word' id='word_1_776' title='bbox 2759 4863 2981 4918; x_wconf 91' lang='lat' dir='ltr'><strong>mansit.</strong></span> <span class='ocrx_word' id='word_1_777' title='bbox 3036 4862 3238 4918; x_wconf 85' lang='lat' dir='ltr'><strong>Aderat</strong></span> <span class='ocrx_word' id='word_1_778' title='bbox 3274 4861 3350 4916; x_wconf 91' lang='lat' dir='ltr'><strong>ibi</strong></span> <span class='ocrx_word' id='word_1_779' title='bbox 3388 4848 3690 4932; x_wconf 85' lang='lat' dir='ltr'><strong>episcopus,</strong></span> <span class='ocrx_word' id='word_1_780' title='bbox 3722 4864 3763 4912; x_wconf 83' lang='lat' dir='ltr'><strong>et</strong></span> 
     </span>
    </p>
   </div>
   <div class='ocr_carea' id='block_1_110' title="bbox 2204 4949 3761 5030">
    <p class='ocr_par' dir='ltr' id='par_1_110' title="bbox 2204 4949 3761 5030">
     <span class='ocr_line' id='line_1_110' title="bbox 2204 4949 3761 5030; baseline -0.008 -15"><span class='ocrx_word' id='word_1_781' title='bbox 2204 4959 2307 5015; x_wconf 89' lang='lat' dir='ltr'><strong>viri</strong></span> <span class='ocrx_word' id='word_1_782' title='bbox 2331 4957 2573 5030; x_wconf 80' lang='lat' dir='ltr'><strong>religiosi</strong></span> <span class='ocrx_word' id='word_1_783' title='bbox 2627 4972 2766 5028; x_wconf 90' lang='lat' dir='ltr'><strong>quos</strong></span> <span class='ocrx_word' id='word_1_784' title='bbox 2797 4955 3133 5027; x_wconf 85' lang='lat' dir='ltr'><strong>obligaverat</strong></span> <span class='ocrx_word' id='word_1_785' title='bbox 3168 4970 3324 5010; x_wconf 88' lang='lat' dir='ltr'><strong>amor</strong></span> <span class='ocrx_word' id='word_1_786' title='bbox 3348 4963 3403 5010; x_wconf 90' lang='lat' dir='ltr'><strong>et</strong></span> <span class='ocrx_word' id='word_1_787' title='bbox 3428 4953 3681 5010; x_wconf 81' lang='lat' dir='ltr'><strong>beneﬁcia</strong></span> <span class='ocrx_word' id='word_1_788' title='bbox 3704 4949 3761 5021; x_wconf 87' lang='lat' dir='ltr'><strong>pii</strong></span> 
     </span>
    </p>
   </div>
   <div class='ocr_carea' id='block_1_111' title="bbox 2199 5038 3763 5123">
    <p class='ocr_par' dir='ltr' id='par_1_111' title="bbox 2199 5038 3763 5123">
     <span class='ocr_line' id='line_1_111' title="bbox 2199 5038 3763 5123; baseline -0.007 -16"><span class='ocrx_word' id='word_1_789' title='bbox 2199 5052 2407 5123; x_wconf 90' lang='lat' dir='ltr'><strong>patris,</strong></span> <span class='ocrx_word' id='word_1_790' title='bbox 2462 5049 2558 5121; x_wconf 74' lang='lat' dir='ltr'><strong>qui</strong></span> <span class='ocrx_word' id='word_1_791' title='bbox 2596 5049 2801 5121; x_wconf 58' lang='lat' dir='ltr'><strong>eritum</strong></span> <span class='ocrx_word' id='word_1_792' title='bbox 2844 5048 2966 5123; x_wconf 86' lang='lat' dir='ltr'><strong>ejus</strong></span> <span class='ocrx_word' id='word_1_793' title='bbox 3008 5038 3411 5119; x_wconf 84' lang='lat' dir='ltr'><strong>praemunibant</strong></span> <span class='ocrx_word' id='word_1_794' title='bbox 3458 5044 3763 5103; x_wconf 86' lang='lat' dir='ltr'><strong>orationibus</strong></span> 
     </span>
    </p>
   </div>
   <div class='ocr_carea' id='block_1_112' title="bbox 2204 5136 3759 5213">
    <p class='ocr_par' dir='ltr' id='par_1_112' title="bbox 2204 5136 3759 5213">
     <span class='ocr_line' id='line_1_112' title="bbox 2204 5136 3759 5213; baseline -0.007 -14"><span class='ocrx_word' id='word_1_795' title='bbox 2204 5140 2480 5199; x_wconf 85' lang='lat' dir='ltr'><strong>continuis</strong></span> <span class='ocrx_word' id='word_1_796' title='bbox 2507 5148 2562 5198; x_wconf 88' lang='lat' dir='ltr'><strong>et</strong></span> <span class='ocrx_word' id='word_1_797' title='bbox 2583 5138 2910 5213; x_wconf 80' lang='lat' dir='ltr'><strong>psalmodia,</strong></span> <span class='ocrx_word' id='word_1_798' title='bbox 2946 5138 3041 5211; x_wconf 90' lang='lat' dir='ltr'><strong>qui</strong></span> <span class='ocrx_word' id='word_1_799' title='bbox 3064 5141 3155 5195; x_wconf 79' lang='lat' dir='ltr'><strong>vix</strong></span> <span class='ocrx_word' id='word_1_800' title='bbox 3173 5147 3228 5195; x_wconf 90' lang='lat' dir='ltr'><strong>et</strong></span> <span class='ocrx_word' id='word_1_801' title='bbox 3262 5155 3408 5207; x_wconf 91' lang='lat' dir='ltr'><strong>raro,</strong></span> <span class='ocrx_word' id='word_1_802' title='bbox 3432 5140 3562 5197; x_wconf 85' lang='lat' dir='ltr'><strong>licet</strong></span> <span class='ocrx_word' id='word_1_803' title='bbox 3592 5137 3655 5194; x_wconf 86' lang='lat' dir='ltr'><strong>ad</strong></span> <span class='ocrx_word' id='word_1_804' title='bbox 3681 5136 3759 5189; x_wconf 85' lang='lat' dir='ltr'><strong>ho-</strong></span> 
     </span>
    </p>
   </div>
   <div class='ocr_carea' id='block_1_113' title="bbox 2202 5229 3759 5305">
    <p class='ocr_par' dir='ltr' id='par_1_113' title="bbox 2202 5229 3759 5305">
     <span class='ocr_line' id='line_1_113' title="bbox 2202 5229 3759 5305; baseline -0.007 -14"><span class='ocrx_word' id='word_1_805' title='bbox 2202 5242 2319 5291; x_wconf 87' lang='lat' dir='ltr'><strong>ram’</strong></span> <span class='ocrx_word' id='word_1_806' title='bbox 2353 5234 2749 5305; x_wconf 86' lang='lat' dir='ltr'><strong>separabantur</strong></span> <span class='ocrx_word' id='word_1_807' title='bbox 2793 5232 2862 5288; x_wconf 88' lang='lat' dir='ltr'><strong>ab</strong></span> <span class='ocrx_word' id='word_1_808' title='bbox 2900 5234 3021 5303; x_wconf 91' lang='lat' dir='ltr'><strong>ejus</strong></span> <span class='ocrx_word' id='word_1_809' title='bbox 3066 5231 3379 5303; x_wconf 75' lang='lat' dir='ltr'><strong>prmsentia,</strong></span> <span class='ocrx_word' id='word_1_810' title='bbox 3414 5247 3485 5288; x_wconf 91' lang='lat' dir='ltr'><strong>ne</strong></span> <span class='ocrx_word' id='word_1_811' title='bbox 3514 5229 3759 5297; x_wconf 50' lang='lat' dir='ltr'><strong>continge-</strong></span> 
     </span>
    </p>
   </div>
   <div class='ocr_carea' id='block_1_114' title="bbox 2202 5317 3760 5404">
    <p class='ocr_par' dir='ltr' id='par_1_114' title="bbox 2202 5317 3760 5404">
     <span class='ocr_line' id='line_1_114' title="bbox 2202 5317 3760 5404; baseline -0.004 -22"><span class='ocrx_word' id='word_1_812' title='bbox 2202 5335 2288 5384; x_wconf 89' lang='lat' dir='ltr'><strong>ret</strong></span> <span class='ocrx_word' id='word_1_813' title='bbox 2316 5332 2413 5384; x_wconf 85' lang='lat' dir='ltr'><strong>eos</strong></span> <span class='ocrx_word' id='word_1_814' title='bbox 2442 5326 2696 5383; x_wconf 85' lang='lat' dir='ltr'><strong>absentes</strong></span> <span class='ocrx_word' id='word_1_815' title='bbox 2724 5341 2846 5382; x_wconf 91' lang='lat' dir='ltr'><strong>esse</strong></span> <span class='ocrx_word' id='word_1_816' title='bbox 2870 5320 3091 5397; x_wconf 84' lang='lat' dir='ltr'><strong>quando</strong></span> <span class='ocrx_word' id='word_1_817' title='bbox 3118 5342 3149 5381; x_wconf 90' lang='lat' dir='ltr'><strong>a</strong></span> <span class='ocrx_word' id='word_1_818' title='bbox 3178 5318 3410 5397; x_wconf 85' lang='lat' dir='ltr'><strong>corpore</strong></span> <span class='ocrx_word' id='word_1_819' title='bbox 3426 5324 3682 5404; x_wconf 76' lang='lat' dir='ltr'><strong>migraret</strong></span> <span class='ocrx_word' id='word_1_820' title='bbox 3699 5317 3760 5372; x_wconf 78' lang='lat' dir='ltr'><strong>ie-</strong></span> 
     </span>
    </p>
   </div>
   <div class='ocr_carea' id='block_1_115' title="bbox 2200 5409 3755 5489">
    <p class='ocr_par' dir='ltr' id='par_1_115' title="bbox 2200 5409 3755 5489">
     <span class='ocr_line' id='line_1_115' title="bbox 2200 5409 3755 5489; baseline -0.003 -14"><span class='ocrx_word' id='word_1_821' title='bbox 2200 5420 2277 5477; x_wconf 73' lang='grc' dir='ltr'><strong>ιιι</strong></span> <span class='ocrx_word' id='word_1_822' title='bbox 2306 5420 2508 5476; x_wconf 90' lang='lat' dir='ltr'><strong>anima.</strong></span> <span class='ocrx_word' id='word_1_823' title='bbox 2547 5417 2901 5475; x_wconf 80' lang='lat' dir='ltr'><strong>Illucescente</strong></span> <span class='ocrx_word' id='word_1_824' title='bbox 2930 5412 3117 5489; x_wconf 86' lang='lat' dir='ltr'><strong>itaque</strong></span> <span class='ocrx_word' id='word_1_825' title='bbox 3155 5418 3244 5474; x_wconf 89' lang='lat' dir='ltr'><strong>die</strong></span> <span class='ocrx_word' id='word_1_826' title='bbox 3279 5418 3489 5474; x_wconf 90' lang='lat' dir='ltr'><strong>mensis</strong></span> <span class='ocrx_word' id='word_1_827' title='bbox 3521 5414 3658 5471; x_wconf 81' lang='lat' dir='ltr'><strong>Junii</strong></span> <span class='ocrx_word' id='word_1_828' title='bbox 3689 5409 3755 5471; x_wconf 64' lang='lat' dir='ltr'><strong>ii.</strong></span> 
     </span>
    </p>
   </div>
   <div class='ocr_carea' id='block_1_116' title="bbox 2202 5507 3757 5585">
    <p class='ocr_par' dir='ltr' id='par_1_116' title="bbox 2202 5507 3757 5585">
     <span class='ocr_line' id='line_1_116' title="bbox 2202 5507 3757 5585; baseline -0.005 -16"><span class='ocrx_word' id='word_1_829' title='bbox 2202 5514 2349 5585; x_wconf 89' lang='lat' dir='ltr'><strong>quod</strong></span> <span class='ocrx_word' id='word_1_830' title='bbox 2373 5523 2457 5569; x_wconf 90' lang='lat' dir='ltr'><strong>est</strong></span> <span class='ocrx_word' id='word_1_831' title='bbox 2476 5512 2546 5567; x_wconf 66' lang='grc'><strong>⁷18</strong></span> <span class='ocrx_word' id='word_1_832' title='bbox 2574 5511 2943 5567; x_wconf 83' lang='lat' dir='ltr'><strong>Kalendarum</strong></span> <span class='ocrx_word' id='word_1_833' title='bbox 2973 5510 3142 5577; x_wconf 83' lang='lat' dir='ltr'><strong>Junii,</strong></span> <span class='ocrx_word' id='word_1_834' title='bbox 3179 5511 3313 5566; x_wconf 88' lang='lat' dir='ltr'><strong>hora</strong></span> <span class='ocrx_word' id='word_1_835' title='bbox 3332 5511 3448 5581; x_wconf 90' lang='lat' dir='ltr'><strong>jam</strong></span> <span class='ocrx_word' id='word_1_836' title='bbox 3481 5507 3757 5566; x_wconf 75' lang='lat' dir='ltr'><strong>imminente</strong></span> 
     </span>
    </p>
   </div>
   <div class='ocr_carea' id='block_1_117' title="bbox 2201 5594 3754 5675">
    <p class='ocr_par' dir='ltr' id='par_1_117' title="bbox 2201 5594 3754 5675">
     <span class='ocr_line' id='line_1_117' title="bbox 2201 5594 3754 5675; baseline -0.008 -11"><span class='ocrx_word' id='word_1_837' title='bbox 2201 5606 2390 5672; x_wconf 67' lang='lat' dir='ltr'><strong>tet-cia,</strong></span> <span class='ocrx_word' id='word_1_838' title='bbox 2438 5604 2798 5675; x_wconf 70' lang='lat' dir='ltr'><strong>praesentibus</strong></span> <span class='ocrx_word' id='word_1_839' title='bbox 2846 5604 2972 5659; x_wconf 91' lang='lat' dir='ltr'><strong>ﬁliis</strong></span> <span class='ocrx_word' id='word_1_840' title='bbox 3009 5604 3145 5671; x_wconf 91' lang='lat' dir='ltr'><strong>suis,</strong></span> <span class='ocrx_word' id='word_1_841' title='bbox 3194 5618 3336 5674; x_wconf 91' lang='lat' dir='ltr'><strong>quos</strong></span> <span class='ocrx_word' id='word_1_842' title='bbox 3387 5602 3492 5659; x_wconf 87' lang='lat' dir='ltr'><strong>loci</strong></span> <span class='ocrx_word' id='word_1_843' title='bbox 3544 5594 3754 5671; x_wconf 77' lang='lat' dir='ltr'><strong>angustia</strong></span> 
     </span>
    </p>
   </div>
   <div class='ocr_carea' id='block_1_118' title="bbox 2203 5684 3754 5769">
    <p class='ocr_par' dir='ltr' id='par_1_118' title="bbox 2203 5684 3754 5769">
     <span class='ocr_line' id='line_1_118' title="bbox 2203 5684 3754 5769; baseline -0.006 -15"><span class='ocrx_word' id='word_1_844' title='bbox 2203 5712 2398 5769; x_wconf 91' lang='lat' dir='ltr'><strong>capere</strong></span> <span class='ocrx_word' id='word_1_845' title='bbox 2424 5684 2660 5768; x_wconf 87' lang='lat' dir='ltr'><strong>poterat,-</strong></span> <span class='ocrx_word' id='word_1_846' title='bbox 2684 5694 2882 5753; x_wconf 88' lang='lat' dir='ltr'><strong>ceteris</strong></span> <span class='ocrx_word' id='word_1_847' title='bbox 2911 5695 2965 5751; x_wconf 89' lang='lat' dir='ltr'><strong>in</strong></span> <span class='ocrx_word' id='word_1_848' title='bbox 2991 5696 3184 5767; x_wconf 87' lang='lat' dir='ltr'><strong>majori</strong></span> <span class='ocrx_word' id='word_1_849' title='bbox 3204 5696 3457 5755; x_wconf 68' lang='lat' dir='ltr'><strong>accelesia</strong></span> <span class='ocrx_word' id='word_1_850' title='bbox 3490 5691 3754 5751; x_wconf 78' lang='lat' dir='ltr'><strong>consisten-</strong></span> 
     </span>
    </p>
   </div>
   <div class='ocr_carea' id='block_1_119' title="bbox 2202 5782 3751 5858">
    <p class='ocr_par' dir='ltr' id='par_1_119' title="bbox 2202 5782 3751 5858">
     <span class='ocr_line' id='line_1_119' title="bbox 2202 5782 3751 5858; baseline -0.006 -13"><span class='ocrx_word' id='word_1_851' title='bbox 2202 5790 2350 5846; x_wconf 90' lang='lat' dir='ltr'><strong>tibus</strong></span> <span class='ocrx_word' id='word_1_852' title='bbox 2372 5798 2425 5844; x_wconf 90' lang='lat' dir='ltr'><strong>et</strong></span> <span class='ocrx_word' id='word_1_853' title='bbox 2454 5788 2798 5856; x_wconf 87' lang='lat' dir='ltr'><strong>canentibus,</strong></span> <span class='ocrx_word' id='word_1_854' title='bbox 2841 5797 3030 5845; x_wconf 87' lang='lat' dir='ltr'><strong>sancta</strong></span> <span class='ocrx_word' id='word_1_855' title='bbox 3058 5789 3148 5843; x_wconf 92' lang='lat' dir='ltr'><strong>illa</strong></span> <span class='ocrx_word' id='word_1_856' title='bbox 3183 5788 3367 5842; x_wconf 88' lang='lat' dir='ltr'><strong>anima</strong></span> <span class='ocrx_word' id='word_1_857' title='bbox 3395 5782 3657 5858; x_wconf 87' lang='lat' dir='ltr'><strong>corporeis</strong></span> <span class='ocrx_word' id='word_1_858' title='bbox 3677 5790 3751 5831; x_wconf 75' lang='grc' dir='ltr'><strong>ηε-</strong></span> 
     </span>
    </p>
   </div>
  </div>
