3834 6304
61 417 141 473 265

1223 402 1686 464 CHRONICON.~
1724 405 1852 459 LIB.
1881 405 1942 460 ll.

3127 413 3231 467 266

59 530 184 584 'u'bus
207 521 450 587 absoluta,
476 519 542 575 ad
567 519 696 574 illud
722 519 964 591 pervenit
1005 530 1265 592 aeternum
1296 518 1442 589 quod
1479 527 1565 574 est
1593 523 1638 581 A
1667 527 1870 574 sanetae
1901 519 2084 574 Mariae
2126 527 2349 576 sanctus
2377 520 2668 590 requiescit
2701 520 3027 592 Madelvcus,
3052 526 3121 582 ab
3143 544 3236 586 eo-

62 631 189 674 unum
207 625 253 670 et
280 612 625 682 inseparabile
664 613 886 666 trinum.
927 609 1127 666 Oculos
1155 611 1326 681 patris
1364 611 1562 665 clausit
1660 609 1782 664 dem
1811 621 1963 680 patre
1984 619 2169 666 nostro
2199 613 2395 667 ibidem
2431 614 2816 683 transpositus,
2847 626 2901 670 et
2929 632 3237 678 reverenter

57 710 310 778 cpiscopus;
334 704 654 773 polinctores
679 702 885 757 funeris
910 702 1055 772 (110)
1079 699 1560 774 Richardus,0dy-

55 801 214 862 tardus,
235 795 520 864 Stephanus
557 802 610 847 et
645 791 1010 848 Walerannus
1054 792 1274 846 abbates
1316 789 1554 846 fuerunt.

56 889 130 957 Ipsi
162 901 333 954 corpus
367 883 764 938 sanctissimum
819 891 1268 951 procuraverunt,
1317 880 1559 937 vestibus

53 981 228 1037 sacratis
246 995 306 1034 ex
333 995 478 1033 more
505 978 678 1031 induit
709 977 1016 1045 episcopus,
1065 991 1173 1030 non
1223 977 1424 1045 quibus
1469 977 1559 1032 ille

53 1073 189 1125 voluit’
206 1079 252 1123 et
275 1071 536 1138 praecepit,
579 1070 673 1138 qui
710 1067 836 1121 vilia
865 1081 1080 1137 queque
1121 1066 1410 1137 delegerat,
1457 1068 1554 1123 sed

49 1179 149 1232 quas
174 1160 366 1215 dictavit
392 1175 541 1213 amor
562 1168 819 1229 paternus
862 1166 916 1212 et
957 1157 1172 1212 devotio
1212 1158 1553 1212 sanctissima

47 1265 85 1306 et
103 1253 243 1306 debita
275 1251 429 1321 (111).
469 1249 748 1319 Reliquiae,
784 1264 922 1318 quas
966 1262 1131 1318 super
1165 1258 1356 1318 pectus
1392 1265 1553 1316 suum

47 1344 129 1411 ipse
155 1341 484 1404 commiserat,
532 1341 722 1394 induto
755 1354 822 1394 eo
859 1340 1031 1394 sacris
1068 1340 1311 1394 vestibus
1337 1381 1352 1406 ,
1389 1354 1554 1410 supra

46 1443 184 1501 pectus
219 1431 325 1500 ejus
361 1432 610 1500 repositae
648 1438 794 1486 sunt.
833 1428 1046 1484 Elatum
1077 1444 1206 1501 ergo
1232 1429 1398 1486 funus
1432 1431 1555 1486 bea-

46 1523 255 1576 tissimum
290 1521 641 1590 bajulantium
673 1519 949 1585 manibus,
1001 1533 1126 1572 cum
1177 1519 1247 1573 ob
1288 1519 1550 1589 impetum

45 1613 177 1680 populi
196 1611 509 1666 occurrentis
524 1619 577 1666 et
601 1611 904 1681 plangentis
926 1609 1178 1664 obserata
1201 1620 1344 1664 esset
1362 1611 1550 1666 accele-

41 1702 112 1767 sia,
141 1711 242 1756 ante
262 1702 419 1757 altare
441 1702 615 1757 sancti
636 1701 780 1756 Petri
807 1701 1048 1771 positum
1090 1711 1202 1768 est;
1241 1701 1335 1755 ubi
1378 1701 1547 1758 missa

41 1808 60 1845 a
93 1793 299 1862 pontiﬁce
349 1793 612 1848 celebrata
640 1833 655 1859 ,
709 1793 946 1848 tamdem
999 1802 1168 1863 porta:
1226 1795 1542 1850 monasterii

42 1894 185 1952 aperte
204 1894 332 1951 sunt,
363 1895 412 1939 et
429 1899 558 1940 ecce
579 1885 809 1954 populus
831 1883 1242 1939 innumerabilis
1259 1885 1543 1956 utriusque

40 1990 157 2029 tctus
187 1987 231 2029 et
265 1976 458 2030 ordinis
499 1975 659 2029 irruit
685 1991 806 2029 cum
830 1975 1070 2029 lacrimis
1094 1983 1148 2028 et
1184 1976 1390 2030 ulufatu
1421 1991 1543 2031 cor-

43 2064 109 2118 iis.
135 2064 246 2133 (Fol.
279 2065 384 2135 93.)
408 2065 576 2120 Plena
603 2075 718 2119 erat
737 2065 981 2120 tecclesia
1018 2066 1389 2134 lacrimarum,
1422 2083 1543 2123 om-

40 2171 104 2208 nes
129 2157 172 2208 in
202 2171 465 2212 commune
505 2157 580 2226 pii
621 2156 791 2226 patris
825 2157 1094 2212 deﬂebant
1122 2158 1352 2226 obitum,
1393 2175 1460 2216 ac
1494 2160 1541 2216 si

40 2245 218 2298 viderent
248 2245 516 2300 imminere
555 2245 836 2300 interitum
868 2246 1078 2315 patriae.
1115 2244 1160 2301 Ο
1185 2256 1423 2318 quantus
1453 2249 1540 2303 lu-

38 2345 123 2390 ctus
144 2337 388 2390 omnium!
420 2345 628 2407 quanta
659 2344 786 2392 tota:
802 2336 924 2391 urbi
948 2339 1182 2392 mestitia
1210 2341 1222 2392 !
1253 2354 1418 2408 quam
1452 2339 1538 2409 pia

38 2435 118 2478 erat
147 2427 200 2481 de
224 2427 328 2496 ejus
355 2427 500 2482 obitu
543 2427 850 2498 compassio
878 2429 890 2480 !
936 2436 1140 2496 quanta
1168 2428 1414 2482 omnium
1447 2428 1542 2483 de-

39 2518 220 2571 stitutio!
242 2516 310 2572 Ea
329 2519 440 2572 dies
463 2525 578 2574 tota
597 2515 701 2572 fuit
722 2518 1042 2588 gemituum,
1066 2526 1175 2573 tota
1200 2519 1536 2589 planctuum.

39 2606 117 2670 Qua
145 2609 610 2677 advesperascente,
649 2624 849 2679 corpus
878 2609 1255 2665 beatissimum
1288 2610 1357 2664 ad
1388 2611 1540 2680 prin-

39 2699 203 2765 cipalem
224 2700 504 2754 :ecclesiam
539 2707 742 2755 sanctae
774 2698 957 2754 Maria:
1005 2715 1036 2754 a
1085 2699 1347 2756 fratribus
1390 2701 1538 2756 dela-

41 2797 133 2852 tum,
153 2790 318 2845 debitis
351 2791 659 2862 vigiliarum
696 2800 751 2846 et
792 2791 1105 2861 psalmodize
1142 2791 1331 2848 ciliciis
1378 2801 1538 2848 nocte

40 2877 118 2946 ipsa
142 2881 197 2935 ab
218 2883 609 2938 excubitoribus
653 2883 980 2938 honoratum
1029 2892 1133 2939 est.
1191 2882 1251 2937 ln
1297 2884 1536 2939 crastino

39 2971 156 3024 missa
177 2973 498 3043 solempniter
525 2974 794 3029 celebrata
825 2989 853 3028 a
876 2974 1175 3050 canonicis,
1206 2991 1302 3044 per
1326 2975 1535 3046 reliqua

38 3061 144 3117 urbis
178 3066 478 3120 monasteria
519 3066 864 3135 deportatum
903 3073 1006 3131 est,
1040 3075 1092 3120 et
1114 3067 1311 3136 vigiliis
1341 3067 1535 3122 missa-

1657 701 1976 756 tumulatus.
2016 700 2240 758 Peracto
2285 719 2415 757 vero
2458 706 2749 774 sepulturae
2787 709 2995 778 cilicio;
3027 718 3121 771 ubi
3167 716 3237 772 ab
3294 773 3298 780 ,

1657 789 1781 844 aliis
1821 791 2125 846 discessum
2158 801 2260 856 est,
2289 793 2355 847 ad
2385 797 2818 864 componendum
2868 801 2980 856 viri,
3016 803 3111 860 Dei
3156 806 3208 863 le
3286 783 3301 796 ’

1656 889 1803 936 ctum
1844 883 2120 936 unanimis
2152 898 2209 938 se
2239 883 2472 938 ﬁliorum
2509 889 2757 943 accendit
2797 890 3028 948 devotio.
3067 895 3236 963 Quat-

1658 979 1782 1025 tuor
1811 971 2112 1043 columpna:
2135 989 2453 1030 marmorea:
2487 981 2808 1047 cooperculo
2845 985 3116 1052 sepulchri
3145 1005 3235 1046 ee-

1655 1071 1840 1116 mcnto
1892 1061 2036 1117 facto
2066 1079 2132 1118 ex
2176 1066 2364 1119 eodem
2415 1083 2685 1123 marmore
2729 1083 3103 1144 conectuntur,
3148 1080 3234 1137 his

1654 1151 1889 1222 desitper
1930 1154 2113 1208 tabula
2160 1170 2462 1210 marmorea
2509 1163 2841 1231 praegrandis
2882 1163 3000 1234 ipso
3040 1169 3230 1226 eodem

1653 1253 1900 1299 cemeuto
1934 1245 2272 1316 adjungitur,
2313 1256 2367 1301 et
2391 1248 2472 1303 sic
2499 1249 2731 1321 desuper
2757 1257 3080 1325 cooperculo
3110 1276 3229 1316 ma-

1651 1333 1811 1388 ceria:
1857 1335 2195 1405 aliquantum
2235 1339 2586 1407 construitur,
2633 1351 2688 1396 et
2734 1345 2907 1400 solido
2948 1348 3230 1406 bituminis

1651 1424 1879 1495 gluttine
1925 1427 2209 1484 solidatur.
2251 1428 2470 1486 Tabulae
2507 1448 2636 1488 vero
2666 1434 2721 1488 in
2757 1437 2924 1492 altum
2969 1452 3229 1509 porrecta:

1649 1511 1876 1570 linteum
1928 1517 2247 1588 imponitur,
2275 1530 2327 1576 et
2351 1521 2399 1576 ei
2425 1522 2645 1592 pallium
2672 1527 3077 1596 superadditum
3112 1544 3224 1596 est;

1651 1615 1715 1660 ut
1765 1609 1978 1664 cunctis
2010 1611 2358 1667 cernentibus
2382 1622 2627 1682 patenter
2664 1616 2822 1671 detur
2847 1619 3069 1691 intelligi
3102 1639 3226 1678 eum

1646 1699 1828 1768 magni
1858 1714 1980 1755 esse
2017 1701 2220 1768 meriti,
2267 1703 2423 1772 cujus
2465 1720 2666 1774 corpus
2705 1707 2786 1762 sic
2834 1708 3134 1767 honoratur
3171 1714 3224 1767 in

1643 1789 1826 1845 terris.
1866 1789 1933 1844 Et
1966 1791 2177 1846 merito.
2214 1791 2371 1859 Quod
2393 1794 2538 1848 enim
2565 1793 2668 1850 fuit
2687 1796 2806 1868 ejus
2835 1796 2892 1854 in
2916 1801 3077 1856 terris
3105 1812 3222 1857 stu-

1646 1879 1821 1948 dium,
1853 1881 1957 1935 nisi
1985 1881 2152 1940 Deum
2189 1884 2430 1955 diligere,
2454 1895 2506 1940 et
2529 1895 2747 1944 sanctos
2790 1891 2910 1960 ejus
2953 1896 3222 1961 venerari,

1641 1980 1697 2026 et
1715 1971 2011 2026 atcclesiam
2035 1971 2129 2027 Dei
2153 1988 2349 2038 ornare
2377 1973 2571 2030 decore
2595 1980 2956 2049 competenti?
2989 1981 3099 2038 Nec
3121 1986 3223 2039 mi-

1643 2076 1766 2116 rum
1797 2061 1844 2117 si
1871 2078 1903 2117 a
1935 2063 2060 2118 ﬁliis
2094 2065 2417 2134 prOpensius
2438 2066 2758 2137 honoratur,
2790 2087 2928 2141 quos
2949 2075 3105 2130 scivit
3130 2092 3221 2131 re-

1643 2168 1788 2224 gere,
1819 2163 1874 2208 et
1901 2170 2086 2225 regere
2108 2157 2410 2212 secundum
2440 2168 2683 2214 nostram
2709 2161 3070 2234 disciplinam,
3101 2183 3224 2237 qua:

1642 2258 1710 2298 ex
1740 2243 2049 2301 Christiana
2075 2247 2189 2318 lege
2209 2248 2506 2317 descendit,
2535 2259 2590 2306 et
2623 2252 2690 2307 ad
2717 2252 2885 2309 Deum
2918 2256 3086 2312 ducit.
3116 2257 3221 2315 Re-

1641 2335 1848 2406 quievit
1870 2345 2050 2392 autem
2071 2338 2159 2394 hic
2179 2349 2332 2410 pater
2352 2351 2537 2398 noster
2564 2359 2615 2398 a.
2641 2343 2710 2399 ab
2734 2345 2841 2402 inc.
2875 2346 3030 2403 Dom.
3061 2349 3218 2417 1046,

1640 2426 1922 2497 regiminis
1972 2430 2056 2483 sui
2103 2445 2247 2486 anno
2291 2432 2395 2500 42,
2453 2445 2712 2505 regnante
2757 2437 2918 2494 terris
2965 2439 3220 2498 lleinrico

1640 2517 1875 2572 Conradi
1912 2517 2042 2574 ﬁlio.
2086 2519 2394 2591 Supervixit
2430 2538 2560 2578 vero
2597 2524 2885 2597 episc0pus
2915 2527 3219 2588 Richardus

1639 2622 1814 2677 usque
1834 2608 1904 2663 ad
1933 2625 2176 2665 mensem
2198 2611 2605 2682 Novembrium,
2637 2626 2690 2672 et
2723 2619 2856 2674 obiit
2891 2619 2925 2673 8
2949 2619 3075 2678 ldus
3104 2621 3216 2679 No-

1637 2698 1839 2765 vemb.,
1867 2699 2004 2755 sicut
2041 2701 2157 2770 ipse
2177 2718 2209 2756 a
2237 2711 2389 2772 patre
2414 2719 2516 2760 suo
2540 2708 2833 2776 quesierat,
2865 2726 2988 2766 cum
3008 2713 3058 2767 ei
3083 2730 3217 2769 ocu-

1638 2788 1720 2843 los
1743 2789 2014 2845 clauderet
2036 2791 2205 2861 (112).
2244 2791 2324 2859 Si,
2349 2793 2542 2864 inquit,
2574 2805 2726 2865 pater
2750 2799 2819 2851 ad
2849 2798 3016 2853 Deum
3045 2803 3214 2868 vadis,

1636 2891 1685 2936 et
1713 2883 1762 2936 ei
1795 2881 1964 2953 placet
1987 2883 2287 2955 obsequium
2317 2901 2416 2956 quo
2440 2887 2488 2940 ei
2514 2888 2742 2955 seruisti,
2775 2889 2948 2944 obtine
2972 2901 3028 2944 ut
3055 2909 3216 2946 unum

1635 2991 1833 3028 annum
1871 2990 1974 3028 non
2011 2975 2107 3028 tibi
2149 2978 2472 3045 supervivam
2509 2979 2564 3032 in
2596 2978 2691 3032 hoc
2737 2982 2930 3049 seculo,
2961 2984 3086 3053 quia
3123 2985 3216 3038 tibi

1635 3068 1886 3120 commori
1911 3083 2069 3136 quam
2091 3067 2256 3122 vivere
2275 3079 2524 3138 prwopto.
2567 3070 2804 3140 Dixerat,
2841 3083 2894 3130 et
2929 3077 3216 3134 exauditus

39 3167 207 3223 rumque
224 3157 523 3226 solempniis
559 3156 739 3211 debita
771 3156 1104 3212 olliciositate
1129 3158 1532 3227 percelebratis,
1563 3179 1607 3242 ο
1638 3170 1740 3222 est,
1765 3159 2090 3228 additusque
2111 3159 2356 3228 patribus
2387 3153 2520 3216 suis.
2562 3161 2730 3232 Cujus
2755 3181 2953 3236 corpus
2974 3183 3098 3222 cum
3121 3184 3216 3238 pa-

41 3245 198 3299 tandem
221 3247 279 3302 ad
308 3249 696 3304 monasterium
727 3263 886 3303 suum
917 3249 1146 3304 relatum
1191 3257 1294 3314 est,
1326 3258 1381 3304 et
1409 3249 1534 3304 ﬁliis

39 3333 272 3392 dolentibus
295 3349 345 3393 et
367 3341 432 3395 de
459 3348 637 3394 morte
661 3339 779 3409 ejus
823 3339 1156 3394 merentibus
1200 3339 1530 3394 restitutum.

40 3417 153 3478 Venit
173 3440 282 3496 ergo
317 3428 428 3484 dies
460 3428 723 3495 crastina,
750 3438 805 3483 ct
829 3443 955 3484 ecce
999 3427 1110 3484 fere
1149 3429 1293 3484 circa
1341 3429 1533 3484 horam

38 3518 202 3572 terciam
241 3531 554 3594 congregata
593 3531 676 3578 est
707 3531 820 3577 tota
863 3523 1052 3578 civitas
1075 3522 1143 3577 ad
1165 3522 1532 3592 sepeliendum

39 3603 160 3660 illum.
194 3607 392 3667 Missam
442 3613 738 3668 celebravit
776 3613 1088 3682 cpiscopus,
1121 3628 1535 3684 sermonemque

39 3699 174 3757 habuit
204 3707 261 3760 ad
281 3709 545 3778 populum
583 3708 650 3763 de
693 3708 1212 3762 mutabilitatevitze
1250 3707 1435 3776 hujus,
1481 3717 1536 3762 et

38 3794 207 3860 qualiter
222 3797 268 3852 in
295 3799 428 3856 hanc
449 3799 770 3870 plorationis
795 3799 1090 3853 convallem
1122 3799 1531 3864 devenerimus;

37 3885 122 3947 quis
145 3885 202 3940 sit
219 3887 328 3944 ﬁnis
353 3889 642 3956 bonorum,
672 3889 864 3959 quisve
894 3888 1189 3954 malorum;
1214 3904 1336 3958 qua:
1372 3887 1535 3944 fuerit

39 3975 158 4036 Patris
175 3978 286 4044 vita,
326 3997 467 4036 mors
489 3995 657 4051 quam
687 3979 951 4050 preciosa.
993 3977 1130 4034 Hinc
1168 3979 1535 4048 percelebrato

39 4063 177 4132 oﬁicio,
197 4070 334 4127 dictis
358 4071 694 4128 orationibus
722 4069 1114 4139 solempnibus,
1146 4069 1213 4122 ad
1246 4068 1425 4124 locum
1449 4085 1536 4124 se-

39 4154 206 4218 mitm:
235 4161 356 4215 itum
383 4173 486 4218 est.
539 4161 608 4216 Et
650 4161 774 4216 licet
801 4160 932 4215 solis
963 4159 1318 4229 exequiarum
1371 4158 1536 4212 mini-

39 4246 191 4303 striset
217 4252 393 4321 bajulis
418 4253 627 4308 funeris
676 4267 800 4306 eum
845 4251 932 4305 his
967 4251 1062 4320 qui
1114 4248 1286 4304 ofﬁcia
1333 4248 1535 4304 dabant

40 4340 288 4400 permissum
309 4344 376 4399 sit
399 4344 630 4415 ingredi,
661 4343 854 4398 ceteris
889 4343 1029 4396 intra
1065 4341 1326 4411 majorem
1349 4341 1536 4396 aaccle-

40 4427 133 4482 siam
151 4436 360 4501 retentis,
390 4446 537 4490 tanta
563 4445 745 4489 tamen
776 4432 878 4488 fuit
901 4432 1314 4502 obsequentium
1350 4433 1536 4486 multi-

1639 3258 1819 3304 rentes
1843 3249 1997 3318 juxta
2022 3264 2220 3319 corpus
2240 3250 2342 3304 viri
2373 3250 2467 3307 Dei
2507 3253 2722 3324 sepeliri
2766 3257 3134 3326 mandassent,
3183 3277 3215 3316 a

1637 3339 1916 3395 canonicis
1941 3340 1990 3393 vi
2017 3349 2310 3409 retentum,
2344 3350 2398 3398 et
2421 3343 2474 3397 in
2511 3341 2753 3403 azcclesia
2800 3360 3002 3404 sanctae
3034 3350 3215 3408 Maria:

1637 3433 1860 3503 majoris
1907 3434 2176 3504 sepultum
2219 3444 2323 3490 est.
2376 3435 2591 3506 (Chron.
2633 3437 2778 3510 Div.)
2822 3439 3024 3497 Eodem
3071 3459 3215 3499 anno

1637 3525 1920 3580 ordinatus
1967 3533 2053 3580 est
2093 3523 2443 3597 Lugdunensi
2485 3529 2727 3585 ecclesiae
2774 3532 3213 3604 archiepiscopus

1637 3617 1871 3671 domnus
1899 3613 2242 3672 Halinardus.
2280 3616 2480 3673 Eodem
2511 3635 2730 3691 quoque
2761 3638 2904 3678 anno
2926 3623 3213 3682 llcinricus

1636 3707 1864 3762 Romam
1895 3709 2012 3774 ivit,
2043 3717 2097 3763 et
2119 3709 2351 3765 concilio
2382 3710 2566 3766 habito
2591 3712 2785 3782 ahjecti
2816 3726 2940 3770 sunt
2961 3732 3212 3787 pervase-

1636 3816 1726 3855 res
1760 3799 2018 3855 Romanae
2040 3801 2319 3867 azcclesize,
2354 3799 2649 3871 Iohannes,
2676 3804 2996 3862 Benedictus
3017 3819 3069 3863 et
3101 3810 3210 3864 Sil-

1635 3901 1847 3958 vester;
1871 3898 1925 3946 et
1950 3891 2231 3947 ordinatus
2258 3900 2341 3948 est
2363 3890 2608 3950 Clemens
2643 3911 2802 3966 papa,
2832 3914 2862 3954 a
2892 3915 3000 3968 quo
3019 3909 3073 3955 et
3099 3901 3210 3971 ipse

1634 3996 1892 4039 coronam
1921 3983 2160 4054 suscepit
2187 3983 2420 4055 imperii.
2458 3984 2525 4040 Et
2553 3987 2738 4043 eodem
2779 4005 2923 4047 anno
2959 3990 3210 4049 Clemens

1635 4072 1791 4138 obiit,
1809 4080 1865 4126 et
1897 4071 2164 4128 Damasus
2188 4074 2472 4129 successit.
2515 4074 2775 4146 Regimen
2821 4095 3038 4152 quoque
3086 4082 3207 4138 Vir-

1634 4159 1896 4216 dunensis
1919 4161 2152 4215 coenobii
2173 4159 2537 4218 Walerannus
2571 4169 2827 4236 suscepit,
2859 4169 3020 4227 homo
3044 4172 3097 4226 in
3125 4189 3206 4229 se-

1634 4251 1759 4306 culo
1803 4252 2197 4318 nobilissimus,
2241 4252 2491 4308 Gelduini
2531 4256 2747 4312 comitis
2796 4259 2980 4328 ﬁlius;
3021 4264 3114 4331 qui
3155 4265 3208 4319 in

1632 4343 1776 4400 bello
1797 4344 1937 4413 apud
1965 4343 2069 4397 Bar
2099 4353 2338 4399 castrum
2373 4345 2425 4399 in
2449 4346 2695 4416 geniculo
2725 4349 3038 4407 vulneratus
3063 4354 3207 4408 clau-

1633 4437 1866 4494 dicabat.
1903 4435 2071 4506 Cujus
2093 4435 2258 4490 frater
2289 4436 2390 4490 fuit
2411 4435 2563 4508 Hugo
2593 4437 2986 4509 Linguonensis
3011 4441 3208 4511 episco-

41 4517 146 4581 tudo,
163 4531 212 4576 ut
230 4523 500 4593 fenestras,
525 4526 724 4596 quibus
759 4525 942 4578 lumen
987 4523 1174 4593 cripta:
1215 4522 1534 4578 infundeba-
1567 4549 1609 4602 ι)
1635 4543 1757 4598 pus,
1781 4538 1966 4598 postea
1999 4543 2029 4580 a
2069 4536 2256 4582 sancto
2280 4526 2458 4582 Leone
2487 4527 2579 4595 1X,
2604 4528 2658 4582 in
2695 4528 2948 4586 Remensi
2979 4532 3207 4587 concilio

41 4615 114 4674 1111³,
140 4613 196 4666 ob
219 4621 560 4685 captationem
585 4616 726 4671 aeris
754 4614 954 4670 auferri
976 4613 1271 4669 necessitas
1299 4613 1528 4684 impule-

42 4697 102 4751 rit
144 4701 372 4762 vincebat
415 4709 559 4762 diem
607 4708 872 4761 luminum
912 4705 1220 4772 multitudo,
1255 4715 1310 4760 et
1344 4704 1528 4760 fumus

43 4783 192 4848 incensi
225 4808 272 4850 et
306 4798 657 4852 thimiamatis
689 4806 857 4852 totam
885 4798 1183 4867 repleverat
1206 4797 1524 4852 aecclesiam.

43 4873 163 4934 Tanta
183 4894 283 4938 erat
301 4888 538 4941 omnium
566 4903 692 4957 erga
719 4887 890 4956 patris
913 4887 1241 4956 sepulturam
1271 4887 1484 4942 devotio
1510 4890 1522 4942 l

46 4964 214 5028 Humato
245 4976 412 5046 itaque
454 4977 729 5032 mitissimi
763 4977 863 5030 viri
900 4992 1146 5047 corpore,
1173 4977 1419 5032 clausum
1447 4988 1531 5034 est

45 5062 300 5132 sepulcrum,
340 5077 391 5122 et
431 5069 604 5124 solido
631 5077 878 5123 eemento
913 5083 1007 5137 per
1035 5069 1321 5138 juncturas
1351 5069 1524 5123 litum.

47 5144 282 5220 R1«Villicscit
313 5170 486 5215 autem
512 5161 567 5214 in
593 5160 762 5228 cripta
806 5159 1157 5214 subterranea
1187 5168 1312 5214 ante
1361 5160 1531 5216 altare

47 5250 189 5297 sancta:
213 5246 294 5302 Dei
319 5251 588 5319 genitricis
610 5250 791 5304 Mariae
811 5259 865 5304 et
885 5250 1057 5304 sancti
1081 5248 1345 5305 Johannis
1366 5266 1532 5304 evan-

46 5330 207 5400 εθϋειε,
237 5348 282 5392 ct
303 5355 456 5409 super
494 5356 618 5395 eum
642 5341 821 5409 majus
860 5341 1027 5394 altare
1053 5340 1225 5394 sancti
1249 5339 1391 5394 Petri
1421 5351 1533 5395 sta-

47 5416 200 5479 bilitum
219 5438 308 5482 est.
341 5429 396 5484 In
430 5431 616 5485 eadem
637 5431 807 5500 cripta
832 5431 1024 5486 subtus
1060 5429 1227 5484 altare
1248 5431 1530 5500 przel‘atum

1635 4617 1934 4689 depositus,
1973 4617 2356 4688 Episcopatum
2386 4631 2568 4674 autem
2600 4617 2996 4676 Virdunensem
3027 4621 3206 4678 Theo-

1634 4709 1851 4766 dericus
1893 4709 2158 4778 suscepit,
2218 4707 2524 4764 Wezelonis
2573 4711 2787 4767 comitis
2831 4712 3008 4779 ﬁlius;
3052 4713 3207 4782 cujus

1634 4802 1812 4872 primo
1830 4799 2221 4856 benedictionis
2264 4816 2408 4856 anno
2439 4801 2696 4870 templum
2729 4811 2933 4861 sancta:
2957 4803 3139 4860 Mariae
3177 4821 3205 4860 a

1635 4894 1774 4948 duce
1795 4891 2085 4948 Codefrido
2105 4900 2158 4947 et
2179 4891 2443 4946 Balduino
2466 4908 2788 4947 succensum
2818 4902 2901 4948 est
2929 4895 3044 4966 (fol.
3075 4898 3206 4970 95’),

1635 5000 1765 5041 vasa
1795 4999 1952 5040 sacra
1981 4984 2180 5047 ablata,
2205 4983 2501 5052 civitasque
2532 4983 2803 5038 destructa
2848 4985 2881 5039 8
2905 4985 3022 5041 Kal.
3066 4987 3204 5046 Nov.

1707 5074 1910 5148 (ποίῃ)
1948 5073 2173 5140 Quantm
2199 5088 2326 5128 vero
2349 5073 2490 5143 apud
2523 5073 2668 5128 illius
2697 5075 2796 5129 invi
2836 5076 3085 5134 homines
3119 5081 3204 5138 hic

1633 5175 1786 5236 pater
1817 5175 2000 5220 noster
2041 5163 2213 5236 gratia
2237 5163 2328 5218 Dei
2361 5164 2785 5220 honoriﬁcentia;
2822 5165 3002 5235 fuerit,
3027 5169 3200 5226 Theo-

1634 5255 1850 5310 dericus
1875 5253 2253 5309 Basiliensium
2277 5253 2582 5322 cpiscopus,
2606 5253 2689 5307 vir
2704 5257 2885 5312 multm
2913 5261 3202 5315 auctorita-

1636 5345 1706 5401 tis
1733 5354 1787 5400 et
1816 5345 2022 5415 gratia),
2067 5344 2241 5400 suoin
2280 5343 2422 5399 facto
2451 5345 2702 5400 ostendit.
2743 5345 2847 5412 Qui
2875 5364 3000 5403 eum
3029 5350 3082 5403 in
3119 5350 3199 5405 de-

1635 5435 1881 5492 ducendo
1906 5451 2046 5491 novo
2083 5435 2335 5506 episcopo
2384 5436 2530 5507 (115)
2563 5435 2863 5493 Virdunum
2902 5441 3104 5496 missus
3137 5443 3202 5499 ab

1467 5537 1697 5600 NOTAE.

116 5625 206 5702 H0)
234 5629 325 5702 Qui
344 5643 582 5687 mortuos
611 5632 874 5688 curabant
897 5639 952 5686 et
981 5631 1312 5702 unguebant.

117 5696 208 5764 111)
234 5701 378 5756 Gesta
406 5703 554 5756 Vird.
580 5703 665 5756 10.

117 5765 208 5834 lli)
236 5769 380 5825 Gesta
416 5771 560 5825 Vird.
599 5772 683 5825 10.
724 5768 845 5826 Vita
882 5769 1136 5824 Richardi
1168 5770 1257 5824 20.

258 5863 515 5925 Pauor.
549 5865 752 5926 CLIV.

1709 5638 1852 5708 (115)
1892 5637 2226 5694 Theoderico
2269 5637 2475 5694 scilicet
2525 5653 2667 5692 anno
2708 5636 2876 5703 1047;
2924 5634 2994 5692 cf.
3044 5635 3200 5695 Heri-

1629 5708 1813 5762 manni
1848 5708 1985 5778 Aug.
2022 5709 2225 5763 Chron.

2843 5862 2880 5919 9
