3878 6310
624 297 730 355 267
1633 293 1936 353 HUGONIS
1973 293 2268 350 ABBATIS
2304 295 2879 355 FLAVINIACENSIS
3792 300 3867 363 ξω

627 414 967 483 imperatore
1016 412 1276 479 venisset,
1313 419 1367 465 et
1402 418 1546 466 esset
1585 409 1636 464 ei
1667 409 1883 465 devotio
1915 410 2092 465 sancti
2117 408 2223 465 viri
2252 411 2293 467 A
2324 426 2423 466 nec
2451 411 2518 466 ad
2550 413 2791 468 medium
2826 412 3019 480 nostis,
3044 413 3173 484 quia
3194 414 3278 470 vir
3297 415 3470 487 gratia
3491 414 3588 471 Dei
3620 415 3868 475 inlumina.

628 504 987 574 sepulchrum
1034 502 1288 566 invisere,
1337 514 1463 555 cum
1510 508 1637 554 ante
1666 499 1907 554 tumbam
1937 515 2133 571 magna
2166 515 2228 555 se
2329 512 2416 559 tus
2443 504 2735 559 humilitati
2761 506 2970 560 studuit
2994 517 3051 559 et
3072 506 3287 574 vilitati,
3315 523 3415 562 nec
3454 517 3612 564 actus
3640 524 3869 581 suospm-

627 593 987 651 lacrimarum
1029 592 1351 649 contritione
1381 598 1691 657 mactasset,
1722 606 2096 647 rememorans
2131 592 2226 646 de-

631 688 805 744 functi
836 688 1089 758 pietatem
1116 684 1466 741 sobrietatem
1483 691 1553 751 ,et
1577 684 2073 752 mansuetudinem,
2104 685 2223 755 pal-

631 780 709 841 lio
739 775 1137 849 pretiosissimo
1156 772 1341 829 crocei
1370 773 1569 829 coloris
1589 773 1834 829 tumbam
1856 774 2036 845 ipsam
2063 775 2223 830 ador-

631 870 801 934 navit,
840 876 901 923 ut
933 866 1127 921 affectu
1157 865 1277 936 ipso
1330 872 1621 920 testaretur
1671 865 2017 921 dilectionem
2053 882 2220 936 quam

628 961 754 1016 vivo
775 960 1057 1015 exibuerat
1084 964 1303 1012 mortuo
1325 972 1384 1012 se
1404 971 1625 1027 quoque
1652 972 1762 1012 non
1798 972 2027 1029 negare;
2053 958 2221 1013 immo

627 1050 965 1122 propensiori
998 1064 1126 1104 eum
1152 1049 1302 1103 cultu
1330 1047 1736 1119 dignissimum,
1759 1063 1923 1118 quem
1963 1047 2078 1118 jam
2116 1063 2219 1104 suo

628 1142 893 1197 Dominus
916 1140 1124 1212 gremio
1149 1138 1481 1195 confoveret.
1518 1139 1753 1210 Ceperat
1765 1140 1880 1211 jam
1913 1148 2046 1196 tunc
2064 1138 2218 1198 locus

626 1233 715 1288 tlle
740 1233 929 1288 multis
950 1233 1160 1287 clarere
1181 1231 1484 1299 miraculis,
1517 1241 1572 1286 et
1599 1231 1655 1286 in
1682 1231 2051 1290 febricitantes
2065 1242 2217 1290 tanta

625 1325 971 1380 curationum
1006 1322 1397 1379 refundebatur
1432 1323 1625 1395 gratia,
1662 1333 1722 1379 ut
1750 1324 2000 1395 quisquis
2047 1325 2213 1381 adve-

625 1417 798 1473 nisset
820 1417 925 1472 hoc
952 1416 1213 1471 laborans
1251 1413 1619 1483 incommodo,
1647 1416 1742 1471 ubi
1774 1431 1971 1487 parum
2005 1417 2215 1473 obdor-

623 1510 836 1575 misset,
869 1508 1121 1564 sanitatis
1148 1509 1415 1579 potiretur
1440 1508 1720 1580 suffragio,
1748 1518 1802 1566 et
1832 1509 2034 1565 rediret
2062 1511 2212 1567 omni

624 1599 951 1655 valetudinis
977 1600 1156 1670 sopito
1181 1599 1450 1655 incendio.
1493 1598 1597 1655 Sed
1622 1600 1752 1671 quid
1778 1615 2078 1670 moramur,
2112 1618 2213 1659 nec

624 1690 915 1747 referimus
943 1692 1102 1763 cujus
1131 1692 1308 1747 meriti
1355 1692 1599 1764 angelico
1639 1708 1857 1764 quoque
1903 1694 2209 1751 declaratus

625 1783 697 1838 sit
730 1797 852 1838 esse
882 1783 1234 1839 testimonio?
1270 1782 1485 1838 Etenim
1529 1785 1623 1854 qui
1656 1785 1792 1841 vidit
1835 1787 2210 1842 testimonium

622 1874 918 1944 perhibuit,
946 1883 1002 1930 et
1024 1876 1091 1931 de
1117 1876 1275 1947 cujus
1314 1877 1425 1932 vita
1463 1893 1575 1932 non
1614 1877 1912 1947 dubitatur,
1945 1879 2065 1950 ejus
2097 1895 2214 1935 me-

620 1966 731 2021 rito
761 1966 1072 2024 testimonio
1099 1968 1358 2024 creditur.
1396 1968 1576 2025 Beata:
1612 1971 1888 2027 memoriae
1915 1981 2068 2043 pater
2103 1971 2213 2028 Ilo—

621 2054 828 2122 dulfus,
872 2057 1074 2114 tercius
1098 2066 1221 2129 post
1244 2074 1371 2115 eum
1397 2074 1685 2117 successor
1708 2062 1764 2117 in
1794 2062 2059 2133 regimine
2100 2079 2209 2119 tee-

620 2148 819 2216 clesiae,
847 2158 901 2204 et
922 2158 983 2204 ut
1010 2151 1285 2208 credimus
1306 2152 1647 2209 hereditaria
1664 2155 1967 2210 sanctitatis
1984 2170 2209 2225 posses-

620 2255 732 2309 sor,
777 2256 924 2297 nunc
962 2241 1107 2297 felici
1145 2243 1339 2300 beatus
1390 2260 1621 2301 excessu
1664 2244 1832 2317 (1M),
1881 2246 1974 2300 ubi
2029 2246 2209 2303 locum

618 2332 800 2402 ipsum
838 2334 1134 2406 regendum
1168 2336 1429 2408 suscepit,
1464 2346 1519 2392 et
1552 2338 1765 2393 audiret
1792 2354 1823 2393 a
1852 2338 2209 2397 referentibus

616 2425 787 2480 multa
814 2426 881 2482 de
906 2440 973 2483 eo
996 2427 1173 2482 relatu
1194 2428 1380 2500 digna,
1407 2429 1618 2486 videret
1648 2446 1869 2502 quoque
1896 2432 2206 2488 unanimem

615 2533 746 2591 erga
769 2519 976 2575 cultum
1014 2521 1388 2577 memorialem
1418 2522 1538 2593 ejus
1572 2523 1819 2578 omnium
1843 2524 2205 2595 devotionem,

615 2609 1029 2679 amplexabatur
1066 2610 1286 2682 quidem
1324 2612 1472 2682 quod
1501 2613 1717 2668 videbat
1747 2622 1800 2669 et
1826 2614 2079 2670 audiebat
2113 2631 2207 2688 ge-

614 2701 872 2756 neraliter
895 2702 965 2757 ab
992 2702 1270 2771 omnibus,
1316 2702 1568 2760 estuabat
1599 2720 1731 2760 vero
1753 2704 1896 2760 intra
1921 2721 1980 2762 se
2003 2707 2204 2777 ipsum,

613 2785 672 2848 si'
684 2801 849 2849 tanta:
874 2792 1180 2850 sanctitatis
1203 2794 1287 2850 vir
1310 2794 1627 2864 ille,fuisset
1654 2805 1713 2851 ut
1753 2795 2110 2864 referebatur,
2153 2808 2208 2853 et

612 2887 775 2957 quasi
825 2887 1088 2957 querebat
1131 2886 1382 2943 sollicitis
1411 2895 1466 2942 et
1493 2887 1775 2958 dispositis
1813 2888 2206 2960 cogitationum

611 2978 879 3045 excubiis,
907 2978 1066 3049 cujus
1093 2977 1274 3034 meriti
1302 2979 1445 3049 apud
1478 2978 1651 3035 Deum
1694 2989 1860 3035 esset.
1903 2978 2125 3035 Solebat
2153 2990 2208 3036 et

611 3161 694 3217 les
722 3161 1033 3217 orationum
1055 3172 1373 3232 proventus,
1399 3161 1728 3217 creberrime
1769 3178 1928 3217 orare
1972 3171 2029 3219 et
2059 3165 2203 3219 mul-

611 3252 777 3310 toties
820 3262 1141 3324 pernoctare
1176 3272 1190 3308 :
1221 3269 1345 3309 cum
1372 3267 1500 3309 ecce
1528 3268 1638 3308 una
1687 3263 1846 3309 nocte
1892 3264 2018 3326 post
2058 3257 2203 3313 cele-

610 3346 918 3402 brationem
957 3346 1298 3402 nocturnalis
1337 3344 1562 3418 synaxis
1596 3360 1723 3400 cum
1765 3346 1966 3403 ibidem
2014 3336 2204 3405 solitas

610 3435 724 3493 Deo
759 3437 1007 3493 redderet
1029 3436 1308 3505 excubias,
1347 3436 1451 3491 hac
1490 3451 1615 3491 eum
1659 3436 1989 3509 e0gitatione
2020 3437 2203 3509 sepius

608 3536 819 3584 terente
838 3537 894 3583 et
912 3528 981 3584 ad
1009 3543 1129 3584 sese
1149 3527 1486 3595 devolvente,
1514 3542 1743 3584 somnus
1760 3529 2040 3600 paulisper
2063 3531 2204 3585 allu-

610 3619 700 3673 sit.
736 3616 979 3674 Necdum
1013 3618 1328 3689 corporales
1363 3618 1418 3672 in
1459 3633 1714 3689 soporem
1765 3629 1923 3675 erant
1962 3620 2201 3691 perfecte

610 3710 855 3777 resoluti,
892 3726 1016 3765 cum
1050 3710 1441 3766 intellectuales
1462 3710 1606 3766 oculi
1647 3712 1817 3781 aperti
1847 3722 1997 3778 sunt,
2034 3722 2089 3767 et
2122 3714 2201 3768 vi-

608 3803 688 3859 dit
705 3803 808 3859 sibi
834 3812 1016 3860 astare
1047 3804 1303 3874 angelum
1333 3803 1530 3858 blanda
1572 3819 1633 3858 se
1666 3818 1798 3858 voce
1834 3804 2198 3875 alloquentcm

608 3906 663 3951 ct
695 3894 963 3951 dicentem
994 3912 1008 3950 :
1039 3914 1057 3947 ‹
1090 3893 1193 3949 Diu
1220 3902 1273 3950 te
1293 3894 1551 3965 cogitatio
1584 3903 1677 3950 tua
1713 3910 1932 3951 morosa
1976 3896 2201 3951 curioSi-

610 3994 720 4042 tate
741 3985 989 4053 detinuit,
1021 3994 1082 4041 ut
1105 3984 1277 4041 scires
1310 3985 1470 4056 cujus
1492 3985 1672 4039 meriti
1702 3985 1796 4040 hic
1836 3986 1994 4056 cujus
2013 3988 2199 4057 sepul-

608 4078 743 4132 chro
770 4077 990 4134 adsistis
1017 4085 1183 4145 esset,
1208 4086 1262 4132 et
1291 4092 1360 4132 ne
1390 4085 1441 4132 te
1463 4076 1673 4133 diutius
1712 4076 2049 4148 fatigandum
2072 4095 2199 4149 pro-

605 4178 768 4236 traat,
813 4169 1014 4225 missus
1051 4184 1173 4226 sum
1216 4169 1319 4225 hec
1362 4168 1460 4223 tibi
1495 4169 1768 4239 espedire.
1825 4169 1945 4225 Duo
1979 4180 2108 4227 sunt
2140 4172 2197 4227 in

607 4261 710 4316 hac
737 4260 909 4332 cripta
933 4261 1295 4332 quiescentes,
1331 4270 1385 4316 et
1421 4261 1563 4331 diem
1594 4260 1831 4328 Domini,
1866 4278 1975 4332 quo
1995 4263 2197 4333 duplici

605 4352 744 4407 stola
768 4361 1205 4419 remunerentur,
1246 4360 1616 4422 expectantes,
1641 4353 1731 4408 hic
1755 4353 1926 4408 abbas
1965 4352 2198 4409 Richar-

2324 592 2454 648 dere
2482 594 2693 661 maluit,
2749 595 2842 649 sed
2883 596 3178 651 occultare.
3222 594 3326 650 Sed
3371 596 3593 652 noveris
3626 599 3749 668 quia
3782 616 3867 654 ma-

2324 700 2491 755 gnum
2519 693 2812 756 patronum
2856 695 2911 741 et
2938 685 3047 741 Deo
3069 687 3422 747 carissimum
3463 690 3812 759 praemisistis,
3831 705 3868 747 rt

2320 790 2446 845 quae
2469 777 2536 835 de
2560 792 2627 833 eo
2650 778 2911 833 dicuntur
2938 795 3064 834 vera
3102 789 3251 846 sunt,
3277 796 3616 852 quamquam
3655 784 3865 853 ampliet:

2318 867 2430 923 dici
2453 877 2693 938 possent.
2731 868 2950 924 Placeat
2978 870 3073 924 tibi
3112 871 3329 926 devotio
3365 871 3608 927 ﬁliorum
3645 874 3866 946 ejuserga

2320 956 2641 1012 memoriam
2664 958 2806 1029 ejus,
2829 968 2884 1013 et
2904 974 3027 1030 qua:
3051 959 3149 1014 tibi
3171 960 3378 1016 missus
3398 976 3430 1015 a
3454 960 3567 1017 Deo
3592 962 3779 1030 refero,
3797 966 3867 1019 hac

2320 1047 2437 1118 ipsa
2463 1048 2552 1104 die
2579 1050 2837 1105 omnibus
2874 1050 2929 1104 in
2955 1066 3250 1107 commune
3289 1052 3512 1119 edicito,
3545 1062 3610 1107 ut
3651 1055 3867 1125 gaudeant

2315 1136 2385 1192 de
2406 1136 2550 1193 felici
2576 1153 2835 1194 successu
2865 1141 3059 1210 patris,
3081 1155 3246 1211 quem
3269 1140 3474 1197 habent
3499 1142 3863 1215 suffragatorem

2315 1238 2372 1310 et
2403 1230 2659 1287 devotum
2691 1232 3117 1287 interventorem
3161 1232 3217 1287 in
3251 1234 3426 1288 caelis.
3466 1232 3550 1289 Tu
3602 1236 3776 1306 itaque
3808 1239 3864 1292 his

2306 1320 2383 1375 de
2407 1320 2567 1376 beato
2586 1321 2706 1377 viro
2729 1322 2952 1393 agnitis,
2970 1322 3115 1377 viam
3134 1338 3298 1393 quam
3340 1324 3557 1395 cepisti
3581 1341 3654 1380 ne
3675 1328 3863 1391 deseras,

2286 1458 2289 1459 ν
2309 1413 2941 1497 mortificationicarnis,
2958 1416 3273 1497 humilitati,
3286 1417 3484 1472 vilitati
3506 1428 3560 1473 et
3578 1423 3865 1475 castimmuz

2313 1492 2553 1578 invigila,
2581 1506 2860 1562 lucrandis
2888 1508 3179 1563 animabus
3196 1492 3419 1579 operam
3440 1510 3531 1573 da,
3560 1521 3629 1565 ut
3660 1527 3772 1566 cum
3794 1514 3863 1566 hoc

2311 1604 2365 1651 et
2382 1596 2504 1653 aliis
2525 1597 2745 1654 doneris
2771 1598 3104 1654 beatitudine
3121 1608 3337 1655 atternze
3361 1600 3740 1669 jocundilatis.
3772 1623 3787 1654 ι

2384 1688 2525 1760 (F01.
2564 1690 2679 1760 94.)
2705 1690 3075 1761 Obstupuerat
3109 1692 3189 1747 vir
3212 1692 3515 1763 gratiarum
3542 1694 3602 1748 in
3634 1695 3861 1750 visioneet

2315 1779 2482 1837 affatu
2508 1781 2777 1853 angelico,
2810 1791 3010 1837 etcum
3036 1783 3243 1838 videret
3284 1783 3439 1838 illum
3469 1799 3574 1854 pro
3601 1785 3690 1839 his
3709 1794 3755 1840 ct
3778 1788 3860 1839 ιιιὶς

2315 1873 2535 1944 pietatis
2577 1874 2704 1944 ejus
2753 1873 3034 1930 beneficiis
3084 1874 3342 1930 humana:
3371 1874 3664 1947 fragilitati
3702 1877 3859 1931 collatis

2287 1962 2425 2019 -Deo
2450 1962 2642 2020 laudes
2675 1964 2969 2032 dicentem,
2999 1974 3054 2020 et
3075 1965 3144 2020 ad
3172 1965 3398 2020 easdem
3429 1980 3491 2020 se
3525 1978 3760 2036 pararet,
3783 1977 3859 2020 toto

2286 2046 2544 2126 corpore
2567 2064 2626 2110 ut
2644 2055 2952 2111 dormiebat
2969 2057 3293 2124 assurrexit,
3316 2065 3393 2124 et,
3419 2057 3711 2128 evigilans,
3730 2068 3859 2129 grates

2311 2163 2451 2218 quas
2484 2156 2716 2204 conatus
2752 2146 2931 2203 fuerat
2976 2159 3177 2215 mente,
3201 2149 3317 2219 jam
3361 2149 3553 2204 animo
3596 2160 3655 2205 et
3686 2165 3858 2219 coquere

2310 2243 2571 2313 persolvit
2592 2243 2819 2297 intente.
2843 2241 2955 2299 Nec
2987 2245 3242 2314 apparuit
3266 2244 3452 2315 segnis
3484 2244 3541 2299 in
3566 2247 3857 2316 praedicando

2306 2335 2456 2405 quod
2477 2334 2690 2390 viderat
2708 2342 2764 2389 et
2795 2334 3065 2400 audierat,
3095 2336 3267 2390 immo
3297 2336 3565 2391 omnibus
3590 2336 3686 2392 Dei
3712 2338 3857 2391 retexit

2309 2426 2603 2497 magnalia,
2646 2422 2778 2494 quia
2815 2434 2871 2480 et
2927 2425 3075 2495 quod
3106 2435 3321 2496 gratum
3349 2436 3435 2482 est
3462 2427 3675 2484 vidisse
3691 2428 3762 2483 vel
3789 2444 3854 2481 au-

2309 2516 2478 2585 disse,
2504 2518 2714 2588 gratins
2734 2515 2991 2584 refertur,
3015 2526 3070 2572 et
3087 2517 3464 2588 gratissimum
3487 2519 3759 2576 universis
3775 2534 3855 2573 (re

2276 2608 2485 2677 ~ditur;
2531 2608 2730 2665 fratres
2774 2624 2996 2680 quoque
3048 2609 3234 2664 audita
3280 2609 3451 2680 patris
3497 2612 3851 2682 magniﬁcentia

2307 2701 2444 2756 tanti
2490 2702 2677 2757 nuncii
2717 2716 2852 2757 voce
2880 2700 3190 2768 testiﬁcata,
3228 2702 3418 2758 laudes
3461 2711 3520 2757 et
3562 2702 3854 2774 gratisst

2306 2791 2647 2847 reddidimus
2672 2791 2847 2863 (115),
2879 2791 3126 2862 satisque
3168 2800 3391 2847 cantum
3408 2801 3494 2847 est
3518 2794 3598 2848 ab
3629 2794 3715 2847 illa
3738 2793 3853 2847 died

2305 2882 2582 2954 deinceps,
2615 2891 2677 2938 ut
2696 2883 2816 2953 ejus
2838 2882 3105 2938 memoria
3128 2883 3421 2939 devotione
3453 2885 3776 2941 recoleretur
3797 2883 3851 2937 «15-

2306 2974 2591 3045 gnissima.
2626 2974 2735 3030 Pro
2756 2975 2843 3031 his
2870 2984 2925 3031 et
2950 2975 3073 3031 aliis
3098 2975 3378 3031 beneﬁciis
3403 2976 3529 3046 ejus
3552 2978 3853 3033 benedicatur

613 3070 731 3140 ipse
756 3069 824 3125 ad
854 3069 976 3139 ejus
1004 3070 1278 3141 sepulchri
1305 3070 1510 3137 locum,
1543 3070 1672 3141 quia
1699 3079 1949 3126 senserat
1970 3071 2042 3126 ibi
2066 3070 2205 3127 faci-
2231 3092 2281 3162 ε’
2307 3081 2508 3121 nomen
2533 3066 2750 3123 Domini
2780 3066 2836 3152 in
2859 3068 3043 3123 secula
3068 3068 3159 3122 “‘.
3192 3066 3338 3123 Vivit
3356 3069 3543 3125 adhuc
3566 3078 3627 3125 et
3665 3070 3786 3125 viret
3811 3069 3848 3120 in
3875 3122 3878 3151 Ι

2250 3145 2276 3167 ³
2305 3157 2490 3212 secula
2518 3156 2664 3212 beati
2686 3142 3069 3213 viri'meritum
3096 3157 3268 3229 (116),
3291 3169 3347 3213 et
3367 3159 3640 3228 quamdiu
3660 3160 3875 3229 volvaturi

2304 3248 2572 3319 seculum,
2617 3264 2835 3319 semper
2862 3249 2984 3319 ejus
3024 3248 3280 3303 meritum
3315 3249 3551 3319 accipiet
3587 3250 3851 3305 incremen-

2303 3350 2440 3398 tum.
2475 3342 2731 3399 Testatur
2754 3344 2859 3399 hoc
2884 3340 3240 3407 Norntannia,
3279 3341 3482 3398 fatetur
3511 3352 3567 3397 et
3594 3322 3873 3401 Britanni-Li

2300 3435 2584 3505 applaudit
2605 3444 2718 3490 tota
2743 3434 2915 3491 Gallia
2945 3432 3117 3505 patris
3147 3448 3407 3504 promens
3437 3435 3730 3506 magnalia,
3765 3446 3871 3501 qua;

2301 3535 2510 3596 quanto
2538 3527 2703 3582 letata
2730 3535 2816 3583 est
2857 3535 2913 3581 et
2940 3526 3195 3597 jnbilavit
3221 3526 3289 3581 de
3318 3527 3734 3582 conversatione
3765 3524 3850 3592 ejus
3867 3566 3869 3617 4

2301 3618 2652 3674 sanctissima
2693 3619 2826 3674 dum
2860 3626 3007 3674 esset
3038 3618 3094 3671 in
3114 3616 3344 3684 mundo,
3368 3625 3528 3671 tanto
3568 3632 3712 3672 nunc
3744 3616 3867 3684 dolet,

2300 3709 2358 3763 in
2397 3719 2575 3766 morte
2614 3710 2735 3781 ejus
2764 3710 2981 3765 sublata
3016 3709 3119 3765 sibi
3148 3717 3260 3763 tam
3290 3676 3472 3763 felicia
3514 3676 3867 3764 contubernia.‘

2298 3802 2461 3869 cujus
2503 3801 2615 3856 vita
2658 3801 2967 3856 sanctitatis
3015 3810 3134 3855 erat
3180 3800 3490 3869 speculum,
3540 3798 3865 3871 penitentiam

2301 3893 2578 3959 solatium,
2621 3892 2952 3947 merentium
2997 3891 3322 3959 consolatio,
3348 3891 3680 3947 miscrorum
3707 3885 3863 3965 chcn-j

2300 3986 2404 4041 sio.
2435 3984 2600 4040 Luxit
2635 3985 2757 4055 ejus
2788 3984 3001 4039 obitum
3033 3984 3332 4054 imperator
3353 3993 3411 4040 et
3447 3984 3753 4054 optimates,
3778 3980 3861 4043 de,

2299 4078 2563 4134 ﬂeverunt
2604 4093 2759 4148 reges
2791 4085 2846 4132 et
2881 4076 3187 4147 pontiﬁces,
3226 4074 3427 4132 defecit
3457 4076 3593 4131 tibia
3632 4085 3686 4130 et
3721 4074 3861 4151 στρ-ί

2299 4186 2454 4237 num,
2474 4170 2689 4225 cithara
2728 4180 2783 4225 et
2811 4168 3151 4240 psalterium,
3182 4184 3412 4224 raucum
3447 4169 3639 4224 sonuit
3670 4166 3778 4222 tuba
3803 4164 3859 4214 d‘

2298 4262 2678 4334 tymphanum.
2718 4260 2979 4316 Ascendit
3006 4260 3074 4315 ad
3116 4258 3289 4315 Deum
3315 4258 3530 4315 clamor
3564 4270 3837 4330 pauperum.

2298 4353 2632 4409 desiderium
2680 4352 2955 4424 egentium
3000 4367 3158 4406 suam
3206 4351 3617 4407 destitutionem
3657 4346 3837 4419 ingrui—

603 4443 795 4510 dus,et
813 4441 1100 4498 confessor
1120 4441 1327 4498 Christi
1350 4444 1659 4513 praecipuus
1678 4442 2008 4511 Madelveus,
2034 4446 2194 4515 cujus
2225 4485 2269 4540 Β
2299 4445 2570 4510 nantium,
2597 4452 2652 4499 et
2690 4454 2751 4499 ut
2774 4458 2931 4515 mage
2952 4443 3193 4510 mireris,
3217 4444 3382 4499 unius
3408 4442 3618 4499 obitum
3648 4439 3836 4496 mundus

602 4548 703 4589 vos
722 4532 1067 4589 festivitatem
1100 4548 1202 4588 suo
1244 4542 1486 4602 tempore
1528 4542 1582 4588 et
1622 4533 1709 4589 die
1741 4534 1970 4600 devotis,
2004 4545 2065 4590 ut
2103 4537 2190 4591 di-
2226 4527 2265 4540 “’
2292 4536 2536 4603 deﬂevit,
2586 4536 2643 4590 in
2697 4550 2810 4606 quo
2858 4544 3008 4591 totus
3051 4536 3181 4591 dum
3229 4536 3433 4591 viveret
3475 4534 3750 4605 requievit.
3793 4527 3834 4579 EI

604 4638 774 4692 gnum
801 4631 907 4690 est,
945 4623 1227 4678 honoratis
1254 4623 1445 4680 oiliciis
1479 4642 1491 4678 :
1524 4634 1710 4696 utpote
1754 4643 1918 4698 quem
1958 4629 2104 4687 Deus
2134 4631 2189 4687 in

605 4729 833 4778 numero
877 4722 1193 4769 sanctorum
1242 4730 1469 4770 suorum
1494 4726 1547 4772 et
1577 4728 1723 4774 sorte
1751 4720 2026 4790 justorum
2056 4724 2193 4779 asci-

602 4808 699 4861 vit.
740 4805 806 4860 Et
822 4806 969 4876 juste
990 4806 1207 4876 quidem
1230 4807 1391 4878 digne
1413 4808 1466 4862 in
1498 4812 1819 4867 memoriam
1840 4816 2066 4871 vertitur
2092 4817 2193 4872 ho-

602 4897 836 4964 minum,
861 4898 953 4968 qui
978 4898 1046 4953 ad
1072 4898 1328 4969 gaudium
1354 4900 1570 4956 transiit
1598 4902 1894 4971 justorum.
1944 4905 2043 4963 ilic
2089 4924 2183 4963 au-

602 5000 735 5055 tem,
766 4991 926 5060 cujus
963 4991 1120 5046 adsto
1153 4992 1466 5062 sepulchre.
1511 4994 1631 5064 pari
1673 4996 1829 5051 vobis
1857 5013 1959 5053 nec
1988 5000 2190 5054 minori

602 5080 890 5135 devotione
913 5081 1253 5136 venerandus
1281 5081 1336 5135 in
1361 5084 1541 5150 terris,
1572 5100 1737 5155 quem
1771 5088 1888 5156 pari
1920 5097 2067 5143 sorte
2089 5105 2191 5146 nec

603 5169 845 5226 inferiori
877 5170 1046 5243 gloria
1069 5170 1213 5226 Deus
1236 5171 1553 5244 decoratum
1586 5176 1900 5232 sublimavit
1931 5178 1985 5232 in
2012 5180 2186 5236 caelis.

602 5260 767 5317 Multa
809 5260 1115 5318 sanctitatis
1146 5262 1268 5332 ejus
1299 5261 1444 5319 fama
1481 5265 1536 5319 in
1567 5266 1748 5334 terris,
1796 5283 1962 5339 quam
2008 5278 2188 5326 tamen

2290 4644 2622 4699 quamquam
2660 4628 2924 4683 sentirent
2953 4628 3130 4699 magis
3156 4643 3279 4683 esse
3305 4627 3675 4699 gaudendum,
3703 4623 3744 4679 si
3769 4635 3832 4693 n1

2288 4720 2496 4775 tionem
2526 4721 2611 4776 vis
2639 4719 2847 4775 doloris
2875 4719 3209 4784 admitteret,
3242 4718 3443 4773 ﬂebant
3467 4726 3649 4773 tamen
3686 4731 3720 4786 p

2289 4827 2397 4882 pne
2420 4813 2702 4881 monachi,
2726 4813 2967 4884 virgines
2984 4822 3040 4867 et
3057 4812 3251 4879 vidum,
3280 4812 3417 4868 ordo
3444 4825 3663 4883 quoque
3684 4823 3765 4876 ας

2289 4906 2569 4972 siasticus,
2593 4905 2713 4975 ejus
2737 4903 3000 4974 peculiari
3025 4903 3144 4959 fulti
3173 4903 3501 4975 patrocinio,
3524 4900 3716 4957 ﬁrmati

2292 4996 2434 5062 silio,
2479 4996 2709 5051 recreati
2755 4996 3016 5066 alloquio.
3066 4993 3112 5051 Ο
3152 4997 3322 5066 patris
3371 4994 3625 5049 meritum

2292 5088 2665 5155 memorabile,
2689 5088 2924 5158 posteris
2951 5088 3279 5153 venerabile,
3309 5086 3563 5141 omnibus
3587 5083 3775 5138 imitabi

2292 5178 2507 5235 Laudes
2529 5179 2650 5249 ejus
2676 5179 2826 5233 nulla
2861 5194 3122 5248 umquam
3152 5177 3351 5233 delebit
3378 5175 3596 5237 oblivio,
3620 5187 3723 5227 non
3749 5168 3807 5222 Ini

2291 5280 2422 5327 nuct
2446 5272 2709 5342 temporis
2747 5271 3116 5343 interpolatio,
3160 5285 3268 5325 non
3310 5268 3521 5324 auferet
3547 5266 3615 5322 ab
3641 5279 3731 5319 ore
3751 5277 3780 5314 ιι

3684 4702 3832 4863 1:21

3782 5197 3824 5339 ἓ

1835 5381 2069 5442 νΑΙίιᾹ]
2111 5385 2515 5444 LECTIONES.

670 5466 739 5501 ⁸⁸⁸
762 5470 931 5541 pergit
961 5479 1148 5525 auctor
1175 5480 1292 5541 post
1326 5472 1542 5528 aliauod
1576 5484 1799 5546 tempus.

2086 5563 2318 5623 ΝΟΤᾸΞ.

667 5627 1017 5705 (ι-ῌλεριιξι
1032 5629 1252 5686 biennio
1281 5630 1512 5705 vivente‘
1531 5632 1830 5703 Grimoldo,
1866 5633 2060 5691 deinde
2086 5650 2180 5691 an-

595 5698 682 5754 nis
715 5697 1041 5755 1078-1099.

2357 5636 2506 5708 (115)
2544 5634 2703 5708 [iugo
2732 5635 2899 5707 igitur
2924 5636 3129 5692 aderat.

2356 5705 2505 5780 (116)
2543 5705 2603 5762 In
2626 5705 2981 5776 sequentibus
3011 5706 3296 5778 rhythmos
3316 5719 3559 5778 agnosco.
