3834 6304
70 287 148 349 959
1239 273 1655 337 CliRONlCON.
1683 307 1751 316 —~
1782 278 1910 338 LIB.
1942 279 2002 337 ll.

3137 293 3244 345 2Ἱο

68 416 170 468 stro,
187 410 234 456 et
260 400 300 455 si
321 397 522 470 gravior
543 397 900 452 excandescat
921 395 975 450 in
999 411 1099 451 nos
1127 411 1290 466 quam
1316 411 1460 451 nunc
1483 404 1566 450 est
1596 399 1638 454 Α
1668 397 1891 451 clesiam
1933 398 2242 454 donandam
2285 401 2622 470 muneribus,
2670 401 2840 458 multa
2883 405 3174 464 dilectione
3211 427 3244 465 a

67 492 286 547 tribulatio
321 489 478 560 (117),
505 503 615 558 quo
643 488 826 543 minus
851 496 903 541 te
933 488 1326 554 venerandum,
1349 497 1400 542 te
1429 502 1568 556 prte—

65 582 314 644 dicandum,
336 587 403 644 te,
425 587 594 649 pater,
632 577 902 632 fateamur
937 577 1252 632 omnimoda
1290 577 1447 631 laude
1469 593 1564 632 co-

65 673 250 727 lendum.
272 669 393 724 Tuis
418 670 558 724 enim
589 669 840 724 laudibus
867 669 1170 734 immorari,
1200 677 1284 722 est
1323 684 1353 722 a
1391 669 1566 722 tribu-

64 765 217 817 latione
251 762 480 825 relevari,
524 761 652 831 quia
697 761 818 814 laus
863 769 952 814 tua
989 759 1172 829 gaudii
1205 767 1290 815 est
1332 768 1388 814 et
1418 759 1568 829 pacis

64 852 316 907 admiranda
343 852 769 920 comprehensio,
794 850 1025 906 mereris
1047 859 1099 904 et
1121 849 1411 905 anxietatis
1436 865 1565 920 pro-

64 945 263 1014 pulsatio.
298 944 489 999 Retulit
528 946 821 1000 humilitati
864 955 1066 1000 nostrae
1098 954 1223 999 ante
1259 946 1568 1016 quinquen-

63 1035 192 1100 nium,
219 1050 330 1088 cum
355 1034 579 1088 necdum
609 1044 985 1104 gustassemus
1019 1035 1210 1104 quanti
1251 1036 1323 1091 sit
1362 1037 1568 1094 laboris

59 1133 99 1178 et
113 1125 214 1179 tedii
232 1125 393 1180 aliena
419 1140 630 1190 curare,
653 1124 983 1181 venerabilis
1004 1125 1174 1182 abbas
1204 1137 1407 1182 sancta:
1441 1127 1564 1186 Tri-

62 1215 202 1270 uitatis
239 1215 300 1271 de
336 1224 512 1272 monte
543 1215 931 1287 Rotomagcnsi
972 1215 1127 1286 Hugo
1172 1217 1427 1284 nomine,
1472 1218 1566 1288 qui

59 1321 167 1360 nunc
196 1322 351 1376 usque
389 1316 656 1376 superest,
690 1306 817 1376 quia
858 1322 983 1362 eum
1013 1317 1159 1361 esset
1199 1307 1252 1360 in
1288 1308 1567 1378 obsequiis

59 1398 217 1463 praebiti
240 1398 437 1454 comitis
476 1397 827 1452 Normannia:
858 1397 1138 1462 Willelmi,
1172 1399 1288 1468 jam
1317 1409 1446 1454 tunc
1476 1416 1564 1454 re-

57 1489 115 1556 gis
144 1488 424 1559 Anglorum,
463 1505 591 1544 cum
623 1497 948 1542 tractaretur
974 1489 1028 1542 in
1059 1489 1185 1543 aula
1224 1490 1292 1544 de
1321 1489 1565 1545 honestis

57 1580 152 1632 viris
169 1589 211 1633 et
228 1589 514 1634 memoratu
534 1579 734 1651 dignis,
763 1595 996 1649 quorum
1028 1580 1142 1650 ipse
1166 1596 1262 1635 rex
1285 1581 1566 1636 habuisset

56 1669 248 1722 notitiam
269 1679 354 1723 aut
379 1669 580 1724 famam
606 1670 867 1736 audisset,
893 1669 1035 1724 inter
1061 1671 1369 1740 praecipuos
1398 1670 1563 1740 hujus

1671 488 1834 558 regali
1856 487 1971 544 fore
1993 492 2360 547 munificentia
2383 494 2775 551 bonorandam.
2792 496 2931 564 (Fol.
2945 497 3078 570 94’.)
3092 499 3245 557 Vidi-

1671 591 1794 630 mus
1819 577 2196 633 demoniacum
2222 580 2289 634 ad
2327 583 2719 638 monasterium
2748 585 2890 639 beati
2931 585 3113 644 Vitoni
3142 589 3242 645 ad-

1669 664 1915 744 ductum,
1962 666 2103 722 intra
2144 671 2503 737 paucissimos
2546 673 2663 728 dies
2692 675 2948 744 plenariae
2991 680 3242 735 sanitatis

1669 756 1865 826 gaudia
1896 767 2221 825 reportasse,
2252 777 2412 828 quem
2444 778 2568 816 cum
2600 764 2652 816 in
2685 766 2858 834 primo
2877 768 3110 824 adventu
3139 787 3242 826 suo

1671 847 1911 902 vinctum
1948 849 2078 903 loris
2115 858 2168 903 et
2204 849 2425 906 funibus
2465 862 2700 909 artatum
2749 856 2890 912 infra
2919 860 3146 929 criptam
3171 862 3240 917 ad

1670 939 1985 992 memoriam
2010 948 2324 994 sanctorum
2349 941 2544 997 ibidem
2569 945 2963 1014 quiescentium
2989 961 3243 1020 parentes

1668 1027 1868 1082 ducere
1905 1029 2122 1095 vellent,
2153 1030 2463 1087 nullatenus
2485 1043 2797 1102 potuerunt,
2824 1039 2986 1093 credo
3014 1040 3242 1098 demone

1669 1117 1893 1172 timente
1913 1120 2256 1188 praesentiam
2284 1137 2470 1176 eorum
2502 1135 2834 1193 sanctorum,
2866 1143 3100 1198 quorum
3128 1147 3242 1202 me-

1670 1208 1787 1264 ritis
1814 1209 2000 1263 eadem
2039 1210 2282 1265 mcclesia
2309 1211 2630 1267 inlustratur
2681 1225 2732 1269 et
2766 1219 3052 1288 praesentia
3079 1221 3242 1276 deco—

1669 1309 1819 1354 ratur
1847 1299 1936 1355 a‘7'.

1739 1390 1876 1460 (Fol.
1906 1392 2020 1463 95.)
2044 1393 2202 1447 Anno
2223 1393 2291 1448 ab
2314 1394 2421 1449 inc.
2455 1393 2610 1450 Dom.
2639 1397 2794 1464 1051,
2827 1396 2995 1456 Leoni
3018 1401 3083 1455 lX
3111 1419 3234 1460 suc-

1666 1483 1829 1537 cessit
1859 1482 2062 1550 Victor,
2088 1494 2142 1538 et
2168 1487 2200 1539 4
2225 1501 2371 1540 anno
2393 1487 2553 1552 obiit;
2579 1497 2634 1542 et
2657 1493 2922 1546 successit
2945 1494 2993 1548 ei
3018 1493 3235 1565 Stepha-

1666 1586 1790 1635 nus,
1819 1571 1911 1640 qui
1937 1580 1989 1626 et
2021 1571 2342 1630 Frederieus
2372 1574 2539 1630 frater
2564 1575 2839 1633 Godefridi
2875 1581 3049 1647 ducis,
3081 1585 3238 1655 cujus

1666 1661 1841 1730 primo
1884 1673 2115 1732 papatus
2151 1681 2296 1721 anno
2346 1667 2479 1721 obiit
2518 1669 2661 1737 apud
2707 1667 2933 1726 Goslare
2974 1672 3241 1732 Henricus

55 1761 323 1815 admirabilis
365 1762 792 1828 memorabatur,
835 1777 1051 1816 summa
1094 1761 1251 1816 laude
1284 1762 1404 1832 ejus
1429 1762 1559 1818 efle—
1596 1741 1636 1798 Β
1666 1745 1979 1823 imperator,
2022 1765 2076 1810 ει
2114 1757 2389 1827 exse‘1“iis
2418 1758 2538 1828 eius
2561 1759 2825 1828 ίηῑεΐίύίῑν
2858 1764 2952 1832 (illi
2985 1775 3038 1819 ει
3069 1764 3240 1836 Spir?

55 1852 180 1906 rendo
215 1855 489 1922 praeconia,
531 1855 914 1919 humilitatem,
963 1855 1306 1924 sapientiam,
1357 1855 1564 1910 discre-

53 1942 223 2008 tionem,
257 1943 415 1996 animi
457 1952 515 1997 et
558 1944 742 2000 vultus
772 1945 1023 2000 devotam
1063 1943 1174 1998 Deo
1213 1943 1564 2011 hilaritatem,

53 2029 264 2085 sermonis
301 2029 634 2098 facundiam,
679 2048 893 2088 morum
936 2034 1280 2104 elegantiam,
1320 2033 1567 2089 subdito—

53 2134 140 2172 rum
173 2123 527 2177 reverentiam.
572 2123 874 2180 Mirabatur
911 2125 1077 2180 etiam
1122 2126 1267 2195 quod
1311 2125 1398 2180 bis
1455 2140 1569 2178 mo-

53 2210 190 2267 dernis
213 2215 536 2284 temporibus
577 2216 645 2270 de
674 2216 797 2271 loco
835 2225 946 2271 tam
985 2218 1184 2274 celebri
1221 2218 1370 2272 nulla
1400 2217 1467 2272 ad
1507 2233 1566 2272 se

52 2305 366 2374 commigraret
404 2322 661 2377 persona,
719 2308 888 2375 nulla,
938 2319 998 2363 ut
1049 2308 1278 2374 solebat,
1328 2308 1563 2380 regalem

53 2391 138 2457 ejus
173 2395 604 2466 magnificentiam
659 2406 936 2468 expeteret
987 2414 1370 2454 successorum
1430 2399 1565 2454 tanti

54 2485 178 2549 patris
195 2497 277 2542 aut
294 2491 688 2546 monachorum
719 2491 825 2546 loci
868 2492 1160 2558 sedulitas;
1187 2493 1324 2547 adeo
1353 2501 1412 2547 ut
1439 2508 1564 2547 cum

55 2588 124 2640 pro
146 2576 379 2646 legatione
401 2583 641 2651 quadam
682 2582 825 2636 idem
848 2583 951 2647 vir,
985 2599 1016 2637 a
1056 2598 1167 2652 quo
1208 2584 1324 2639 haec
1353 2583 1564 2638 audivi‘

54 2678 156 2730 mus,
181 2670 392 2736 quadarn
428 2672 548 2726 vice
577 2672 886 2726 mitteretur
925 2671 1251 2740 Virdunum,
1294 2674 1436 2728 inter
1459 2674 1565 2728 alia

54 2751 90 2803 id
115 2754 168 2807 ab
185 2758 352 2813 eodem
387 2775 513 2831 rege
547 2772 602 2816 et
631 2761 938 2817 honorabili
964 2763 1084 2833 ejus
1116 2768 1346 2835 conjuge
1373 2765 1424 2819 ei
1463 2765 1564 2819 da-

53 2854 160 2900 retur
190 2847 238 2902 in
295 2853 564 2907 mandatis
605 2861 664 2908 ut
706 2854 1018 2910 coenobium
1062 2855 1563 2911 nominatissimum

51 2939 180 2991 sancti
201 2938 360 2996 Vitoni
388 2954 668 3014 expeteret
689 2946 889 3002 ibidem
910 2947 1304 3017 bospitaturus,
1327 2958 1566 3018 patrem-

49 3042 125 3094 que
143 3040 185 3084 et
209 3031 389 3091 fratres
417 3036 525 3092 loci
555 3053 656 3093 sua
686 3054 754 3094 ex
783 3049 937 3108 parte
975 3041 1166 3096 devote
1202 3042 1560 3110 salutatums,

49 3128 87 3169 et
115 3121 308 3178 sollicite
333 3135 624 3181 notaturus
650 3145 662 3181 :
707 3127 754 3182 si
793 3128 936 3183 idem
965 3129 1058 3199 qui
1087 3130 1362 3200 quondam
1391 3131 1563 3186 bone-

49 3211 165 3268 statis
186 3222 232 3269 et
268 3216 544 3288 religionis
575 3220 755 3275 cultus
784 3220 998 3286 niteret,
1042 3221 1136 3290 qui
1179 3231 1326 3278 esset
1374 3237 1566 3278 mona-

49 3303 158 3354 sterii
176 3316 328 3373 pater,
368 3309 414 3363 si
441 3309 499 3363 in
525 3324 595 3364 eo
620 3310 778 3364 avitae
805 3312 1149 3381 paternitatis
1169 3322 1224 3366 et
1263 3313 1566 3370 dulcedinis

47 3394 260 3457 specimen
284 3399 538 3467 eluceret,
573 3400 620 3456 si
643 3401 698 3455 in
719 3401 844 3457 libis
869 3403 1154 3473 gravitatis
1176 3412 1230 3458 et
1249 3405 1567 3460 reverentiae

47 3485 268 3554 antiquum
314 3492 480 3548 decus
520 3493 808 3561 emineret,
847 3494 894 3549 si
945 3510 1127 3550 rerum
1179 3497 1561 3565 temporalium

47 3576 158 3643 copia
181 3582 488 3650 exuberans,
520 3585 570 3640 si
601 3585 965 3654 spiritualium
991 3586 1410 3641 delectationum
1440 3603 1563 3658 gra-

47 3664 96 3717 tia
113 3668 166 3722 ab
182 3671 407 3730 ubertate
427 3676 630 3731 domus
650 3675 745 3731 Dei
770 3685 914 3732 esset
937 3677 1246 3734 habitantes
1271 3679 1557 3735 debrians:

47 3759 180 3814 omnia
220 3767 568 3836 prospiceret,
622 3767 837 3838 singula
891 3769 1072 3823 vivido
1125 3770 1420 3825 rimaretur
1475 3771 1563 3824 in-

47 3850 176 3916 genio,
200 3855 397 3927 sibique
427 3858 682 3914 referret.
715 3857 916 3914 Verum
947 3860 1077 3930 quid
1101 3876 1284 3915 rerum
1308 3861 1564 3916 interces-

46 3943 153 4008 serit,
189 3949 316 4016 quod
343 3951 608 4020 praefatus
637 3951 720 4005 vir
753 3952 1018 4007 aliorsum
1060 3953 1438 4023 hospitaturus
1475 3953 1561 4007 di-

45 4037 228 4101 terterit,
254 4051 304 4094 et
327 4043 678 4112 sperantibus
707 4043 912 4113 optima
935 4043 1048 4114 regi
1079 4052 1133 4098 et
1156 4045 1356 4114 reginae
1381 4044 1562 4112 inspe-

45 4129 127 4175 Tala
161 4129 402 4199 retulerit,
457 4141 712 4188 nostrum
758 4148 868 4187 non
911 4141 998 4187 est
1036 4132 1268 4200 edicere,
1326 4133 1561 4187 maxime

44 4227 132 4267 cum
160 4217 237 4273 illo
262 4221 312 4274 in
349 4233 619 4294 tempore,
667 4224 812 4293 quod
852 4224 905 4278 id
935 4232 1148 4294 gestum
1187 4232 1292 4290 est,
1335 4224 1562 4294 puerilis

44 4303 173 4361 adhuc
191 4325 278 4366 nos
299 4312 469 4368 ferula
492 4315 584 4369 his
609 4315 694 4369 vel
733 4314 1004 4370 similibus
1029 4323 1235 4369 vetaret
1256 4315 1555 4369 intendere.

1668 1845 1912 1914 sepultus
1954 1856 2038 1902 est
2083 1863 2134 1902 a.
2191 1849 2262 1902 ab
2304 1848 2413 1904 inc.
2462 1849 2618 1904 Dom.
2664 1851 2819 1907 1056.
2868 1853 2934 1908 Et
2979 1859 3240 1914 remansit

1667 1934 1844 2006 Agnes
1866 1937 2178 2007 imperatrix
2216 1955 2341 1994 cum
2379 1940 2489 1995 filio
2529 1943 2774 2010 parvulo,
2804 1945 2896 2014 qui
2921 1955 2974 2000 et
3010 1964 3236 2018 regnum

1666 2028 1900 2096 optinuit
1932 2030 2035 2084 sub
2068 2039 2246 2084 tutore
2276 2032 2428 2100 regni
2449 2031 2678 2088 Annone
2703 2034 3014 2094 Coloniensi
3053 2043 3237 2096 archi-

1665 2121 1919 2190 episcopo
1943 2121 2145 2193 (1056).
2180 2122 2325 2179 Obiit
2347 2141 2565 2195 quoque
2598 2125 2904 2198 Stephanus
2931 2148 2981 2186 a.
3016 2133 3153 2190 1058
3187 2147 3241 2192 et

1666 2213 1910 2281 sepultus
1939 2223 2024 2269 est
2047 2215 2188 2285 apud
2219 2215 2517 2273 Lucensem
2543 2220 2752 2286 urbem,
2786 2221 2876 2276 ubi
2918 2226 3101 2280 multae
3131 2227 3241 2281 Deo

1666 2318 1991 2374 cooperante
2025 2308 2162 2363 ﬁunt
2195 2310 2263 2364 ad
2306 2310 2425 2380 ejus
2467 2313 2734 2368 tumulum
2774 2315 3000 2372 virtutes
3033 2318 3237 2390 (1059).

1667 2392 1941 2452 Successit
1970 2399 2020 2452 ei
2046 2398 2359 2466 Nicholaus,
2391 2402 2484 2471 qui
2509 2403 2542 2456 2
2563 2419 2708 2458 anno
2735 2405 3094 2463 ordinationis
3129 2425 3242 2465 sum

1666 2489 1955 2544 concilium
2012 2491 2206 2546 habuit
2247 2492 2303 2545 in
2349 2493 2570 2548 basilica
2622 2495 3005 2564 Lateranensi,
3054 2515 3243 2555 mense

1665 2579 1856 2648 Aprili,
1901 2581 2087 2636 indict.
2129 2583 2225 2648 12;
2263 2583 2353 2637 ubi
2393 2586 2803 2642 considentibus
2843 2589 3242 2646 venerabilibus

1667 2671 2110 2741 archiepiscopis,
2147 2675 2434 2744 episcopis,
2461 2677 2747 2733 abbatibus
2789 2695 2885 2734 seu
2916 2683 3240 2736 venerabili-

1666 2762 1769 2816 bus
1794 2764 2112 2832 presbiteris
2137 2774 2191 2820 et
2213 2767 2478 2834 diaconis,
2503 2768 2569 2822 de
2590 2770 2852 2825 electione
2877 2773 3077 2828 summi
3106 2789 3242 2844 pon-

1667 2855 1828 2909 tificis
1849 2856 2148 2912 decernens
2176 2857 2250 2912 ait
2272 2857 2417 2928 (118)
2450 2876 2463 2912 :
2499 2877 2516 2910 ι
2548 2857 2709 2914 Novit
2740 2861 3016 2918 beatitudo
3038 2872 3240 2932 vestra,

1666 2946 2005 3002 dilectissimi
2050 2947 2246 3003 fratres
2275 2957 2330 3003 et
2370 2951 2696 3020 coepiscopi,
2729 2951 2983 3008 inferiora
3023 2970 3244 3025 quoque

1669 3037 1912 3092 membra
1955 3053 2062 3093 non
2093 3040 2270 3106 latuit,
2303 3038 2559 3096 defuncto
2599 3057 2700 3112 pne
2738 3045 3012 3100 memoriae
3039 3045 3243 3102 domno

1669 3125 1946 3197 Stephano
1983 3128 2271 3183 decessore
2311 3137 2520 3197 nostro,
2564 3131 2682 3186 haec
2723 3135 3019 3202 apostolica
3064 3136 3242 3205 sedes,

1664 3219 1751 3274 cui
1791 3218 1902 3274 Deo
1940 3229 2164 3276 auctore
2197 3220 2463 3287 deservio,
2507 3232 2640 3292 quot
2671 3225 2895 3280 adversa
2936 3227 3237 3295 pertulerit,

1663 3319 1798 3380 quot
1848 3311 2081 3381 denique
2138 3327 2234 3381 per
2260 3310 2599 3384 Symoniaca:
2653 3313 2860 3369 heresis
2900 3326 3238 3385 trapaezetas

1663 3400 1875 3454 malleis
1916 3409 1969 3454 et
2006 3401 2215 3454 crebris
2243 3401 2591 3457 tunsionibus
2624 3403 2986 3472 .subjacuerit,
3017 3407 3152 3461 adeo
3183 3417 3242 3461 ut

1663 3490 1950 3560 columpna
2003 3490 2097 3545 Dei
2120 3491 2349 3547 viventis
2387 3491 2613 3562 jamjam
2661 3509 2796 3563 pene
2841 3495 3114 3551 videretur
3147 3514 3222 3552 nu

1665 3589 1801 3645 tare,
1838 3589 1892 3635 et
1929 3597 2130 3651 sagena
2163 3582 2362 3636 summi
2392 3583 2680 3652 piscatoris
2725 3585 3236 3654 pz-ocellisintume-

1665 3672 1945 3726 scentibus
1969 3673 2024 3725 in
2065 3671 2335 3743 naufragii
2365 3673 2632 3743 profunda
2657 3675 2951 3747 submergi.
2981 3676 3154 3745 Unde,
3193 3679 3240 3734 si

1664 3765 1840 3833 placet
1887 3763 2213 3819 fraternitati
2254 3774 2468 3832 vestrae,
2504 3766 2765 3822 debemus
2805 3769 3097 3825 auxiliante
3129 3771 3242 3828 Deo

1664 3854 1860 3911 futuris
1885 3857 2104 3911 casibus
2135 3856 2426 3925 prudenter
2446 3872 2752 3924 occurrere,
2778 3867 2832 3913 et
2857 3861 3239 3917 aacclesiastico

1665 3947 1850 4012 statui,
1882 3964 1948 4002 ne
1977 3949 2235 4014 rediviva,
2263 3949 2407 4018 quod
2437 3949 2598 4015 absit,
2630 3949 2772 4004 mala
2799 3951 3142 4018 praevaleant,
3183 3952 3242 4017 in,

1664 4044 1938 4105 posterum
1962 4036 2275 4104 praevidere.
2301 4035 2640 4105 Quapropter
2661 4037 2914 4094 instructi
2942 4041 3239 4109 praedeces-

1665 4139 1851 4178 serum
1901 4134 2213 4178 nostrorum
2263 4125 2603 4194 aliorumque
2647 4136 2963 4182 sanctorum
3015 4127 3236 4185 Patrum

1662 4217 2006 4281 auctoritate,
2041 4216 2384 4272 decernimus
2419 4226 2582 4286 atque
2610 4220 3012 4287 constituimus,
3045 4231 3106 4277 ut
3135 4223 3236 4278 ob-

1662 4319 1824 4365 eunte
1852 4309 2016 4378 hujus
2043 4307 2302 4363 Romana:
2325 4308 2648 4363 universalis
2677 4311 2936 4366 mcclesize
2964 4313 3236 4381 pontifice,

45 4389 138 4448 Illud
157 4409 342 4457 tantum
382 4417 608 4461 notasse
634 4405 882 4471 sufficiat,
917 4405 1063 4476 quod
1089 4421 1183 4459 rex
1208 4405 1408 4460 auditis
1437 4422 1558 4475 quae
1594 4425 1635 4478 ι)
1663 4400 1932 4471 imprimis
1976 4399 2278 4453 cardinales
2328 4399 2568 4469 episcopi
2611 4400 3024 4471 diligentissima
3072 4401 3236 4456 simul

47 4497 120 4539 non
156 4507 463 4562 speraverat,
507 4496 616 4550 viri
663 4497 972 4566 spectabilis
1014 4505 1069 4550 et
1107 4497 1369 4550 memoria
1409 4497 1558 4568 digni

43 4583 252 4650 t'gregiam
280 4588 751 4643 conversationem
793 4589 1058 4642 reducens
1083 4587 1148 4642 ad
1183 4589 1449 4653 animum,
1481 4597 1559 4642 tet

44 4664 489 4736 ingeminationibus
517 4679 643 4749 ejus
669 4679 884 4734 deflevit
907 4679 1138 4743 obitum,
1175 4687 1252 4731 tot
1281 4678 1558 4747 reciproca

43 4758 345 4824 vicissitudine
375 4773 497 4841 ejus
523 4771 783 4826 etferebat
813 4770 1087 4829 meritum,
1113 4769 1422 4837 replicando
1451 4768 1555 4822 mi-

45 4847 97 4901 ris
119 4853 335 4915 laudibus
381 4863 530 4917 illius
573 4863 867 4930 praeconia,
897 4871 952 4914 et
996 4859 1226 4914 subinde
1266 4859 1558 4927 repetendo

43 4935 222 5000 indebita
260 4961 312 5005 et
348 4955 562 5024 ingrata
600 4963 840 5022 paterna:
882 4949 1155 5006 sedulitati
1201 4950 1554 5004 remissorum

45 5026 222 5091 filiorum
250 5044 486 5099 remissa:
524 5044 660 5098 vicis
690 5043 975 5112 obsequia,
1003 5042 1057 5095 in
1087 5042 1191 5096 hoc
1219 5041 1397 5110 ipsum
1423 5056 1561 5108 (μω-ι

44 5134 119 5185 'lue
146 5132 273 5184 omni
313 5134 731 5206 congemin'aute
779 5135 925 5200 aula,
969 5141 1029 5187 ut
1075 5132 1300 5186 daretur
1347 5132 1559 5186 cunctis

45 5215 175 5275 Palam
198 5221 424 5296 intelligi,
469 5227 519 5281 si
560 5225 699 5280 fama
727 5225 868 5280 votis
907 5223 1215 5290 annuisset,
1254 5223 1441 5275 multis
1470 5236 1559 5296 ee:

1661 4490 2095 4546 consideratione
2139 4496 2457 4555 tractantes,
2491 4503 2619 4543 mox
2647 4490 2751 4544 sibi
2797 4490 3022 4546 clericos
3059 4491 3238 4545 cardi-

1663 4582 1815 4636 nales
1853 4581 2163 4645 adhibeant,
2208 4580 2395 4649 sicque
2439 4581 2681 4650 reliquus
2706 4583 2885 4636 clerus
2918 4591 2968 4635 et
3005 4581 3235 4652 populus

1662 4675 1729 4729 ad
1759 4689 2085 4728 consensum
2111 4688 2264 4727 novae
2284 4673 2564 4728 electionis
2585 4675 2863 4736 accedant,
2893 4682 2952 4728 ut
2977 4675 3232 4728 nimirum

1663 4780 1731 4819 ne
1759 4765 2067 4819 venalitatis
2097 4765 2322 4820 morbus
2357 4763 2596 4833 qualibet
2623 4766 2910 4819 occasione
2949 4764 3233 4834 subripiat,

1662 4856 1901 4925 religiosi
1926 4856 2028 4910 viri
2057 4856 2336 4924 praeduces
2368 4855 2476 4909 sint
2503 4856 2556 4908 in
2586 4857 2937 4924 promovendi
2967 4854 3234 4928 pontificis

1661 4948 1956 5011 mlectione,
1988 4947 2182 5015 reliqui
2223 4955 2406 5000 autem
2450 4961 2733 5014 sequaces.
2775 4945 2839 5000 Et
2868 4956 3010 5000 certe
3054 4955 3234 5000 rectus

1661 5046 1822 5106 atque
1847 5037 2122 5107 legitimus
2160 5036 2251 5090 hic
2277 5035 2574 5091 aelectionis
2597 5035 2732 5089 ordo
2762 5035 3130 5104 perpenditur,
3164 5033 3232 5102 si,

1661 5127 1958 5197 perspectis
1996 5127 2337 5182 diversorum
2386 5136 2600 5195 patrum
2642 5127 2848 5195 regulis
2897 5141 2992 5180 seu
3047 5125 3232 5196 gestis,

1659 5220 1824 5274 etiam
1869 5220 1959 5273 illa
1996 5219 2138 5273 beati
2183 5217 2378 5272 Leonis
2408 5217 2675 5273 sententia
2725 5217 3011 5271 recolatur.
3066 5215 3234 5271 Nulla

1257 5332 1485 5387 vanum
1525 5295 1922 5389 iscrrouss.

95 5415 140 5447 ³¹⁷
168 5422 345 5493 reliqua
375 5443 500 5494 pars
531 5425 740 5495 pagina:
770 5433 944 5478 vacat.

1483 5512 1716 5570 ΝΟΤᾹΞ.

98 5602 213 5678 (lli)
244 5605 357 5678 Πίεο
392 5609 563 5678 igitur
601 5615 724 5677 post
742 5620 969 5678 _annum
1002 5604 1141 5678 1999
1172 5603 1371 5678 scripta
1409 5615 1553 5662 sunt.

96 5672 212 5742 (118)
245 5677 320 5731 Cf.
346 5672 490 5733 Mo'n.
519 5672 703 5733 Germ.
741 5675 901 5747 Legg.
935 5685 974 5730 t.
1004 5674 1068 5743 ll,
1101 5675 1160 5729 Β.
1199 5672 1320 5744 177,
1354 5685 1406 5731 et
1437 5692 1558 5748 quae

1666 5677 1673 5732 i
1702 5676 1901 5732 notavi.
