3834 6304
684 346 785 401 271

1676 334 1976 392 ancoras
2011 333 2301 389 sonans
2339 334 2902 396 FLAVINIACENSlS
3756 346 3815 403 an

686 458 880 531 inquit,
926 454 1064 510 ratio
1109 453 1237 507 sinit
1274 458 1332 505 ut
1371 450 1507 503 inter
1533 449 1797 519 episcopos
1833 447 2144 513 habeantur,
2172 448 2261 518 qui
2293 453 2335 509 Α
2366 448 2421 503 in
2447 450 2810 506 tabernaculis
2835 450 2956 521 ejus
2984 464 3091 506 non
3126 449 3199 507 sit
3239 450 3332 521 qui
3359 450 3622 507 inhabitet.
3654 452 3816 511 Fiantlia

688 566 781 606 nec
809 566 844 604 α
869 547 1220 602 clericis-sunt
1247 541 1438 607 a'lecti,
1465 556 1557 594 nec
1583 556 1615 592 α
1640 537 1877 609 plebibus
1905 539 2144 608 expetiti,
2170 554 2262 591 nec

678 659 723 697 α
760 635 1278 709 comprovincialibus
1320 632 1575 702 episcopis
1628 628 2017 697 metrOpolilani
2055 628 2262 699 judicio

690 729 997 787 consecrati.
1054 726 1191 807 Quia
1236 736 1366 778 vero
1408 722 1565 777 sedes
1613 719 1909 790 apostolica
1952 718 2164 774 cunctis
2206 719 2263 772 in

690 823 820 878 orbe
844 830 1109 876 terrarum
1141 812 1427 886 praefertur
1448 810 1731 877 aecclesiis,
1760 819 1924 880 atque
1947 808 2068 864 ideo
2100 823 2263 877 super

689 928 749 970 se
794 907 1268 977 metmpolitanum
1314 903 1517 958 habere
1570 914 1680 956 non
1711 907 1911 970 potest,
1957 898 2262 953 cardinales

686 1000 921 1073 episcopi
945 996 1130 1069 procul
1155 995 1322 1051 dubio
1345 989 1747 1063 metropolitani
1778 989 1897 1044 vice
1935 987 2258 1073 funguntur,

685 1068 777 1167 qui
798 1068 1045 1148 aelectum
1066 1087 1362 1143 antistitem
1385 1084 1452 1139 ad
1472 1081 1753 1152 apostolici
1778 1068 2032 1136 culminis
2053 1079 2262 1151 apicem

613 1232 625 1259 ί
687 1181 1010 1254 provehunt.
1060 1176 1280 1248 Eligant
1318 1171 1596 1228 autemede
1630 1169 1802 1241 ipsius
1843 1168 2102 1225 tecelesize
2142 1181 2262 1237 gre-

687 1274 817 1340 mio,
857 1272 904 1326 si
935 1277 1186 1340 repertus
1216 1265 1379 1321 fuerit
1411 1264 1660 1329 idoneus,
1701 1260 1787 1316 vel
1817 1259 1865 1317 si
1906 1260 1973 1315 de
1996 1259 2112 1329 ipsa
2151 1271 2262 1313 non

687 1361 980 1425 invenitur,
1007 1372 1075 1413 ex
1100 1356 1206 1409 alia
1232 1360 1566 1417 assumatur,
1591 1349 1740 1405 salvo
1768 1345 1949 1403 debito
1982 1346 2189 1400 honore
2209 1352 2265 1400 et

684 1448 988 1507 reverentia
1008 1443 1188 1501 dilecti
1221 1441 1395 1497 nostri
1426 1439 1522 1495 filii
1556 1436 1796 1504 Henrici,
1819 1435 1915 1505 qui
1945 1433 2263 1503 impraesen-

686 1543 889 1596 tiarum
929 1552 1024 1592 rex
1054 1536 1304 1601 habetur,
1332 1539 1386 1587 et
1428 1530 1645 1585 futurus
1668 1528 1959 1597 imperator
1994 1521 2105 1578 Deo
2137 1535 2264 1576 con-

687 1632 911 1689 cedente
950 1635 1230 1698 speratur,
1279 1624 1422 1679 sicut
1460 1620 1573 1690 jam
1617 1617 1722 1674 sibi
1767 1613 2159 1679 concessimus,
2207 1619 2264 1667 et

636 1733 640 1736 ‘
686 1733 1067 1777 successorum
1111 1716 1277 1780 illius,
1313 1713 1408 1784 qui
1430 1711 1500 1767 ab
1526 1709 1629 1765 hac
1659 1705 1958 1778 apostolica
1983 1703 2111 1760 sede
2139 1717 2262 1773 per-

686 1811 944 1868 sonaliter
983 1809 1088 1863 hoc
1110 1806 1203 1877 ius
1245 1783 1671 1873 imPeu'avel'im-o
1696 1796 1853 1866 Ωιιοά
1893 1795 1940 1852 εί
1963 1807 2257 1866 Ρηνοΐυω
2286 1783 2330 1842 Β
2358 1805 2536 1861 clesia:
2565 1804 2727 1862 Silvae
2757 1804 3016 1863 Candida
3043 1783 3362 1876 subscripsi.
3406 1824 3425 1859 ι
3451 1806 3627 1862 Petrus
3646 1800 3823 1877 Ostiensisl

691 1912 850 1974 atque
882 1901 1193 1971 iniquorum
1235 1896 1518 1953 hominum
1550 1893 1628 1949 ita
1654 1889 1982 1964 perversitas
2014 1887 2258 1943 invalue-

690 1995 779 2059 rit,
817 2001 877 2047 ut
906 2006 1063 2062 pura,
1088 1990 1301 2045 sincera
1343 1994 1507 2056 atque
1535 1983 1770 2056 gratuita
1801 1979 2009 2036 selectio
2047 1977 2165 2033 ﬁeri
2201 1978 2257 2033 in

689 2083 832 2140 Urbe
864 2098 973 2137 non
1000 2080 1193 2152 possit,
1230 2076 1536 2134 cardinales
1573 2071 1815 2145 episcopi
1839 2086 1966 2127 cum
1991 2067 2258 2140 religiosis

686 2175 899 2232 clericis
936 2171 1329 2239 eatholicisque
1372 2166 1563 2239 layeis,
1610 2165 1737 2220 licet
1776 2162 1988 2235 paucis,
2034 2160 2128 2231 jus
2168 2173 2261 2229 po-

688 2263 898 2320 testatis
913 2262 1196 2317 obtineant
1216 2259 1415 2330 eligere
1435 2255 1747 2327 apostolicae
1768 2253 1914 2310 sedis
1935 2249 2255 2315 antistitem,

690 2354 781 2409 ubi
801 2351 1191 2423 congruentius
1219 2346 1603 2420 judicaverint.
1638 2344 1805 2399 Plane
1827 2352 2118 2414 postquam
2149 2340 2259 2395 ele-

686 2445 795 2501 ctio
821 2443 984 2499 fuerit
1008 2441 1172 2507 facta,
1195 2440 1243 2497 si
1265 2439 1455 2495 bellica
1491 2443 1787 2507 tempestas
1814 2433 1900 2489 vel
1931 2432 2277 2504 qualiscum-‘

686 2549 795 2606 que
820 2533 1104 2588 hominum
1132 2538 1362 2586 conatus
1385 2525 1741 2598 malignitatis
1769 2523 1950 2581 studio
1975 2518 2256 2585 restiterit,

690 2633 752 2681 ut
771 2625 819 2680 is
847 2623 941 2694 qui
963 2623 1167 2679 electus
1186 2628 1271 2677 est
1290 2621 1347 2676 in
1367 2618 1667 2691 apostolica
1690 2616 1818 2672 sede
1851 2614 2005 2686 juxta
2026 2625 2260 2668 consue-

686 2717 931 2774 tudinem
957 2711 1276 2770 intronizari
1304 2724 1413 2767 non
1448 2709 1645 2777 valeat,
1677 2708 1884 2764 electus
1905 2714 2087 2761 tamen
2116 2702 2260 2758 sicut

685 2823 825 2879 papa
863 2804 1239 2862 auctoritatem
1269 2802 1511 2874 optineat
1538 2799 1759 2871 regendi
1786 2804 2033 2854 sanctam
2054 2792 2258 2848 Roma-

685 2914 813 2954 nam
841 2896 1165 2963 aacclesiam,
1208 2902 1263 2949 et
1301 2890 1621 2962 disponendi
1658 2902 1848 2945 omnes
1876 2884 2161 2942 facultates
2194 2883 2260 2937 il-

685 2990 820 3055 lius;
844 2986 990 3058 quod
1012 2987 1231 3042 beatum
1253 2981 1575 3053 Gregorium
1600 2988 1727 3035 ante
1746 2978 2081 3034 mlectionem
2102 2989 2259 3030 suam

688 3080 884 3136 fecisse
907 3076 1309 3150 cognoscimus.
1337 3072 1495 3142 Quod
1513 3072 1559 3129 si
1583 3070 1710 3143 quis
1736 3079 1926 3126 contra
1953 3069 2061 3123 hoc
2080 3067 2262 3122 decre-
2287 3110 2327 3168 Ο
2359 3070 2492 3126 nino
2541 3072 2965 3128 contradieimus
2982 3113 2997 3138 ,
3026 3082 3088 3127 ut
3110 3072 3338 3128 missam
3372 3088 3479 3127 non
3505 3080 3685 3143 cantet,
3715 3076 3823 3168 neque]?

688 3181 804 3236 tum
849 3177 1097 3226 nostrum
1131 3164 1379 3239 synodali
1410 3163 1679 3221 sententia
1721 3158 2123 3231 promulgatum
2164 3172 2260 3228 per

688 3261 1012 3318 seditionem
1049 3258 1138 3314 vel
1160 3255 1637 3328 praesumptionem
1671 3260 1768 3308 aut
1805 3250 2085 3322 quodlibet
2110 3249 2260 3320 inge—

689 3354 839 3409 nium
869 3352 1109 3416 selectus,
1145 3356 1241 3404 aut
1266 3347 1431 3404 etiam
1461 3345 1745 3401 ordinatus
1771 3357 1868 3398 seu
1897 3340 2260 3396 intronizatus

687 3442 873 3509 fuerit,
897 3439 1220 3496 auctoritate
1249 3437 1432 3493 divina
1470 3443 1525 3491 et
1549 3441 1863 3490 sanctorum
1888 3429 2257 3501 apostolorum

688 3532 834 3589 Petri
854 3540 910 3586 et
926 3523 1082 3586 Pauli
1104 3536 1363 3600 perpetuo
1391 3527 1734 3582 anathemate
1759 3538 1884 3579 cum
1915 3522 2035 3578 suis
2072 3529 2262 3575 aucto-

688 3625 863 3690 ribus,
914 3620 1235 3688 factoribus,
1281 3617 1629 3690 sequacibus,
1671 3618 1703 3670 a
1745 3613 2024 3669 liminibus
2060 3602 2262 3667 sanetae

690 3715 786 3771 Dei
811 3713 1068 3771 aecclesia:
1094 3717 1380 3783 separatus
1401 3707 1722 3778 subjiciatur
1748 3704 1891 3761 sicut
1910 3701 2262 3758 antichristus

687 3815 744 3862 et
791 3805 1013 3861 invasor
1049 3810 1215 3873 atque
1259 3800 1564 3856 destructor
1605 3796 1773 3853 totius
1810 3791 2261 3859 Christianitatis,

690 3911 794 3954 nec
820 3897 1003 3967 aliqua
1026 3908 1189 3965 super
1220 3892 1326 3948 hoc
1358 3889 1633 3947 audientia
1670 3885 1965 3959 aliquando
2003 3885 2054 3941 ei
2080 3899 2263 3941 reser-

688 3997 865 4054 vetur,
890 3987 986 4043 sed
1013 3986 1083 4041 ab
1106 3985 1256 4040 omni
1277 3981 1666 4040 mcclesiastico
1692 3981 1884 4052 gradu,
1916 3979 1972 4034 in
1999 3992 2266 4049 quocum-

688 4091 797 4147 que
825 4076 979 4146 prius
1012 4074 1208 4143 fuerat,
1241 4074 1361 4130 sine
1394 4072 1778 4128 retractatione
1810 4070 2132 4140 deponatur.
2163 4068 2265 4123 Cui

689 4167 945 4240 quisquis
994 4167 1301 4234 adheserit,
1341 4166 1429 4222 vel
1476 4166 1934 4237 qualemcumque
1984 4172 2265 4232 tamquam

688 4256 933 4330 pontifici
960 4257 1322 4314 reverentiam
1349 4254 1680 4322 exhibuerit,
1710 4260 1806 4307 aut
1834 4252 1891 4306 in
1920 4252 2104 4321 aliquo
2139 4264 2266 4305 eum

687 4350 978 4409 defendere
1025 4347 1451 4420 praesumpserit,
1482 4347 1600 4418 pari
1642 4344 1909 4402 sententia
1949 4344 2021 4399 sit
2053 4341 2266 4398 manci-

688 4451 871 4513 Ρθωεο
927 4440 1067 4511 (Ἐοιο
1099 4439 1217 4509 95-)
1259 4438 1520 4509 Ωιιὶείιιιὶε
1560 4446 1742 4493 amem
1777 4435 1945 4504 huius
1972 4433 2143 4489 ποδιΐὶ
2167 4432 2265 4487 (18-
2296 4437 2345 4496 ι)
2370 4436 2446 4492 sis
2481 4437 2601 4492 sitis
2632 4436 2689 4490 in
2718 4437 2976 4511 comitatu
3018 4435 3315 4493 Rutenensi
3344 4453 3484 4508 quos
3521 4442 3682 4492 saneto
3705 4426 3824 4513 Vim

687 4532 826 4587 creti
884 4529 969 4585 vel
1024 4529 1309 4586 sententiae
1363 4532 1659 4584 temerator
1719 4525 1986 4591 extiterit,
2039 4532 2095 4579 et
2156 4523 2268 4577 Ro-

690 4635 911 4678 manam
962 4620 1268 4676 ecclesiam
1310 4635 1410 4677 sua
1458 4618 1879 4690 praesumptione
1933 4615 2267 4673 confundere

687 4720 743 4766 et
818 4708 1142 4780 perturbare
1197 4716 1390 4766 contra
1456 4709 1564 4764 hoc
1624 4715 1891 4762 statutum
1965 4715 2264 4777 temptave-

689 4801 848 4868 verit,
872 4807 1134 4872 perpetuo
1155 4800 1498 4866 anathemate
1519 4808 1683 4870 atque
1704 4798 2267 4854 excommunicatione

687 4890 1044 4960 dampnetur,
1073 4898 1128 4945 et
1155 4905 1279 4945 cum
1318 4888 1502 4961 impiis
1540 4890 1758 4961 quando
1785 4896 2071 4960 resurgent
2095 4888 2149 4943 in
2175 4889 2267 4958 ju-

687 4980 833 5035 dicio
861 4988 1162 5050 reputatur.
1193 4979 1594 5052 Omnipotentis
1628 4980 1836 5036 scilicet
1862 4979 1959 5035 Dei
2000 4978 2180 5035 Patris
2213 4987 2268 5033 et

688 5068 815 5123 Filii
836 5077 891 5124 et
907 5068 1142 5139 Spiritus
1163 5072 1339 5126 sancti
1362 5080 1554 5127 contra
1574 5086 1634 5126 se
1655 5071 1791 5125 iram
1816 5075 2035 5137 sentiat,
2060 5078 2115 5124 et
2138 5085 2267 5124 san-

689 5167 901 5213 ctorum
928 5161 1296 5230 apostolorum
1322 5161 1466 5217 Petri
1493 5169 1549 5217 ct
1569 5160 1720 5216 Pauli
1741 5202 1756 5227 ,
1788 5176 2023 5232 quorum
2052 5175 2264 5229 praesu-

689 5251 858 5305 sumit
880 5249 1211 5307 confundere
1237 5253 1559 5319 aacclesiam,
1599 5253 1657 5306 in
1677 5252 1781 5307 hac
1807 5252 1916 5307 vita
1949 5258 2005 5306 et
2030 5250 2087 5304 in
2121 5248 2265 5304 futu-

688 5354 751 5395 ra
780 5339 1020 5397 furorem
1045 5342 1307 5412 reperiat,
1336 5343 1428 5399 ﬁat
1460 5344 1726 5400 habitatio
1760 5342 1881 5413 ejus
1913 5341 2127 5398 deserta
2153 5381 2168 5407 ,
2208 5348 2264 5394 et

2364 540 2423 594 lii
2449 541 2568 611 ejus
2590 541 2790 608 orfani,
2821 551 2876 596 et
2900 556 3100 597 uxores
3129 541 3197 573 ³¹⁸
3221 542 3339 612 ejus
3376 543 3562 597 vidum.
3597 542 3816 603 Commotus

2363 642 2678 687 amoveatur
2699 632 2835 702 ipse,
2863 641 2917 687 et
2942 631 3037 685 filii
3059 631 3197 701 ejus,
3221 642 3275 686 et
3296 633 3816 704 mendicet;t,etejidat-

2363 729 2453 777 tur
2480 724 2547 778 de
2575 723 3004 778 habitationibus
3026 723 3161 778 suis.
3192 721 3471 777 Sci-utetur
3494 722 3817 781 fceneratorsnh-

2362 813 2619 868 stantiam
2652 813 2792 883 ejus,
2829 824 2883 868 et
2916 814 3132 868 deleant
3158 812 3321 868 alieni
3348 812 3554 867 labores
3577 814 3690 882 ejus.
3723 814 3817 871 Odit

2363 911 2626 959 terrarum
2654 915 2856 976 pugnet
2884 914 3074 960 contra
3113 905 3265 958 illum
3284 942 3302 971 ,
3345 914 3400 958 et
3440 915 3619 958 cuncta
3642 905 3815 960 elementa

2362 994 2476 1050 sint
2498 996 2548 1050 ei
2572 996 2846 1050 contraria
2873 1038 2886 1062 ,
2917 1005 2972 1051 et
3009 995 3252 1049 omnium
3293 1003 3593 1049 sanctorum
3626 996 3817 1062 quiescat.

2359 1086 2497 1139 tium
2542 1087 2734 1141 merita
2767 1087 2917 1141 illum
2946 1085 3281 1141 confundant
3306 1126 3321 1151 ,
3352 1093 3407 1141 et
3435 1085 3487 1139 in
3511 1086 3602 1139 hac
3623 1086 3706 1140 vita
3721 1098 3823 1155 sapa

2359 1190 2484 1229 enim
2514 1185 2757 1246 apertam
2780 1176 3077 1231 vindictam
3103 1175 3407 1231 ostendant.
3428 1174 3751 1229 Observatum
3766 1191 3823 1229 θαι

2361 1277 2469 1321 tem
2504 1266 2669 1336 hujus
2703 1266 2877 1323 nostri
2925 1266 3126 1322 decreti
3179 1265 3273 1320 Dei
3326 1264 3681 1335 omnipotentis
3712 1267 3823 1336 gratim

2360 1366 2625 1428 protegat,
2652 1366 2706 1411 et
2730 1357 3053 1412 auctoritate
3079 1357 3360 1411 beatorum
3388 1355 3709 1425 apostolorum
3733 1344 3823 1410 Perii

2359 1456 2414 1503 et
2454 1446 2609 1501 Pauli
2656 1447 2726 1502 ab
2775 1447 3029 1503 omnibus
3073 1446 3310 1501 vinculis
3340 1446 3589 1501 absolvat.
3622 1444 3823 1507 Nicholnsf

2360 1538 2649 1606 episcopus
2695 1546 2900 1593 sanctae
2936 1544 2991 1593 et
3036 1538 3348 1608 apostolica:
3390 1534 3627 1590 Romanae

2360 1627 2490 1682 huic
2514 1627 2732 1682 decreto
2770 1642 2803 1683 a
2839 1628 2996 1683 nobis
3027 1628 3371 1698 promulgata
3406 1626 3689 1696 subscripsi.
3714 1624 3823 1677 Bone?

2361 1715 2537 1771 facins
2564 1716 2892 1772 Albanensis
2918 1716 3237 1787 subscripsi.
3269 1716 3589 1771 llumbertus
3611 1715 3823 1770 sanctus?

2355 1895 2643 1967 episcopus
2670 1895 2969 1967 subscripsi
2991 1905 3045 1953 et
3088 1898 3266 1952 caeteri
3312 1896 3548 1968 episcopi
3588 1911 3755 1952 numero
3780 1894 3816 1949 ἴε

2357 2001 2481 2042 cum
2513 1986 2826 2056 presbiteris
2848 1996 2901 2040 et
2920 1987 3238 2043 diaconibus
3262 1988 3688 2057 subscripserunt.

2428 2072 2561 2128 Item
2592 2092 2606 2129 :
2650 2091 2668 2126 ι
2709 2072 3003 2129 Nicholaus
3041 2075 3369 2145 episcopus,
3414 2091 3594 2130 servus
3630 2072 3823 2151 servatum}

2358 2160 2484 2230 Dei,
2514 2164 2768 2221 omnibus
2801 2166 3227 2236 archiepiscopis
3251 2207 3267 2233 ,
3296 2167 3582 2237 episcopis,
3613 2165 3823 2237 abbath

2353 2254 2574 2312 clericis
2600 2263 2656 2311 et
2682 2255 2851 2326 laycis
2877 2256 3149 2322 ﬁdelibus,
3177 2265 3288 2312 tam
3313 2257 3604 2326 majoribus
3623 2271 3745 2327 quam
3761 2256 3817 2309 ui-

2358 2345 2586 2402 norihus
2611 2361 2709 2416 per
2739 2361 2930 2402 omnes
2968 2345 3172 2402 Gallias
3215 2347 3689 2409 eommorantibus,
3721 2346 3818 2398 immo

2357 2435 2700 2506 Aquitanicis
2721 2478 2737 2504 ,
2767 2435 3131 2493 Waseonibus
3157 2476 3173 2504 ,
3213 2437 3450 2492 salutem
3480 2447 3536 2492 et
3574 2434 3816 2508 apostolicae

2357 2526 2787 2582 benedictionem
2817 2527 2986 2598 (H9).
3012 2526 3357 2598 Quicumque
3378 2528 3635 2593 sacerdos,
3654 2527 3819 2580 diaconi!

2357 2626 2413 2672 et
2439 2617 2808 2673 subdiaconus
2836 2628 2959 2688 post
2978 2618 3287 2675 institutum
3311 2617 3487 2674 beatae
3500 2616 3819 2684 memoriam-

2358 2708 2662 2765 decessoris
2687 2709 2862 2766 nostri
2892 2707 3090 2765 Leonis
3126 2725 3278 2780 papze
3313 2708 3387 2764 de
3431 2708 3655 2765 castitate
3680 2706 3824 2767 derint-1

2356 2813 2481 2853 rum
2513 2798 2874 2854 concubinam
2917 2800 3096 2869 palam
3133 2799 3324 2865 duxit,
3356 2799 3443 2853 vel
3466 2799 3660 2853 ductam
3681 2808 3820 2849 nonre-

2359 2887 2549 2959 liquit,
2578 2904 2646 2944 ex
2672 2898 2825 2959 parte
2862 2888 2959 2945 Dei
2983 2890 3373 2960 omnipotentis
3406 2889 3689 2945 auctoritate
3706 2887 3819 2939 beato-

2359 2994 2482 3035 rum
2506 2984 2879 3051 apostolorum
2906 2979 3053 3037 Petri
3079 2991 3135 3037 et
3159 2980 3314 3037 Pauli
3349 2982 3684 3052 praecipimus,
3704 2979 3823 3041 etonl

2357 3163 2700 3232 evangelium
2732 3172 2829 3218 aut
2853 3164 3139 3234 epistolam
3168 3164 3237 3218 ad
3263 3163 3494 3219 missam
3542 3164 3686 3233 legat,
3716 3163 3823 3234 θαλίης

2359 3251 2415 3308 in
2441 3254 2763 3322 presbiterio
2790 3254 2857 3309 ad
2883 3255 3067 3309 divina
3099 3254 3273 3309 olIicia
3310 3270 3439 3310 cum
3471 3253 3553 3309 his
3573 3252 3651 3323 qui
3672 3246 3819 3321 prdit!

2358 3344 2735 3400 constitutioni
2764 3345 3079 3400 obedientes
3100 3343 3303 3400 fuerint
3349 3353 3578 3407 maneat,
3602 3354 3732 3410 neque
3748 3343 3823 3410 tm

2359 3444 2467 3491 tem
2502 3436 2570 3490 ab
2597 3436 2843 3491 secelesia
2865 3436 3111 3506 recipiat,
3149 3450 3443 3506 quousque
3469 3451 3500 3490 a
3527 3433 3661 3489 nobis
3683 3440 3819 3483 seuien-

2359 3527 2436 3581 tia
2469 3542 2634 3597 super
2666 3527 3003 3598 hujnsmodi,
3036 3526 3147 3582 Deo
3177 3528 3527 3592 concedente,
3551 3522 3759 3596 procedat.
3783 3515 3819 3568 Β

2359 3617 2735 3689 praecipientes
2786 3618 3082 3674 statuimus
3127 3626 3188 3673 ut
3233 3617 3311 3672 hii
3357 3619 3698 3689 praedictorum
3732 3604 3819 3665 ord-

2361 3724 2515 3776 num,
2540 3708 2637 3781 qui
2658 3708 2834 3765 eidem
2857 3709 3242 3780 praedecessori
3265 3717 3460 3765 nostro
3479 3707 3735 3763 obedientes
3751 3700 3817 3767 eius

2361 3799 2672 3855 institutum
2701 3801 3056 3864 servaverint,
3074 3800 3235 3870 juxta
3258 3800 3521 3857 ecclesias
3550 3798 3711 3870 quibus
3735 3786 3822 3868 orti-7

2362 3890 2477 3945 nati
2508 3899 2677 3957 sunt,
2722 3891 2870 3947 sicut
2896 3899 3114 3961 oportet
3144 3890 3435 3964 religiosos
3476 3889 3701 3949 clericos.
3724 3874 3819 3937 $in

2363 3981 2694 4038 manducent
2725 3990 2781 4038 et
2822 3982 3136 4049 dormiant,
3173 3992 3229 4038 et
3265 3982 3532 4054 quidquid
3559 3981 3621 4036 ab
3652 3968 3821 4033 πράαῶ

2363 4074 2625 4143 competit
2655 4067 3020 4129 communiter
3044 4072 3300 4129 habeant.
3335 4092 3358 4126 ι

2434 4162 2619 4235 (1060)
2657 4162 2815 4219 Hunc
2854 4164 3022 4235 igitur
3043 4162 3327 4221 Nicolaum
3354 4178 3549 4235 papam
3575 4160 3722 4217 adiens
3742 4149 3819 4202 Wa-

2365 4253 2625 4310 lerannus
2653 4255 2823 4310 abbas
2850 4253 3036 4311 Sancti
3061 4254 3245 4311 Vitoni
3262 4297 3277 4323 ,
3303 4254 3630 4326 querimonia
3652 4249 3751 4304 facta
3768 4256 3822 4296 sl“

2366 4359 2464 4416 per
2491 4346 2690 4401 comite
2719 4345 3017 4403 Rutenensi
3042 4361 3142 4417 pro
3162 4346 3346 4402 fundis
3372 4345 3606 4402 ecclesia
3621 4338 3823 4417 Vit-dum

2370 4526 2669 4592 auferebat,
2698 4527 2753 4582 id
2791 4537 2874 4583 est
2900 4526 3302 4583 Maderniacum
3334 4527 3650 4581 Puliniacum
3672 4528 3711 4573 et
3729 4514 3820 4567 alios.

2368 4617 2606 4687 optinuit
2625 4618 2835 4674 litteras
2860 4618 2930 4673 ab
2951 4633 3018 4673 eo
3046 4620 3245 4674 missas
3265 4617 3490 4688 praefato
3520 4612 3680 4672 comiti
3699 4611 3737 4662 in
3758 4606 3824 4688 hri

2367 4709 2532 4764 verba
2559 4727 2572 4763 :
2611 4727 2631 4761 ι
2658 4707 2913 4765 Nicolaus
2938 4709 3251 4778 episcopus,
3277 4724 3468 4764 servus
3492 4714 3721 4762 servorum
3746 4692 3823 4778 υ(ίῆ

2370 4799 2436 4853 R.
2464 4798 2763 4855 Rutenensi
2800 4800 2986 4855 comiti
3013 4800 3212 4855 dilecto
3239 4799 3349 4854 (ilio
3376 4799 3597 4855 salutem
3623 4803 3668 4847 et
3685 4792 3822 4856 εροειίν

2366 4888 2526 4945 licam
2551 4890 2980 4945 benedictionem
3010 4889 3179 4959 (ηρ).
3223 4888 3612 4961 Cognosoentes
3640 4881 3701 4936 tui
3724 4859 3824 4961 anisi

2367 4980 2707 5050 propositum
2735 5021 2751 5046 ,
2794 4989 2851 5036 et
2891 4980 3040 5050 quod
3080 4958 3550 5050 proptervregnum
3576 4958 3824 5050 θεία]υῆ

2366 5071 2501 5126 tiam
2526 5070 2648 5140 ejus
2672 5070 2914 5126 volueris
2945 5071 3269 5125 renunciare
3293 5068 3568 5138 temporali
3599 5058 3758 5127 fastigio

2367 5160 2637 5216 cularium
2672 5162 3111 5231 occupationum,
3151 5160 3481 5216 confidenter
3513 5157 3600 5212 tibi
3626 5140 3824 5223 denum“3

2369 5267 2514 5319 mus,
2544 5261 2608 5307 ut
2632 5283 2704 5293 —
2730 5252 3028 5307 secundum
3050 5252 3198 5323 quod
3224 5253 3320 5307 tibi
3348 5251 3661 5305 iniunximus
3675 5232 3824 5307 ωηισὲ

2367 5342 2436 5398 ad
2481 5358 2544 5399 os
2581 5343 2930 5414 loqueremur
2963 5373 3034 5384 -—
3069 5344 3331 5400 :ecclesiis
3384 5343 3479 5398 Dei
3518 5349 3567 5397 et
3599 5322 3824 5409 pauperat!

3819 4824 3824 5091 Ὺ

1952 5467 2187 5530 VARUE
2226 5468 2631 5528 LECTIONES.

2215 5607 2445 5666 NOT/E.

758 5544 829 5577 ³¹¹³
869 5541 936 5598 U.
967 5558 1016 5599 e.
1044 5560 1100 5600 tl.
1131 5560 1177 5598 ε.

758 5690 1024 5789 (ll9LCf.
1055 5692 1228 5749 Mansi
1259 5702 1296 5748 t.
1329 5693 1471 5763 XIX,
1502 5709 1551 5749 c.
1582 5692 1707 5749 873.

2440 5697 2586 5771 (120)
2627 5695 2802 5751 Mansi
2831 5705 2868 5751 t.
2898 5693 3038 5764 XIX,
3065 5712 3118 5750 c.
3147 5694 3249 5749 87$
