3834 6304
24 315 97 367 ii;
1159 292 1249 349 CH
1299 290 1568 348 ONICON.
1590 323 1660 333 —
1684 292 1812 351 LIB.
1837 294 1901 350 ll.
3070 298 3178 355 2η

23 427 281 483 defensorem
305 425 353 472 te
380 427 632 484 opponas,
657 411 1037 482 justitiamque
1058 408 1139 463 eis
1162 405 1495 476 adquirendo
1524 408 1572 464 Α
1666 408 1850 480 (1075)
1886 410 2046 464 Anno
2069 408 2234 480 igitur
2274 407 2343 463 ab
2383 407 2760 465 incarnatione
2793 409 3011 466 Domini
3037 410 3176 467 1074

24 519 59 572 ἰιι
77 517 308 579 conSpectu
341 504 429 560 Dei
470 513 762 559 excusatus
785 501 991 556 existas
1014 541 1029 566 ,
1059 499 1205 568 quod
1234 513 1344 552 non
1376 497 1494 553 sine

23 618 138 659 causa
157 597 355 669 gladium
382 602 576 663 portas.
599 590 666 645 Et
691 591 823 661 quia
843 600 1089 644 nostrum
1119 598 1205 643 est
1231 597 1283 642 te
1308 586 1496 641 admo-

23 706 130 755 nere,
148 688 294 755 siqua
320 698 419 737 non
447 681 760 751 negligenda
792 678 1208 749 cognoverimus
1231 686 1285 731 te
1319 675 1492 746 negli-

23 796 120 851 gere,
140 775 312 831 orando
336 772 496 859 simul
522 779 575 825 et
607 769 971 840 praecipiendo
1010 768 1333 859 auctoritate
1360 781 1495 859 apo-

23 870 155 925 stolica
185 878 437 921 monemus
458 857 489 929 ,⁷
518 870 577 916 ut
613 861 945 915 monasterio
981 859 1157 915 sancti
1196 857 1342 914 Petri
1388 858 1495 913 sito

23 958 213 1023 ilrduni,
239 953 368 1025 quod
399 950 721 1008 venerabilis
762 951 845 1004 vir
880 948 1319 1018 consanguineus
1365 955 1495 1003 tuus

23 1050 298 1106 Walerannus
323 1044 483 1100 abbas
521 1041 659 1112 regit
685 1082 701 1108 ,
733 1049 915 1096 curtes
940 1053 1080 1109 quas
1108 1038 1164 1092 in
1190 1046 1334 1093 terra
1361 1051 1493 1106 pos-

23 1138 206 1195 sessionis
229 1144 323 1190 tua;
348 1133 542 1188 habere
569 1131 874 1186 dinoscitur
902 1129 1178 1194 restituas,
1215 1143 1303 1196 ne,
1346 1127 1494 1199 quod

23 1231 126 1291 tbsit.
148 1227 202 1282 ad
228 1225 560 1297 perditionem
602 1222 798 1277 animae
841 1230 947 1287 tua:
992 1220 1200 1276 diutius
1234 1233 1327 1275 eas
1363 1218 1495 1274 reti-

23 1320 136 1376 nendo
151 1314 729 1373 excommunicationem
753 1313 822 1367 ab
842 1311 1279 1367 antecessoribus
1291 1310 1494 1367 nostris

23 1412 265 1479 inprecatam
295 1404 631 1461 invasoribus
660 1417 849 1459 earum
885 1402 1158 1458 iucurras.
1190 1399 1302 1457 Nec
1332 1401 1493 1456 volu-

24 1516 97 1553 nus
115 1499 233 1553 dicas
252 1513 278 1551 a
298 1495 609 1567 parentibus
626 1494 736 1549 tuis
757 1493 848 1547 vel’
862 1492 1053 1548 uxoris
1073 1502 1182 1548 tuae
1205 1506 1298 1547 eas
1319 1490 1492 1547 servis

23 1586 77 1640 Dei
97 1587 349 1641 subtractas
370 1626 385 1652 ,
414 1584 541 1655 quia
567 1585 755 1654 justus
781 1581 1044 1637 Dominus
1081 1580 1260 1636 reddit
1287 1578 1491 1651 iniqui-

23 1686 124 1731 :uem
145 1684 326 1746 patrum
364 1676 419 1730 in
449 1675 623 1739 filios,
670 1674 727 1729 in
762 1673 986 1728 terciam
1020 1683 1075 1728 et
1107 1679 1360 1743 quartam
1395 1685 1489 1742 ge-

1597 497 1769 571 (121),
1792 501 2115 569 praesidente
2144 498 2404 554 Romana:
2426 500 2670 555 ecclesia:
2687 515 2826 571 papa
2843 500 3170 569 Alexandro,

1598 587 1714 657 (fol.
1745 589 1835 659 96)
1867 589 2122 646 Giraldus
2149 587 2420 646 Ostiensis
2447 591 2765 661 episcopus,
2800 592 3059 648 Romanae
3084 608 3173 648 se-

1595 678 1681 734 dis
1711 679 1920 750 legatus
1959 680 2016 734 in
2046 679 2232 735 Galliis
2256 721 2271 746 ,
2301 680 2535 735 concilio
2568 680 2815 736 Cabiloni
2851 682 3037 737 habito
3063 681 3175 755 Ro-

1595 783 1741 822 mam
1784 768 2001 823 rediens
2023 810 2040 836 ,
2068 778 2123 824 et
2147 769 2290 838 apud
2320 768 2569 824 Dienscm
2607 769 2799 824 urbem
2828 770 3131 841 hospitatus
3153 813 3170 839 ,

1594 871 1720 912 cum
1751 857 1961 914 clericis
1995 857 2337 930 injazcclesia
2365 858 2432 914 de
2466 859 2694 915 utilitate
2717 860 2961 916 ecclesiae
2985 861 3175 931 loque-

1595 944 1773 1000 batur.
1800 945 1929 1001 Erat
1953 949 2098 1004 enim
2140 947 2195 1002 in
2228 948 2415 1003 eadem
2436 949 2571 1004 urbe
2612 948 2939 1005 Lancelinus
2975 949 3172 1022 Symo-

1594 1034 1784 1090 niacus
1818 1034 1995 1091 dictus
2024 1036 2314 1107 episcopus
2335 1078 2350 1103 ,
2379 1038 2473 1107 qui
2497 1048 2722 1094 vocatus
2747 1040 2814 1095 ad
2839 1039 3171 1095 audientiam

1594 1138 1717 1179 cum
1741 1126 1928 1181 venire
1957 1136 2229 1194 renueret,
2252 1137 2306 1183 et
2331 1142 2391 1182 se
2417 1129 2471 1182 in
2495 1128 2658 1184 domo
2685 1129 2978 1200 episcopali
3004 1145 3172 1186 manu

1593 1213 1816 1270 militari
1845 1215 2189 1286 defenderet,
2219 1226 2273 1274 et
2293 1217 2664 1290 episcopatum
2691 1220 2920 1277 retinere
2943 1230 3174 1293 tempta-

1592 1314 1697 1371 ret,
1718 1307 1985 1362 tractabat
2010 1308 2221 1379 legatus
2246 1325 2371 1364 cum
2397 1310 2629 1378 civibus,
2661 1311 2939 1368 canonicis
2966 1312 3173 1369 scilicet

1592 1402 1647 1449 et
1670 1394 1841 1464 plebis
1870 1396 2169 1466 majoribus
2192 1439 2208 1466 ,
2252 1399 2382 1468 quid
2424 1398 2492 1454 de
2524 1400 2781 1471 episcopo
2815 1413 3062 1472 agerent,
3091 1404 3173 1458 di—

1590 1500 1742 1553 cens,
1766 1485 1922 1556 juxta
1950 1486 2319 1555 Ambrosium,
2371 1489 2752 1560 iuexpiabilem
2798 1506 2919 1547 esse
2958 1493 3174 1562 culpam

1590 1576 1795 1631 venditi
1823 1576 2111 1633 ministerii
2138 1598 2153 1647 ;
2182 1588 2237 1635 et
2261 1580 2418 1651 juxta
2457 1580 2674 1636 decreta
2717 1591 3030 1638 sanctorum
3078 1598 3175 1653 pa-

1591 1674 1760 1733 trum,
1784 1664 2006 1735 Leonis,
2030 1668 2295 1740 Gregorii,
2324 1667 2571 1725 Nieholai
2597 1678 2652 1726 et
2677 1680 3004 1737 ceterorum,
3046 1686 3176 1742 erga

24 1765 277 1819 mationem.
328 1762 477 1819 Sicut
516 1763 665 1819 enim
702 1761 927 1818 conscia
957 1762 1205 1817 veritatis
1257 1770 1491 1817 testatur
1523 1750 1563 1809 Β
1593 1753 1947 1828 Symoniacos
1968 1759 2170 1814 nullam
2197 1760 2626 1816 misericordiam
2652 1760 2956 1816 habendam
2980 1762 3035 1821 in
3062 1777 3178 1817 ser-

23 1855 264 1923 iutiquitas,
307 1863 523 1911 sanctus
575 1853 865 1908 Amantius
888 1893 905 1919 ,
970 1852 1264 1923 peculiaris
1317 1862 1498 1907 vester

23 1954 222 2012 mtronas,
268 1961 353 2002 eas
393 1944 722 2001 contradidit
759 1943 1083 1999 serviturum
1130 1942 1304 1998 sancti
1351 1941 1494 1997 Petri

23 2035 157 2091 ISiiitlS.
196 2054 213 2088 ι

57 2124 122 2181 liis
145 2126 345 2197 acceptis
364 2126 561 2183 litteris
589 2141 716 2183 cum
759 2132 1122 2181 reverteretur
1141 2166 1156 2191 ,
1192 2123 1337 2193 apud
1362 2122 1496 2178 Are-

23 2219 468 2274 naremouasterium
497 2217 648 2291 (121)
676 2231 886 2294 veneno
906 2215 1085 2287 periit,
1102 2224 1156 2270 et
1184 2212 1496 2271 Grimoldus

23 2309 213 2362 umessit.
252 2308 456 2379 Capella
504 2323 640 2365 vero
689 2308 759 2364 ab
803 2305 1239 2362 inhabitantibus
1284 2313 1494 2360 retenta

23 2405 78 2461 est,
101 2398 173 2453 sed
197 2401 518 2468 postmodum
555 2399 819 2472 requisita
852 2397 1064 2452 reddita
1092 2405 1199 2463 est,
1234 2396 1338 2452 etsi
1383 2410 1493 2452 non

23 2497 99 2541 tota.
130 2488 183 2543 Et
202 2492 315 2561 quia
338 2506 409 2547 eo.
427 2490 687 2547 defuncto
716 2505 826 2546 non
852 2488 956 2544 fuit
982 2487 1077 2559 qui
1108 2487 1317 2542 litteras
1362 2486 1495 2542 mis-

23 2580 232 2636 θεωωὶιί
268 2580 560 2638 Butenensi
588 2580 875 2652 perferret,
911 2580 1091 2635 adhuc
1124 2577 1343 2634 abbatis
1366 2592 1493 2633 cum

23 2666 135 2725 undis
150 2681 328 2728 retenta
349 2683 447 2729 est.
474 2671 776 2728 Nicholaus
797 2685 1016 2742 quoque
1035 2684 1173 2740 papa
1193 2668 1328 2724 obiit
1348 2680 1494 2722 anno

23 2759 153 2827 adem,
190 2761 233 2818 id
271 2775 343 2820 est
391 2764 552 2831 1060,
590 2764 659 2820 ab
700 2763 809 2818 inc.
847 2761 1100 2828 Domini,
1146 2770 1202 2816 et
1247 2757 1493 2829 sequenti

23 2864 106 2903 meo
121 2851 436 2914 Waleranuus
453 2855 722 2924 decessit,
741 2863 800 2912 et
829 2853 1075 2925 sepultus
1095 2850 1240 2924 apud
1259 2850 1491 2908 eundem

23 2948 145 2995 litum.

52 3028 166 3087 Anno
182 3033 326 3104 igitur
344 3036 476 3092 1061
504 3035 774 3093 Nicholao
795 3051 949 3108 papae
969 3035 1236 3092 successit
1258 3035 1493 3091 Alexan-
1524 3089 1562 3110 η

23 3114 74 3171 ιιι
96 3118 146 3187 Π,
165 3110 446 3183 etsecunda
472 3143 624 3197 anno
649 3127 804 3195 obiit;
837 3128 927 3183 cui
955 3126 1159 3183 tercius
1186 3125 1494 3182 Alexander

23 3212 355 3288 ucoessit(122).
377 3216 672 3274 Millesimo
693 3233 914 3289 quoque
936 3217 1276 3289 sexagesimo
1301 3217 1493 3287 quinto

23 3301 217 3365 mno,ind.
241 3305 289 3370 3,
313 3308 486 3375 stella,
507 3324 634 3379 quae
655 3318 866 3365 comete
891 3308 1110 3376 dicitur,
1138 3310 1410 3380 apparuit,
1440 3316 1495 3364 et

23 3386 136 3442 iidem
160 3407 281 3449 anno
305 3394 591 3454 Etwardus
628 3398 928 3470 Anglorum
970 3414 1068 3455 rex
1105 3399 1243 3455 obiit
1289 3399 1451 3472 (1066
1474 3441 1490 3467 ,

23 3472 86 3529 θυ-
116 3481 190 3549 5);
220 3486 305 3553 qui
338 3488 464 3557 quia
508 3489 632 3545 sine
675 3489 800 3545 filiis
841 3490 974 3556 fuit,
1023 3491 1491 3561 consanguineum

23 3580 116 3623 imm
152 3570 451 3633 Willelmum
480 3577 926 3635 Normannoru'm
970 3581 1223 3636 comitem
1267 3591 1397 3651 post
1434 3597 1493 3638 se

23 3669 164 3726 egnare
187 3664 420 3723 instituit.
455 3668 567 3726 Sed
598 3668 866 3726 Heroldus
887 3713 903 3736 ,
945 3680 1137 3727 contra
1182 3687 1494 3727 sacramen-

24 3762 83 3802 Hm
101 3756 213 3822 quod
245 3756 508 3817 Willelmo
551 3761 788 3829 fecerat,
830 3778 1056 3832 regnum
1106 3762 1322 3819 invasit.
1371 3761 1494 3833 Ipso

23 3854 128 3907 uno,
164 3861 326 3904 mense
352 3849 582 3908 Octobri
605 3894 621 3918 ,
647 3852 952 3908 Willelmus
978 3868 1129 3908 mare
1152 3853 1410 3920 transiit,
1441 3861 1496 3908 et

23 3933 220 3993 promisso
247 3942 422 4010 praelio
470 3943 508 3997 2
533 3942 662 3999 Idus
686 3942 938 3999 Octobris
967 3943 1077 3998 ruit
1103 3941 1367 4000 Heroldus
1393 3985 1409 4011 ,
1440 3954 1496 4000 et

23 4017 229 4084 Nillelmus
256 4031 338 4086 die
364 4034 568 4089 natalis
597 4032 815 4089 Domini
859 4035 1003 4105 apud
1048 4033 1392 4090 Lundoniam
1437 4035 1494 4090 in

23 4122 128 4178 egeni
154 4118 365 4178 elevatus
393 4134 448 4180 et
483 4134 783 4181 coronatus
824 4134 928 4191 est,
971 4123 1130 4181 Anno
1171 4124 1241 4180 ab
1281 4124 1490 4180 incarn.

23 4196 294 4267 lumini1065
316 4213 439 4271 ﬁnis
470 4215 578 4270 fuit
603 4230 874 4271 annorum
899 4216 1090 4272 circuli
1119 4215 1187 4250 “9
1216 4216 1312 4287 qui
1358 4232 1494 4273 con-

24 4298 76 4344 ‘31
105 4301 374 4373 Quingentis
410 4308 636 4379 triginta
674 4309 889 4364 duobus
922 4309 1082 4363 annis
1104 4350 1119 4375 ,
1150 4317 1206 4365 et
1248 4309 1496 4379 sequenti

1599 1848 1776 1904 vanda
1814 1848 2073 1921 dignitate
2095 1893 2111 1918 ,
2140 1862 2193 1907 et
2220 1852 2350 1922 quia
2376 1852 2626 1923 quisquis
2648 1867 2742 1922 per
2773 1852 3059 1922 pecuniam
3085 1869 3178 1907 or-

1597 1939 1837 2008 dinatur,
1872 1941 1939 1996 ad
1968 1942 2069 1997 hoc
2097 1951 2157 1997 ut
2180 1943 2273 1997 flat
2292 1943 2567 1998 hereticus
2587 1951 2961 2014 promovetur,
2991 1953 3045 1999 et
3066 1957 3180 2000 om-

1597 2044 1694 2084 nes
1726 2031 1819 2101 qui
1866 2031 1917 2085 ei
1953 2033 2319 2100 consentiunt,
2351 2043 2405 2088 et
2432 2033 2525 2103 qui
2552 2032 2844 2089 emendare
2869 2045 3101 2103 possunt
3121 2042 3176 2089 et

1596 2134 1707 2174 non
1734 2121 2026 2177 emendant
2050 2162 2065 2189 ,
2100 2130 2154 2177 et
2182 2137 2373 2177 omnes
2403 2122 2497 2193 qui
2528 2130 2717 2177 contra
2749 2120 2873 2177 illos
2895 2137 3002 2176 non
3027 2130 3176 2187 sunt,

1595 2209 1691 2264 sed
1722 2209 1903 2267 favent
1932 2212 2012 2268 eis
2033 2254 2049 2279 ,
2085 2228 2212 2269 cum
2257 2228 2324 2268 eo
2366 2213 2603 2268 habeant
2638 2222 2846 2283 partem
2893 2213 2988 2284 qui
3026 2213 3178 2283 prius

1594 2301 1872 2357 commisit
1896 2301 2005 2359 hoc
2030 2303 2304 2373 peculiare
2328 2303 2615 2375 ﬂagitium.
2657 2302 2797 2359 Dum
2835 2319 2966 2375 ergo
2991 2303 3059 2361 de
3091 2303 3180 2360 his

1593 2393 1737 2448 inter
1769 2407 1865 2449 eos
1898 2403 2244 2462 tractaretur,
2276 2404 2350 2463 et,
2381 2405 2442 2451 ut
2469 2396 2854 2466 praadiximus,
2885 2397 2976 2452 ille
2999 2395 3183 2453 dictus

1591 2484 1881 2554 episcopus
1910 2483 2242 2539 audientiam
2274 2484 2689 2556 subterfugerct,
2725 2486 2880 2556 juxta
2904 2501 3176 2543 canonum

1593 2574 1840 2629 instituta
1898 2582 1952 2629 et
1998 2586 2310 2631 sanctorum
2356 2574 2579 2630 Patrum
2623 2575 2843 2633 decreta
2889 2578 3178 2649 episcopus

1591 2664 1919 2734 querebatur
1948 2664 2198 2731 idoneus,
2222 2665 2314 2736 qui
2337 2675 2391 2721 et
2413 2666 2577 2723 saluti
2601 2681 2793 2723 eorum
2826 2668 3134 2739 invigilaret
3159 2708 3175 2734 ,

1591 2763 1645 2808 et
1685 2753 1973 2810 animabus
2019 2753 2330 2811 commissis
2374 2755 2643 2812 sollicitus
2686 2757 3176 2830 superintenderet,

1590 2859 1718 2899 ecce
1770 2847 2050 2915 personuit
2082 2846 2150 2901 ad
2189 2862 2350 2902 aures
2392 2861 2582 2902 eorum
2643 2848 2929 2904 advenisse
2976 2849 3087 2904 illic
3123 2858 3179 2903 et

1591 2938 1894 2993 mcclesiam
1935 2955 2041 3015 qua
2080 2938 2404 2994 tenebantur
2431 2938 2665 2993 intrasse
2696 2938 2958 2997 orationis
3005 2939 3177 3010 gratia

1593 3030 1855 3085 domuum
1882 3028 2163 3101 Hugonem
2195 3029 2611 3102 Lugdunensem
2634 3031 3024 3098 camerarium,
3047 3046 3178 3102 prae.

1595 3122 1832 3176 cinctum
1860 3130 1916 3176 et
1948 3131 2198 3192 paratum
2228 3122 2295 3177 ad
2319 3121 2695 3192 equitandum;
2726 3121 2840 3178 ibat
2877 3123 3022 3178 enim
3064 3121 3177 3177 Ro-

1595 3228 1697 3267 mae
1729 3213 1796 3267 ad
1823 3221 2072 3268 sanctum
2106 3211 2348 3268 Petrum.
2381 3211 2492 3269 Nec
2527 3229 2700 3281 mora,
2729 3213 2966 3285 Spiritus
3002 3215 3177 3270 sancti

1593 3304 1766 3375 gratia
1805 3304 1969 3359 corda
1993 3320 2222 3360 suorum
2258 3304 2563 3360 illustrante
2587 3348 2601 3373 ,
2636 3305 2705 3360 fit'
2722 3306 2927 3362 clamor
2959 3315 3014 3362 et
3042 3321 3176 3361 con-

1593 3410 1790 3450 cursus
1818 3394 2077 3462 ﬁdelium,
2110 3404 2363 3452 ocreatus
2384 3411 2509 3451 cum
2534 3396 2840 3453 calcaribus
2880 3397 3175 3464 invenitur,

1592 3487 1822 3557 rapitur,
1865 3495 2098 3554 tenetur;
2123 3487 2178 3541 in
2199 3496 2495 3558 conspectu
2512 3488 2833 3559 apostolicae
2854 3489 3001 3545 sedis
3027 3488 3177 3545 vica-

1594 3582 1661 3635 rii
1689 3595 1903 3638 summo
1939 3579 2185 3635 omnium
2214 3577 2398 3635 favore
2424 3588 2479 3634 et
2503 3579 2678 3651 gratia
2702 3579 3007 3647 deducitur;
3029 3582 3176 3652 quod

1593 3673 1790 3744 dignus
1831 3672 1903 3727 sit
1921 3671 2016 3742 qui
2049 3670 2224 3741 possit
2261 3670 2519 3726 aecclesiae
2553 3685 2786 3741 praeesse
2810 3680 2866 3727 et
2892 3671 3176 3742 prodesse,

1594 3766 1944 3820 acclamatur.
1979 3762 2329 3818 Reclamabat
2356 3761 2466 3829 ille,
2494 3770 2550 3816 et
2577 3762 2718 3816 votis
2740 3761 2924 3831 populi
2952 3761 3181 3832 parabat

1594 3855 1856 3911 obsistere
1877 3897 1892 3921 ,
1934 3855 2093 3925 quasi
2118 3855 2212 3926 qui
2240 3870 2349 3910 non
2381 3863 2565 3925 posset
2598 3869 2700 3910 nec
2727 3854 2944 3910 deberet
2974 3868 3177 3925 sponso

1595 3945 1836 4018 legitimo
1864 3947 2074 4002 vivente
2098 3946 2407 4002 castitatem
2436 3946 2696 4004 aecclesiai
2737 3944 2879 4005 fteda
2915 3945 3180 4002 scissione

1595 4053 1963 4107 corrumpere.
1996 4037 2054 4093 ln
2078 4040 2182 4094 hac
2204 4039 2399 4094 devota
2428 4039 2775 4094 contentione
2801 4038 3007 4109 placuit
3039 4038 3180 4093 divi-

1597 4129 1755 4185 nitati
1797 4128 2188 4200 beneplacitam
2238 4144 2352 4184 sua:
2400 4129 2703 4200 praesentia:
2744 4130 3076 4183 voluntatem
3121 4128 3177 4182 in

1595 4220 1908 4277 ostensione
1936 4217 2072 4275 lueis
2098 4218 2215 4275 suis
2244 4218 2492 4275 fidelibus
2529 4220 2824 4275 declarare.
2872 4217 3009 4273 Nam
3052 4233 3180 4272 cum

1595 4322 1740 4370 esset
1763 4312 1982 4368 nubilus
2015 4312 2130 4368 dies
2153 4354 2168 4379 ,
2194 4311 2290 4366 lux
2320 4309 2375 4365 in
2406 4310 2628 4366 modum
2656 4325 2945 4381 speraeper
2969 4308 3181 4378 aliquas

24 4388 233 4476 titionem
265 4394 451 4467 incipit
477 4399 743 4463 circulus;
788 4399 847 4454 in
884 4399 1042 4469 Cujus
1079 4399 1187 4455 line
1213 4399 1317 4455 erit
1341 4400 1496 4456 labor
1523 4415 1571 4476 ι)
1597 4405 1762 4461 horas
1797 4405 1852 4460 in
1884 4396 2091 4476 gremio
2115 4412 2169 4459 et
2198 4401 2335 4458 facie
2366 4401 2640 4473 splenduit
2660 4401 2923 4467 ecclesiae,
2954 4414 3075 4471 quae
3100 4399 3187 4455 sic

23 4472 184 4534 idolon
213 4482 504 4544 Alexander
529 4504 668 4560 papa
694 4490 987 4561 Gyraldum
1033 4487 1340 4547 Ostiensem
1379 4491 1495 4561 epi-
1523 4472 1544 4517 ἶ

23 4575 162 4660 folium
182 4613 195 4638 ,
219 4577 305 4645 qui
326 4576 488 4635 Petro
517 4591 860 4637 successerat
881 4623 896 4648 ,
923 4582 991 4637 ad
1024 4581 1227 4639 Gallias
1253 4583 1494 4638 destina-

23 4660 79 4720 Ἠ,
105 4667 148 4712 et
168 4663 296 4722 vices
327 4685 458 4727 suas
484 4672 537 4727 ei
565 4687 663 4741 per
698 4671 987 4728 Franciam
1019 4681 1075 4728 et
1119 4672 1490 4744 Burgundiam

23 4748 216 4837 ῬΨίείῑ.
240 4755 303 4812 At
328 4759 419 4815 ille
443 4776 513 4816 ex
538 4772 806 4832 praecepto
834 4778 988 4833 papae
1023 4764 1316 4818 concilium
1348 4765 1490 4834 apud

24 4829 233 4896 Labilonem
260 4845 493 4904 instituit
514 4829 651 4916 {cui
689 4829 921 4922 praeerat
957 4852 1231 4908 Roclenus
1276 4829 1488 4924 episco-

23 4934 97 4989 us,
117 4927 279 4993 litteris
311 4942 556 5011 adprime
580 4943 827 5001 eruditus
854 4954 909 5001 et
935 4946 989 4999 in
1017 4946 1250 5002 lectione
1275 4946 1490 5002 divino-

24 5024 87 5066 Im
104 5022 400 5087 voluminum
428 5033 872 5091 studiosissimus
898 5036 1067 5107 (12⁵)·

1597 4496 1846 4552 accendit
1871 4503 2099 4551 cunctos
2127 4494 2221 4566 qui
2243 4494 2470 4550 aderant
2495 4501 2549 4548 et
2567 4493 2836 4560 viderant,
2862 4491 2929 4547 ad
2952 4491 3180 4547 laudau-

1596 4588 1723 4642 dam
1758 4586 2206 4657 propiciationem
2235 4585 2431 4640 divinae
2458 4585 2758 4641 clementiae
2782 4626 2797 4650 ,
2824 4593 2885 4639 ut
2914 4584 3178 4638 clamare-

1597 4687 1687 4734 tur
1715 4679 1785 4733 ab
1805 4678 2060 4733 omnibus
2090 4695 2103 4731 :
2131 4677 2445 4732 Benedictus
2473 4675 2716 4731 dominus
2748 4675 2919 4741 Deus,
2951 4674 3077 4745 quia
3101 4689 3179 4726 re-

1597 4770 1769 4838 spexit
1794 4768 2135 4838 dejectionem
2164 4768 2399 4823 ecclesia:
2441 4784 2552 4822 sua:
2577 4809 2592 4834 ,
2623 4778 2680 4821 ut
2710 4766 2944 4820 uisitaret
2985 4780 3100 4818 eam
3127 4772 3179 4816 et

1596 4858 1924 4913 illuminant
1958 4858 2056 4913 tali
2081 4860 2357 4929 pontiﬁce!
2391 4858 2636 4914 Accessit
2668 4866 2723 4913 et
2754 4855 2901 4911 aliud
2936 4854 3182 4910 mirabile

1596 4950 1795 5006 divina:
1821 4950 2038 5019 pietatis
2068 4951 2137 4983 m
2173 4950 2433 5006 indicium
2460 4992 2474 5015 ,
2507 4949 2635 5020 quia
2660 4991 2676 5014 ,
2707 4964 2833 5004 cum
2873 4948 2927 5001 in
2960 4947 3079 5018 ejus
3114 4947 3181 4978 ³¹¹

1596 5041 1863 5098 electione
1885 5042 2064 5097 omnis
2091 5041 2195 5097 sibi
2218 5042 2273 5096 in
2294 5056 2428 5096 voce
2451 5042 2517 5072 ³”
2546 5040 2725 5095 laudis
2760 5048 2815 5094 et
2843 5039 3018 5109 jubilo
3056 5051 3180 5093 cor-

1195 5169 1429 5227 VABIA‘I
1467 5170 1866 5229 LECTIONES.

57 5233 104 5267 ³³’
136 5240 229 5299 Vox
250 5250 360 5317 jam
397 5255 596 5310 deleta.
672 5256 743 5289 κ’
778 5259 933 5314 -tatis
959 5259 1205 5316 deletum.
1281 5262 1351 5294 ³²¹
1390 5263 1510 5332 ejus
1558 5262 1806 5319 deletum.
1886 5265 1954 5298 ³¹⁹
1987 5282 2052 5321 -n
2102 5279 2233 5321 voce
2280 5264 2468 5318 deleta.

1428 5371 1658 5428 NOTAE.

191 5441 431 5527 lloustier
456 5451 664 5527 Ramey
691 5471 859 5527 prope
886 5457 1086 5515 Trecas

23 5503 163 5621 inim}
194 5503 481 5576 Alexander
492 5503 1021 5583 '(iﬁbiieéihi'sniiés‘
1025 5503 1185 5583 “sedit
1210 5537 1266 5583 et
1292 5528 1497 5603 Grego-

66 5586 104 5623 m
125 5576 201 5634 “1
223 5600 581 5638 successorem
606 5605 803 5638 nnolnn
829 5605 911 5638 per

282 5602 582 5649 ccessorem
606 5605 804 5651 nactus
829 5605 930 5652 est.

55 5640 166 5715 (ηδ)
198 5640 485 5721 Concilium
501 5640 1171 5725 'é'iiﬁiié'ﬁ'éni‘éiabuum
1191 5677 1274 5725 est
1296 5670 1328 5725 6
1355 5669 1493 5728 Non.

1606 5462 1789 5538 Mart,
1821 5462 2238 5538 ann_o__1072,'_ut
2272 5471 2543 5538 testantur
2569 5464 2829 5521 Actorum
2858 5464 3177 5538 fragmenta.

1606 5532 1802 5597 uansi,
1843 5544 1881 5588 t.
1917 5533 2038 5598 xx,
2068 5549 2120 5603 p.
2151 5534 2238 5588 47.
2276 5533 2339 5587 κ.

1680 5605 1828 5673 (124)
1868 5603 1962 5659 Vel
1987 5605 2169 5675 potius
2204 5603 2359 5659 1075.
