3834 6304
575 364 679 420 275

3084 297 3133 335 η,
3175 292 3229 331 Ὗ,
3329 297 3365 313 ,η

1567 366 1868 425 llUGONlS
1905 368 2198 424 ABBATIS
2234 367 2822 434 FLAVINIACENSIS.
3683 393 3751 450 276

568 473 663 531 dis
692 474 1047 547 applaudrret
1080 477 1149 511 ³²³
1180 478 1421 534 azcclesia
1447 519 1461 543 ,
1492 487 1545 534 et
1572 482 1844 552 praecipue
1874 483 1944 517 ³⁸⁸
1971 500 2031 540 se
2061 486 2154 540 tali
2183 490 2229 549 Λ
2259 503 2534 565 gratanter
2552 499 2857 570 jussiouem
2893 503 3012 574 ejus
3057 507 3410 580 susciperent,
3444 521 3496 567 et
3517 514 3751 576 obedirenv

569 576 791 623 rectore
818 569 1135 638 opitulatam
1164 583 1286 624 esse
1314 569 1382 601 ³²⁸
1410 572 1792 640 gratularetur,
1827 575 2035 646 legatus
2064 593 2161 649 pa-

562 671 596 726 ιι
615 672 661 713 'e
686 658 757 691 “‘
778 669 1222 731 menteprmsaga
1248 660 1506 730 quiddam
1529 662 1727 718 mirum
1754 665 1821 697 ³²⁷
1850 667 1903 721 in
1932 684 1997 723 eo
2017 685 2158 739 prte-

567 749 770 805 videus
805 769 817 805 :
858 750 997 805 Huic
1019 793 1033 814 ,
1067 752 1245 821 inquit
1278 752 1367 819 ³²⁸,
1407 755 1612 808 civitati
1635 767 1818 825 pastor
1837 760 2045 829 quidem
2082 770 2158 815 est

580 842 670 907 δ”,
700 842 891 896 electus
913 851 964 896 et
992 860 1023 895 a
1060 842 1167 896 Deo
1190 844 1417 898 donatus
1448 845 1536 912 ³³⁸,
1565 847 1655 900 sed
1680 849 1889 918 majora
1930 851 1978 904 ei
2018 868 2159 921 prte-

578 933 860 987 destinavit
887 933 953 964 ⁸³¹
975 932 1303 989 Altissimus.
1345 934 1468 989 Non
1500 937 1593 990 diu
1624 940 1763 993 enim
1802 940 1869 972 ³³¹
1904 941 2025 996 huic
2071 959 2160 996 ec-

577 1023 751 1078 clesiae
772 1025 1002 1093 pastoris
1034 1025 1272 1095 ofﬁcium
1299 1027 1575 1096 prwstabit
1598 1031 1684 1096 ³³³,
1715 1033 1964 1102 quoniam
1982 1035 2161 1089 excel-

576 1114 788 1168 lentiori
817 1114 1097 1185 gibisserio
1137 1116 1286 1187 (125)
1328 1118 1617 1174 donabitur
1654 1121 1724 1153 ⁸³⁸
1759 1123 2159 1193 dispensaturus

575 1205 643 1235 ⁸³⁸
670 1205 865 1260 divina:
900 1206 968 1238 ³³⁸
1005 1224 1223 1261 munera
1260 1208 1328 1240 ³³⁷
1362 1211 1550 1279 gratiae
1586 1211 1656 1244 ³³⁸
1703 1213 1870 1285 (126).
1919 1214 2004 1269 Cf.
2054 1213 2155 1270 SS.

572 1312 647 1363 vt,
671 1295 820 1367 506.)
854 1296 944 1352 Sic
970 1299 1237 1356 clamores
1259 1308 1312 1354 et
1334 1310 1460 1356 vota
1485 1304 1731 1358 omnium
1748 1305 2014 1375 judicium
2040 1322 2162 1377 pro-

572 1388 720 1442 bavit
743 1389 957 1444 czcleste
983 1431 997 1456 ,
1030 1398 1086 1443 et
1111 1392 1315 1448 electus
1343 1393 1431 1448 ille
1456 1436 1470 1460 ,
1500 1395 1594 1463 qui
1624 1411 1725 1451 nec
1749 1397 1920 1453 valuit
1942 1414 2042 1453 nec
2061 1414 2159 1453 vo-

572 1480 711 1546 luit,
748 1487 831 1535 tot
872 1483 1330 1550 prmcnrrentibus
1378 1485 1593 1542 indiciis
1617 1529 1632 1553 ,
1666 1489 1930 1545 voluntati
1963 1490 2159 1548 divinat

571 1571 866 1637 contraire,
895 1575 1213 1643 compulsus
1250 1584 1333 1632 est
1374 1580 1697 1634 auctoritate
1733 1582 2031 1651 apostolica
2072 1599 2159 1638 re-

574 1661 799 1728 morari,
840 1673 894 1718 et
917 1666 1235 1722 confirmata
1263 1678 1345 1724 est
1386 1684 1546 1740 super
1568 1686 1691 1725 eum
1722 1672 1914 1728 electio
1943 1674 2072 1729 Cleri
2104 1683 2159 1729 et

573 1755 778 1823 populi.
825 1754 963 1825 (Fol.
1003 1757 1114 1828 96,)
1147 1757 1265 1825 Quo
1303 1760 1489 1816 audito
1515 1801 1529 1828 ,
1564 1762 1681 1832 ipse
1716 1763 1808 1833 qui
1852 1765 2154 1820 :ccclesiam

573 1859 669 1912 per
697 1843 1013 1917 Symouiam
1028 1848 1300 1906 invaserat
1323 1861 1377 1907 et
1398 1855 1565 1909 armis
1583 1855 1816 1911 retinere
1841 1858 2157 1927 temptabat,

525 1973 529 1977 ~
573 1934 765 1992 dolens
807 1940 1118 1995 unanimem
1148 1957 1435 1999 assensum
1467 1945 1667 2001 civium
1694 1989 1708 2012 ,
1736 1956 1792 2002 et
1823 1953 2019 2005 timens
2058 1966 2158 2021 po-

571 2028 687 2097 puli
720 2029 1006 2099 gaudentis
1038 2039 1093 2087 et
1135 2032 1203 2088 ad
1242 2034 1327 2103 pia
1360 2044 1485 2091 vota
1524 2036 1903 2096 iucalesceutis
1934 2042 2119 2097 animo
2142 2084 2159 2109 ,

574 2116 621 2170 si
694 2115 1082 2176 iutumesceret
1112 2164 1127 2189 ,
1208 2122 1468 2192 impetum
1543 2124 1983 2198 ferocissimum,
2057 2131 2156 2186 do-

576 2221 727 2259 mum
774 2207 1134 2279 episcopalcm
1188 2212 1429 2267 deseruit
1469 2225 1522 2269 et
1565 2218 1808 2273 recessit.
1847 2219 2161 2291 Augebatur

571 2296 719 2351 enim
761 2312 1017 2354 curarum
1062 2303 1293 2371 estibus,
1346 2313 1400 2360 ct
1444 2306 1678 2364 stimulis
1725 2312 1997 2368 mordacis
2030 2329 2160 2369 con;

573 2387 849 2457 scientiae,
906 2408 1070 2462 quam
1141 2410 1250 2449 nou
1311 2396 1551 2468 effugere
1592 2401 1817 2470 quibat,
1865 2403 1993 2474 quia
2048 2420 2158 2460 non

571 2478 881 2536 inveniebat
927 2499 1037 2553 quo
1084 2482 1312 2555 fugeret,
1351 2502 1453 2543 nec
1483 2489 1598 2544 suis
1645 2489 1757 2559 jam
1810 2502 1870 2546 ut
1920 2493 2152 2560 solebat,

575 2568 760 2641 (1075)
793 2570 1169 2627 delectabatur
1201 2575 1501 2644 erroribus,
1533 2592 1564 2632 a
1599 2578 1801 2649 quibus
1834 2581 2160 2650 puniebatur

573 2659 699 2716 licet
722 2662 915 2718 nolens
937 2674 990 2718 et
1020 2663 1263 2734 inscius;
1294 2677 1349 2722 ct
1370 2676 1551 2723 tamen
1580 2670 1760 2726 adhuc
1787 2672 2067 2728 exultabat
2102 2675 2157 2728 in

570 2752 820 2820 crimine,
847 2754 977 2825 quia
1003 2756 1160 2813 novis
1195 2766 1376 2814 vetera
1406 2748 1804 2830 obumbrando,
1834 2764 2070 2834 peccatis
2100 2781 2160 2822 se

575 2854 872 2916 utcumque
902 2848 1151 2919 adjuvari
1182 2852 1492 2907 estimabat.
1518 2851 1751 2909 Putabat
1777 2857 1922 2911 enim
1947 2858 2160 2929 insigne

572 2951 694 2992 esse
716 2937 958 3006 virtutis,
991 2940 1082 2995 ubi
1105 2949 1189 2995 cst
1217 2942 1403 3011 lapsus
1425 2943 1690 3001 criminis.
1732 2945 1835 3002 Sed
1862 2948 1973 3017 jam
1999 2950 2160 3005 silea-

573 3035 666 3082 tur
700 3028 821 3097 ej‘us
853 3031 1139 3098 memoria,
1166 3032 1294 3104 quia
1324 3035 1567 3102 recessit,
1604 3037 1731 3106 quia
1763 3038 1995 3110 aufugit,
2029 3042 2157 3112 quia

576 3118 725 3187 quod
752 3119 990 3177 indebite
1035 3135 1415 3195 usurpaverat,
1441 3143 1550 3182 non
1589 3138 1673 3186 est
1713 3141 2030 3201 expectatus
2070 3135 2156 3189 di-

577 3210 830 3279 mittere;
878 3213 945 3267 ad
977 3213 1147 3284 plebis
1182 3216 1461 3287 gaudium,
1505 3219 1574 3273 ad
1618 3219 1746 3275 cleri
1777 3235 2157 3294 magnatorum

573 3316 796 3374 quoque
837 3312 893 3359 et
934 3306 1247 3363 intimorum
1296 3310 1595 3379 tripudium
1634 3311 1914 3371 flectamus
1957 3318 2160 3373 articu-

577 3395 711 3450 lum.
758 3395 1096 3457 Sublimatus
1125 3408 1210 3456 est
1242 3401 1447 3458 electus
1482 3413 1667 3460 noster
1710 3421 1835 3461 cum
1880 3409 2079 3479 gaudio
2106 3420 2159 3465 et

574 3487 760 3545 cordis
778 3489 953 3559 jubilo
985 3492 1038 3547 in
1066 3494 1363 3563 pontificali
1404 3495 1559 3561 solio,
1607 3499 1940 3557 acclamatus
1973 3513 2055 3558 est
2106 3515 2161 3559 et

576 3579 933 3636 confirmatus
954 3582 1243 3655 episcopus
1263 3584 1330 3640 de
1351 3584 1445 3643 Dei
1465 3596 1518 3642 et
1539 3588 1741 3644 Christi
1779 3590 1896 3660 ejus
1925 3592 2157 3663 judicio,

576 3673 645 3727 de
672 3672 997 3730 clericorum
1033 3692 1169 3750 pene
1213 3678 1457 3733 omnium
1500 3682 1831 3750 testimonio,
1871 3684 1939 3739 de
1987 3686 2160 3755 plebis

576 3780 703 3833 qua:
730 3774 862 3824 tunc
911 3766 1066 3821 ail‘uit
1099 3769 1381 3842 suffragio,
1417 3771 1485 3827 de
1515 3774 1855 3830 sacerdotum
1903 3785 1958 3831 et
1987 3778 2159 3833 bono-

575 3869 699 3909 rum
729 3854 968 3915 virorum
998 3858 1245 3930 collegio.
1294 3859 1503 3919 Invenit
1545 3865 1727 3936 itaque
1755 3866 2027 3925 civitatem
2058 3886 2155 3925 au-

575 3943 727 4013 goris
767 3946 1005 4015 plenam,
1058 3949 1501 4009 tribulationibus
1536 3955 1977 4028 circumseptam,
2024 3959 2161 4032 vigi-

576 4034 746 4091 lautia
782 4039 955 4094 multa
988 4049 1257 4111 egentem,
1290 4058 1378 4100 res
1422 4046 1665 4117 episcopi
1700 4049 1958 4120 direptas,
1987 4052 2062 4107 ita
2101 4063 2162 4109 ut

574 4142 686 4182 non
723 4128 989 4186 invenerit
1022 4133 1167 4190 unde
1213 4136 1296 4191 vel
1322 4152 1430 4193 uno
1454 4138 1542 4194 die
1571 4138 1639 4195 de
1668 4142 1932 4200 reditibus
1965 4143 2161 4202 domus

574 4222 901 4294 episcopalis
944 4227 1127 4284 vivere
1184 4232 1442 4300 potuerit,
1473 4233 1547 4289 ita
1591 4237 1775 4292 omnia
1840 4240 2162 4296 attriverant

573 4313 668 4384 qui
698 4323 825 4370 ante
849 4331 973 4373 eum
1006 4317 1244 4376 fuerant.
1298 4322 1449 4380 Adeo
1496 4333 1554 4379 ut
1601 4325 1670 4382 de
1712 4329 1970 4386 omnibus
1994 4332 2161 4389 totius

573 4406 920 4479 episcopatus
942 4413 1203 4469 aecclesiis
1232 4415 1319 4469 vix
1346 4433 1512 4472 unam
1551 4419 1777 4475 haberet
1815 4421 2011 4480 domus
2041 4425 2158 4496 epi-

2260 587 2334 643 ita
2356 599 2418 645 ut
2442 599 2567 646 ante
2585 592 2705 663 ejus
2731 594 3129 659 ordinationem
3160 600 3276 655 haec
3306 618 3418 658 suae
3439 605 3754 667 melioratieuis

2261 679 2593 739 incrementa
2622 685 2726 740 sibi
2753 687 3046 743 commissa
3073 705 3170 759 per
3189 706 3313 746 eum
3342 696 3619 765 susceperit
3638 702 3755 755 eccle-

2260 774 2363 830 sia.
2397 773 2618 832 Obierat
2640 778 2760 849 ipso
2783 794 2930 834 anno
2951 795 3089 851 papa
3131 782 3430 840 Alexander
3470 787 3521 841 in
3543 788 3643 857 ipso
3662 807 3755 859 apo-

2260 868 2495 923 tolorum
2520 867 2663 923 Petri
2686 878 2741 925 et
2774 869 2931 925 Pauli
2962 872 3239 937 natalicia,
3278 884 3332 929 et
3357 875 3655 932 substitutus
3676 891 3755 934 ent

2260 958 2506 1013 unanimi
2534 960 2799 1016 electione
2823 962 2955 1016 cieri
2985 973 3040 1017 et
3065 963 3251 1034 populi
3277 963 3562 1035 Gregorius
3579 966 3668 1035 Vl],
3693 976 3756 1041 qui

2260 1047 2315 1102 in
2357 1048 2474 1119 ipsa
2503 1049 2748 1104 Romana
2788 1052 3034 1107 aecclesia
3070 1053 3175 1108 sub
3204 1053 3427 1123 praefato
3466 1058 3681 1125 pontiﬁce
3704 1060 3757 1112 nl-

2260 1138 2384 1195 ﬁcio
2411 1138 2736 1212 fungebatur
2763 1143 3259 1200 archidiaconatus.
3292 1143 3360 1199 Et
3386 1145 3509 1201 licet
3532 1149 3759 1205 ordinatio-

2260 1234 2346 1290 nis
2373 1243 2428 1290 et
2456 1232 2887 1293 consecrationis
2909 1237 3029 1308 ejus
3057 1237 3401 1310 privilegium
3432 1241 3555 1297 solis
3572 1244 3757 1299 cardina-

2260 1322 2405 1380 libus
2430 1324 2702 1395 episcopis
2723 1324 3041 1394 Albauensi,
3070 1325 3309 1384 Ostiensi
3343 1339 3399 1385 et
3431 1329 3759 1399 Portuensi,sit

2259 1416 2639 1483 commissum,
2671 1417 2926 1474 Giraldus
2950 1419 3086 1489 ipse,
3113 1420 3242 1491 quia
3285 1421 3493 1488 aberat,
3522 1435 3760 1493 expectatus

2259 1521 2366 1562 non
2399 1516 2505 1572 est,
2531 1507 2624 1563 sed
2653 1508 2747 1581 qui
2788 1509 2935 1566 vices
2957 1510 3077 1580 ejus
3116 1521 3477 1581 exequeretur
3513 1514 3763 1585 subrogatus

2257 1608 2361 1655 est.
2397 1598 2501 1666 Qui
2526 1598 2746 1655 demum
2774 1615 3051 1667 reversus,
3078 1616 3233 1671 papae
3254 1602 3399 1657 inter
3417 1611 3585 1658 cetera
3605 1604 3762 1657 electio-

2258 1706 2382 1746 nem
2430 1690 2643 1747 Diensis
2691 1692 2951 1749 atcclesiaa
2991 1692 3248 1760 innotuit,
3291 1702 3349 1748 et
3392 1694 3608 1749 electum
3641 1694 3761 1764 ipsum

2259 1795 2423 1849 quam
2457 1780 2692 1835 maxime
2720 1780 3037 1851 patemitati
3072 1782 3246 1852 ipsius
3279 1783 3762 1839 commendaviLNoo
3806 1814 3807 1825 ι

2262 1871 2437 1925 multo
2460 1880 2583 1941 post
2611 1871 2727 1942 ipse
2751 1871 2846 1942 qui
2868 1873 3357 1929 commendabatur
3378 1873 3604 1940 advenit,
3622 1883 3666 1929 et
3679 1875 3762 1943 quia

2263 1962 2433 2018 solam
2485 1962 2776 2018 clericatus
2821 1973 3105 2019 tonsuram
3146 1964 3763 2020 habebat—detestabatur

2260 2052 2406 2107 enim
2437 2050 2888 2124 Symoniacorum
2928 2054 3421 2120 ordinationes—,
3445 2054 3498 2108 in
3522 2067 3679 2109 mense
3698 2051 3763 2107 De-
3806 2090 3807 2099 η

2261 2144 2502 2199 cembrio
2542 2160 2639 2215 per
2680 2160 2903 2199 manum
2947 2144 3070 2215 ejus
3113 2159 3288 2215 usque
3339 2145 3410 2200 ad
3456 2145 3764 2215 presbiteratus

2261 2234 2487 2304 gradum
2523 2242 2809 2303 promotus
2834 2242 2937 2300 est,
2977 2249 3102 2290 cum
3141 2234 3246 2290 hoc
3290 2234 3464 2304 aliqui
3503 2232 3762 2302 calumpnia-
3806 2258 3807 2265 ι

2260 2337 2454 2382 rentur
2502 2327 2895 2394 Romanorum,
2947 2335 3005 2382 et
3045 2335 3363 2398 promerent
3400 2341 3595 2381 morem
3626 2334 3764 2380 sancte

2262 2418 2523 2474 Romanu:
2542 2418 2805 2485 ecclesias,
2834 2417 3108 2474 nemiuem
3135 2417 3262 2473 licet
3286 2417 3519 2472 electum
3546 2413 3761 2470 antistitem
3806 2460 3807 2463 η

2260 2528 2290 2567 a
2320 2527 2457 2582 papa
2486 2510 2849 2566 ordinandum
2880 2510 2987 2565 nisi
3022 2510 3078 2563 in
3112 2510 3300 2565 eadem
3337 2507 3621 2565 deserviret
3637 2506 3764 2561 socie-
3806 2550 3807 2559 χ

2260 2605 2377 2675 sia.’
2401 2603 2555 2672 Quod
2608 2612 2789 2658 tamen
2832 2603 2888 2657 in
2941 2603 3060 2672 ipso
3098 2602 3337 2658 domnus
3382 2601 3632 2657 autentica
3664 2609 3762 2669 pote-

2260 2705 2400 2753 state
2422 2713 2519 2753 sua
2550 2696 2709 2761 fecit;
2732 2696 3135 2767 complacuerat
3157 2694 3303 2750 enim
3333 2694 3440 2751 sibi
3467 2694 3519 2749 in
3539 2694 3620 2748 illo
3639 2691 3762 2746 anima

2258 2789 2398 2857 ejus.
2423 2787 2482 2843 ln
2507 2787 2927 2859 quadragesima
2949 2801 3097 2852 vero,
3122 2786 3355 2841 sabbato
3379 2786 3435 2840 in
3465 2783 3762 2855 presbiterum.
3806 2820 3807 2823 η

2259 2892 2314 2939 et
2339 2881 2586 2952 sequenti
2613 2880 2897 2936 Dominica
2930 2880 2997 2935 ad
3037 2880 3238 2935 missas
3265 2879 3321 2933 in
3354 2880 3648 2949 episcopum
3678 2888 3765 2929 con-

2260 2984 2505 3032 secratus
2534 2983 2639 3030 cst.
2683 2973 2776 3029 Sic
2820 2982 2944 3044 post
2984 2980 3212 3028 octonos
3259 2968 3663 3027 consecrationis
3689 2965 3764 3019 diu
3806 2998 3807 3007 ξ

2260 3067 2464 3122 affatim
2495 3066 2737 3122 imbutus
2768 3064 2970 3121 divinis
2996 3064 3370 3135 dogmatibus,
3400 3072 3456 3118 et
3484 3060 3680 3116 ubertim
3707 3072 3763 3110 ro-

2185 3162 2226 3216 C
2259 3158 2484 3212 boratus
2545 3154 2948 3211 ecclesiasticis
2999 3153 3384 3209 sanctionibus
3407 3194 3423 3217 ,
3471 3147 3763 3205 benedictione
3806 3176 3807 3185 η

2261 3257 2513 3320 percepta
2545 3246 2808 3302 dimissus
2827 3253 2912 3300 est
2935 3243 3001 3299 ad
3039 3243 3305 3314 regendos
3332 3244 3495 3309 ﬁlios,
3520 3240 3684 3312 quibus
3703 3249 3761 3306 pr
3806 3274 3807 3279 η

2260 3350 2378 3398 stor
2402 3348 2457 3394 et
2489 3348 2669 3394 rector
2697 3337 2980 3393 ordinatus
3002 3345 3138 3391 erat.

2334 3431 2439 3488 Sed
2463 3446 2564 3486 nec
2609 3429 2741 3484 illud
2772 3427 3064 3493 silendum,
3111 3426 3166 3481 in
3211 3442 3323 3497 quo
3352 3425 3561 3499 egregie
3586 3418 3765 3479 convale-

2263 3525 2366 3581 scit
2393 3522 2763 3579 testimonium
2789 3519 3077 3591 probitatis
3111 3519 3252 3590 ejus,
3281 3529 3338 3575 et
3378 3518 3703 3589 pmordinata
3726 3525 3766 3563 ac

2262 3616 2375 3671 Deo
2419 3615 2630 3686 placitae
2673 3611 3106 3669 consecrationis
3148 3611 3287 3681 ejus.
3339 3609 3479 3666 Cum
3516 3605 3765 3681 postipsan

2263 3723 2420 3763 suam
2444 3705 2787 3770 electionem,
2815 3718 2938 3773 qua:
2963 3702 3105 3758 facta
3133 3710 3218 3758 est
3259 3717 3454 3758 mense
3480 3694 3766 3757 Octobriodie

2265 3798 2351 3863 19,
2385 3797 2451 3852 ad
2484 3794 2861 3866 suscipiendos
2892 3794 3114 3850 ordines
3141 3792 3376 3849 Romam
3406 3807 3584 3849 mense
3606 3788 3766 3844 Decem-

2261 3886 2345 3943 bri
2372 3888 2629 3951 venisset,
2671 3886 2879 3941 invenit
2913 3885 3114 3941 ibidem
3145 3900 3244 3956 pro
3277 3886 3446 3941 simili
3477 3878 3768 3954 expectatione
3806 3894 3807 3905 ι

2262 3979 2524 4034 domuum
2594 3976 2913 4032 Anselmum
2978 3974 3281 4032 Luceusem
3354 3974 3608 4038 aalcctum,
3646 3966 3765 4022 virum

2264 4069 2417 4126 omni
2461 4068 2639 4123 laudis
2671 4066 2947 4137 przecouio
2973 4066 3219 4138 dignum,
3256 4081 3409 4121 nunc
3444 4064 3576 4119 felici
3614 4063 3765 4115 beatum

2262 4174 2494 4216 excessu
2531 4156 2700 4228 (127),
2732 4157 2787 4211 in
2834 4170 2944 4226 quo
2981 4155 3160 4211 omnis
3202 4155 3323 4209 laus
3378 4167 3563 4210 secure
3597 4147 3763 4244 canitur.

2263 4248 2401 4305 Cum
2430 4248 2536 4304 hoc
2582 4248 2767 4317 itaque
2813 4255 2965 4302 tanto
3008 4245 3398 4301 familiaritatis
3438 4255 3492 4300 et
3541 4238 3767 4297 dilectionis

2264 4340 2483 4396 vinculo
2517 4354 2797 4395 connexus
2824 4346 2928 4403 est,
2956 4345 3011 4392 et
3052 4337 3126 4392 ita
3156 4336 3282 4402 sibi,
3309 4336 3441 4392 licet
3474 4333 3629 4389 divisa
3652 4325 3766 4382 habe-

2263 4443 2386 4490 rent
2421 4431 2687 4503 hospicia,
2727 4430 2784 4484 iu
2824 4428 3026 4499 palatio
3060 4426 3418 4483 Laterauensi
3443 4417 3672 4479 individui
3704 4411 3766 4467 ιά-
3806 4424 3807 4451 ἀ

573 4498 813 4568 scopalis
848 4509 944 4555 aut
974 4512 1147 4557 mater
1171 4505 1436 4572 aacclesia,
1466 4522 1589 4562 cum
1613 4506 1726 4564 fere
1754 4524 1946 4568 omnes
1980 4515 2163 4584 possi-
2195 4520 2241 4577 ι)
2268 4498 2549 4589 her-ebant,
2586 4530 2647 4576 ut
2672 4498 2841 4575 unum
2870 4519 3040 4575 videri
3074 4519 3196 4574 sine
3223 4518 3399 4574 altero
3427 4515 3609 4569 mirum
3628 4505 3766 4560 vide!“

570 4589 836 4648 derentur
856 4605 886 4645 a
919 4592 1184 4650 militibus
1208 4604 1260 4650 et
1278 4596 1611 4666 quibuslibet
1640 4601 1997 4659 secularibus.
2051 4603 2161 4661 Nec

574 4681 669 4736 diu
692 4697 890 4753 passus
916 4693 999 4740 est
1023 4700 1125 4741 suo
1155 4686 1209 4741 in
1239 4695 1478 4759 tempore
1506 4698 1715 4747 tantam
1745 4693 1929 4751 videre
1957 4698 2162 4752 contri-

573 4773 778 4831 tiouem
804 4784 858 4831 et
881 4778 1348 4835 conculcatiunem
1383 4781 1649 4849 ecclesiae,
1680 4784 1812 4855 quin
1842 4787 2024 4856 potius
2045 4796 2159 4844 sta-

578 4865 680 4920 tuit
706 4866 1007 4937 decretum,
1046 4879 1107 4926 ut
1138 4871 1322 4927 nullus
1346 4871 1519 4931 laicus
1546 4875 1814 4945 optineret
1833 4878 2158 4946 :ccclesiam,

579 4966 673 5010 aut
698 4972 906 5028 partem
949 4964 1222 5034 acciperet
1246 4965 1300 5019 iu
1344 4966 1611 5023 reditibus
1651 4969 2040 5027 tecclesiarum.
2094 4971 2161 5026 Et

578 5045 784 5105 factum
811 5062 914 5121 est,
948 5054 1131 5115 divina
1178 5067 1504 5128 coeperante
1544 5060 1849 5127 clementia,
1874 5070 1935 5119 ut
1967 5076 2159 5118 omnes

2266 4625 2358 4671 tur
2383 4615 2469 4670 bis
2497 4613 2591 4685 qui
2615 4628 2805 4668 eorum
2833 4619 3100 4666 noverant
3133 4608 3567 4663 unanimitatem.
3602 4598 3766 4654 Adeoul

2269 4703 2422 4759 urbis
2452 4700 2739 4772 prmfectus
2764 4698 3002 4769 quodam
3024 4696 3268 4753 veritatis
3300 4692 3561 4766 praesagio
3602 4688 3765 4742 alterum

2271 4796 2465 4850 horum
2489 4791 2656 4855 diem,
2690 4790 2919 4846 alterum
2947 4796 3170 4843 vocaret
3193 4786 3373 4841 lucem
3399 4802 3412 4838 :
3437 4779 3575 4854 quod
3589 4776 3681 4832 dies
3696 4780 3765 4867 non

2268 4881 2339 4938 sit
2363 4881 2481 4936 sine
2505 4880 2627 4933 luce
2654 4886 2711 4932 et
2747 4878 2923 4935 lucem
2959 4876 3075 4934 dies
3102 4875 3413 4931 comitetur.
3446 4868 3765 4929 Lucebath

2267 4970 2322 5024 in
2350 4984 2538 5024 eorum
2567 4966 2814 5021 moribus
2831 4964 3058 5034 justitiaa
3077 4972 3133 5020 et
3156 4963 3372 5033 pictatis
3392 4962 3572 5022 decus,
3590 4960 3767 5047 pm

2266 5061 2491 5116 derabat
2553 5056 2794 5112 amicitia
2847 5064 3143 5119 constans,
3200 5050 3579 5114 mutabilitatis
3620 5051 3763 5099 nescis.
3806 5070 3807 5075 η

1873 5190 2106 5247 VARUE
2146 5188 2544 5245 LECTIONES.

634 5281 703 5378 1”
731 5296 826 5353 ειν-
847 5281 1099 5378 άεέξέαηι·
1161 5282 1790 5378 ³’Ἦνῖεείριιε,τέε¹ειιιν,ῑτο,
1928 5280 2622 5378 θεεξξέειειαῖιξνλῖῖῖεξέεε
2645 5275 2892 5378 ίίξέεέεξξῐξ

579 5341 829 5407 deletum.
908 5352 977 5385 ³¹⁹
996 5362 1196 5407 —emest
1226 5341 1417 5407 deleta:
1491 5353 1558 5385 ³³⁸
1586 5369 1681 5407 -us
1705 5351 1956 5405 deletum.
2036 5351 2102 5383 ³³¹
2122 5351 2302 5406 -navit
2333 5341 2584 5403 deletum.
2661 5346 2730 5377 ⁸³³
2748 5345 2893 5399 enim
2930 5343 3179 5398 deletum.
3254 5343 3321 5375 ³³³
3337 5342 3544 5395 -ficium
3566 5341 3717 5407 praféll

578 5421 771 5481 deleta.
838 5422 907 5454 ³⁸⁸
944 5421 1146 5477 -sscri0
1167 5422 1338 5477 dona-
1371 5422 1560 5476 deleta.
1638 5423 1707 5454 ³³⁵
1730 5438 1851 5476 -ur—
1881 5420 2127 5476 deletum.
2203 5421 2273 5453 ³³⁸
2309 5418 2507 5473 divina:
2529 5415 2777 5471 deletum.

2864 5414 2931 5446 ³³⁷
2967 5430 3027 5467 -a
3054 5413 3302 5469 deletum.
3377 5412 3447 5443 ³³⁸
3484 5402 3750 5464 -ωᾙειειιυι

2065 5532 2299 5590 NOTAE.

653 5628 803 5698 (125)
843 5629 885 5685 Ι.
914 5644 964 5686 e.
990 5628 1289 5698 marsupii),

653 5631 782 5695 (125
843 5629 885 5685 Ι.
914 5644 964 5686 e.
990 5628 1289 5698 marsupii),

651 5628 803 5771 (ίὲδέ
837 5700 1133 5758 Provectus
1152 5698 1312 5759 estin
1339 5697 1803 5769 archiepiscopum
1833 5696 2153 5766 Lugdunen-

2270 5641 2404 5687 sem,
2438 5640 2466 5679 a
2500 5622 2637 5677 1082
2658 5630 2889 5676 exeunte
2915 5619 2997 5671 vel
3027 5616 3162 5671 1085
3183 5618 3419 5673 ineunte.

2333 5694 2482 5766 (127)
2520 5692 2665 5749 Obiit
2686 5708 2735 5749 a.
2770 5689 2926 5758 1086,
2960 5688 3115 5743 Mart.
3149 5687 3213 5743 18
