3834 6304
32 336 110 392 2.77
1200 328 1609 389 CIIRONICON.
1636 362 1705 370 —
1728 330 1857 385 LIB.
1888 330 1948 386 ll.

3069 395 3082 420 ι
3129 333 3235 390 273

35 448 255 507 xEtatibus
281 464 452 521 pares,
491 447 721 504 caritate
748 463 856 502 non
888 447 1147 518 impares,
1173 448 1259 503 sui
1299 447 1537 503 delecta—

1650 469 1701 523 in
1733 468 1961 538 septima
1998 467 2292 524 universali
2320 469 2530 540 synodo
2557 485 2586 524 a
2619 470 2865 541 quinque
2909 470 3236 540 patriarchis

30 545 185 600 bantur
203 542 399 613 copula,
429 541 556 612 quia
578 548 633 594 et
662 540 1023 610 corequalium
1051 540 1118 572 ³³⁸
1151 556 1285 596 usus
1308 540 1539 606 dulcior,

30 647 67 691 et
92 651 247 691 senum
272 635 431 687 tutior
459 640 558 687 est.
599 630 770 687 Senes
804 640 986 687 autem
1017 641 1174 687 erant
1207 647 1319 687 non
1353 632 1542 703 longe-

30 727 154 780 vitate
177 724 302 789 vitae,
327 722 417 778 sed
453 737 668 779 morum
696 720 1032 777 maturitate.
1070 721 1137 776 Et
1173 723 1384 777 utinam
1416 739 1543 793 gra-

32 818 126 869 tiam
146 814 339 869 vtrtutis
360 820 412 866 et
437 813 560 867 ﬁdei
584 812 832 879 alterius,
858 830 1021 884 quem
1045 829 1232 868 secum
1274 814 1329 867 in
1373 813 1544 884 gloria

28 908 113 977 jam
146 911 462 974 assumptum
510 902 656 959 Deus
705 906 990 975 approbat,
1042 904 1283 959 imitetur
1310 912 1365 959 ct
1410 904 1547 959 alter

30 998 95 1066 qui
120 996 340 1051 residuus
368 1004 470 1060 est,
506 1004 566 1050 ut
601 1010 728 1050 cum
778 996 1096 1050 transierint
1126 1004 1375 1067 tempora
1406 1011 1546 1067 prte-

30 1089 157 1152 tinita,
192 1087 289 1141 sint
309 1087 359 1140 in
386 1086 695 1142 caelestibus
724 1103 916 1151 unum,
955 1102 1096 1157 quos
1127 1087 1346 1143 divinus
1390 1103 1547 1143 amor

28 1181 91 1233 hic
118 1178 240 1232 dedit
261 1193 375 1232 esse
399 1193 568 1231 unum
594 1177 764 1249 (128).
801 1176 984 1248 (1074)
1019 1177 1156 1232 Cum
1197 1194 1328 1250 ergo
1360 1177 1559 1234 Romae

28 1269 146 1341 positi
171 1268 592 1339 praestolarentur
629 1267 775 1322 diem
821 1268 1254 1323 consecrationis
1280 1283 1413 1335 suae,
1454 1284 1547 1324 ve-

29 1369 173 1414 nerunt
213 1359 388 1414 nuncii
431 1358 579 1429 regis
621 1357 859 1414 Heinrici
908 1358 1159 1426 Romam,
1195 1369 1452 1431 rogantes
1479 1376 1548 1416 ne

27 1456 169 1503 contra
193 1463 379 1502 morem
405 1448 871 1518 prmdecessorum
902 1443 1127 1504 suorum
1152 1449 1388 1504 domnus
1410 1465 1546 1521 papa

27 1554 93 1592 eos
126 1552 416 1592 consecrare
463 1539 658 1606 vellet,
681 1539 776 1608 qui
820 1539 1172 1609 episcopatus
1211 1541 1546 1597 mlectionem

26 1630 171 1693 solam,
192 1643 285 1681 non
309 1637 488 1682 autem
514 1628 720 1683 donum
745 1645 842 1699 per
881 1629 1086 1702 regiam
1117 1639 1440 1701 acceperant
1461 1632 1548 1686 in-

27 1720 294 1773 vcstituram.
354 1718 423 1773 At
474 1720 591 1790 ipse
626 1721 942 1776 convocatis
983 1722 1355 1779 cardinalibus
1404 1724 1550 1795 lega-

25 1810 176 1861 tionem
217 1808 350 1879 regis
388 1810 624 1879 aperuit,
656 1820 709 1865 et
745 1811 876 1881 quid
920 1813 1023 1868 sibi
1074 1814 1141 1867 ad
1190 1814 1295 1869 hoc
1319 1830 1549 1885 respon-
1583 1814 1625 1874 Β

26 1899 223 1968 dendum,
253 1899 377 1971 quid
401 1909 550 1957 esset
594 1901 927 1972 faciendum,
965 1906 1291 1960 ammonuit.
1338 1905 1549 1974 Quibus

26 1991 411 2059 respondentibus
443 2008 610 2047 usum
643 1994 903 2049 mcclesize
925 1995 1074 2050 hunc
1102 2009 1243 2063 esse,
1271 1986 1418 2051 hunc
1452 1996 1551 2050 ha-

26 2086 107 2140 teri
128 2100 210 2155 pro
234 2084 359 2157 lege,
394 2101 523 2140 cum
552 2087 856 2141 auctoritas
885 2087 967 2142 eis
1001 2087 1150 2141 nulla
1195 2086 1262 2142 ad
1294 2087 1397 2143 hoc
1430 2087 1548 2144 suf-

27 2178 284 2248 iragaretur,
327 2178 379 2232 in
416 2176 657 2233 Lucensi
705 2190 888 2233 tamen
918 2178 1092 2234 electo
1136 2180 1217 2235 eis
1250 2179 1546 2250 adquievit,

26 2276 65 2321 ut
99 2268 535 2323 consecrationem
585 2267 706 2339 ejus
744 2268 1005 2337 diﬂ‘erret,
1046 2270 1218 2325 donec
1264 2270 1550 2327 investitu‘

26 2375 105 2412 (λιιι
127 2360 445 2428 episcopatus
475 2374 546 2415 ex
575 2359 728 2431 regio
767 2360 911 2415 dono
944 2361 1244 2430 accepisset
1272 2361 1441 2433 (129).
1489 2361 1547 2416 In

28 2448 161 2504 Diensi
190 2465 303 2506 vero
322 2451 681 2521 adquiescere
708 2452 902 2518 noluit,
932 2452 1025 2507 sed
1051 2468 1176 2507 eum
1205 2453 1381 2522 prima
1412 2468 1549 2524 qua-

26 2540 275 2610 dragesimae
324 2543 655 2611 ebdomada,
704 2544 932 2598 sabbato
972 2544 1028 2598 in
1060 2546 1446 2615 presbiterum,
1495 2554 1567 2609 et.

28 2630 239 2689 Dominica
277 2637 623 2692 consecravit
668 2635 722 2690 in
765 2636 1082 2707 episcopum
1113 2637 1283 2709 (150).
1323 2637 1390 2693 Et
1419 2639 1548 2709 quia

27 2724 117 2777 vilit
134 2727 220 2781 hoc
236 2738 549 2783 sanctorum
575 2727 801 2782 Patrum
828 2728 1108 2784 adversari
1129 2729 1385 2797 decretis,
1411 2740 1470 2785 ut
1492 2731 1548 2785 in

26 2817 225 2872 canonica
249 2819 508 2875 electione
530 2820 775 2891 episcopi
807 2820 1126 2890 praevaleret
1146 2820 1350 2877 donum
1382 2822 1544 2893 regis,

27 2904 148 2959 immo
179 2909 441 2965 multoties
484 2911 665 2981 ipsam
725 2911 1063 2967 aalectionem
1112 2912 1409 2967 inmutaret
1463 2913 1548 2967 vel

27 2996 159 3062 potius
185 2998 377 3054 irritam
404 3000 631 3068 faceret,
660 3002 852 3057 eodem
876 3018 1022 3057 anno
1046 3003 1193 3075 (1'51)
1219 3004 1275 3058 in
1300 3003 1545 3059 Romana

25 3089 174 3155 tynodo
214 3090 276 3145 50
304 3092 710 3162 episcoporum,
748 3093 1065 3149 considente
1116 3096 1543 3167 presbiterorum

23 3178 290 3236 etabbatum
336 3183 707 3251 multitudine,
758 3185 916 3255 juxta
951 3185 1169 3242 decreta
1212 3188 1544 3261 pontiﬁcalia

23 3278 60 3321 et
90 3269 415 3331 institutiones
462 3275 764 3331 canonicos
795 3292 864 3333 ne
900 3277 1005 3334 hoc
1048 3279 1285 3355 amplius
1326 3296 1357 3335 a
1402 3295 1542 3351 quo-

24 3371 142 3424 quam
182 3375 592 3432 prtesumerctur
638 3367 880 3438 prohibit
938 3369 1041 3424 sub
1102 3370 1545 3426 interminatione

25 3451 347 3523 anathematis,
378 3457 665 3513 decretum
708 3458 916 3516 faciens
950 3460 1006 3515 in
1042 3461 1144 3517 hec
1180 3464 1386 3520 verba:
1434 3484 1453 3516 ί
1485 3464 1545 3520 Si

24 3544 113 3608 quis
129 3545 354 3621 deinceps
380 3553 764 3625 episcopatum
803 3555 889 3611 vel
935 3556 1211 3616 abbatiam
1262 3556 1329 3633 de
1372 3575 1541 3614 manu

24 3634 201 3707 alicujus
231 3642 390 3714 laycae
419 3660 674 3715 personae
702 3647 1026 3716 susceperit,
1058 3649 1369 3706 nullatenus
1400 3651 1543 3706 inter

22 3726 240 3799 episcopos
266 3734 345 3789 vel
373 3736 605 3791 abbates
649 3737 937 3804 habeatur,
973 3755 1077 3795 nec
1106 3740 1215 3795 ulla
1243 3742 1293 3797 ei
1330 3749 1391 3796 ut
1419 3742 1538 3814 epi-

23 3824 232 3887 scopovel
272 3827 451 3881 abbati
494 3826 778 3883 audientia
819 3829 1172 3886 concedatur.
1223 3830 1454 3904 Insuper
1487 3835 1539 3891 ei

23 3910 192 3973 gratiam
212 3914 346 3970 beati
383 3916 536 3973 Petri
569 3926 623 3972 et
654 3919 938 3975 introitum
985 3921 1232 3976 ecclesia:
1259 3922 1541 3979 interdici-

23 3998 166 4069 cimus,
193 4008 547 4081 quoadusque
589 4010 796 4079 locum,
833 4028 994 4081 quem
1028 4014 1132 4068 sub
1158 4014 1385 4070 crimine
1427 4024 1537 4071 tam

25 4091 267 4152 ambitionis
295 4116 458 4170 quam
483 4101 890 4168 inobedientiaa,
922 4104 1068 4173 quod
1089 4114 1176 4159 est
1209 4105 1386 4161 scelus
1423 4106 1539 4161 ido-

24 4176 163 4251 latriae,
188 4189 335 4258 cepit,
380 4207 502 4246 non
534 4190 760 4247 deserit.
815 4191 1076 4249 Similiter
1098 4194 1264 4249 etiam
1302 4193 1369 4250 de
1402 4194 1539 4251 infe-

23 4269 201 4331 rioribus
243 4281 646 4339 ecclesiasticis
707 4282 1064 4354 dignitatibus
1129 4284 1546 4346 constituimus.

24 4354 144 4417 Item:
173 4364 221 4421 Si
250 4370 369 4439 quis
412 4372 831 4442 imperatorum,
874 4372 1099 4441 dueum,
1131 4375 1535 4444 marchionum,

22 4454 249 4526 comitum,
274 4463 358 4519 vel
399 4463 636 4533 quilibet
679 4464 1010 4519 secularium
1062 4474 1395 4536 potestatum
1440 4478 1535 4524 aut

23 4555 306 4608 Personarum
350 4556 737 4612 investituram
782 4557 1134 4629 episcopatus
1174 4559 1259 4614 vel
1304 4559 1535 4631 alicujus

23 4634 344 4699 ecclesiastica:
362 4644 650 4715 dignitatis
676 4646 808 4702 dare
835 4648 1263 4718 prmsumpserit,
1288 4648 1533 4719 ejusdem

25 4728 244 4785 sententia:
268 4733 483 4791 vinculo
509 4751 570 4792 se
597 4737 882 4793 astrictum
908 4737 1067 4793 sciat.
1096 4756 1116 4790 ι
1154 4735 1430 4808 Sequutus
1451 4747 1535 4794 est

23 4819 155 4869 autem
174 4820 220 4874 in
243 4823 340 4879 hoc
374 4825 603 4883 Patrum
639 4830 909 4899 exempla,
942 4829 1069 4885 licet
1097 4828 1213 4899 jam
1238 4842 1334 4898 per
1363 4827 1531 4884 multa

24 4911 225 4998 ineorum
285 4919 557 4974 curricula
604 4919 971 4990 dampnabilis
1021 4920 1139 4975 haec
1194 4918 1534 4975 consuetudo

25 4997 280 5074 molevisset,
308 5020 359 5065 et
386 5012 441 5066 in
469 5028 633 5067 usum
665 5028 929 5069 conversa
950 5021 1112 5068 esset.
1144 5010 1351 5066 Dicitur
1382 5010 1529 5065 enim

1643 568 1694 614 et
1720 559 1824 615 550
1849 560 2092 630 patrihus
2127 561 2232 616 sub
2256 560 2497 617 Adriano
2526 578 2664 633 papa
2697 563 2901 629 habita,
2940 563 3118 633 capite
3148 564 3181 618 3
3214 605 3229 617 .

1652 669 1671 700 ‹
1700 647 1891 705 Omnis
1915 650 2123 705 selectio
2158 651 2421 722 episcopi,
2467 653 2770 724 presbyteri
2818 654 2902 708 vel
2940 653 3180 720 diaconi,
3204 669 3234 710 a

1647 741 1985 811 principibus
2008 741 2148 797 facta
2188 743 2343 797 irrita
2372 753 2611 810 maneat,
2645 744 2946 799 secundum
2990 744 3231 815 regulam

1646 849 1768 901 quae
1799 833 1968 888 dicit:
1999 831 2056 888 Si
2090 833 2215 904 quis
2242 834 2530 904 episcopus
2572 835 2912 891 sccularibus
2946 835 3233 906 potestati-

1650 924 1912 980 bususus
1935 924 2235 980 tecelesiam
2264 940 2359 995 per
2392 924 2541 996 ipsos
2583 926 2905 996 optinuerit,
2932 925 3239 996 deponatur

1646 1021 1701 1068 et
1743 1021 2085 1084 segregetur,
2121 1028 2423 1084 omnesque
2470 1014 2565 1085 qui
2620 1015 2697 1070 illi
2751 1017 3177 1072 communicant.
3214 1036 3231 1067 ι

1646 1105 1776 1162 Item
1804 1106 1861 1161 in
1899 1115 2091 1164 octava
2126 1107 2424 1162 universali
2459 1108 2670 1179 synodo
2710 1110 2897 1165 habita
2930 1126 2961 1164 a
2993 1108 3238 1179 quinque

1647 1197 1935 1267 patriarcis
1981 1199 2085 1255 sub
2115 1198 2424 1255 Nicholaol
2463 1200 2740 1270 pontiﬁce,
2778 1217 3009 1272 cap....:
3054 1221 3072 1253 ‹
3105 1200 3238 1256 Pro-

1647 1292 1918 1348 motiones
1956 1292 2042 1347 vel
2088 1293 2529 1349 consecrationes
2575 1293 2960 1364 episcoporum
3004 1308 3236 1349 concor-

1648 1383 1791 1439 dans
1844 1382 2120 1452 prioribus
2160 1383 2409 1439 conciliis
2443 1383 2545 1438 hec
2590 1392 2775 1439 sancta
2806 1392 2863 1438 et
2911 1384 3238 1439 universalis

1650 1473 1896 1546 synodus
1939 1474 2205 1529 electione
2230 1482 2283 1529 et
2302 1473 2524 1529 decreto
2563 1473 2944 1544 episcoporum
2967 1474 3084 1529 ﬁeri
3109 1490 3239 1529 cou-

1649 1566 1846 1633 stituit,
1869 1574 1924 1621 et
1946 1566 2138 1620 statuit
2158 1574 2321 1636 atque
2347 1565 2732 1636 promulgavit,
2759 1566 3033 1621 neminem
3055 1567 3238 1638 Iayco-

1649 1674 1772 1711 rum
1798 1657 2105 1727 principum
2132 1665 2189 1712 et
2208 1665 2491 1726 potentum
2516 1666 2688 1713 semet
2715 1658 2958 1713 inserere
2985 1658 3240 1713 electioni

1654 1747 1739 1800 vel
1770 1746 2100 1816 promotioni
2141 1746 2468 1816 patriarcha:
2497 1747 2581 1802 vel
2620 1748 2979 1818 metropolitm
3023 1757 3117 1803 aut
3149 1765 3246 1803 cu-

1648 1839 1874 1909 juslibet
1910 1837 2176 1908 episcopi,
2218 1854 2287 1894 ne
2329 1838 2640 1894 inordinata
2676 1839 2805 1895 hinc
2851 1847 2906 1894 et
2942 1840 3244 1910 incongrua

1653 1929 1747 1984 ﬁat
1774 1927 2027 1984 confusio
2050 1929 2135 1983 vel
2158 1929 2453 1997 contentio,
2477 1931 2779 2000 praesertim
2805 1947 2931 1987 cum
2958 1932 3162 1986 nullam
3189 1932 3246 1986 in

1652 2021 1854 2076 talibus
1881 2028 2207 2091 potestatem
2236 2037 2568 2092 quemquam
2591 2023 3044 2092 potestativorum
3069 2023 3251 2095 layco-

1650 2126 1774 2164 rum
1800 2111 2002 2166 habere
2028 2111 2340 2178 conveniat,
2371 2112 2464 2168 sed
2487 2112 2669 2182 potius
2705 2114 2865 2170 silere
2891 2123 2946 2169 et
2967 2113 3247 2170 attendere

1651 2201 1755 2257 sibi
1781 2218 2068 2273 usquequo
2095 2203 2417 2274 regulariter
2450 2220 2482 2259 a
2513 2205 2741 2277 collegio
2770 2207 3031 2262 aecclesiae
3067 2207 3249 2262 susci-

1648 2293 1765 2363 piat
1810 2292 1972 2347 ﬁnem
2018 2293 2213 2349 electio
2267 2292 2440 2349 futuri
2486 2296 2779 2366 pontiﬁcis.
2839 2296 2899 2352 Si
2939 2298 3067 2368 quis
3114 2314 3248 2355 vero

1650 2384 1928 2455 laycorum
1974 2383 2043 2439 ad
2082 2386 2510 2442 concertandum
2559 2398 2614 2444 et
2647 2391 3054 2460 cooperandum
3104 2390 3245 2445 invi-

1650 2482 1799 2529 tatur
1825 2476 1896 2530 ab
1936 2476 2201 2542 mcclesia,
2246 2477 2375 2532 licet
2422 2479 2742 2549 hujusmodi
2782 2497 2910 2538 cum
2938 2483 3242 2538 reverentia

1649 2562 2025 2632 obtemperare
2055 2566 2475 2624 asciscentibus.
2520 2568 2783 2641 Quisquis
2811 2580 2995 2627 autem
3026 2574 3242 2629 secula—

1650 2651 1794 2707 rium
1821 2652 2127 2724 principum
2157 2665 2213 2711 et
2256 2666 2560 2727 potentum,
2588 2660 2675 2716 vel
2710 2661 2938 2717 alterius
2963 2662 3245 2734 dignitatis

1650 2743 1857 2814 laycus,
1896 2744 2157 2802 adversus
2187 2762 2533 2806 communem
2564 2760 2619 2807 et
2646 2762 3043 2809 consonantem
3078 2765 3244 2826 atque

1650 2832 1971 2888 canonicam
2024 2835 2363 2892 azlectionem
2412 2840 2785 2898 :ecclesiastici
2834 2842 3044 2899 ordinis
3084 2859 3245 2915 agere

1652 2926 2016 2995 temptaverit,
2054 2929 2346 2983 anathema
2373 2929 2444 2985 sit
2468 2930 2643 2988 donec
2676 2934 2891 2991 obediat
2928 2943 2983 2990 et
3011 2951 3244 2991 consen-

1648 3015 1766 3069 tiat.
1801 3033 1819 3065 ι
1851 3014 1982 3069 Item
2012 3031 2078 3070 ex
2109 3019 2345 3076 concilio
2366 3019 2592 3088 Niceno,
2624 3038 2745 3093 cap.
2779 3023 2811 3077 6
2839 3042 2852 3077 :
2886 3043 2904 3074 ι
2924 3023 3028 3079 Per
3053 3024 3241 3080 omnia

1571 3153 1617 3216 c
1649 3104 1998 3208 manifestum
2028 3116 2111 3161 cst
2141 3109 2272 3178 quia
2312 3110 2359 3166 si
2407 3111 2533 3181 quis
2571 3122 2772 3182 przeter
2810 3114 3145 3173 voluntatem
3188 3126 3244 3174 et

1648 3196 2037 3251 conscientiam
2087 3202 2491 3271 metropolitani
2537 3201 2702 3259 fuerit
2735 3205 3051 3274 ordinatus,
3094 3207 3244 3264 hunc

1645 3295 1894 3342 sanctum
1928 3298 1982 3342 et
2013 3305 2274 3361 magnum
2306 3293 2604 3350 concilium
2653 3297 2844 3353 statuit
2890 3314 2999 3354 non
3042 3297 3243 3355 debere

1642 3395 1766 3435 esse
1837 3381 2175 3452 episcopum.
2206 3404 2224 3437 ι
2274 3384 2409 3442 Item
2461 3403 2528 3444 ex
2598 3390 2830 3446 concilio
2896 3390 3241 3447 Antiocheno

1895 3492 1912 3524 α
1945 3472 2002 3529 Si
2037 3476 2162 3545 quis
2191 3479 2461 3547 presbiter
2483 3481 2569 3536 vel
2608 3481 2877 3538 diaconus
2902 3498 3000 3552 per
3024 3484 3232 3539 secula-

1640 3577 1758 3618 rem
1793 3563 2118 3636 dignitatem
2145 3570 2433 3625 ecclesiam
2469 3570 2566 3627 Dei
2589 3572 2907 3643 aptinuerit,
2945 3573 3234 3641 deiciatur,

1639 3662 1695 3707 et
1722 3652 1838 3723 ipse
1863 3664 1917 3710 et
1937 3656 2219 3713 ordinator
2243 3660 2363 3730 ejus
2393 3677 2424 3716 a
2448 3663 2837 3719 communione
2858 3664 3037 3720 modis
3062 3665 3239 3721 omni-

1639 3742 1745 3798 bus
1771 3743 2105 3815 abscidatur,
2133 3758 2188 3803 et
2217 3750 2327 3805 sint
2353 3753 2458 3807 sub
2489 3754 2837 3809 anathemate
2865 3754 3009 3814 sicut
3032 3753 3237 3827 Symon

1640 3849 1833 3905 magus
1883 3851 1914 3890 a
1954 3836 2134 3894 Petro.
2176 3861 2195 3894 ι
2241 3840 2300 3897 In
2343 3845 2609 3900 electione
2650 3845 2723 3917 igi
2749 3863 2815 3902 ur
2848 3855 2905 3901 et
2949 3861 3238 3903 consecra-

1637 3927 1786 3983 tione
1827 3928 2015 3984 domni
2068 3931 2285 3991 Diensis
2324 3937 2603 3995 evidenter
2658 3939 2963 3995 ostenditur
3013 3948 3236 4011 operata

1638 4018 1918 4087 divinitas,
1953 4022 2083 4091 quia
2106 4041 2203 4095 per
2231 4027 2373 4084 hanc
2397 4030 2742 4085 occasionem
2774 4040 2979 4086 sancta:
3002 4029 3096 4086 Dei
3123 4046 3234 4085 tec-

1637 4109 1819 4165 clesiae
1842 4113 1945 4166 sub
1974 4126 2175 4184 papatu
2210 4118 2397 4174 domui
2435 4119 2681 4192 Gregorii
2720 4122 2907 4178 multis
2948 4131 3094 4177 retro
3131 4138 3233 4177 an-

1637 4199 1724 4255 nis
1773 4201 2091 4263 obnubilata
2152 4208 2452 4266 aalectionis
2506 4211 2908 4267 aecclesiasticze
2960 4212 3236 4282 splenduit

1635 4291 1858 4347 veritas.
1898 4292 2142 4354 Viderint
2164 4298 2331 4369 igitur
2351 4301 2455 4355 viri
2487 4301 2695 4357 cordati
2721 4302 2853 4372 quid
2895 4302 3039 4370 juris
3065 4302 3234 4371 impe-

1637 4384 1934 4452 ratoribus,
1958 4387 2180 4459 regibus
2200 4401 2252 4447 et
2289 4393 2631 4465 principibus
2653 4393 2710 4448 in
2735 4393 3016 4450 aelectione
3048 4393 3229 4464 ponti-

1567 4500 1613 4560 D
1639 4473 1758 4531 ﬁcis
1788 4487 2121 4535 reservetur.

1711 4561 1996 4637 (Fol.97‘.)
2021 4567 2309 4627 Commisit
2329 4582 2511 4629 autem
2534 4575 2583 4630 ei
2608 4574 2755 4632 vices
2786 4590 2917 4631 suas
2945 4574 3000 4627 in
3032 4572 3228 4638 Gallia,

1641 4651 1731 4706 ubi
1761 4654 2057 4723 plurimum
2082 4658 2356 4732 Symonize
2393 4666 2646 4735 serpebat
2671 4665 2839 4736 pestis
2866 4664 3074 4733 iniqua;
3099 4662 3228 4733 quia

1636 4746 1842 4813 perrari
1874 4746 1987 4804 ilhc
2030 4762 2207 4823 erant,
2243 4758 2339 4826 qui
2379 4771 2488 4811 non
2536 4768 2721 4813 essent
2759 4766 2853 4812 aut
2891 4755 3227 4827 Symoniaci,

1636 4839 1733 4886 ant
1757 4851 1788 4890 a
1819 4835 2160 4909 Symoniacis
2192 4846 2451 4916 ordinati,
2484 4857 2578 4903 aut
2626 4864 2722 4918 per
2766 4862 2989 4902 manum
3031 4846 3227 4901 laicam

1638 4924 1876 4982 investiti
1921 4930 2094 5004 (152).
2145 4935 2449 4995 Plurimum
2495 4939 2572 4993 illi
2614 4939 2918 5005 inculcans,
2959 4947 3229 5008 potestate

1637 5016 1761 5072 data
1811 5035 1920 5076 non
1962 5024 2137 5095 abuti,
2183 5046 2293 5101 quo
2341 5032 2523 5088 minus
2569 5031 2861 5103 depravata
2909 5030 3223 5105 corrigeret.

1269 5125 1499 5181 VARUE
1539 5127 1941 5195 LECTIONES.

74 5204 124 5236 ³³⁸
151 5209 471 5286 Coaequalior
500 5235 548 5273 ε.

1446 5327 1675 5396 NOTAE.

216 5410 361 5485 IIugo
388 5432 540 5472 anno
562 5419 781 5474 demum
808 5417 944 5473 1106
969 5419 1125 5474 obiit.

67 5473 180 5560 (βξ)
204 5481 264 5536 At
283 5473 791 5560 eontraiGregorius
812 5491 867 5544 in
890 5473 1177 5560 litterisad
1205 5489 1523 5545 Anselmum

20 5534 340 5632 ξςξιξς-Βεερει..
364 5555 406 5632 I_,
428 5534 730 5632 21_,_m3nct
771 5560 939 5632 negah
966 5558 1352 5632 IIenricoﬁrege
1376 5561 1528 5613 invt-

18 5616 464 5700 ειιξιιεξῃηςροείρίει
493 5616 610 5700 Kal.
643 5628 822 5700 δεμ,
851 5616 1375 5700 ind.12(1075).uli.

67 5680 195 5771 ς
207 5680 395 5771 DleAcotn
402 5680 708 5771 secratione
719 5680 983 5771 rlitigo—niis
996 5680 1395 5771 gregarius—in
1426 5704 1502 5759 Re

18 5758 149 5810 ἔδειῐο
179 5754 215 5825 I,
241 5760 304 5816 69
334 5764 545 5822 litteras
576 5767 723 5823 dedit
764 5754 853 5825 ad"
879 5754 1152 5826 comitem”
1175 5754 1539 5831 Diensem'v'n

1632 5424 1751 5497 Kal.
1790 5422 2315 5497 April.,__ind,,__12;__
2342 5424 2377 5477 i.
2416 5439 2465 5497 φ.
2500 5424 2621 5497 ipso
2665 5426 3096 5485 consecrationis
3134 5430 3227 5485 die

1636 5496 1703 5579 16
1843 5492 2034 5579 'blartii
2082 5492 2253 5561 1074;
2282 5493 2492 5550 Pascha
2520 5492 2869 5553 celebratum
2911 5508 2995 5555 est
3034 5500 3122 5556 die
3149 5500 3221 5553 20

1634 5565 2142 5713 Aggglisfgequcnti
2174 5645 2315 5689 anet:
2353 5633 2510 5703 1.075,
2538 5645 2599 5690 ut
2629 5636 2820 5693 docuit
2840 5636 3042 5712 Pagius
3067 5638 3134 5695 ad
3182 5641 3216 5696 Il

1633 5722 1685 5761 δ’
1708 5704 1858 5847 (lii-ae)
1884 5774 1968 5831 cr.
2009 5773 2424 5850 epist.Gregorii
2454 5773 2661 5849 Regist.
2684 5774 2725 5844 ι,
2753 5776 2840 5832 69.
2866 5776 2931 5834 8:.
