3834 6304
513 305 625 368 179

1506 294 1810 353 HUGONIS
1845 291 2140 351 ABBATIS
2176 288 2746 349 FLAVINlACENSlS
2852 368 2863 377 \
3664 294 3755 349 περ

507 414 860 493 dampnanda
887 415 1169 481 recideret,
1207 421 1393 471 sancta
1417 420 1471 467 et
1504 412 1735 467 honesta
1762 410 2003 475 doceret,
2035 419 2089 464 et
2117 412 2161 468 Α
2193 440 2324 480 sane
2345 422 2412 478 de
2441 438 2508 477 eo
2543 437 2737 476 omnes
2775 420 2870 491 qui
2900 428 3168 476 ηονετιιιιι
3199 418 3492 489 perhibent
3532 418 3755 474 ιαιίωο.

508 508 751 565 docenda
786 507 1009 563 faceret.
1040 506 1270 576 Scripsit
1298 514 1353 560 et
1390 505 1457 560 ad
1486 505 1740 575 praelatos
1781 504 2091 559 Gallicana-

510 616 635 655 rum
664 599 1045 665 ecclesiarum,
1070 612 1192 669 qua:
1223 606 1351 652 sunt
1376 596 1517 667 juris
1558 596 1735 651 sancti
1775 595 1945 663 Petri,
1976 596 2093 666 cpi-

509 691 706 747 stolam
736 706 836 761 pro
878 706 977 745 suo
1019 703 1189 743 censu
1236 686 1420 742 debito
1460 687 1620 741 beato
1663 686 1824 741 Petro
1865 686 1922 740 in
1974 685 2092 740 haec

507 784 677 838 verba
702 802 715 837 :
746 802 765 835 ι
784 782 1075 853 Gregorius
1097 778 1243 851 (155)
1258 780 1567 849 episcopus,
1595 794 1785 835 servus
1807 793 2089 833 servorum

510 872 629 939 Dei,
668 873 921 927 omnibus
959 871 1246 926 abbatibus
1270 879 1324 924 et
1358 869 1594 939 prIelatis
1634 880 1744 923 tam
1788 870 2090 924 monacho-

509 978 630 1017 rum
655 978 817 1033 quam
848 971 901 1016 et
929 961 1323 1016 canonicorum
1370 976 1467 1030 per
1511 959 1713 1015 Gallias
1754 960 2089 1025 constitutis,

506 1054 738 1110 salutem
773 1061 827 1107 et
873 1052 1230 1122 apostolicam
1265 1050 1715 1105 benedictionem.
1756 1050 2091 1106 Fraternita-

507 1157 613 1199 tem
666 1153 928 1209 vestram,
984 1142 1330 1199 dilectissimi
1378 1141 1601 1209 fratres,
1647 1142 1815 1197 latere
1867 1143 2093 1197 minime

504 1234 778 1290 credimus
843 1234 1112 1304 quasdam
1156 1232 1528 1287 meelesiarum
1577 1242 1877 1286 vestrarum
1929 1232 2091 1287 beato

503 1323 662 1379 Petro
683 1333 739 1379 et
762 1325 920 1380 nobis
944 1339 1158 1379 annuos
1179 1339 1378 1378 census
1395 1323 1773 1393 persolverecx
1789 1323 2094 1392 praeceden-

503 1415 640 1469 tium
674 1414 899 1469 Patrum
932 1413 1370 1469 institutionibus
1399 1414 1614 1468 debere.
1653 1411 1758 1467 Sed
1792 1413 1921 1481 quia
1969 1412 2091 1482 qui—

503 1508 629 1562 dam
662 1515 907 1562 vestrum
939 1506 1137 1576 partim
1165 1505 1510 1576 negligentia,
1536 1504 1732 1575 partim
1755 1520 1888 1559 vero
1913 1504 2091 1560 tenaci

501 1597 851 1652 induratione
879 1597 993 1652 haec
1024 1598 1290 1653 hactenus
1322 1598 1503 1652 minus
1536 1598 1692 1666 plene
1721 1612 1885 1667 quam
1928 1612 2092 1667 opor-

500 1696 640 1741 teret
664 1697 912 1759 egerunt,
940 1688 1040 1744 hos
1087 1698 1146 1743 ut
1188 1689 1464 1743 emendari
1490 1697 1543 1743 et
1571 1688 1751 1743 debita
1792 1689 2092 1746 solverem

2191 509 2367 575 nium,
2419 508 2763 564 levissimum
2786 506 3004 577 quidem
3045 521 3170 560 eum
3204 514 3388 560 mente
3409 513 3468 560 et
3507 520 3720 575 corpore
3735 527 3762 571 ,~

2189 609 2245 655 et
2276 609 2459 654 tamen
2498 608 2712 670 gratum
2756 596 2948 663 fuisse,
2975 604 3029 651 et
3075 597 3155 664 ita
3192 595 3378 651 seculo
3414 596 3674 659 deditum,
3705 605 3757 650 ut

2190 692 2310 763 ejus
2355 692 2470 762 jam
2513 691 2656 747 facta
2704 690 2993 745 conversio
3029 689 3288 743 omnibus
3332 688 3610 743 videretur
3652 705 3759 745 esse

2191 784 2477 839 miraculo.
2512 782 2615 837 Ubi
2643 796 2772 836 vero
2817 780 3083 835 voluntati
3131 778 3475 836 satisfecisse
3518 795 3578 834 se
3619 780 3755 841 vidit,

2190 875 2355 944 etrapit
2398 875 2509 945 jam
2570 871 2868 943 aliquando
2928 871 3111 926 tcdere
3162 869 3307 939 quod
3360 871 3614 924 libuerat.
3666 869 3756 928 Sed

2189 982 2386 1023 rursus
2421 966 2564 1021 inter
2586 965 2702 1034 ipsa
2726 963 3102 1019 conversionis
3136 962 3434 1033 primordia
3458 962 3590 1017 dum
3609 978 3755 1032 cupe-

2188 1070 2273 1115 ret
2315 1074 2375 1115 se
2427 1046 2718 1112 extendere
2761 1055 2830 1111 ad
2876 1054 3115 1120 insolita,
3169 1054 3549 1121 reverberatus
3592 1054 3759 1108 animo

2190 1149 2486 1220 proclivior
2531 1148 2744 1203 redibat
2792 1144 2859 1200 ad
2896 1146 3078 1200 solita.
3131 1143 3274 1199 Vicit
3315 1144 3539 1199 tandem
3595 1156 3758 1199 metus

2191 1242 2386 1303 mortis
2412 1250 2465 1296 et
2492 1240 2755 1311 gehenna:
2786 1238 3085 1293 hominem.
3121 1235 3366 1290 Credidit
3405 1252 3467 1291 se
3500 1236 3635 1291 satis
3656 1246 3761 1291 tuto

2190 1333 2455 1403 periculo,
2500 1330 2705 1386 Christi
2747 1338 3026 1400 protectus
3060 1328 3285 1382 auxilio.
3319 1326 3514 1381 Omnia
3560 1338 3758 1398 postpo-

2192 1423 2323 1489 suit,
2372 1423 2559 1478 omnia
2586 1421 2850 1485 deseruit,
2893 1429 2949 1474 et
2976 1419 3041 1474 ad
3068 1417 3265 1473 Casam
3309 1417 3404 1473 Dei
3438 1433 3498 1473 se
3526 1419 3758 1482 contulit,

2192 1514 2285 1568 ubi
2316 1524 2447 1568 tunc
2469 1512 2730 1584 temporis
2753 1512 2916 1566 nullae
2959 1510 3182 1574 divitiae,
3229 1509 3380 1564 nulla
3419 1509 3615 1580 gloria,
3659 1511 3759 1565 sala

2192 1604 2569 1660 habitantibus
2593 1602 2896 1659 suﬂiciebat
2936 1602 3140 1671 inopia.
3170 1599 3337 1656 Vasta
3358 1612 3479 1655 erat
3500 1601 3759 1665 heremus,

2193 1705 2378 1765 utpote
2403 1710 2525 1765 quae
2538 1704 2663 1749 ante
2689 1708 2865 1749 annos
2886 1692 2956 1746 20
2972 1690 3336 1745 habitationes
3361 1689 3646 1744 hominum
3668 1705 3759 1744 non

502 1780 778 1842 studeant.
818 1795 1011 1837 omnes
1045 1791 1224 1836 autem
1252 1791 1311 1835 ut
1344 1781 1645 1851 apostolico
1672 1782 2086 1852 prarcepto:Cui
2120 1771 2163 1829 Β
2193 1797 2435 1842 noverat.
2489 1786 2727 1841 Sanctus
2769 1785 2919 1839 illam
2963 1782 3235 1837 Robertus
3285 1780 3501 1851 primus
3535 1781 3758 1845 incoluit,

502 1870 723 1941 vectigal
749 1872 988 1943 vecligal,
1012 1874 1098 1926 cui
1123 1874 1377 1926 tributum
1403 1874 1682 1940 tributum,
1707 1875 2088 1944 optemperetis

503 1975 936 2018 rornmonemus.
993 1962 1377 2035 Unusquisque
1416 1964 1562 2020 enim
1596 1980 1703 2019 non
1754 1967 1900 2035 quod
1926 1982 2087 2022 suum

500 2060 605 2118 est,
644 2063 725 2108 set
770 2055 916 2124 quod
967 2055 1211 2121 alterius,
1252 2067 1477 2126 querat;
1528 2057 1787 2126 quoniam
1832 2057 1878 2113 si
1927 2058 2089 2128 digne

501 2144 868 2217 redarguitur,
901 2146 993 2216 qui
1024 2158 1183 2216 prout
1208 2157 1417 2217 oportet
1440 2149 1658 2219 propria
1696 2165 1802 2204 non
1838 2149 2086 2220 largitur,

501 2252 611 2308 qua
642 2242 911 2313 sententia
938 2240 1135 2311 dignus
1160 2250 1262 2306 est,
1286 2241 1377 2311 qui
1419 2257 1517 2296 nec
1539 2242 1715 2297 aliena
1748 2258 1958 2311 rapere,
1990 2260 2089 2300 nec

498 2332 680 2388 debita
716 2332 909 2387 metuit
932 2334 1187 2397 retinere,
1221 2333 1432 2388 dicente
1458 2333 1689 2388 Domino
1717 2352 1729 2388 :
1762 2333 1893 2400 Qua:
1930 2335 2087 2390 vultis

497 2434 559 2480 ut
585 2425 790 2495 faciant
818 2424 982 2492 vobis,
1007 2424 1117 2480 haec
1141 2425 1302 2495 facile
1326 2435 1376 2479 et
1405 2442 1491 2479 vos
1516 2424 1647 2479 illis.
1677 2423 1743 2480 Et
1773 2444 1785 2479 :
1817 2426 1969 2490 Quod
1994 2426 2088 2481 tibi

498 2532 601 2569 non
630 2516 731 2583 vis,
758 2516 855 2570 alii
887 2532 988 2569 non
1018 2517 1227 2587 feceris.
1260 2515 1413 2573 Nunc
1443 2518 1630 2588 igitur,
1665 2518 1792 2587 quia
1831 2519 2087 2574 dilectum

495 2608 668 2662 illium
725 2617 973 2664 nostrum
1021 2607 1307 2680 Hugonem
1357 2608 1609 2664 Diensem
1654 2610 1971 2680 episcopum
2018 2611 2089 2665 ob

494 2699 893 2756 aeeelesiasticaa
954 2702 1205 2757 utilitatis
1239 2703 1456 2757 diversa
1505 2704 1727 2774 negocia
1784 2704 1838 2758 in
1887 2702 2089 2761 Gallias

496 2787 642 2844 vices
687 2800 907 2846 nostras
941 2800 1340 2862 exequuturum
1395 2792 1687 2860 mittimus,
1724 2804 1778 2849 et
1830 2797 1959 2866 quia
1994 2813 2090 2851 ne-

496 2880 635 2934 mini
663 2883 847 2952 pstius
885 2885 1106 2939 credere
1149 2885 1435 2951 debemus,
1478 2901 1641 2955 quem
1678 2886 1734 2941 in
1773 2889 2027 2944 omnibus
2057 2904 2087 2943 a

498 2972 658 3028 nobis
681 2972 786 3029 sibi
809 2974 1072 3045 injunctis
1102 2975 1332 3031 ﬁdeliter
1359 2976 1537 3047 egisse
1565 2978 1950 3047 comperimus,
1968 2994 2091 3048 qua:

499 3063 662 3119 nobis
694 3079 762 3119 ex
796 3065 1045 3124 ecclesiis
1071 3068 1268 3123 vestris
1298 3067 1606 3137 specialiter
1631 3068 1859 3137 debetis,
1890 3085 1988 3124 vos
2011 3070 2088 3124 illi

498 3153 569 3209 ad
595 3169 699 3209 nos
727 3154 1047 3225 perferenda
1069 3158 1396 3228 persolvere,
1426 3173 1491 3214 ac
1519 3158 1586 3214 de
1608 3159 1831 3215 retentis
1869 3159 2088 3215 satisfa-

500 3259 629 3300 cere
642 3245 829 3316 jubem
839 3262 921 3302 us.
936 3266 955 3299 ι

581 3333 706 3407 Ipso
762 3353 908 3393 anno
954 3338 1100 3408 apud
1150 3338 1349 3399 Casam
1398 3338 1493 3395 Dei
1528 3340 1676 3412 (154)
1719 3342 2087 3397 monasticum

503 3437 826 3499 susceperat
847 3430 1094 3485 habitum
1120 3430 1360 3487 domnus
1386 3429 1628 3500 Jerento,
1644 3448 1831 3488 mense
1850 3432 2087 3489 Novem-

501 3521 650 3591 brio,
693 3522 783 3576 die
827 3522 880 3576 1.
927 3521 1029 3578 Hic
1055 3531 1211 3579 ortus
1256 3523 1535 3579 territorio
1570 3522 1890 3592 Viennensi,
1936 3536 2091 3596 patre

503 3615 767 3682 Arnaldo,
800 3625 979 3671 matre
1016 3616 1198 3688 Agnes
1241 3617 1484 3674 nomine.
1532 3617 1775 3672 nutritus
1822 3627 1911 3673 est
1964 3617 2091 3673 dili-

502 3705 652 3776 genti
679 3721 811 3761 cura
832 3715 890 3760 et
910 3705 1182 3762 industria
1214 3721 1244 3759 a
1275 3705 1479 3761 domno
1508 3704 1735 3779 Hugone
1761 3706 2090 3764 Cluniacen-

504 3793 649 3848 sium
678 3801 854 3863 patre,
887 3792 1005 3863 (fol.
1050 3794 1140 3865 9.8)
1187 3795 1384 3851 litteris
1420 3796 1582 3851 etiam
1625 3797 1870 3853 imbutus
1908 3807 1992 3854 est
2021 3800 2091 3854 ab

504 3885 592 3940 his
614 3884 710 3955 qui
742 3885 968 3956 majoris
996 3886 1338 3941 auctoritatis
1365 3886 1691 3941 videbantur
1722 3888 1777 3942 in
1802 3887 2087 3944 Cluniaco.

505 3976 808 4046 Postquam
837 3993 979 4033 vero.
1014 3978 1269 4045 adolevit,
1312 3978 1501 4034 seculo
1544 3978 1780 4045 adhesit,
1819 3989 1872 4034 et
1914 3979 2091 4036 factus

509 4077 597 4124 est
622 4069 769 4126 velut
793 4085 986 4141 expers
1014 4071 1202 4141 gratiae
1238 4085 1405 4141 quam
1450 4071 1679 4140 adeptus
1721 4070 1915 4138 fuerat,
1960 4073 2092 4127 levi-

506 4163 608 4219 tati
632 4163 856 4220 omnino
884 4165 1129 4233 studens,
1154 4166 1433 4222 canonicre
1460 4166 1818 4237 professionis
1841 4184 2117 4237 normam

503 4257 780 4328 rejieiens,
839 4259 1098 4315 militaria
1146 4260 1329 4330 potius
1395 4260 1760 4316 instrumenta
1807 4273 2089 4332 appetens.

509 4345 879 4420 Studebatque
943 4350 1130 4405 seculo
1173 4366 1419 4406 crescere
1444 4393 1460 4417 ,
1505 4368 1617 4407 non
1668 4351 1800 4408 Deo.
1859 4352 2091 4410 Animus

504 4440 705 4510 quietis
739 4442 1055 4512 impatiens,
1085 4441 1293 4497 laboris
1326 4442 1575 4513 impiger,
1612 4443 1828 4498 domari
1861 4460 1969 4500 non
1995 4461 2081 4514 po-
2124 4463 2170 4517 ι)

506 4542 666 4589 terat.
695 4532 1025 4604 Implebatur
1053 4534 1111 4589 in
1150 4549 1216 4588 eo
1247 4534 1380 4588 illud
1423 4535 1629 4589 ethnici
1676 4536 1825 4607 (155)
1863 4539 2091 4594 verissi-

510 4640 663 4679 mum
713 4624 781 4680 de
817 4624 1020 4695 juvene
1056 4624 1267 4678 inberbi
1317 4625 1715 4691 testimonium,
1761 4626 1921 4695 cujus
1963 4629 2093 4699 quia

509 4724 762 4772 nostrum
796 4729 907 4770 non
931 4723 1015 4770 est
1045 4714 1386 4781 memmisse,
1408 4715 1503 4785 qui
1534 4716 1686 4770 novit
1717 4718 1944 4774 recolat.
1981 4719 2098 4777 Hoc

2191 1880 2285 1950 qui
2307 1880 2493 1935 animo
2518 1887 2572 1934 et
2607 1892 2838 1948 corpore
2863 1875 3069 1930 mundo
3101 1875 3242 1928 mori
3268 1884 3324 1928 et
3351 1872 3576 1928 Christo
3594 1874 3756 1928 vivere

2190 1982 2414 2042 paratus
2437 1970 2558 2037 fuit,
2590 1968 2737 2041 quod
2761 1967 2981 2023 libellus
3003 1965 3193 2021 devita
3215 1966 3336 2035 ejus
3363 1966 3607 2035 scriptus
3630 1966 3759 2032 (l36)

2188 2062 2404 2132 plenius
2427 2060 2662 2116 elucidat
2692 2058 2834 2113 scire
2852 2056 3181 2112 volentibus.
3221 2054 3383 2109 Anno
3415 2056 3567 2109 enim
3602 2054 3670 2108 ab
3694 2055 3762 2107 in-

2189 2166 2341 2207 carn.
2366 2150 2524 2205 Dom.
2550 2148 2689 2203 1045
2717 2146 2784 2178 ³³³
2812 2146 2939 2201 illuc
2960 2144 3128 2209 venit,
3152 2144 3245 2198 ubi
3270 2142 3489 2214 przefuit
3509 2141 3759 2198 domui‘u

2190 2245 2351 2299 annis
2380 2244 2433 2308 9,
2462 2253 2515 2298 et
2538 2242 2713 2297 factus
2740 2241 3042 2295 monachus
3072 2238 3139 2270 ³⁸³
3167 2246 3220 2292 ct
3255 2237 3426 2292 abbas
3455 2234 3759 2307 prefuitan-

2190 2337 2277 2392 nis
2304 2336 2370 2390 15
2399 2335 2467 2367 ³³⁸
2483 2334 2658 2405 (157),
2691 2342 2746 2387 et
2774 2331 3029 2402 migravit
3047 2330 3118 2385 ad
3138 2329 3431 2384 Dominum
3455 2343 3605 2383 anno
3628 2327 3758 2393 106⁵1,

2190 2441 2567 2485 successorem
2612 2439 2776 2480 suum
2817 2423 3116 2493 designans
3169 2420 3392 2477 nomine
3438 2419 3756 2475 Durannum.

2189 2521 2271 2576 Ad
2303 2521 2449 2575 hunc
2475 2534 2606 2590 ergo
2626 2519 2811 2574 locum
2836 2516 3089 2583 veniens,
3120 2515 3211 2570 cui
3236 2524 3363 2584 post
3384 2514 3603 2569 obitum
3641 2527 3758 2582 pm

2190 2610 2285 2666 fati
2310 2609 2481 2681 patris
2508 2608 2801 2679 praedictus
2825 2606 2965 2661 abba
3009 2604 3305 2659 Durannus
3344 2612 3603 2673 prmerat,
3631 2616 3759 2656 sum-

2189 2702 2301 2772 psit
2328 2700 2573 2755 animum
2595 2708 2650 2753 et
2678 2697 2915 2752 formam
2953 2694 3232 2765 discipuli,
3259 2693 3355 2749 sed
3382 2708 3517 2758 mox
3541 2690 3761 2761 compul-

2191 2808 2286 2849 sus
2308 2801 2391 2847 est
2426 2790 2685 2861 magister
2708 2788 2847 2854 tieri,
2879 2796 2934 2842 et
2966 2787 3244 2857 prioratus
3280 2784 3525 2854 suscepit
3551 2782 3759 2838 oﬂicium

2185 2884 2346 2955 jussu
2376 2881 2588 2938 abbatis
2610 2891 2664 2936 et
2700 2879 2870 2935 totius
2902 2876 3368 2949 congregationis.
3415 2874 3761 2938 Tristabatur,

2190 2974 2321 3043 quia
2344 2972 2491 3044 quod
2512 2970 2859 3027 desiderabat
2878 2984 3001 3025 esse
3042 2967 3304 3038 nequibat
3337 2986 3350 3020 :
3397 2975 3454 3021 et
3482 2966 3616 3037 quia
3651 2964 3754 3019 aliis

2190 3079 2427 3133 prteesse
2474 3062 2809 3133 rogabatur,’
2843 3060 2961 3130 ipse
3013 3058 3070 3113 in
3124 3073 3186 3114 se
3243 3059 3311 3113 de
3353 3072 3411 3112 se
3462 3056 3757 3112 mirabatur.

2193 3152 2512 3208 Triennium
2535 3152 2590 3206 in
2618 3151 2739 3220 ipso
2766 3149 2971 3204 mansit
3005 3147 3184 3204 ofﬁcio
3211 3148 3317 3204 sub
3357 3146 3581 3203 abbatis
3618 3147 3761 3215 impe-

2193 3244 2294 3310 rio,
2321 3242 2615 3314 providens
2640 3256 2740 3311 pro
2764 3254 2926 3310 posse
2946 3247 3001 3293 et
3023 3252 3189 3294 nosse
3224 3236 3543 3292 necessaria
3573 3250 3756 3307 paupe-

2188 3334 2341 3389 ribus
2358 3332 2586 3399 Christi,
2622 3340 2677 3385 et
2713 3329 2983 3385 insudans
3011 3329 3234 3383 utilitati
3257 3328 3543 3383 mcclesiaa.
3571 3325 3759 3381 Promo-

2191 3425 2369 3480 tiones
2408 3421 2923 3479 zecclesiasticorum
2965 3420 3237 3491 graduum
3283 3418 3520 3489 adeptus
3567 3428 3649 3473 est
3685 3430 3759 3485 per

2191 3532 2416 3573 manum
2446 3515 2634 3571 domni
2689 3514 2933 3585 llugonis
2962 3512 3182 3567 Diensis
3233 3511 3504 3583 episcopi,
3544 3528 3575 3566 a
3609 3512 3759 3581 primo

2141 3625 2147 3633 '
2191 3625 2368 3681 usque
2407 3609 2474 3663 ad
2501 3608 2827 3678 septimum.
2862 3604 3184 3675 Invigilabat
3210 3604 3355 3658 enim
3401 3602 3552 3658 idem
3583 3601 3756 3659 sollici-

2192 3709 2280 3754 tus
2314 3698 2462 3770 gregi
2494 3697 2597 3752 sibi
2626 3696 2858 3761 credito,
2892 3704 2947 3749 et
2978 3692 3270 3764 legationis
3301 3692 3408 3746 sibi
3431 3693 3649 3747 credita:
3668 3689 3759 3744 sol-

2189 3790 2371 3845 licitas
2394 3804 2621 3844 servans
2640 3786 2926 3852 excubias,
2949 3785 3188 3855 primum
3218 3784 3519 3839 concilium
3552 3783 3757 3838 celem

2189 3882 2269 3937 vit
2329 3882 2473 3951 apud
2526 3880 2757 3944 Ansam,
2809 3877 3114 3934 secundum
3174 3876 3320 3946 apud
3395 3873 3756 3930 Clarummon-

2190 3984 2301 4029 tem
2339 3972 2512 4045 (158),
2554 3973 2609 4027 in
2650 3987 2761 4042 quo
2812 3969 3093 4040 Stephano
3134 3966 3470 4022 Arvernensi
3514 3967 3755 4036 episcopO.

2193 4063 2486 4120 Podiensis
2512 4063 2657 4119 sedis
2688 4063 2963 4127 invasere,
3003 4060 3134 4130 quia
3178 4074 3279 4129 pro
3309 4058 3611 4113 ambitione
3641 4053 3759 4109 male

2193 4157 2377 4211 sedem
2426 4170 2583 4210 suam
2624 4154 2962 4216 deseruerat,
3008 4150 3285 4207 Willelmo
3328 4164 3552 4220 quoque
3593 4146 3755 4220 Syma-

2192 4247 2351 4301 niaco
2373 4255 2426 4300 et
2453 4245 2707 4299 invasore
2746 4243 2891 4297 sedis
2913 4240 3276 4296 Arvernensis
3296 4216 3566 4309 deposito,
3602 4216 3756 4307 (toi?)

2193 4344 2548 4391 consecratus
2578 4344 2662 4389 est
2686 4331 2946 4404 praafatus
2975 4331 3146 4386 abbas
3183 4328 3482 4383 Durannus
3512 4326 3753 4379 Arverno-

2194 4444 2318 4484 rum
2357 4428 2671 4498 episcopus,
2719 4434 2943 4495 peracto
2982 4422 3247 4478 decennio
3274 4420 3561 4491 regiminis
3594 4416 3671 4472 sui
3708 4413 3753 4466 in

2198 4519 2319 4574 loco
2346 4518 2504 4573 Casa:
2530 4517 2649 4584 Dei,
2680 4516 2776 4587 qui
2802 4516 2967 4570 etiam
2995 4523 3119 4584 post
3140 4513 3425 4567 biennium
3457 4510 3695 4581 petitione
3709 4513 3751 4556 et

2202 4610 2484 4666 voluntate
2525 4609 2758 4664 fratrum
2782 4622 2973 4662 curam
3003 4604 3285 4676 regiminis
3316 4602 3546 4673 Siguino
3584 4594 3749 4655 dereli-

2202 4701 2341 4772 quit.
2374 4700 2620 4757 Tertium
2652 4699 2887 4754 Divioni.
2929 4695 3368 4767 Persequebatur
3402 4691 3748 4766 Symouiam

1795 4827 1881 4882 VA
1892 4828 2029 4887 BHE
2068 4831 2474 4889 LECTIONES.

580 4916 648 4947 “°
687 4916 826 4971 -bita
861 4917 972 4972 sol-
999 4917 1191 4971 deleta.
1305 4917 1371 4949 ³⁸¹
1410 4916 1459 4971 Μ
1502 4958 1516 4971 .

508 5002 609 5040 vox
630 4986 859 5040 abscisa.

1560 4958 1574 4972 .
1620 4960 1633 4972 .
1664 4936 1746 4985 c.;
1784 4937 2057 4975 numerum
2100 4925 2311 4977 restitui
2346 4940 2412 4978 ea:
2441 4922 2623 4978 chron.
2676 4920 3050 4976 Malleacensi.
3147 4920 3218 4953 ³⁵⁸
3254 4918 3290 4975 d
3329 4958 3344 4973 .
3390 4958 3404 4972 .
3449 4957 3464 4971 .
3510 4956 3525 4971 .
3559 4932 3601 4968 c.

959 4987 1027 5019 ’“
1065 5003 1339 5042 numerum
1363 4987 1596 5059 suppleri
1625 5006 1689 5043 ea:
1714 4990 1897 5045 chron.
1931 4991 2296 5047 Malleacensi.

2040 5128 2266 5187 ΝΟΤᾸΕ.

587 5237 737 5320 ς
774 5236 1122 5320 Desideratur
1144 5236 1483 5320 innllegistro
1511 5236 1777 5320 Gregorii.
1816 5239 1881 5294 Κ.

585 5305 735 5376 (154)
780 5305 837 5361 S.
871 5305 1076 5363 Robert
1106 5305 1579 5375 la-Chaise-Dieu,
1624 5305 1934 5367 dioeceseos
1969 5310 2089 5367 Cla-

511 5384 869 5432 romontanaa.

581 5447 733 5577 (155)
768 5445 999 5513 Horatii,
1035 5446 1103 5501 de
1128 5453 1245 5501 arte
1266 5456 1409 5517 poet.
1442 5448 1538 5502 161
1576 5463 1728 5519 seqq.

609 5516 711 5570 156
771 5516 1007 5572 Auctore
1032 5515 1264 5572 Geraldo
1285 5518 1351 5571 de
1378 5516 1564 5573 Venna
1587 5533 1727 5577 exuo

609 5515 733 5588 156)
771 5516 1007 5588 Auctore
1020 5515 1351 5588 Geraldo‘de
1378 5516 1566 5588 Venna
1587 5515 1826 5588 expolita
1862 5521 2086 5576 demum

516 5604 545 5642 a
578 5585 867 5653 Marbodo;
895 5603 947 5641 v.
987 5586 1284 5642 Mabillonii
1321 5586 1454 5644 Acta
1502 5587 1604 5643 SS.
1636 5585 1752 5645 6rd.
1793 5588 1849 5645 S.
1881 5591 2082 5649 Bened.

518 5657 651 5712 Saec.
687 5654 778 5725 Vl,
805 5667 937 5713 tom.
974 5656 1039 5725 ll,
1076 5673 1196 5728 pag.
1227 5657 1348 5714 185.

2272 5242 2421 5313 (157)
2465 5240 2686 5297 Scilicet
2720 5241 2986 5305 ecclesiae,
3020 5248 3077 5295 et
3104 5239 3255 5295 cella:
3301 5253 3472 5309 prope
3493 5233 3747 5293 eamicon~

2196 5321 2437 5453 su?
2461 5381 2720 5453 Habitum
2748 5390 2834 5437 est
2873 5397 2911 5453 ῃ
2939 5378 3423 5453 IdibusAAugusti,
3453 5388 3510 5432 ut
3535 5391 3592 5430 ex
3620 5373 3743 5426 litte.

2196 5448 2544 5522 ris'Hugonis
2580 5452 2798 5507 Diensis
2841 5451 2926 5522 ad
2951 5448 3744 5522 Rudolfumfl'nronensem-“af;

2199 5505 2607 5591 cbiepis’copum
2650 5505 2818 5592 patet.
2881 5519 3198 5584 MansiXX,
3251 5519 3377 5593 485.
3436 5505 3743 5593 Anno_._l_07§

2198 5583 2670 5647 hoc-concilium
2709 5599 3100 5661 congregatum
3161 5589 3519 5661 essedoeent
3574 5583 3742 5661 [iam

2193 5662 2437 5736 Gregorii
2464 5664 2531 5719 ad
2559 5650 2845 5732 episcopos
2864 5650 3073 5727 Galliae,
3099 5674 3239 5732 quas
3265 5659 3386 5715 vide
3406 5655 3551 5714 infra.
3585 5650 3646 5705 Κ.
