3834 6304
61 323 131 378 131
1181 292 1567 357 CHRONICON

1672 323 1707 333 -
1728 291 1856 346 LIB.
1880 289 1944 345 Π.

3130 268 3245 340 '29.:

59 433 265 485 alversus
295 436 426 493 quos
451 420 500 475 ei
522 416 669 491 jugis
706 431 912 488 pugna,
956 411 1241 468 conflictus
1289 409 1393 465 fuit
1440 422 1564 478 pem
1592 408 1639 465 Α
1666 421 1832 476 quam
1880 404 2142 459 habuerat
2176 404 2229 458 in
2285 401 2500 467 seculo,
2544 398 2913 455 infrenaverat
2958 402 3244 456 monastici

57 529 225 591 pctuus,
243 530 368 585 quos
399 512 503 567 etia
542 518 704 580 prout
731 506 908 579 potuit
934 505 1003 561 ab
1029 504 1277 560 (ecclesia
1308 499 1560 556 elimina-

60 614 128 677 vit,
145 618 188 663 et
215 606 522 661 orthodoxos
546 599 849 656 substituit.

109 705 237 755 Anno
264 698 327 752 ab
363 697 565 750 inearn.
604 692 764 747 Dom.
822 689 981 746 1075.
1034 685 1350 744 Grimoldus
1391 683 1560 739 abba-

59 793 154 845 tiam
189 787 317 857 (159)
365 784 569 840 dimisit
620 781 710 839 die
756 780 934 837 sancti
980 776 1247 834 Nicholai.
1297 774 1562 831 Rodulfus

58 878 280 941 successit,
301 873 557 930 ordinatio
578 870 698 942 ejus
730 869 818 925 die
845 869 1024 925 sancti
1050 865 1282 926 Urbani;

104 969 228 1021 Auno
252 963 532 1020 abincarn.
561 959 718 1015 Dom.
753 957 911 1024 1078,
950 955 1036 1012 l0.
1080 954 1197 1010 Kal.
1248 952 1376 1008 Mai.
1406 960 1563 1008 teme

56 1069 193 1112 motus
217 1054 376 1109 factus
398 1061 499 1119 est,
528 1050 661 1106 feria
701 1049 755 1117 6,
786 1049 917 1103 luna
945 1047 1031 1113 14,
1068 1055 1123 1101 et
1149 1047 1252 1100 hoc
1287 1058 1432 1098 anno
1460 1040 1564 1097 fuit

55 1150 143 1219 gelu
173 1161 402 1217 magnum
443 1159 475 1199 a
534 1142 584 1196 7.
645 1140 772 1196 ldus
829 1137 1144 1195 Decembris
1202 1149 1377 1205 usque
1435 1132 1563 1188 ldus

56 1240 207 1295 Martii.

102 1332 210 1401 (Fol.
234 1331 350 1401 97‘.)
376 1327 641 1396 Quartum
664 1325 957 1381 concilium
985 1322 1157 1378 tenuit
1177 1317 1563 1392 Augustuduni

55 1424 222 1494 (I077);
257 1439 344 1493 pro
364 1422 562 1493 quibus
586 1428 770 1475 autem
816 1418 1001 1473 causis
1030 1415 1284 1470 Eduense
1317 1411 1561 1467 celebra-

53 1526 136 1571 tum
154 1517 212 1571 sit
238 1515 534 1581 concilium,
562 1512 620 1566 in
661 1510 858 1567 litteris
895 1508 1080 1566 domui
1104 1523 1256 1579 papa:
1283 1505 1563 1561 advertere

52 1609 158 1675 licet,
180 1624 387 1678 quarum
419 1615 602 1661 textus
639 1605 743 1660 iste
782 1612 904 1660 est:
941 1601 1223 1674 Gregorius
1263 1601 1558 1671 episcopus,

51 1717 178 1755 terras
195 1716 433 1759 servorum
456 1697 581 1764 Dei,
606 1696 799 1751 dilecto
828 1697 885 1750 in
902 1693 1115 1751 Christo
1138 1693 1297 1764 fratri
1323 1690 1558 1762 Hugom',

50 1791 268 1846 rencrabili
309 1791 488 1845 Diensi
535 1790 801 1860 episcopo,
847 1787 1074 1842 salutem
1115 1795 1165 1841 et
1212 1784 1560 1856 apostolicam

50 1886 402 1939 benedictionem.
431 1882 701 1939 Cerardus
724 1880 1121 1937 Cameracensis
1145 1878 1340 1934 electus
1370 1877 1439 1931 ad
1467 1893 1560 1931 nos

49 1980 219 2043 renitas,
240 1986 331 2032 etc.
371 1974 542 2045 (140)..

98 2068 207 2140 (Fel.
244 2067 348 2139 98.)
386 2065 549 2122 Juxta
590 2065 693 2121 hec
731 2064 918 2135 itaque
963 2062 1217 2118 mandata
1265 2060 1565 2132 apostolica

49 2167 305 2230 congregata
330 2165 410 2212 est
446 2157 692 2228 synodus
735 2153 1127 2210 venerabilium
1169 2151 1393 2206 Patrum
1421 2148 1566 2221 apud

49 2249 347 2316 Eduam,sub
367 2250 533 2304 tutela
564 2258 620 2303 et
640 2245 980 2317 protectione
1001 2242 1207 2299 Christi
1226 2242 1452 2309 domini,
1476 2256 1567 2295 as-

47 2357 166 2397 sensu
184 2351 229 2395 et
248 2341 392 2396 laude
414 2337 661 2410 Hugonis
696 2335 881 2403 ducis,
912 2350 1060 2389 anno
1091 2334 1161 2389 ab
1191 2331 1567 2388 incarnatione

48 2428 209 2484 Domini
224 2430 521 2501 1076(14'1),
536 2426 631 2482 ubi
644 2433 1018 2482 convenerunt
1031 2440 1098 2480 ex
1110 2422 1342 2479 Francia
1361 2416 1419 2477 et
1426 2422 1565 2476 Bur-

48 2523 195 2593 gundia
214 2523 352 2578 multi
376 2522 616 2577 illustres
637 2518 761 2586 viri,
785 2517 1027 2589 episcopi
1052 2525 1106 2572 et
1129 2516 1334 2582 clerici,
1347 2514 1568 2570 abbates

47 2613 672 2683 ctmonacbiquamplures,
693 2626 839 2665 anno
861 2615 1093 2679 papatus
1119 2603 1568 2676 domniGregorii

47 2701 126 2769 l'll,
146 2714 330 2775 quarto.
358 2705 474 2760 Dux
505 2703 665 2775 Hugo
691 2702 828 2773 justi
867 2710 1031 2756 tenax
1063 2698 1393 2771 Burgundite
1426 2711 1568 2768 pra:-

47 2806 145 2862 crat,
157 2796 563 2868 Linguonensem
575 2778 878 2851 a>cclesiam
891 2792 1199 2847 Rainardus
1209 2795 1570 2861 cognomento

48 2885 161 2958 H030
181 2889 396 2960 regebat,
418 2890 504 2944 vir
525 2887 773 2959 adprime
793 2884 1086 2941 rhetoricis
1106 2882 1330 2937 inbutus
1350 2877 1568 2944 studiis,

49 2978 185 3034 clarus
204 2980 423 3051 ingenio,
442 2994 703 3036 sermone
722 2977 1015 3043 facundus,
1035 2974 1262 3031 scicntia
1288 2970 1567 3043 praeditus,

47 3070 222 3127 affabilis
244 3072 470 3142 alloquio
508 3080 567 3127 et
602 3070 842 3141 prudens
884 3067 1135 3124 consilio.
1172 3062 1393 3119 Obierat
1424 3075 1569 3115 anno

47 3160 132 3228 ipso
160 3160 471 3218 Divioncnsis
516 3160 732 3217 cenobii
773 3159 944 3214 abbas
983 3156 1274 3221 Adalbero,
1310 3162 1383 3220 et,
1423 3159 1485 3207 ut
1512 3150 1568 3204 in

46 3252 195 3308 talibus
216 3255 422 3321 assolet,
449 3254 519 3309 de
554 3253 749 3329 abbate
775 3248 1158 3307 substituendo
1200 3247 1342 3302 inter
1381 3258 1571 3299 mona-

47 3343 142 3398 chos
163 3346 252 3401 loci
292 3348 503 3403 diversa
551 3344 829 3400 ferebatur
859 3342 1073 3398 electio.
1112 3338 1272 3406 Quod
1315 3334 1568 3392 videlicet

46 3436 269 3491 ccuobium
306 3438 546 3508 antiquae
595 3432 897 3490 nobilitatis
945 3430 1227 3502 religionis
1277 3433 1565 3482 stemmate

46 3526 120 3579 sub
160 3527 384 3584 Willelmi
433 3528 652 3585 abbatis
709 3525 973 3597 regimine
1022 3522 1199 3577 fuerat
1226 3520 1563 3576 decoratum.

47 3614 121 3672 Sed
141 3628 248 3675 tunc
271 3620 487 3677 Roberti
514 3620 675 3677 ducis
702 3617 962 3674 violentia
1011 3624 1066 3671 et
1098 3612 1448 3685 przelatorum
1479 3608 1566 3664 in-

46 3709 172 3776 curia,
193 3713 519 3769 subditorum
560 3726 783 3784 quoque
803 3708 1038 3781 segnitia
1062 3721 1091 3760 a
1123 3703 1357 3776 pristino
1388 3701 1568 3772 rigore

45 3800 266 3859 videbatur
314 3806 717 3877 aliquantulum
766 3802 1138 3858 imminutum.
1175 3795 1292 3867 (fol.
1334 3790 1470 3863 98’.)
1502 3789 1565 3845 Et

45 3892 137 3958 quia
168 3897 293 3964 quod
319 3898 463 3953 intus
490 3896 786 3960 ceciderat,
812 3892 947 3948 foris
987 3890 1079 3946 diu
1110 3897 1256 3944 stare
1281 3901 1389 3940 non
1414 3891 1569 3954 pote-

44 3991 126 4046 rat,
146 3984 270 4041 intus
293 4003 483 4057 parum
508 3995 625 4043 erat
654 3984 954 4056 religionis,
978 3980 1110 4037 foris
1137 3977 1389 4033 cumulus
1410 3975 1569 4030 deso-

44 4070 228 4129 lationis.
256 4076 357 4132 Pro
396 4078 570 4134 tantis
596 4075 865 4148 angustiis
898 4070 1266 4129 anxietatibus
1306 4076 1361 4123 et
1390 4067 1567 4121 tribu-

44 4158 298 4234 lalionibus,
325 4169 392 4224 ab
430 4169 522 4224 his
560 4180 795 4238 quorum
835 4171 953 4219 erat
984 4176 1139 4216 mens
1167 4157 1352 4214 sanior
1382 4163 1570 4227 pastor

44 4256 310 4319 querebatur
348 4260 600 4315 idoneus.
630 4255 883 4312 Pontifex
910 4248 1312 4324 Linguonensis
1340 4253 1395 4302 et
1434 4245 1566 4311 dux,

44 4358 225 4412 ‘luorum
267 4362 379 4406 erat
420 4351 567 4406 istud
604 4348 934 4420 prospicere,
968 4341 1200 4400 concilio
1236 4340 1564 4402 intererant;

1664 498 1873 553 ordinis
1922 506 1976 553 et
2019 495 2285 567 regularis
2329 493 2610 566 gravitatis
2655 490 2830 557 freno,
2881 489 3020 546 dans
3070 490 3126 545 in
3180 508 3247 546 «ιο

1658 589 1969 658 exemplum
1986 587 2242 643 omnibus
2260 585 2364 642 sub
2387 584 2613 654 remigio
2632 582 2839 637 alarum
2865 597 3086 637 suarum
3113 597 3247 636 cen-

1663 679 2019 751 fugientibus,
2075 695 2183 733 non
2231 678 2522 747 desperare
2563 676 2629 730 de
2676 690 2777 731 sua
2833 674 3244 739 misericordia,

1663 770 1822 839 cujus
1847 776 1999 824 tanta
2021 769 2076 823 in
2098 768 2204 824 isto
2231 765 2536 836 adoptionis
2559 764 2669 820 filio
2691 764 3059 835 agnoscebant
3077 765 3245 819 bene-

1664 861 1804 916 ficia.
1829 859 2074 915 Concilio
2104 873 2233 931 ergo
2262 859 2417 924 inito,
2444 856 2968 913 circumsedentibus
2991 854 3245 912 Patribus

1662 962 1955 1010 tractatum
1985 960 2069 1007 est
2089 951 2156 1006 de
2184 950 2372 1006 multis
2401 957 2605 1005 sanctae
2627 947 2873 1004 ecclesia:
2896 948 3247 1014 utilitatibus,

1662 1054 1716 1102 et
1754 1060 1944 1101 earum
1991 1043 2376 1099 determinatio
2412 1040 2670 1107 secunda,
2722 1039 2884 1094 tertia
2934 1054 3152 1109 quoque
3192 1048 3249 1095 et

1663 1149 1858 1211 quarta
1896 1137 2161 1209 protelata
2215 1145 2301 1190 est
2341 1134 2448 1190 die.
2498 1133 2803 1188 Accusatus
2846 1139 2928 1186 est
2957 1131 3014 1184 in
3054 1129 3246 1185 eodem

1662 1230 1895 1286 concilio
1916 1228 2203 1283 Remcusis
2234 1226 2480 1282 ecclesia:
2505 1224 2723 1279 invasor
2751 1220 3112 1293 Symoniacus
3133 1219 3248 1276 Ma-

1663 1338 1853 1379 nasses
1892 1337 1925 1377 a
1952 1320 2165 1376 clericis
2193 1317 2587 1380 Remensibus;
2626 1323 2681 1370 et
2703 1328 3005 1384 suspensus
3037 1312 3105 1368 ab
3127 1311 3246 1367 olli-

1663 1417 1770 1489 010,
1797 1416 1927 1488 quia
1974 1423 2204 1470 vocatus
2244 1411 2312 1467 ad
2348 1396 2648 1466 concilium
2670 1416 2732 1462 ut
2755 1421 2814 1462 se
2836 1412 3111 1476 purgaret,
3136 1419 3249 1459 non

1662 1506 1831 1562 venit.
1865 1505 1970 1572 Qui
2001 1520 2126 1559 cum
2176 1500 2459 1559 canonicis
2485 1498 2770 1554 Remensis
2795 1495 3053 1552 :eeclesiae
3081 1509 3246 1550 accu-

1664 1598 1939 1655 satoribus
1978 1596 2094 1652 suis
2137 1611 2167 1650 a
2214 1592 2450 1650 concilio
2480 1589 2834 1646 redeuntibus
2859 1587 3123 1658 plurimas
3150 1601 3247 1658 pa-

1662 1698 1839 1747 rasset
1883 1688 2134 1756 insidias,
2178 1687 2401 1742 demum
2446 1687 2642 1739 domos
2676 1695 2867 1736 eorum
2898 1678 3077 1751 fregit,
3107 1695 3248 1750 pra:-

1663 1782 1871 1837 bendas
1895 1796 2086 1837 eorum
2113 1779 2446 1845 vendidit,et
2466 1776 2609 1831 bona
2631 1789 2822 1830 eorum
2852 1771 3098 1843 diripuit.
3121 1770 3252 1827 Inde

1663 1888 1788 1929 cum
1818 1888 1849 1927 a
1883 1870 2056 1926 Roma
2088 1869 2295 1924 litteras
2325 1866 2645 1936 accepisset,
2686 1872 2746 1917 ut
2776 1862 2832 1916 in
2866 1860 3101 1917 concilio
3126 1875 3252 1915 cum

1665 1981 1762 2021 sex
1784 1979 1842 2020 se
1864 1971 2120 2035 purgaret
2156 1959 2447 2031 episcopis,
2473 1957 2702 2012 Romam
2733 1955 2829 2009 ivit
2852 1954 3021 2025 (142).
3052 1953 3255 2020 Quinta

1665 2062 1847 2108 autem
1890 2052 1996 2118 die,
2031 2052 2160 2123 quia
2189 2047 2567 2122 Lugdunensis
2617 2046 2795 2112 sedes,
2827 2043 3125 2100 llumbcrto
3155 2042 3256 2114 Sy-

1665 2143 1919 2199 moniaco
1964 2142 2192 2212 expulso
2241 2149 2295 2195 et
2340 2140 2396 2194 in
2437 2138 2574 2194 locis
2623 2134 2946 2192 Jurensibus
2986 2132 3255 2189 monacho

1667 2234 1831 2302 facto,
1856 2235 2085 2290 vacabat
2111 2232 2373 2300 antistite,
2397 2247 2428 2286 a
2451 2232 2619 2285 latere
2644 2226 2831 2284 domni
2853 2222 3254 2301 Linguonensis

1666 2328 1887 2384 aelectus
1942 2334 2027 2382 est
2077 2324 2359 2382 Gebuinus
2409 2322 2852 2387 archidiaconus,
2906 2317 2991 2373 vir
3040 2331 3255 2371 morum

1666 2420 1937 2490 probitate
1966 2427 2248 2484 venustus,
2280 2424 2341 2471 ut
2372 2413 2742 2485 praeﬁceretur
2771 2408 3122 2481 Lugdunensi
3146 2423 3256 2462 aec-

1667 2512 1849 2567 clesia‘
1872 2509 2042 2582 (14⁸5).
2060 2507 2176 2564 Hoc
2198 2507 2366 2562 totius
2389 2504 2608 2562 concilii
2636 2500 2959 2559 acelamavit
2975 2514 3256 2564 assensus,

1669 2605 1776 2660 hoc
1792 2604 1958 2659 etiam
1979 2600 2362 2674 Lugdunensis
2390 2599 2637 2656 ecclesiae
2660 2596 2987 2652 clericorum
3012 2602 3067 2649 et
3088 2592 3257 2648 laico-

1669 2710 1791 2750 rum
1820 2695 1916 2766 qui
1962 2694 2189 2749 aderant
2216 2691 2440 2761 expetiit
2468 2691 2627 2746 bonte
2668 2686 2966 2742 voluntatis
3005 2685 3252 2740 affectus.

1670 2784 1879 2856 Raptus
1920 2784 2087 2856 igitur
2122 2783 2191 2837 ab
2220 2781 2381 2836 altari
2414 2795 2526 2851 quo
2571 2777 2912 2849 confugerat,
2944 2773 3258 2845 diligentius

1670 2884 1939 2944 servatur,
1964 2882 2025 2929 ut
2046 2874 2101 2928 in
2127 2872 2215 2928 die
2234 2870 2520 2927 Dominico
2552 2883 2705 2924 more
2735 2864 3004 2939 solempni
3024 2861 3255 2919 benedi-

1669 2974 1902 3035 ceretur.
1954 2962 2135 3017 Doluit
2162 2976 2325 3032 super
2370 2960 2475 3014 hoc
2518 2955 2921 3029 Linguonensis
2946 2954 3257 3025 episcopus,

1596 3088 1643 3150 C
1673 3054 1964 3124 clerusque
2004 3052 2099 3122 qui
2151 3051 2338 3138 aderat
2380 3048 2786 3119 Linguonicus;
2827 3045 2969 3115 quia.
3007 3042 3261 3099 amisisse

1671 3145 1997 3200 videbantur
2036 3143 2215 3197 virum
2261 3128 2317 3195 in
2369 3137 2772 3196 tecclesiasticis
2822 3145 2875 3192 et
2921 3131 3259 3191 secularibus

1669 3235 1905 3308 negotiis
1936 3233 2428 3305 pernecessarium,
2470 3230 2559 3286 cui
2604 3228 2901 3299 plurimum
2948 3218 3263 3282 innitebani

1669 3338 1778 3385 tur.
1829 3326 1934 3384 Sed
1972 3326 2255 3398 praevaluit
2291 3340 2524 3382 concors
2553 3322 2821 3379 sententia
2864 3321 3102 3388 concilii,
3129 3321 3261 3392 quia

1669 3420 1751 3476 sic
1793 3428 1912 3475 erat
1954 3419 2283 3490 praefinitum
2332 3426 2387 3474 et
2418 3415 2679 3487 placitum
2725 3414 2779 3468 in
2815 3414 2990 3470 oculis
3018 3412 3256 3470 Domini.

1671 3511 1834 3568 Sexta
1854 3511 1969 3582 jam
2001 3509 2265 3566 sessionis
2295 3510 2383 3565 die
2410 3509 2653 3580 assurgit
2678 3506 3079 3579 Linguonensis
3114 3504 3260 3562 idem

1668 3619 1698 3659 e
1727 3602 1910 3658 medio
1946 3601 2485 3669 circumsedentium,
2510 3610 2565 3656 et
2594 3609 2656 3657 ut
2678 3601 2763 3655 vir
2784 3599 2984 3655 nobilis
3007 3609 3061 3655 et
3090 3599 3260 3655 urba-

1668 3710 1753 3750 nae
1777 3691 2119 3763 eloquentize,
2147 3690 2362 3745 ratione
2396 3691 2699 3761 composita
2731 3698 2974 3750 attentos
2997 3691 3102 3747 sibi
3136 3690 3263 3746 red-

1667 3785 1803 3840 dens
1832 3784 2108 3840 auditores
2131 3790 2185 3837 et
2205 3782 2509 3849 benivolos,
2536 3782 2792 3851 replicuit
2819 3769 3001 3852 aliqua
3019 3782 3086 3838 de
3107 3783 3263 3837 dam-

1666 3891 1776 3946 pno
1809 3874 2054 3931 ecclesiae
2077 3874 2181 3930 sibi
2209 3874 2521 3930 commissae
2544 3873 2714 3941 illato,
2734 3874 2879 3944 quod
2900 3874 3058 3944 quasi
3083 3874 3264 3929 eruis-

1669 3975 1790 4023 sent
1817 3967 1867 4022 ei
1897 3968 2138 4034 oculum,
2169 3966 2259 4022 cui
2291 3982 2455 4022 suum
2492 3966 2746 4022 tulissent
2780 3966 3256 4031 archidiaconum,

1668 4060 1725 4115 in
1750 4074 1859 4129 quo
1882 4074 2007 4129 spes
2036 4059 2239 4126 omnis,
2266 4058 2321 4113 in
2351 4074 2463 4128 quo
2495 4057 2862 4129 refrigerium,
2895 4058 2952 4112 in
2978 4059 3136 4128 cujus
3158 4059 3263 4114 sibi

1668 4158 1789 4204 erat
1811 4149 2038 4204 caritate
2068 4149 2348 4204 solatium.
2381 4147 2474 4203 Sic
2514 4149 2745 4204 honesta
2789 4149 3082 4204 verborum
3123 4149 3264 4204 serie

1670 4240 1863 4295 matris
1887 4239 2283 4295 desolationem
2305 4240 2589 4310 plangens,
2611 4250 2665 4295 et
2688 4240 2812 4294 filiae
2840 4240 3129 4295 orbitatem
3154 4256 3265 4295 non

1670 4342 1884 4398 tacens,
1916 4331 2145 4401 replicat
2184 4330 2469 4399 antiquam
2506 4331 2846 4385 nobilitatem
2880 4331 3140 4386 aecclcsim
3167 4331 3264 4385 Di-

44 4435 90 4490 de
108 4442 262 4497 multis
278 4444 442 4511 enim,
470 4419 938 4513 ut,pr:escriptum
960 4444 1064 4503 est,
1088 4431 1335 4505 partibus
1356 4427 1572 4484 honesti
1605 4438 1651 4497 υ
1678 4421 1978 4489 vionensis,
2024 4422 2199 4477 zelum
2224 4419 2486 4475 Willelmi
2516 4420 2729 4475 abbatis
2753 4420 2810 4474 in
2835 4421 3016 4492 rigore
3037 4419 3264 4491 justitize

44 4534 335 4602 lluamplures
350 4535 443 4591 illo
459 4528 847 4590 convenerant.
873 4530 1075 4602 Aderat
1095 4527 1238 4581 inter
1257 4523 1394 4578 alios
1409 4520 1576 4576 etiam

44 4624 156 4687 Prior
178 4627 314 4685 Casa:
342 4629 459 4695 Dei,
491 4636 554 4683 ut
580 4624 980 4697 querimoniam
1013 4620 1218 4676 faceret
1246 4616 1575 4687 injuriarum

45 4717 251 4773 ecclesia:
276 4738 387 4776 suae
414 4722 723 4785 illatarum;
750 4734 911 4788 quem
934 4716 1063 4787 quia
1095 4722 1221 4770 ante
1251 4707 1569 4766 conversio-

44 4817 135 4859 nem
154 4818 324 4866 uotum
367 4813 636 4867 habuerat
659 4807 1059 4880 Linguonensis
1085 4804 1394 4875 episcopus,
1425 4813 1573 4854 nunc

36 4908 84 4946 ω
106 4911 298 4969 aspectu
338 4903 639 4959 immutatae
669 4899 1002 4960 habitudinis
1029 4897 1210 4952 cordis
1233 4902 1288 4948 et
1319 4889 1569 4961 corporis

44 4986 130 5053 eius
147 4995 485 5062 applaudehat
512 5004 565 5050 et
592 4991 1069 5065 congratulabatur
1090 4988 1162 5053 ei,
1186 4984 1429 5041 divinam
1460 4981 1573 5037 col-

48 5075 224 5139 lanians
253 5088 569 5156 potentiam,
596 5085 692 5158 qui
730 5085 1006 5140 lenitatem
1030 5075 1407 5136 dissolutionis
1427 5074 1570 5144 ejus,

1677 4523 1732 4570 et
1766 4513 1978 4570 fervore
2026 4512 2351 4583 disciplinae,
2393 4522 2448 4569 et
2486 4512 2737 4568 districta
2768 4512 2980 4568 ordinis
3014 4512 3265 4568 modera-

1679 4606 1848 4671 tione,
1879 4620 2026 4659 nunc
2055 4616 2236 4659 autem
2270 4604 2325 4659 in
2356 4603 2507 4660 obitu
2541 4604 2753 4659 abbatis
2776 4603 2962 4659 omnia
2989 4603 3057 4658 ad
3082 4603 3263 4657 nichi-

1676 4696 1789 4751 lum
1815 4694 1931 4751 fere
1957 4696 2197 4764 redacta,
2231 4696 2380 4752 intus
2408 4713 2604 4767 parum
2638 4696 2940 4767 religionis,
2989 4694 3123 4748 foris
3164 4708 3263 4747 cu-

1677 4787 1856 4843 mulos
1894 4788 2283 4855 tribulationis,
2327 4789 2463 4844 adeo
2493 4796 2555 4842 ut
2597 4803 2720 4858 qua:
2752 4785 3031 4857 quondam
3078 4784 3264 4839 multis

1677 4876 1939 4933 eecclesiis
1969 4886 2216 4947 pastores
2251 4887 2305 4938 et
2330 4886 2574 4931 rectores
2618 4876 2842 4930 idoneos
2870 4883 3257 4946 praeposuerat,

1677 4970 1887 5052 nullum
1910 4969 2005 5039 qui
2034 4969 2082 5024 ei
2103 4977 2362 5039 praeesset
2387 4969 2453 5024 de
2473 4968 2590 5023 suis
2615 4967 2859 5022 invenire
2883 4977 3085 5037 posset.
3117 4966 3253 5037 (Fel.

1678 5062 1791 5135 99.)
1822 5061 2129 5133 Confugere
2164 5075 2222 5116 se
2252 5059 2535 5131 proﬁtetur
2559 5056 2628 5113 ad
2653 5056 2749 5112 Dei
2777 5057 3155 5128 honorumque
3176 5056 3230 5111 vi
3252 5084 3259 5094 -

1519 5177 1750 5240 NOTAS.

98 5297 221 5369 (I39)
253 5302 307 5360 S.
345 5305 551 5363 Vitoni.

95 5364 220 5447 (140)
239 5373 299 5447 10
336 5378 570 5447 registro
601 5375 848 5447 Gregorii
878 5374 968 5447 iV,
997 5373 1089 5447 2‘2.
1113 5372 1574 5447 adduntunsigna

43 5432 372 5515 abronologica
398 5432 574 5500 :Data
590 5432 751 5515 juxta
780 5432 991 5498 Padum
1016 5444 1072 5496 in
1104 5441 1218 5515 loco
1242 5444 1332 5515 qui
1375 5432 1576 5515 dicitur

46 5499 725 5584 fgqarplofw"manus,
772 5515 1062 5569 indictione
1112 5514 1198 5579 l5,
1245 5499 1283 5565 ἰ.
1321 5528 1370 5567 e.
1413 5513 1604 5568 1077.

52 5571 217 5657 Vident
238 5571 494 5657 Gregorio
522 5586 631 5640 VII.

83 5647 221 5729 ,(141)
260 5647 442 5710 idibus
485 5657 785 5725 Septembr.
840 5655 971 5709 Vide
1008 5653 1290 5723 epistolam
1321 5651 1566 5723 Hug~nis

47 5707 216 5761 chns‘le
243 5722 406 5761 Μ-ιςιρς
443 5736 458 5761 ε
514 5727 600 5761 \‘Y
663 5728 761 5761 μέν)

80 5722 217 5775 tensis
240 5722 409 5781 Mansi
443 5736 479 5780 t.
514 5722 629 5793 XX,
659 5728 780 5781 492.

1750 5298 1899 5373 (142)
1939 5294 2013 5349 Ex
2062 5291 2312 5373 Registrp
2358 5282 2731 5373 GregoriinY,
2760 5280 3264 5373 patetmpraater

1678 5355 1973 5426 manassen
2046 5355 2518 5429 archiepiscopum
2604 5355 2927 5429 ἣρω-οπεροι
2981 5358 3266 5429 accusatos

1678 5378 1973 5426 Manassen
2046 5378 2232 5416 arente
2271 5378 2518 5429 lSCOpum
2607 5378 2927 5409 neumusem
2981 5378 3264 5403 accusatus

1678 5442 1854 5496 fuisse
1898 5435 2179 5499 llngonem
2228 5378 2590 5493 Hisontinum,
2633 5423 2947 5499 Ricberium
2981 5419 3264 5499 8000000-

1779 5468 1783 5469 ⁷
1899 5468 1979 5489 ιιιι
2003 5468 2179 5487 ὐιδιιιι
2228 5468 2564 5485 υιουιιιιμυιυ
2635 5468 2947 5479 ι-ιυ--ν.--.-
2983 5468 3084 5473 -ννν
3111 5468 3211 5471 -----

1678 5468 2201 5575 steliniccotetfredum
2244 5468 2658 5575 Ca_rnotense’m,
2706 5491 3037 5575 ltichardum
3066 5487 3267 5543 Bituri-

1678 5564 1929 5651 suam.
1950 5569 2684 5651 Bedllll‘u'u.Tumren.§9m-
2703 5564 2778 5645 .K-
2807 5646 2859 5651 __

1752 5625 2191 5715 (lilii—YEpistola
2241 5638 2485 5711 Hugonis
2529 5636 2748 5693 Diensis
2800 5646 2885 5702 ap.
2933 5628 3106 5683 Mansi
3146 5625 3268 5694 XX,

1679 5718 1783 5775 488
1846 5716 1907 5769 K.
