3878 6310
467 291 576 347 285

1480 286 1783 343 IIUCONIS
1819 283 2117 342 ABBATIS
2155 286 2728 345 FLAVINIACENSIS

3624 281 3723 343 285

469 419 657 462 rerum
684 402 997 469 consilium,
1026 408 1088 457 ut
1121 400 1416 458 anxietatis
1449 417 1584 470 sua},
1615 400 1774 472 cujus
1797 410 1916 458 erat
1947 402 2053 457 hoc
2082 411 2126 463 Α
2156 403 2404 457 omnium
2432 404 2769 458 exultatione
2805 412 2859 456 et
2886 400 3148 473 tripudio,
3191 399 3430 455 domnus
3463 394 3727 457 Gebuinus

469 496 756 569 providere
802 502 857 551 et
903 494 1211 564 disponere,
1251 493 1471 564 aliquod
1514 493 1570 548 in
1599 501 1808 549 rectore
1851 494 2058 550 substi-

468 588 696 655 tuendo,
725 588 821 658 qui
847 602 973 641 vere
994 595 1177 642 rector
1208 585 1481 641 diceretur
1505 595 1560 641 et
1587 597 1754 654 esset,
1788 586 2059 643 inveniret

472 680 749 738 solatium.
776 678 913 735 Cum
948 687 1279 749 perorasset,
1315 686 1370 732 et
1392 694 1423 732 a
1453 678 1631 750 legato
1656 694 1752 750 spe
1788 679 2060 750 promissa

473 771 693 827 consilii
715 780 769 825 et
788 770 972 826 auxilii
1000 769 1190 838 jussus
1231 778 1377 825 esset
1410 768 1648 836 edicere,
1687 785 1850 841 quem
1883 770 2059 826 eidem

474 860 650 917 ollicio
679 861 899 933 dignum
947 859 1015 913 de
1061 858 1612 926 circumsedentibus,
1662 875 1792 931 quia
1840 860 1896 915 in
1943 862 2060 932 ipsa

473 954 718 1010 accclesia
771 968 877 1006 non
928 951 1338 1019 inveniebatur,
1399 952 1564 1007 vellet
1606 951 1883 1022 praeﬁcere
1919 972 1932 1008 :
1972 953 2062 1009 ille

476 1046 710 1116 priorem
763 1041 919 1097 Casze
978 1040 1075 1097 Dei
1124 1058 1291 1096 manu
1350 1041 1669 1113 designans,
1705 1051 1759 1098 et
1794 1043 1959 1098 simul
2006 1043 2062 1098 in

474 1135 652 1190 verbis
698 1134 1087 1203 procumbens,
1135 1142 1189 1187 et
1233 1148 1409 1204 genua
1447 1133 1671 1190 ﬂectens
1705 1153 1718 1189 :
1755 1134 1913 1202 Date,
1963 1135 2059 1203 ait,

471 1226 601 1279 mihi
639 1224 774 1277 hunc
800 1225 997 1295 piscem
1019 1224 1084 1277 de
1116 1223 1259 1293 fonte
1286 1223 1405 1277 Dei.
1430 1222 1497 1278 Et
1524 1233 1585 1279 ut
1614 1222 1831 1280 facilius
1869 1233 2062 1295 postu»

471 1318 578 1371 lata
605 1316 896 1386 acciperet,
928 1314 1214 1386 “agonem
1241 1315 1435 1370 ducem
1471 1315 1576 1370 sibi
1606 1315 1834 1370 sociavit
1862 1316 1915 1370 in
1943 1331 2065 1387 prc-

470 1410 648 1476 cibus,
694 1418 755 1464 ut
799 1409 921 1479 ejus
971 1414 1278 1462 mereretur
1332 1407 1551 1463 bonitas
1598 1408 1746 1478 quod
1792 1424 1852 1463 se
1879 1424 1975 1478 per
2006 1423 2066 1464 se

473 1518 632 1572 posse
662 1501 957 1556 difﬁdebat.
987 1498 1143 1555 Oculi
1183 1515 1313 1572 ergo
1339 1501 1585 1555 omnium
1612 1501 1815 1555 incum
1853 1500 1948 1571 qui
1976 1516 2066 1556 ro-

473 1595 706 1664 gabatur
753 1592 1091 1662 diriguntur.
1143 1592 1249 1647 Sed
1298 1593 1427 1663 quia
1482 1592 1743 1663 praefatus
1807 1593 2066 1649 Romana

473 1685 620 1740 aclis
652 1685 862 1755 legatus
905 1694 1154 1751 noverat,
1200 1684 1379 1739 virum
1412 1685 1556 1741 acris
1590 1700 1713 1740 esse
1766 1685 1968 1758 ingenii
2014 1694 2067 1740 et

475 1778 666 1838 annui,
696 1785 749 1831 et
783 1777 1201 1832 dissolutionem
1226 1785 1453 1832 noverat
1482 1777 1853 1833 habitatorum
1880 1778 1988 1833 loci
2014 1787 2070 1833 et

477 1869 885 1924 instabilitatem
911 1877 1088 1937 terrze,
1136 1884 1366 1939 parcens
1396 1869 1467 1935 ei,
1505 1885 1839 1939 quamquam
1883 1877 2071 1925 nosset

477 1961 794 2026 utillimum,
825 1960 881 2014 in
905 1960 1253 2016 concedendo
1274 1970 1391 2015 erat
1416 1959 1670 2016 difﬁcilis.
1705 1959 2071 2031 Temptabant

476 2054 642 2107 etiam
675 2053 766 2123 qui
818 2069 942 2109 cum
979 2052 1161 2123 priore
1203 2069 1233 2107 a
1278 2051 1415 2108 Casa
1454 2052 1555 2108 Dei
1579 2062 1860 2119 venerant,
1890 2052 2070 2108 modis

476 2143 682 2211 quibus
707 2152 958 2213 poterant
983 2142 1236 2200 electioni
1262 2143 1664 2211 contradicere;
1691 2143 1787 2199 sed
1816 2144 1945 2214 quia
1970 2160 2070 2199 vo-

479 2239 659 2289 luntas
695 2232 800 2289 fuit
843 2233 1081 2301 Domini,
1118 2234 1171 2289 in
1220 2235 1380 2305 cujus
1425 2251 1593 2290 manu
1623 2235 1787 2291 corda
1826 2243 1954 2291 sunt
1979 2250 2059 2291 re-

477 2342 627 2396 gum,
665 2334 726 2380 ut
754 2326 940 2396 petitis
972 2335 1307 2382 annueretur
1348 2327 1648 2382 auctoritas
1689 2336 1743 2382 et
1789 2327 1909 2382 laus
1938 2342 2069 2397 pro-

478 2416 740 2487 mulgavit
770 2417 1010 2472 concilii.
1040 2415 1151 2472 lllis
1174 2432 1303 2489 ergo
1334 2418 1817 2485 tumultuantibus,
1843 2420 2067 2489 vimque

477 2522 590 2578 quo
612 2509 737 2563 nisu
770 2518 1018 2580 poterant
1044 2508 1246 2564 inferre
1271 2509 1613 2579 parantibus,
1640 2510 1731 2566 hic
1755 2510 1886 2565 dum
1914 2511 2070 2565 elan-

478 2602 604 2656 culo
662 2600 846 2672 fugam
899 2610 1139 2673 pararet,
1183 2601 1410 2672 jamque
1451 2603 1777 2669 elaberetur,
1833 2602 2069 2671 capitur,

415 2712 421 2719 ·
478 2699 712 2758 tenetur,
732 2701 787 2748 et
810 2691 946 2747 ﬂens
971 2692 1314 2763 multumque
1335 2693 1557 2760 dolens,
1581 2695 1698 2749 suis
1733 2693 1898 2747 etiam
1925 2692 2068 2747 resi—

452 2816 457 2822 ·
478 2783 748 2839 stentibus
770 2792 824 2839 et
842 2783 1366 2851 contradicentibus,
1390 2785 1444 2838 in
1456 2784 1749 2840 concilium
1770 2784 2069 2848 reducitur,

477 2886 533 2930 et
561 2876 819 2948 episcopo
839 2875 1212 2948 Linguonensi
1246 2876 1409 2931 laude
1431 2875 1952 2932 circumsedentium
1976 2890 2074 2945 per

479 2982 703 3022 manum
732 2968 980 3023 redditur
1006 2987 1019 3022 ε
1048 2984 1079 3023 a
1120 2984 1230 3038 quo
1276 2969 1506 3024 sollicite
1534 2968 1951 3033 custodiendus,
1982 2983 2072 3023 re-

2159 495 2214 549 in
2264 493 2685 565 Lugdunensem
2716 494 3195 565 archiepiscOpum
3235 494 3304 547 ab
3334 493 3456 563 ipso
3484 490 3755 549 Romana!

2138 584 2307 640 'sedis
2328 585 2524 656 legato,
2558 594 2613 640 et
2651 585 2910 655 praefatus
2938 586 3144 640 electus
3172 584 3225 639 iu
3262 584 3514 639 abbatem
3562 582 3729 640 Divio-

2158 691 2384 732 nensem
2407 694 2438 732 a
2460 677 2717 747 praedicto
2737 676 3110 748 Linguonensi
3131 677 3411 746 episeopo.
3430 675 3595 731 Multa
3616 686 3731 732 tunc

2160 770 2316 825 utilia
2346 779 2400 825 et
2429 778 2631 826 sancta:
2653 770 2749 825 Dei
2775 770 3021 826 ecclesize
3043 769 3286 840 proﬁcua
3310 769 3367 823 in
3397 769 3491 824 illo
3517 777 3730 823 tractata

2160 871 2215 917 et
2241 860 2463 916 deﬁnita
2496 871 2627 917 sunt
2654 861 2910 918 concilio.
2939 860 3060 928 Quo
3091 861 3290 926 soluto,
3323 860 3393 915 ad
3414 876 3515 915 sua
3544 861 3731 930 quique

2161 952 2412 1007 redeunt.
2454 951 2783 1023 Lugdunum
2827 951 3029 1022 prtesul
3056 950 3245 1017 adivit,
3274 951 3732 1021 archiepiscopum

2162 1043 2585 1099 beatiﬁcandum
2612 1043 2665 1097 in
2688 1043 2859 1115 gloria
2881 1044 3080 1099 caelesti
3103 1043 3315 1099 civibus
3336 1044 3734 1114 expectantibus

2162 1142 2217 1188 et
2239 1132 2678 1189 desiderantibus
2697 1132 3019 1203 assignavit,
3035 1147 3197 1202 quem
3221 1147 3344 1186 cum
3364 1131 3566 1202 gaudio
3584 1132 3734 1186 totius

2163 1222 2319 1279 urbis
2361 1223 2415 1277 in
2474 1221 2603 1278 sede
2642 1222 3108 1293 praedecessorum
3154 1222 3274 1292 ejus
3315 1220 3555 1293 llyrenei
3590 1231 3735 1291 atque

2163 1311 2345 1368 Fotini
2391 1321 2519 1367 ante
2565 1320 2809 1383 tempora
2854 1313 3124 1368 secularia
3160 1312 3493 1382 prcclectum
3534 1312 3717 1367 locavit

2163 1403 2276 1459 Nec
2302 1403 2404 1459 fuit
2428 1419 2565 1459 vana
2594 1404 2778 1475 populi
2805 1403 3089 1470 exultatio,
3120 1419 3242 1475 quae
3268 1402 3323 1457 in
3349 1404 3473 1459 dies
3495 1419 3736 1473 augmen-

2166 1507 2334 1566 tatur,
2368 1507 2421 1553 et
2452 1498 2558 1553 line
2579 1499 2806 1566 carebit,
2837 1499 2968 1569 quia
3005 1508 3191 1568 pastor
3224 1514 3415 1554 eorum
3465 1499 3734 1569 benignus,

2168 1588 2223 1643 in
2266 1604 2393 1643 arce
2431 1588 2541 1658 poli
2588 1588 2844 1644 sacerdos
2886 1587 3000 1659 jam
3047 1587 3394 1644 heatiﬁcatus
3444 1588 3595 1659 (IH)
3626 1589 3736 1643 dum

2168 1681 2303 1736 vixit
2325 1681 2401 1734 illi
2428 1680 2643 1736 adhesit
2666 1681 2760 1752 qui
2786 1689 2871 1735 est
2903 1694 3107 1736 corona
3136 1691 3455 1735 sanctorum
3498 1689 3557 1735 et
3598 1682 3736 1735 exul-

2172 1772 2323 1837 tatio,
2347 1771 2439 1842 qui
2468 1772 2591 1827 loco
2616 1787 2726 1826 non
2755 1781 2987 1839 tenetur,
3016 1780 3071 1826 et
3092 1773 3325 1826 termino
3354 1787 3465 1826 non
3493 1782 3737 1843 angusta-

2170 1874 2280 1931 tur,
2313 1881 2413 1920 nec
2454 1864 2558 1919 ﬁne
2605 1864 2969 1921 concluditur.
3021 1864 3067 1917 A
3097 1879 3209 1935 quo
3253 1863 3493 1919 donatus
3536 1865 3743 1934 praemio

2171 1956 2597 2013 immortalitatis
2620 1957 2812 2023 beatae,
2843 1956 3055 2012 civibus
3083 1966 3137 2011 et
3166 1956 3423 2012 omnibus
3453 1956 3519 2010 ad
3548 1971 3607 2012 se
3628 1971 3740 2011 eoru-

2171 2049 2511 2121 fugientihus
2559 2049 2952 2121 patrocinatur.
3000 2047 3174 2118 Cujus
3211 2048 3341 2118 quia
3386 2048 3504 2117 jam
3544 2048 3597 2102 iu
3630 2064 3745 2118 pace

2172 2142 2349 2198 factus
2392 2151 2476 2197 est
2508 2143 2683 2208 locus,
2717 2150 2772 2197 et
2818 2141 2875 2195 in
2918 2139 3066 2212 Syon
3096 2140 3299 2195 caelesti
3330 2140 3599 2195 habitatio
3620 2141 3743 2209 ejus,

2172 2249 2394 2289 oremus
2427 2250 2575 2301 eum,
2608 2242 2669 2288 ut
2712 2241 2767 2288 et
2808 2248 2931 2300 nos,
2982 2232 3076 2302 qui
3110 2230 3362 2287 felicibus
3386 2230 3508 2301 ejus
3550 2232 3742 2302 gaudiis

2172 2347 2283 2385 non
2310 2329 2638 2395 invidemus,
2667 2328 2774 2399 piis
2798 2326 2913 2381 suis
2945 2325 3199 2396 precibus
3225 2324 3292 2379 ad
3321 2340 3382 2380 se
3408 2324 3610 2389 trahat,
3638 2339 3739 2378 cur-

2173 2439 2295 2479 sum
2342 2431 2590 2477 nostrum
2644 2436 2700 2474 in
2724 2420 2868 2474 bono
2919 2417 3112 2472 deduci
3144 2426 3199 2472 et
3225 2416 3433 2487 expleri
3476 2418 3739 2487 optineat:

2172 2531 2320 2583 eum,
2347 2514 2595 2585 quicum
2635 2513 2755 2583 ipso
2803 2527 2913 2566 uno
2947 2511 3001 2564 in
3028 2510 3150 2565 loco
3175 2511 3419 2576 inlectus,
3457 2526 3573 2565 uno
3602 2509 3741 2563 etdie

2173 2616 2258 2662 est
2308 2613 2661 2661 consecratus
2699 2604 2907 2659 utinam
2956 2612 3066 2657 tam
3116 2610 3261 2656 sorte
3292 2602 3480 2657 beata!
3512 2601 3742 2672 precibus

2174 2697 2466 2754 indefessis
2488 2707 2754 2768 protegat,
2784 2705 2839 2752 et
2864 2696 3152 2751 dilectores
3175 2710 3306 2750 suos
3334 2703 3388 2748 et
3413 2703 3743 2749 venerateres

2175 2807 2364 2847 secum
2395 2792 2448 2844 in
2482 2791 2663 2845 celesti
2698 2788 2868 2860 gloria
2896 2805 2997 2843 nos
3026 2787 3228 2846 ascribi
3260 2785 3448 2841 faciat.

2247 2883 2558 2953 Stephanus
2594 2893 2776 2938 autem
2832 2880 3124 2936 Podiensis
3164 2880 3387 2935 invasor
3415 2894 3542 2933 cum
3583 2877 3739 2932 Diensi

2175 2976 2433 3046 episcopo
2456 2973 2717 3029 Romana:
2748 2973 2896 3029 sedis
2918 2973 3094 3043 legato
3117 2969 3334 3041 llugoni
3354 2971 3561 3025 multas
3582 2986 3740 3040 paras-

482 3066 634 3113 moto
662 3073 892 3113 suorum
926 3060 1303 3125 amminiculo,
1336 3059 1490 3115 solus
1528 3060 1723 3116 deduci
1753 3059 2069 3129 estjussus.

2178 3081 2260 3124 set
2290 3069 2539 3134 insidias,
2594 3067 2895 3122 novissime
2940 3075 3160 3120 euntem
3191 3080 3319 3118 eum
3376 3062 3443 3117 ad
3474 3063 3737 3118 concilium

480 3150 730 3221 Cumque
775 3159 1090 3206 moneretur
1128 3168 1158 3206 a
1206 3152 1532 3222 praesidente
1572 3153 1880 3223 episcopus,
1917 3161 1977 3207 ut
2006 3153 2072 3207 de

482 3241 769 3298 concessis
785 3240 897 3296 Deo
917 3243 1121 3313 gratias
1144 3251 1349 3314 ageret,
1364 3252 1420 3298 et
1432 3243 1611 3298 virum
1630 3244 1835 3298 honore
1849 3244 2072 3314 dignum

481 3333 587 3389 sibi
614 3332 972 3388 commissum
994 3332 1296 3403 adjuvarct,
1320 3334 1449 3388 etin
1476 3334 1734 3389 omnibus
1766 3343 1827 3389 ut
1847 3333 2075 3389 decebat

482 3426 712 3481 honeste
741 3433 1016 3490 tractaret,
1040 3426 1529 3495 praedecessorum,
1560 3426 1832 3483 Brunonis
1859 3427 2073 3482 scilicet

482 3517 728 3587 episcopi
782 3523 837 3570 et
891 3516 1148 3571 Willelmi
1199 3516 1434 3584 abbatis,
1494 3533 1728 3588 quorum
1786 3518 2073 3574 laudabilis

485 3609 813 3679 prmuicatur
837 3608 1076 3663 societas
1101 3617 1155 3663 et
1180 3608 1430 3664 caritatis
1463 3610 1818 3678 unanimitas,
1845 3609 2078 3665 mentio-

486 3716 609 3755 nem
664 3699 873 3755 faciens
903 3718 916 3754 :
945 3699 1026 3766 Si,
1071 3700 1268 3770 inquit,
1310 3701 1475 3754 istum
1517 3718 1621 3755 non
1669 3701 1940 3771 adjuvero,
1975 3718 2079 3756 non

486 3792 743 3858 dilexero,
773 3809 876 3845 non
907 3809 969 3846 ea
994 3802 1286 3847 tractavero
1323 3794 1546 3848 caritate
1571 3802 1620 3847 et
1647 3792 1945 3860 dulcedine,
1974 3810 2080 3864 qua

490 3882 670 3935 Bruno
702 3881 1052 3949 Willelmum,
1080 3883 1392 3952 depersoner
1413 3882 1476 3935 ab
1504 3883 1700 3937 honore
1726 3898 1857 3936 meo.
1892 3880 2079 3936 Divio-

490 3989 685 4029 nenses
707 3983 889 4029 autem
914 3972 1113 4031 fratres
1135 3975 1366 4030 concilio
1389 3975 1566 4045 primo
1582 3974 1671 4030 die
1697 3972 2079 4041 interfuerant,

488 4076 541 4121 et
579 4067 706 4137 quia
744 4082 840 4138 per
882 4082 943 4123 se
991 4068 1311 4138 nequibant,
1364 4067 1634 4123 electione
1673 4065 1950 4137 pontiﬁcis
1994 4065 2081 4120 sui

392 4184 401 4187 -
488 4158 743 4213 ordinare
790 4160 1096 4215 arcelesiam
1139 4167 1545 4216 concesserant.
1596 4158 1761 4214 Sexta
1799 4167 1917 4214 erat
1946 4156 2084 4213 feria

490 4270 598 4324 qua
621 4254 737 4309 haec
770 4252 911 4309 facta
953 4263 1114 4323 sunt;
1152 4264 1205 4310 et
1227 4255 1355 4326 quia
1378 4255 1572 4311 electio
1604 4254 1856 4320 fratrum,
1881 4254 2083 4324 quibus

492 4361 725 4417 praeesse
768 4347 1018 4415 debebat,
1074 4356 1134 4402 ut
1164 4349 1370 4404 assolet
1402 4348 1807 4419 requirebatur,
1843 4347 1945 4401 hec
1979 4344 2083 4399 fuit

2175 3159 2320 3230 apud
2341 3159 2563 3214 Clarum
2602 3157 2862 3221 Montem,
2917 3172 3042 3211 cum
3100 3154 3384 3209 canonicis
3419 3165 3547 3208 ante
3597 3153 3741 3209 altare

2176 3261 2379 3307 sancta:
2406 3250 2591 3305 Maria:
2630 3250 2902 3311 convenit,
2940 3257 2994 3303 et
3041 3262 3099 3302 se
3128 3245 3342 3316 placitis
3391 3245 3512 3313 ejus
3540 3245 3605 3299 de
3645 3241 3740 3311 epi-

2176 3354 2401 3413 scopatu
2433 3345 2963 3413 obtemperaturum,
2989 3340 3035 3395 si
3084 3340 3139 3393 in
3165 3338 3401 3394 concilio
3446 3337 3568 3392 fons
3588 3353 3740 3391 causa:

2175 3436 2296 3505 ejus
2336 3435 2773 3506 prolongaretur,
2797 3431 3063 3503 promisit.
3094 3429 3295 3485 Clerici
3324 3445 3545 3501 quoque
3600 3429 3718 3482 idem

2178 3527 2344 3582 tidem
2411 3528 2803 3597 promiserunt,
2845 3525 2891 3579 si
2932 3522 3220 3599 promissis
3279 3522 3440 3577 ﬁdem
3481 3522 3740 3591 cpiscopus

2177 3633 2397 3673 servare
2425 3617 2611 3682 nollet,
2640 3631 2699 3670 se
2720 3631 2844 3670 eum
2882 3613 3219 3678 deserturos,
3252 3622 3308 3667 et
3337 3611 3595 3666 Romana:
3645 3606 3738 3663 sedi

2176 3709 2515 3766 obedituros.
2558 3706 2728 3779 Igitur
2778 3715 2901 3777 post
2939 3705 3302 3775 cxpletionem
3351 3703 3567 3758 concilii
3590 3699 3738 3756 Clari-

2178 3801 2504 3866 moutensis,
2532 3808 2750 3870 propter
2774 3798 3078 3869 pactionem
3101 3811 3267 3865 quam
3292 3795 3410 3865 ipse
3450 3794 3740 3865 promiserat

2180 3893 2321 3950 infra
2348 3893 2468 3947 dies
2496 3892 2562 3945 15
2589 3890 2791 3961 quibus
2831 3905 2860 3943 a
2890 3886 3114 3958 pra‘fato
3142 3886 3328 3942 Diensi
3351 3886 3605 3957 episcopo
3646 3900 3739 3937 rue»-

2182 3995 2404 4041 neretur
2427 3985 2497 4039 ab
2555 3983 2869 4053 episcopatu
2913 3990 3280 4045 cessaturum,
3339 3986 3467 4032 ante
3510 3974 3740 4047 expleue-

2180 4093 2306 4133 neln
2330 4077 2543 4131 dierum
2574 4084 2924 4139 statutorum,
2959 4088 3081 4128 eum
3096 4071 3211 4142 jam
3231 4069 3560 4139 Lugdunum
3585 4064 3738 4120 venis-

2183 4179 2284 4235 set,
2310 4169 2377 4224 ad
2440 4167 2669 4222 Pedium
2698 4166 2877 4231 rediit,
2900 4164 3091 4236 paucis
3135 4178 3322 4218 secum
3363 4161 3645 4215 comitibus
3669 4171 3739 4209 as-

2183 4261 2438 4332 sumptis,
2466 4261 2683 4315 donuus
2714 4257 2888 4328 llugo,
2916 4256 3045 4327 quia
3092 4269 3285 4309 omnes
3320 4252 3649 4325 tyrannidem
3669 4249 3737 4300 iu-

2182 4354 2395 4410 vasoris
2422 4353 2568 4407 illius
2590 4358 2904 4421 suspectam
2958 4347 3252 4411 habebant,
3279 4355 3332 4400 et
3360 4346 3415 4399 in
3452 4339 3737 4400 celebratio-

490 4437 738 4494 dillinitio
762 4440 1001 4506 concilii,
1018 4450 1078 4494 ut
1104 4440 1152 4495 si
1183 4440 1269 4494 die
1296 4439 1583 4495 Dominico
1608 4437 1805 4493 fratres
1829 4436 2080 4492 electioni
2112 4443 2159 4502 Ι)
2186 4463 2254 4502 ηρ
2278 4447 2461 4501 missae
2483 4453 2605 4514 post
2634 4443 2920 4498 ιςρρίωιιηη
2948 4438 3290 4511 evangelium
3335 4435 3630 4506 intrepidus
3650 4431 3736 4485 ειρ-

490 4538 895 4593 consentientes
925 4538 1294 4603 advenissent,
1324 4538 1532 4592 electus
1561 4536 1976 4591 benediceretur
2001 4552 2012 4586 :
2033 4532 2081 4588 si

492 4646 622 4696 non,
653 4630 847 4685 electio
881 4638 1195 4684 cassaretur
1226 4637 1282 4685 et
1310 4628 1378 4683 ad
1409 4644 1510 4684 sua
1538 4627 1748 4699 regredi
1786 4627 2076 4682 sineretur.

492 4722 573 4777 Ob
600 4723 653 4778 id
689 4722 760 4778 ab
791 4722 1052 4793 episcopo
1077 4731 1132 4776 et
1151 4720 1292 4775 duce
1314 4720 1518 4776 nuncio
1544 4718 1767 4790 praepeti
1793 4733 1959 4775 cursu
1989 4716 2080 4770 Di-

493 4815 640 4870 vioni
670 4815 900 4882 directo,
940 4815 1027 4869 die
1055 4822 1110 4870 et
1157 4815 1292 4869 hora
1322 4811 1629 4883 praestituta
1671 4810 1868 4866 fratres
1911 4808 2079 4865 adve-

495 4904 673 4971 niunt,
709 4904 1030 4961 electionem
1062 4903 1261 4960 factam
1300 4905 1506 4973 scripto
1536 4903 1821 4970 roborant,
1862 4909 1918 4958 et
1947 4901 2081 4956 obe-

494 4996 713 5051 dientiae
762 4996 882 5066 ejus
927 4995 1085 5052 subdi
1134 5011 1246 5051 non
1294 4994 1669 5051 reformidant.
1722 4994 1974 5050 Laudant
2024 4993 2079 5047 in

488 5088 665 5161 jubilo
705 5088 889 5145 cordis
932 5098 988 5143 et
1038 5087 1152 5144 oris
1215 5087 1509 5143 Dominum
1561 5097 1617 5144 et
1663 5086 2083 5159 magniﬁcantes

493 5200 619 5240 eum
641 5181 814 5225 ἰ’-³⁸⁷
841 5183 896 5237 in
920 5199 1090 5238 unum
1112 5184 1350 5239 exaltant
1369 5198 1566 5239 nomen
1585 5182 1705 5252 ejus
1727 5182 1781 5236 in
1806 5181 1859 5234 id
1883 5181 2082 5250 ipsum.

497 5272 641 5343 (Fel.
682 5273 815 5342 99‘.)
844 5270 966 5327 Uno
1001 5271 1168 5343 igitur
1210 5272 1318 5340 die,
1351 5271 1405 5327 id
1443 5280 1528 5328 est
1570 5272 1659 5327 die
1695 5268 1979 5325 Dominico
2017 5267 2086 5322 15

498 5364 768 5424 Kalendas
784 5363 973 5421 Octob.
988 5364 1294 5422 consecrati
1314 5372 1444 5422 sunt
1466 5363 1611 5435 apud
1629 5362 1839 5418 Eduam
1867 5374 2084 5415 summa

2181 4552 2304 4591 rum
2354 4544 2409 4589 et
2458 4533 2740 4604 populum,
2774 4531 2904 4602 quia
2951 4538 3069 4584 erat
3097 4529 3298 4583 absens
3346 4525 3664 4596 Stephanus,
3684 4518 3737 4572 dc

2180 4627 2432 4699 pactione
2455 4641 2580 4680 cum
2604 4640 2668 4679 eo
2695 4607 2834 4678 facta
2857 4621 3132 4687 convenit,
3159 4630 3214 4675 et
3234 4635 3302 4674 ne
3321 4619 3373 4673 ei
3415 4618 3472 4672 in
3494 4626 3735 4688 posterum

2182 4719 2468 4775 obedircnt
2489 4716 2786 4788 apostolica
2823 4713 3144 4768 auctoritate
3190 4711 3495 4782 prohibuit,
3542 4708 3653 4762 data
3694 4703 3734 4754 in

2186 4828 2313 4868 eum
2336 4810 2429 4881 qui
2461 4825 2519 4864 se
2557 4809 2960 4871 absentaverat,
3013 4801 3593 4859 exconnnunieationis
3632 4810 3710 4851 srn

2191 4905 2385 4971 tentia,
2439 4903 2487 4958 si
2523 4901 2756 4956 ulterius
2792 4898 3040 4953 ecclesia:
3088 4896 3351 4951 incubare
3400 4896 3730 4964 priesumeret,

2194 4997 2368 5065 Quam
2394 4995 2514 5065 ejus
2539 4990 3161 5048 excommunicationem
3208 4986 3448 5041 domnus
3487 4996 3608 5054 papa
3630 4991 3727 5033 con.

2195 5088 2451 5153 ﬁrmavit,
2486 5085 2734 5142 scribens
2767 5079 3040 5152 episcopis
3065 5079 3366 5135 Galliarum
3420 5077 3476 5130 in
3520 5075 3620 5129 haec
3639 5080 3733 5120 vcr-

2192 5181 2319 5236 ba:

2271 5290 2289 5324 ‹
2335 5270 2628 5341 Gregorius
2652 5268 2961 5341 episcopus,
2991 5280 3185 5321 servus
3210 5277 3490 5319 servorum
3511 5256 3614 5319 Dei,
3634 5249 3732 5341 uui-

2189 5360 2363 5415 versis
2385 5337 2702 5416 Galliarum-
2724 5337 2998 5430 episcopis
3031 5362 3086 5411 et
3113 5353 3328 5410 eunetis
3356 5348 3622 5406 ordinibus
3650 5337 3731 5395 sub

1784 5450 2020 5509 VARUE
2052 5450 2455 5511 LECTIONISS.

581 5527 743 5568 ευριπ
774 5543 899 5584 cum
936 5547 983 5584 c-

2006 5612 2235 5671 NOT/E.

600 5709 721 5778 1H)
748 5706 894 5765 Obiit
922 5725 971 5765 a.
1000 5708 1155 5767 108'2.
