  <div class='ocr_page' id='page_1' title='image "/cluster/home/n/w/nwhite01/storage/ocr_20150623/154/hvd.32044015473820/148.png"; bbox 0 0 3878 6310; ppageno 0'>
   <div class='ocr_carea' id='block_1_1' title="bbox 127 314 215 374">
    <p class='ocr_par' dir='ltr' id='par_1_1' title="bbox 127 314 215 374">
     <span class='ocr_line' id='line_1_1' title="bbox 127 314 215 374; baseline 0.011 -1"><span class='ocrx_word' id='word_1_1' title='bbox 127 314 215 374; x_wconf 70' lang='lat'><strong>283</strong></span> 
     </span>
    </p>
   </div>
   <div class='ocr_carea' id='block_1_2' title="bbox 1350 296 2101 367">
    <p class='ocr_par' dir='ltr' id='par_1_2' title="bbox 1350 296 2101 367">
     <span class='ocr_line' id='line_1_2' title="bbox 1350 296 2101 367; baseline -0.004 0"><span class='ocrx_word' id='word_1_2' title='bbox 1350 296 1763 367; x_wconf 78' lang='lat' dir='ltr'><strong>CHRONICON.</strong></span> <span class='ocrx_word' id='word_1_3' title='bbox 1790 339 1861 351; x_wconf 88' lang='grc'><strong><em>-</em></strong></span> <span class='ocrx_word' id='word_1_4' title='bbox 1885 306 2014 363; x_wconf 87' lang='lat' dir='ltr'><strong>LlB.</strong></span> <span class='ocrx_word' id='word_1_5' title='bbox 2042 306 2101 364; x_wconf 78' lang='grc' dir='ltr'><strong>ιι.</strong></span> 
     </span>
    </p>
   </div>
   <div class='ocr_carea' id='block_1_3' title="bbox 3245 317 3354 371">
    <p class='ocr_par' dir='ltr' id='par_1_3' title="bbox 3245 317 3354 371">
     <span class='ocr_line' id='line_1_3' title="bbox 3245 317 3354 371; baseline 0.018 -2"><span class='ocrx_word' id='word_1_6' title='bbox 3245 317 3354 371; x_wconf 70' lang='lat'><strong>286</strong></span> 
     </span>
    </p>
   </div>
   <div class='ocr_carea' id='block_1_4' title="bbox 127 398 3351 476">
    <p class='ocr_par' dir='ltr' id='par_1_4' title="bbox 127 398 3351 476">
     <span class='ocr_line' id='line_1_4' title="bbox 127 398 3351 476; baseline -0.002 -12"><span class='ocrx_word' id='word_1_7' title='bbox 127 412 194 465; x_wconf 80' lang='lat' dir='ltr'><strong>eis</strong></span> <span class='ocrx_word' id='word_1_8' title='bbox 218 400 542 472; x_wconf 77' lang='lat' dir='ltr'><strong>constitutis,</strong></span> <span class='ocrx_word' id='word_1_9' title='bbox 569 417 690 476; x_wconf 83' lang='lat' dir='ltr'><strong>qua</strong></span> <span class='ocrx_word' id='word_1_10' title='bbox 709 416 811 475; x_wconf 89' lang='lat' dir='ltr'><strong>pro</strong></span> <span class='ocrx_word' id='word_1_11' title='bbox 839 402 1052 460; x_wconf 90' lang='lat' dir='ltr'><strong>meritis</strong></span> <span class='ocrx_word' id='word_1_12' title='bbox 1102 402 1349 469; x_wconf 80' lang='lat' dir='ltr'><strong>debetur,</strong></span> <span class='ocrx_word' id='word_1_13' title='bbox 1377 403 1608 459; x_wconf 83' lang='lat' dir='ltr'><strong>salutem</strong></span> <span class='ocrx_word' id='word_1_14' title='bbox 1627 411 1681 458; x_wconf 93' lang='lat' dir='ltr'><strong>et</strong></span> <span class='ocrx_word' id='word_1_15' title='bbox 1709 404 1757 460; x_wconf 83' lang='grc' dir='ltr'><strong>Α</strong></span> <span class='ocrx_word' id='word_1_16' title='bbox 1780 399 2065 456; x_wconf 90' lang='lat' dir='ltr'><strong>attendens</strong></span> <span class='ocrx_word' id='word_1_17' title='bbox 2088 412 2235 455; x_wconf 90' lang='lat' dir='ltr'><strong>nunc</strong></span> <span class='ocrx_word' id='word_1_18' title='bbox 2277 398 2419 455; x_wconf 83' lang='lat' dir='ltr'><strong>felici</strong></span> <span class='ocrx_word' id='word_1_19' title='bbox 2449 399 2835 457; x_wconf 70' lang='lat' dir='ltr'><strong>exercitatione</strong></span> <span class='ocrx_word' id='word_1_20' title='bbox 2892 400 3150 457; x_wconf 89' lang='lat' dir='ltr'><strong>virtutum</strong></span> <span class='ocrx_word' id='word_1_21' title='bbox 3199 400 3351 459; x_wconf 81' lang='lat' dir='ltr'><strong>flori-</strong></span> 
     </span>
    </p>
   </div>
   <div class='ocr_carea' id='block_1_5' title="bbox 129 492 1718 569">
    <p class='ocr_par' dir='ltr' id='par_1_5' title="bbox 129 492 1718 569">
     <span class='ocr_line' id='line_1_5' title="bbox 129 492 1718 569; baseline -0.003 -16"><span class='ocrx_word' id='word_1_22' title='bbox 129 497 451 569; x_wconf 85' lang='lat' dir='ltr'><strong>apostolicam</strong></span> <span class='ocrx_word' id='word_1_23' title='bbox 497 495 958 551; x_wconf 81' lang='lat' dir='ltr'><strong>benedictionem.</strong></span> <span class='ocrx_word' id='word_1_24' title='bbox 1004 492 1206 550; x_wconf 84' lang='lat' dir='ltr'><strong>Notum</strong></span> <span class='ocrx_word' id='word_1_25' title='bbox 1252 507 1377 551; x_wconf 91' lang='lat' dir='ltr'><strong>esse</strong></span> <span class='ocrx_word' id='word_1_26' title='bbox 1423 493 1680 549; x_wconf 92' lang='lat' dir='ltr'><strong>volumus</strong></span> <span class='ocrx_word' id='word_1_27' title='bbox 1714 533 1718 536; x_wconf 57' lang='grc'>‹</span> 
     </span>
    </p>
   </div>
   <div class='ocr_carea' id='block_1_6' title="bbox 127 585 926 657">
    <p class='ocr_par' dir='ltr' id='par_1_6' title="bbox 127 585 926 657">
     <span class='ocr_line' id='line_1_6' title="bbox 127 585 926 657; baseline -0.008 -14"><span class='ocrx_word' id='word_1_28' title='bbox 127 586 311 643; x_wconf 85' lang='lat' dir='ltr'><strong>caritati</strong></span> <span class='ocrx_word' id='word_1_29' title='bbox 335 594 533 641; x_wconf 84' lang='lat' dir='ltr'><strong>vestra</strong></span> <span class='ocrx_word' id='word_1_30' title='bbox 550 585 721 657; x_wconf 71' lang='grc'><strong>(145),</strong></span> <span class='ocrx_word' id='word_1_31' title='bbox 751 594 856 641; x_wconf 89' lang='lat' dir='ltr'><strong>etc.</strong></span> <span class='ocrx_word' id='word_1_32' title='bbox 906 603 926 637; x_wconf 74' lang='grc' dir='ltr'><strong>ι</strong></span> 
     </span>
    </p>
   </div>
   <div class='ocr_carea' id='block_1_7' title="bbox 181 669 1680 746">
    <p class='ocr_par' dir='ltr' id='par_1_7' title="bbox 181 669 1680 746">
     <span class='ocr_line' id='line_1_7' title="bbox 181 669 1680 746; baseline -0.003 -17"><span class='ocrx_word' id='word_1_33' title='bbox 181 674 330 746; x_wconf 81' lang='lat' dir='ltr'><strong>Igitur</strong></span> <span class='ocrx_word' id='word_1_34' title='bbox 351 674 562 730; x_wconf 89' lang='lat' dir='ltr'><strong>electus</strong></span> <span class='ocrx_word' id='word_1_35' title='bbox 597 682 803 741; x_wconf 85' lang='lat' dir='ltr'><strong>noster,</strong></span> <span class='ocrx_word' id='word_1_36' title='bbox 836 672 1208 745; x_wconf 89' lang='lat' dir='ltr'><strong>Linguonensi</strong></span> <span class='ocrx_word' id='word_1_37' title='bbox 1247 672 1542 728; x_wconf 87' lang='lat' dir='ltr'><strong>comitatus</strong></span> <span class='ocrx_word' id='word_1_38' title='bbox 1563 669 1680 742; x_wconf 83' lang='lat' dir='ltr'><strong>epi-</strong></span> 
     </span>
    </p>
   </div>
   <div class='ocr_carea' id='block_1_8' title="bbox 128 760 1680 834">
    <p class='ocr_par' dir='ltr' id='par_1_8' title="bbox 128 760 1680 834">
     <span class='ocr_line' id='line_1_8' title="bbox 128 760 1680 834; baseline -0.003 -15"><span class='ocrx_word' id='word_1_39' title='bbox 128 780 267 834; x_wconf 85' lang='lat' dir='ltr'><strong>scopo</strong></span> <span class='ocrx_word' id='word_1_40' title='bbox 299 762 364 817; x_wconf 92' lang='lat' dir='ltr'><strong>ad</strong></span> <span class='ocrx_word' id='word_1_41' title='bbox 385 762 490 818; x_wconf 86' lang='lat' dir='ltr'><strong>sibi</strong></span> <span class='ocrx_word' id='word_1_42' title='bbox 513 762 873 818; x_wconf 91' lang='lat' dir='ltr'><strong>commissum</strong></span> <span class='ocrx_word' id='word_1_43' title='bbox 917 762 1096 817; x_wconf 90' lang='lat' dir='ltr'><strong>locum</strong></span> <span class='ocrx_word' id='word_1_44' title='bbox 1129 761 1442 827; x_wconf 88' lang='lat' dir='ltr'><strong>deveniens,</strong></span> <span class='ocrx_word' id='word_1_45' title='bbox 1470 760 1680 832; x_wconf 88' lang='lat' dir='ltr'><strong>ingres-</strong></span> 
     </span>
    </p>
   </div>
   <div class='ocr_carea' id='block_1_9' title="bbox 126 849 1680 920">
    <p class='ocr_par' dir='ltr' id='par_1_9' title="bbox 126 849 1680 920">
     <span class='ocr_line' id='line_1_9' title="bbox 126 849 1680 920; baseline -0.004 -13"><span class='ocrx_word' id='word_1_46' title='bbox 126 869 204 907; x_wconf 87' lang='lat' dir='ltr'><strong>sus</strong></span> <span class='ocrx_word' id='word_1_47' title='bbox 225 859 301 907; x_wconf 88' lang='lat' dir='ltr'><strong>est</strong></span> <span class='ocrx_word' id='word_1_48' title='bbox 333 851 664 906; x_wconf 88' lang='lat' dir='ltr'><strong>Divionense</strong></span> <span class='ocrx_word' id='word_1_49' title='bbox 687 850 1019 917; x_wconf 78' lang='lat' dir='ltr'><strong>canobium,</strong></span> <span class='ocrx_word' id='word_1_50' title='bbox 1052 849 1200 920; x_wconf 90' lang='lat' dir='ltr'><strong>quod</strong></span> <span class='ocrx_word' id='word_1_51' title='bbox 1258 864 1557 919; x_wconf 84' lang='lat' dir='ltr'><strong>numquam</strong></span> <span class='ocrx_word' id='word_1_52' title='bbox 1579 863 1680 902; x_wconf 88' lang='lat' dir='ltr'><strong>an-</strong></span> 
     </span>
    </p>
   </div>
   <div class='ocr_carea' id='block_1_10' title="bbox 126 926 1679 1011">
    <p class='ocr_par' dir='ltr' id='par_1_10' title="bbox 126 926 1679 1011">
     <span class='ocr_line' id='line_1_10' title="bbox 126 926 1679 1011; baseline -0.003 -14"><span class='ocrx_word' id='word_1_53' title='bbox 126 954 194 998; x_wconf 84' lang='lat' dir='ltr'><strong>tea</strong></span> <span class='ocrx_word' id='word_1_54' title='bbox 225 942 442 1008; x_wconf 81' lang='lat' dir='ltr'><strong>viderat,</strong></span> <span class='ocrx_word' id='word_1_55' title='bbox 474 957 667 997; x_wconf 89' lang='lat' dir='ltr'><strong>mense</strong></span> <span class='ocrx_word' id='word_1_56' title='bbox 714 926 1057 1011; x_wconf 72' lang='lat' dir='ltr'><strong>Septembrio</strong></span> <span class='ocrx_word' id='word_1_57' title='bbox 1099 940 1188 996; x_wconf 91' lang='lat' dir='ltr'><strong>die</strong></span> <span class='ocrx_word' id='word_1_58' title='bbox 1230 940 1321 1006; x_wconf 79' lang='grc'><strong>21,</strong></span> <span class='ocrx_word' id='word_1_59' title='bbox 1363 949 1418 995; x_wconf 90' lang='lat' dir='ltr'><strong>et</strong></span> <span class='ocrx_word' id='word_1_60' title='bbox 1440 939 1569 1010; x_wconf 88' lang='lat' dir='ltr'><strong>quia</strong></span> <span class='ocrx_word' id='word_1_61' title='bbox 1596 938 1679 994; x_wconf 90' lang='lat' dir='ltr'><strong>lo-</strong></span> 
     </span>
    </p>
   </div>
   <div class='ocr_carea' id='block_1_11' title="bbox 123 1026 1678 1099">
    <p class='ocr_par' dir='ltr' id='par_1_11' title="bbox 123 1026 1678 1099">
     <span class='ocr_line' id='line_1_11' title="bbox 123 1026 1678 1099; baseline -0.004 -14"><span class='ocrx_word' id='word_1_62' title='bbox 123 1047 225 1085; x_wconf 91' lang='lat' dir='ltr'><strong>cum</strong></span> <span class='ocrx_word' id='word_1_63' title='bbox 247 1031 392 1084; x_wconf 90' lang='lat' dir='ltr'><strong>illum</strong></span> <span class='ocrx_word' id='word_1_64' title='bbox 416 1029 511 1084; x_wconf 89' lang='lat' dir='ltr'><strong>tali</strong></span> <span class='ocrx_word' id='word_1_65' title='bbox 542 1030 824 1099; x_wconf 89' lang='lat' dir='ltr'><strong>provisore</strong></span> <span class='ocrx_word' id='word_1_66' title='bbox 850 1029 933 1084; x_wconf 90' lang='lat' dir='ltr'><strong>vel</strong></span> <span class='ocrx_word' id='word_1_67' title='bbox 955 1036 1176 1098; x_wconf 84' lang='lat' dir='ltr'><strong>pastore</strong></span> <span class='ocrx_word' id='word_1_68' title='bbox 1205 1026 1437 1097; x_wconf 86' lang='lat' dir='ltr'><strong>pr0pitia</strong></span> <span class='ocrx_word' id='word_1_69' title='bbox 1451 1027 1678 1082; x_wconf 89' lang='lat' dir='ltr'><strong>ditasset</strong></span> 
     </span>
    </p>
   </div>
   <div class='ocr_carea' id='block_1_12' title="bbox 124 1116 1673 1187">
    <p class='ocr_par' dir='ltr' id='par_1_12' title="bbox 124 1116 1673 1187">
     <span class='ocr_line' id='line_1_12' title="bbox 124 1116 1673 1187; baseline -0.003 -12"><span class='ocrx_word' id='word_1_70' title='bbox 124 1121 366 1187; x_wconf 76' lang='lat' dir='ltr'><strong>divinitas,</strong></span> <span class='ocrx_word' id='word_1_71' title='bbox 381 1134 446 1176; x_wconf 90' lang='lat' dir='ltr'><strong>ex</strong></span> <span class='ocrx_word' id='word_1_72' title='bbox 472 1130 606 1175; x_wconf 90' lang='lat' dir='ltr'><strong>tunc</strong></span> <span class='ocrx_word' id='word_1_73' title='bbox 636 1127 691 1174; x_wconf 88' lang='lat' dir='ltr'><strong>et</strong></span> <span class='ocrx_word' id='word_1_74' title='bbox 724 1119 887 1174; x_wconf 91' lang='lat' dir='ltr'><strong>modo</strong></span> <span class='ocrx_word' id='word_1_75' title='bbox 919 1117 1198 1174; x_wconf 82' lang='lat' dir='ltr'><strong>beneficiis</strong></span> <span class='ocrx_word' id='word_1_76' title='bbox 1220 1117 1412 1173; x_wconf 90' lang='lat' dir='ltr'><strong>multis</strong></span> <span class='ocrx_word' id='word_1_77' title='bbox 1429 1116 1551 1187; x_wconf 84' lang='lat' dir='ltr'><strong>ejus</strong></span> <span class='ocrx_word' id='word_1_78' title='bbox 1577 1116 1673 1184; x_wconf 80' lang='lat' dir='ltr'><strong>de,-</strong></span> 
     </span>
    </p>
   </div>
   <div class='ocr_carea' id='block_1_13' title="bbox 123 1206 1674 1283">
    <p class='ocr_par' dir='ltr' id='par_1_13' title="bbox 123 1206 1674 1283">
     <span class='ocr_line' id='line_1_13' title="bbox 123 1206 1674 1283; baseline -0.005 -15"><span class='ocrx_word' id='word_1_79' title='bbox 123 1214 317 1268; x_wconf 85' lang='lat' dir='ltr'><strong>claravit</strong></span> <span class='ocrx_word' id='word_1_80' title='bbox 350 1213 549 1283; x_wconf 89' lang='lat' dir='ltr'><strong>pietas.</strong></span> <span class='ocrx_word' id='word_1_81' title='bbox 599 1211 810 1268; x_wconf 84' lang='lat' dir='ltr'><strong>Invenit</strong></span> <span class='ocrx_word' id='word_1_82' title='bbox 826 1211 1097 1268; x_wconf 81' lang='lat' dir='ltr'><strong>fervorem</strong></span> <span class='ocrx_word' id='word_1_83' title='bbox 1153 1210 1382 1275; x_wconf 86' lang='lat' dir='ltr'><strong>ordinis,</strong></span> <span class='ocrx_word' id='word_1_84' title='bbox 1420 1221 1583 1279; x_wconf 88' lang='lat' dir='ltr'><strong>quem</strong></span> <span class='ocrx_word' id='word_1_85' title='bbox 1618 1206 1674 1261; x_wconf 93' lang='lat' dir='ltr'><strong>in</strong></span> 
     </span>
    </p>
   </div>
   <div class='ocr_carea' id='block_1_14' title="bbox 124 1300 1673 1375">
    <p class='ocr_par' dir='ltr' id='par_1_14' title="bbox 124 1300 1673 1375">
     <span class='ocr_line' id='line_1_14' title="bbox 124 1300 1673 1375; baseline -0.005 -15"><span class='ocrx_word' id='word_1_86' title='bbox 124 1304 585 1375; x_wconf 84' lang='lat' dir='ltr'><strong>pradecessoribus</strong></span> <span class='ocrx_word' id='word_1_87' title='bbox 636 1302 809 1359; x_wconf 83' lang='lat' dir='ltr'><strong>fuisse</strong></span> <span class='ocrx_word' id='word_1_88' title='bbox 887 1310 1202 1374; x_wconf 91' lang='lat' dir='ltr'><strong>acceperat,</strong></span> <span class='ocrx_word' id='word_1_89' title='bbox 1242 1300 1517 1372; x_wconf 86' lang='lat' dir='ltr'><strong>tepuisse,</strong></span> <span class='ocrx_word' id='word_1_90' title='bbox 1554 1307 1673 1353; x_wconf 91' lang='lat' dir='ltr'><strong>tum</strong></span> 
     </span>
    </p>
   </div>
   <div class='ocr_carea' id='block_1_15' title="bbox 122 1389 1676 1465">
    <p class='ocr_par' dir='ltr' id='par_1_15' title="bbox 122 1389 1676 1465">
     <span class='ocr_line' id='line_1_15' title="bbox 122 1389 1676 1465; baseline -0.004 -16"><span class='ocrx_word' id='word_1_91' title='bbox 122 1395 431 1465; x_wconf 84' lang='lat' dir='ltr'><strong>pralatorum</strong></span> <span class='ocrx_word' id='word_1_92' title='bbox 459 1395 678 1451; x_wconf 88' lang='lat' dir='ltr'><strong>incuria</strong></span> <span class='ocrx_word' id='word_1_93' title='bbox 697 1404 811 1450; x_wconf 91' lang='lat' dir='ltr'><strong>tum</strong></span> <span class='ocrx_word' id='word_1_94' title='bbox 840 1394 1186 1450; x_wconf 85' lang='lat' dir='ltr'><strong>subditorum</strong></span> <span class='ocrx_word' id='word_1_95' title='bbox 1225 1391 1477 1464; x_wconf 72' lang='lat' dir='ltr'><strong>segnitia,</strong></span> <span class='ocrx_word' id='word_1_96' title='bbox 1519 1389 1676 1444; x_wconf 85' lang='lat' dir='ltr'><strong>habi-</strong></span> 
     </span>
    </p>
   </div>
   <div class='ocr_carea' id='block_1_16' title="bbox 125 1480 1675 1540">
    <p class='ocr_par' dir='ltr' id='par_1_16' title="bbox 125 1480 1675 1540">
     <span class='ocr_line' id='line_1_16' title="bbox 125 1480 1675 1540; baseline -0.003 -3"><span class='ocrx_word' id='word_1_97' title='bbox 125 1484 271 1539; x_wconf 87' lang='lat' dir='ltr'><strong>tacula</strong></span> <span class='ocrx_word' id='word_1_98' title='bbox 293 1499 574 1540; x_wconf 89' lang='lat' dir='ltr'><strong>servorum</strong></span> <span class='ocrx_word' id='word_1_99' title='bbox 613 1483 711 1540; x_wconf 90' lang='lat' dir='ltr'><strong>Dei</strong></span> <span class='ocrx_word' id='word_1_100' title='bbox 751 1484 944 1540; x_wconf 90' lang='lat' dir='ltr'><strong>usibus</strong></span> <span class='ocrx_word' id='word_1_101' title='bbox 961 1482 1212 1539; x_wconf 88' lang='lat' dir='ltr'><strong>instituta</strong></span> <span class='ocrx_word' id='word_1_102' title='bbox 1234 1481 1392 1537; x_wconf 90' lang='lat' dir='ltr'><strong>laicis</strong></span> <span class='ocrx_word' id='word_1_103' title='bbox 1420 1480 1675 1535; x_wconf 89' lang='lat' dir='ltr'><strong>intranti-</strong></span> 
     </span>
    </p>
   </div>
   <div class='ocr_carea' id='block_1_17' title="bbox 124 1571 1673 1644">
    <p class='ocr_par' dir='ltr' id='par_1_17' title="bbox 124 1571 1673 1644">
     <span class='ocr_line' id='line_1_17' title="bbox 124 1571 1673 1644; baseline -0.001 -17"><span class='ocrx_word' id='word_1_104' title='bbox 124 1575 207 1629; x_wconf 85' lang='lat' dir='ltr'><strong>bus</strong></span> <span class='ocrx_word' id='word_1_105' title='bbox 232 1585 281 1629; x_wconf 89' lang='lat' dir='ltr'><strong>et</strong></span> <span class='ocrx_word' id='word_1_106' title='bbox 302 1575 633 1632; x_wconf 81' lang='lat' dir='ltr'><strong>exeuntibus</strong></span> <span class='ocrx_word' id='word_1_107' title='bbox 661 1575 997 1641; x_wconf 88' lang='lat' dir='ltr'><strong>communia,</strong></span> <span class='ocrx_word' id='word_1_108' title='bbox 1031 1574 1181 1629; x_wconf 89' lang='lat' dir='ltr'><strong>intus</strong></span> <span class='ocrx_word' id='word_1_109' title='bbox 1208 1587 1405 1644; x_wconf 91' lang='lat' dir='ltr'><strong>parum</strong></span> <span class='ocrx_word' id='word_1_110' title='bbox 1456 1571 1673 1642; x_wconf 87' lang='lat' dir='ltr'><strong>religio-</strong></span> 
     </span>
    </p>
   </div>
   <div class='ocr_carea' id='block_1_18' title="bbox 123 1661 1672 1731">
    <p class='ocr_par' dir='ltr' id='par_1_18' title="bbox 123 1661 1672 1731">
     <span class='ocr_line' id='line_1_18' title="bbox 123 1661 1672 1731; baseline -0.001 -12"><span class='ocrx_word' id='word_1_111' title='bbox 123 1665 211 1731; x_wconf 80' lang='lat' dir='ltr'><strong>nis,</strong></span> <span class='ocrx_word' id='word_1_112' title='bbox 253 1663 379 1721; x_wconf 88' lang='lat' dir='ltr'><strong>foris</strong></span> <span class='ocrx_word' id='word_1_113' title='bbox 428 1680 662 1723; x_wconf 85' lang='lat' dir='ltr'><strong>acervos</strong></span> <span class='ocrx_word' id='word_1_114' title='bbox 688 1666 1080 1721; x_wconf 83' lang='lat' dir='ltr'><strong>tribulationis.</strong></span> <span class='ocrx_word' id='word_1_115' title='bbox 1128 1663 1433 1720; x_wconf 89' lang='lat' dir='ltr'><strong>Ecclesiam</strong></span> <span class='ocrx_word' id='word_1_116' title='bbox 1474 1661 1672 1717; x_wconf 90' lang='lat' dir='ltr'><strong>annuis</strong></span> 
     </span>
    </p>
   </div>
   <div class='ocr_carea' id='block_1_19' title="bbox 1779 492 3353 570">
    <p class='ocr_par' dir='ltr' id='par_1_19' title="bbox 1779 492 3353 570">
     <span class='ocr_line' id='line_1_19' title="bbox 1779 492 3353 570; baseline 0.001 -22"><span class='ocrx_word' id='word_1_117' title='bbox 1779 492 1932 560; x_wconf 90' lang='lat' dir='ltr'><strong>dum,</strong></span> <span class='ocrx_word' id='word_1_118' title='bbox 1957 493 2161 570; x_wconf 66' lang='lat' dir='ltr'><strong>clamet</strong></span> <span class='ocrx_word' id='word_1_119' title='bbox 2177 492 2231 547; x_wconf 92' lang='lat' dir='ltr'><strong>in</strong></span> <span class='ocrx_word' id='word_1_120' title='bbox 2251 492 2428 563; x_wconf 91' lang='lat' dir='ltr'><strong>jubilo</strong></span> <span class='ocrx_word' id='word_1_121' title='bbox 2446 493 2658 548; x_wconf 86' lang='lat' dir='ltr'><strong>cordis:</strong></span> <span class='ocrx_word' id='word_1_122' title='bbox 2689 492 2820 548; x_wconf 70' lang='lat' dir='ltr'><strong>Haec</strong></span> <span class='ocrx_word' id='word_1_123' title='bbox 2861 496 3087 548; x_wconf 84' lang='lat' dir='ltr'><strong>mutatio</strong></span> <span class='ocrx_word' id='word_1_124' title='bbox 3124 496 3353 551; x_wconf 73' lang='lat' dir='ltr'><strong>dextera:</strong></span> 
     </span>
    </p>
   </div>
   <div class='ocr_carea' id='block_1_20' title="bbox 1776 581 3353 656">
    <p class='ocr_par' dir='ltr' id='par_1_20' title="bbox 1776 581 3353 656">
     <span class='ocr_line' id='line_1_20' title="bbox 1776 581 3353 656; baseline 0.003 -18"><span class='ocrx_word' id='word_1_125' title='bbox 1776 582 1968 638; x_wconf 69' lang='lat' dir='ltr'><strong>excelsi</strong></span> <span class='ocrx_word' id='word_1_126' title='bbox 2000 581 2175 654; x_wconf 83' lang='lat' dir='ltr'><strong>(Psal.</strong></span> <span class='ocrx_word' id='word_1_127' title='bbox 2209 599 2393 650; x_wconf 84' lang='lat' dir='ltr'><strong>Lxxv1,</strong></span> <span class='ocrx_word' id='word_1_128' title='bbox 2418 582 2528 651; x_wconf 84' lang='grc'>11).</span> <span class='ocrx_word' id='word_1_129' title='bbox 2554 581 2828 656; x_wconf 89' lang='lat' dir='ltr'><strong>Ceperunt</strong></span> <span class='ocrx_word' id='word_1_130' title='bbox 2847 584 2961 654; x_wconf 86' lang='lat' dir='ltr'><strong>jam</strong></span> <span class='ocrx_word' id='word_1_131' title='bbox 2989 584 3058 640; x_wconf 87' lang='lat' dir='ltr'><strong>ad</strong></span> <span class='ocrx_word' id='word_1_132' title='bbox 3089 587 3209 655; x_wconf 81' lang='lat' dir='ltr'><strong>ejus</strong></span> <span class='ocrx_word' id='word_1_133' title='bbox 3234 603 3353 643; x_wconf 92' lang='lat' dir='ltr'><strong>mo-</strong></span> 
     </span>
    </p>
   </div>
   <div class='ocr_carea' id='block_1_21' title="bbox 1777 672 3350 747">
    <p class='ocr_par' dir='ltr' id='par_1_21' title="bbox 1777 672 3350 747">
     <span class='ocr_line' id='line_1_21' title="bbox 1777 672 3350 747; baseline 0.003 -20"><span class='ocrx_word' id='word_1_134' title='bbox 1777 672 1892 728; x_wconf 89' lang='lat' dir='ltr'><strong>nita</strong></span> <span class='ocrx_word' id='word_1_135' title='bbox 1913 672 2069 728; x_wconf 91' lang='lat' dir='ltr'><strong>multi</strong></span> <span class='ocrx_word' id='word_1_136' title='bbox 2094 672 2357 727; x_wconf 88' lang='lat' dir='ltr'><strong>nobilium</strong></span> <span class='ocrx_word' id='word_1_137' title='bbox 2408 681 2466 727; x_wconf 89' lang='lat' dir='ltr'><strong>et</strong></span> <span class='ocrx_word' id='word_1_138' title='bbox 2499 672 2857 729; x_wconf 87' lang='lat' dir='ltr'><strong>mediocrium</strong></span> <span class='ocrx_word' id='word_1_139' title='bbox 2898 690 2997 730; x_wconf 91' lang='lat' dir='ltr'><strong>sua</strong></span> <span class='ocrx_word' id='word_1_140' title='bbox 3025 676 3350 747; x_wconf 88' lang='lat' dir='ltr'><strong>relinquere,</strong></span> 
     </span>
    </p>
   </div>
   <div class='ocr_carea' id='block_1_22' title="bbox 1776 763 3352 839">
    <p class='ocr_par' dir='ltr' id='par_1_22' title="bbox 1776 763 3352 839">
     <span class='ocr_line' id='line_1_22' title="bbox 1776 763 3352 839; baseline 0.003 -20"><span class='ocrx_word' id='word_1_141' title='bbox 1776 771 1832 819; x_wconf 93' lang='lat' dir='ltr'><strong>et</strong></span> <span class='ocrx_word' id='word_1_142' title='bbox 1850 763 2087 835; x_wconf 80' lang='lat' dir='ltr'><strong>regulari</strong></span> <span class='ocrx_word' id='word_1_143' title='bbox 2121 763 2418 833; x_wconf 87' lang='lat' dir='ltr'><strong>disciplina</strong></span> <span class='ocrx_word' id='word_1_144' title='bbox 2448 779 2507 818; x_wconf 91' lang='lat' dir='ltr'><strong>se</strong></span> <span class='ocrx_word' id='word_1_145' title='bbox 2541 764 2792 830; x_wconf 89' lang='lat' dir='ltr'><strong>subdere,</strong></span> <span class='ocrx_word' id='word_1_146' title='bbox 2815 780 2982 835; x_wconf 89' lang='lat' dir='ltr'><strong>seque</strong></span> <span class='ocrx_word' id='word_1_147' title='bbox 3023 766 3352 839; x_wconf 88' lang='lat' dir='ltr'><strong>abnegantes</strong></span> 
     </span>
    </p>
   </div>
   <div class='ocr_carea' id='block_1_23' title="bbox 1777 853 3172 926">
    <p class='ocr_par' dir='ltr' id='par_1_23' title="bbox 1777 853 3172 926">
     <span class='ocr_line' id='line_1_23' title="bbox 1777 853 3172 926; baseline 0.001 -15"><span class='ocrx_word' id='word_1_148' title='bbox 1777 854 1882 911; x_wconf 85' lang='lat' dir='ltr'><strong>sub</strong></span> <span class='ocrx_word' id='word_1_149' title='bbox 1902 855 2022 925; x_wconf 88' lang='lat' dir='ltr'><strong>ejus</strong></span> <span class='ocrx_word' id='word_1_150' title='bbox 2059 854 2259 910; x_wconf 84' lang='lat' dir='ltr'><strong>ducatu</strong></span> <span class='ocrx_word' id='word_1_151' title='bbox 2283 853 2393 909; x_wconf 92' lang='lat' dir='ltr'><strong>Deo</strong></span> <span class='ocrx_word' id='word_1_152' title='bbox 2422 854 2536 926; x_wconf 81' lang='lat' dir='ltr'><strong>regi</strong></span> <span class='ocrx_word' id='word_1_153' title='bbox 2567 856 2660 909; x_wconf 92' lang='lat' dir='ltr'><strong>uni</strong></span> <span class='ocrx_word' id='word_1_154' title='bbox 2696 864 2749 911; x_wconf 91' lang='lat' dir='ltr'><strong>et</strong></span> <span class='ocrx_word' id='word_1_155' title='bbox 2771 871 2901 911; x_wconf 92' lang='lat' dir='ltr'><strong>vero</strong></span> <span class='ocrx_word' id='word_1_156' title='bbox 2920 857 3172 913; x_wconf 86' lang='lat' dir='ltr'><strong>militare.</strong></span> 
     </span>
    </p>
   </div>
   <div class='ocr_carea' id='block_1_24' title="bbox 1849 945 3350 1019">
    <p class='ocr_par' dir='ltr' id='par_1_24' title="bbox 1849 945 3350 1019">
     <span class='ocr_line' id='line_1_24' title="bbox 1849 945 3350 1019; baseline 0.001 -18"><span class='ocrx_word' id='word_1_157' title='bbox 1849 945 1987 1018; x_wconf 93' lang='lat' dir='ltr'><strong>(Fol.</strong></span> <span class='ocrx_word' id='word_1_158' title='bbox 2012 945 2160 1016; x_wconf 94' lang='grc'>100.)</span> <span class='ocrx_word' id='word_1_159' title='bbox 2180 945 2485 1001; x_wconf 87' lang='lat' dir='ltr'><strong>Celebravit</strong></span> <span class='ocrx_word' id='word_1_160' title='bbox 2504 955 2556 1001; x_wconf 91' lang='lat' dir='ltr'><strong>et</strong></span> <span class='ocrx_word' id='word_1_161' title='bbox 2580 946 2829 1017; x_wconf 91' lang='lat' dir='ltr'><strong>quintum</strong></span> <span class='ocrx_word' id='word_1_162' title='bbox 2851 948 3141 1003; x_wconf 88' lang='lat' dir='ltr'><strong>concilium</strong></span> <span class='ocrx_word' id='word_1_163' title='bbox 3167 948 3350 1019; x_wconf 86' lang='grc'>(1078)</span> 
     </span>
    </p>
   </div>
   <div class='ocr_carea' id='block_1_25' title="bbox 1776 1035 3349 1108">
    <p class='ocr_par' dir='ltr' id='par_1_25' title="bbox 1776 1035 3349 1108">
     <span class='ocr_line' id='line_1_25' title="bbox 1776 1035 3349 1108; baseline 0.001 -16"><span class='ocrx_word' id='word_1_164' title='bbox 1776 1035 1993 1093; x_wconf 91' lang='lat' dir='ltr'><strong>donnus</strong></span> <span class='ocrx_word' id='word_1_165' title='bbox 2012 1036 2228 1093; x_wconf 91' lang='lat' dir='ltr'><strong>Diensis</strong></span> <span class='ocrx_word' id='word_1_166' title='bbox 2265 1038 2555 1107; x_wconf 90' lang='lat' dir='ltr'><strong>episcopus</strong></span> <span class='ocrx_word' id='word_1_167' title='bbox 2583 1039 2723 1108; x_wconf 89' lang='lat' dir='ltr'><strong>apud</strong></span> <span class='ocrx_word' id='word_1_168' title='bbox 2771 1039 2959 1093; x_wconf 90' lang='lat' dir='ltr'><strong>urbem</strong></span> <span class='ocrx_word' id='word_1_169' title='bbox 3009 1038 3349 1095; x_wconf 89' lang='lat' dir='ltr'><strong>Pictavorum</strong></span> 
     </span>
    </p>
   </div>
   <div class='ocr_carea' id='block_1_26' title="bbox 1777 1126 3352 1199">
    <p class='ocr_par' dir='ltr' id='par_1_26' title="bbox 1777 1126 3352 1199">
     <span class='ocr_line' id='line_1_26' title="bbox 1777 1126 3352 1199; baseline 0 -18"><span class='ocrx_word' id='word_1_170' title='bbox 1777 1126 1947 1199; x_wconf 75' lang='grc'>(146),</span> <span class='ocrx_word' id='word_1_171' title='bbox 1973 1127 2065 1182; x_wconf 92' lang='lat' dir='ltr'><strong>ubi</strong></span> <span class='ocrx_word' id='word_1_172' title='bbox 2086 1135 2291 1198; x_wconf 90' lang='lat' dir='ltr'><strong>quanta</strong></span> <span class='ocrx_word' id='word_1_173' title='bbox 2318 1126 2463 1182; x_wconf 90' lang='lat' dir='ltr'><strong>Deus</strong></span> <span class='ocrx_word' id='word_1_174' title='bbox 2489 1138 2745 1198; x_wconf 85' lang='lat' dir='ltr'><strong>Operatus</strong></span> <span class='ocrx_word' id='word_1_175' title='bbox 2773 1128 2843 1183; x_wconf 90' lang='lat' dir='ltr'><strong>sit</strong></span> <span class='ocrx_word' id='word_1_176' title='bbox 2880 1137 2935 1183; x_wconf 89' lang='lat' dir='ltr'><strong>et</strong></span> <span class='ocrx_word' id='word_1_177' title='bbox 2987 1138 3188 1199; x_wconf 87' lang='lat' dir='ltr'><strong>quanta</strong></span> <span class='ocrx_word' id='word_1_178' title='bbox 3224 1144 3352 1198; x_wconf 86' lang='lat' dir='ltr'><strong>erga</strong></span> 
     </span>
    </p>
   </div>
   <div class='ocr_carea' id='block_1_27' title="bbox 1775 1218 3353 1287">
    <p class='ocr_par' dir='ltr' id='par_1_27' title="bbox 1775 1218 3353 1287">
     <span class='ocr_line' id='line_1_27' title="bbox 1775 1218 3353 1287; baseline -0.003 -12"><span class='ocrx_word' id='word_1_179' title='bbox 1775 1234 1962 1275; x_wconf 88' lang='lat' dir='ltr'><strong>servos</strong></span> <span class='ocrx_word' id='word_1_180' title='bbox 1987 1218 2190 1274; x_wconf 80' lang='lat' dir='ltr'><strong>Christi</strong></span> <span class='ocrx_word' id='word_1_181' title='bbox 2248 1218 2501 1274; x_wconf 87' lang='lat' dir='ltr'><strong>diabolus</strong></span> <span class='ocrx_word' id='word_1_182' title='bbox 2544 1227 2772 1275; x_wconf 88' lang='lat' dir='ltr'><strong>conatus</strong></span> <span class='ocrx_word' id='word_1_183' title='bbox 2815 1220 2905 1283; x_wconf 86' lang='lat' dir='ltr'><strong>sit,</strong></span> <span class='ocrx_word' id='word_1_184' title='bbox 2951 1234 3015 1274; x_wconf 86' lang='lat' dir='ltr'><strong>ex</strong></span> <span class='ocrx_word' id='word_1_185' title='bbox 3047 1219 3240 1274; x_wconf 86' lang='lat' dir='ltr'><strong>litteris</strong></span> <span class='ocrx_word' id='word_1_186' title='bbox 3269 1218 3353 1287; x_wconf 90' lang='lat' dir='ltr'><strong>ip-</strong></span> 
     </span>
    </p>
   </div>
   <div class='ocr_carea' id='block_1_28' title="bbox 1775 1309 3351 1380">
    <p class='ocr_par' dir='ltr' id='par_1_28' title="bbox 1775 1309 3351 1380">
     <span class='ocr_line' id='line_1_28' title="bbox 1775 1309 3351 1380; baseline -0.002 -15"><span class='ocrx_word' id='word_1_187' title='bbox 1775 1312 1893 1366; x_wconf 91' lang='lat' dir='ltr'><strong>sius</strong></span> <span class='ocrx_word' id='word_1_188' title='bbox 1912 1310 2134 1365; x_wconf 90' lang='lat' dir='ltr'><strong>domino</strong></span> <span class='ocrx_word' id='word_1_189' title='bbox 2161 1324 2314 1380; x_wconf 88' lang='lat' dir='ltr'><strong>papa</strong></span> <span class='ocrx_word' id='word_1_190' title='bbox 2343 1309 2564 1365; x_wconf 90' lang='lat' dir='ltr'><strong>directis</strong></span> <span class='ocrx_word' id='word_1_191' title='bbox 2584 1309 2853 1379; x_wconf 87' lang='lat' dir='ltr'><strong>conjicere</strong></span> <span class='ocrx_word' id='word_1_192' title='bbox 2876 1325 3188 1380; x_wconf 90' lang='lat' dir='ltr'><strong>possumus,</strong></span> <span class='ocrx_word' id='word_1_193' title='bbox 3211 1324 3351 1378; x_wconf 84' lang='lat' dir='ltr'><strong>qua-</strong></span> 
     </span>
    </p>
   </div>
   <div class='ocr_carea' id='block_1_29' title="bbox 1772 1400 3351 1468">
    <p class='ocr_par' dir='ltr' id='par_1_29' title="bbox 1772 1400 3351 1468">
     <span class='ocr_line' id='line_1_29' title="bbox 1772 1400 3351 1468; baseline -0.002 -12"><span class='ocrx_word' id='word_1_194' title='bbox 1772 1416 1897 1456; x_wconf 89' lang='lat' dir='ltr'><strong>rum</strong></span> <span class='ocrx_word' id='word_1_195' title='bbox 1923 1410 2102 1456; x_wconf 88' lang='lat' dir='ltr'><strong>textus</strong></span> <span class='ocrx_word' id='word_1_196' title='bbox 2127 1400 2231 1456; x_wconf 91' lang='lat' dir='ltr'><strong>iste</strong></span> <span class='ocrx_word' id='word_1_197' title='bbox 2258 1409 2371 1456; x_wconf 89' lang='lat' dir='ltr'><strong>est:</strong></span> <span class='ocrx_word' id='word_1_198' title='bbox 2426 1420 2444 1453; x_wconf 76' lang='grc' dir='ltr'>ι</span> <span class='ocrx_word' id='word_1_199' title='bbox 2486 1400 2720 1455; x_wconf 84' lang='grc' dir='ltr'>Ι)οωίηο</span> <span class='ocrx_word' id='word_1_200' title='bbox 2742 1416 2807 1456; x_wconf 92' lang='lat' dir='ltr'><strong>ac</strong></span> <span class='ocrx_word' id='word_1_201' title='bbox 2833 1400 3040 1455; x_wconf 91' lang='lat' dir='ltr'><strong>meritis</strong></span> <span class='ocrx_word' id='word_1_202' title='bbox 3062 1400 3222 1455; x_wconf 90' lang='lat' dir='ltr'><strong>beato</strong></span> <span class='ocrx_word' id='word_1_203' title='bbox 3250 1415 3351 1468; x_wconf 90' lang='lat' dir='ltr'><strong>pa-</strong></span> 
     </span>
    </p>
   </div>
   <div class='ocr_carea' id='block_1_30' title="bbox 1773 1489 3351 1563">
    <p class='ocr_par' dir='ltr' id='par_1_30' title="bbox 1773 1489 3351 1563">
     <span class='ocr_line' id='line_1_30' title="bbox 1773 1489 3351 1563; baseline -0.003 -16"><span class='ocrx_word' id='word_1_204' title='bbox 1773 1508 1857 1562; x_wconf 91' lang='lat' dir='ltr'><strong>pa</strong></span> <span class='ocrx_word' id='word_1_205' title='bbox 1877 1491 2161 1563; x_wconf 81' lang='lat' dir='ltr'><strong>Gregorio,</strong></span> <span class='ocrx_word' id='word_1_206' title='bbox 2203 1490 2359 1562; x_wconf 85' lang='lat' dir='ltr'><strong>Hugo</strong></span> <span class='ocrx_word' id='word_1_207' title='bbox 2386 1490 2610 1547; x_wconf 88' lang='lat' dir='ltr'><strong>humilis</strong></span> <span class='ocrx_word' id='word_1_208' title='bbox 2653 1491 2935 1562; x_wconf 79' lang='lat' dir='ltr'><strong>presbyter</strong></span> <span class='ocrx_word' id='word_1_209' title='bbox 2961 1489 3263 1555; x_wconf 90' lang='lat' dir='ltr'><strong>Diensium,</strong></span> <span class='ocrx_word' id='word_1_210' title='bbox 3294 1490 3351 1542; x_wconf 93' lang='lat' dir='ltr'><strong>in</strong></span> 
     </span>
    </p>
   </div>
   <div class='ocr_carea' id='block_1_31' title="bbox 1772 1580 3349 1651">
    <p class='ocr_par' dir='ltr' id='par_1_31' title="bbox 1772 1580 3349 1651">
     <span class='ocr_line' id='line_1_31' title="bbox 1772 1580 3349 1651; baseline -0.003 -13"><span class='ocrx_word' id='word_1_211' title='bbox 1772 1582 1997 1639; x_wconf 90' lang='lat' dir='ltr'><strong>domino</strong></span> <span class='ocrx_word' id='word_1_212' title='bbox 2016 1582 2128 1638; x_wconf 90' lang='lat' dir='ltr'><strong>Deo</strong></span> <span class='ocrx_word' id='word_1_213' title='bbox 2152 1583 2406 1638; x_wconf 89' lang='lat' dir='ltr'><strong>salutem.</strong></span> <span class='ocrx_word' id='word_1_214' title='bbox 2445 1581 2503 1637; x_wconf 91' lang='lat' dir='ltr'><strong>ln</strong></span> <span class='ocrx_word' id='word_1_215' title='bbox 2528 1582 2782 1649; x_wconf 86' lang='lat' dir='ltr'><strong>concilio,</strong></span> <span class='ocrx_word' id='word_1_216' title='bbox 2811 1581 2960 1651; x_wconf 92' lang='lat' dir='ltr'><strong>quod</strong></span> <span class='ocrx_word' id='word_1_217' title='bbox 2989 1580 3226 1636; x_wconf 87' lang='lat' dir='ltr'><strong>Pictavis</strong></span> <span class='ocrx_word' id='word_1_218' title='bbox 3253 1595 3349 1649; x_wconf 88' lang='lat' dir='ltr'><strong>per</strong></span> 
     </span>
    </p>
   </div>
   <div class='ocr_carea' id='block_1_32' title="bbox 1776 1670 3350 1746">
    <p class='ocr_par' dir='ltr' id='par_1_32' title="bbox 1776 1670 3350 1746">
     <span class='ocr_line' id='line_1_32' title="bbox 1776 1670 3350 1746; baseline -0.003 -17"><span class='ocrx_word' id='word_1_219' title='bbox 1776 1674 2005 1746; x_wconf 78' lang='lat' dir='ltr'><strong>gratiam</strong></span> <span class='ocrx_word' id='word_1_220' title='bbox 2027 1671 2125 1729; x_wconf 90' lang='lat' dir='ltr'><strong>Dei</strong></span> <span class='ocrx_word' id='word_1_221' title='bbox 2155 1689 2281 1729; x_wconf 92' lang='lat' dir='ltr'><strong>cum</strong></span> <span class='ocrx_word' id='word_1_222' title='bbox 2303 1673 2488 1743; x_wconf 90' lang='lat' dir='ltr'><strong>aliquo</strong></span> <span class='ocrx_word' id='word_1_223' title='bbox 2529 1672 2710 1728; x_wconf 87' lang='lat' dir='ltr'><strong>fructu</strong></span> <span class='ocrx_word' id='word_1_224' title='bbox 2739 1670 3156 1738; x_wconf 87' lang='lat' dir='ltr'><strong>celebravimus,</strong></span> <span class='ocrx_word' id='word_1_225' title='bbox 3179 1671 3350 1724; x_wconf 89' lang='lat' dir='ltr'><strong>multa</strong></span> 
     </span>
    </p>
   </div>
   <div class='ocr_carea' id='block_1_33' title="bbox 123 1727 3355 1836">
    <p class='ocr_par' dir='ltr' id='par_1_33' title="bbox 123 1727 3355 1836">
     <span class='ocr_line' id='line_1_33' title="bbox 123 1727 3355 1836; baseline -0.004 -10"><span class='ocrx_word' id='word_1_226' title='bbox 123 1756 370 1826; x_wconf 57' lang='lat' dir='ltr'><strong>“ipendiis</strong></span> <span class='ocrx_word' id='word_1_227' title='bbox 419 1766 691 1829; x_wconf 70' lang='grc' dir='ltr'><strong>θεεηῑεω,</strong></span> <span class='ocrx_word' id='word_1_228' title='bbox 753 1773 847 1814; x_wconf 65' lang='lat' dir='ltr'><strong>ere</strong></span> <span class='ocrx_word' id='word_1_229' title='bbox 887 1757 1068 1815; x_wconf 69' lang='grc' dir='ltr'><strong>ειῙίθιιο</strong></span> <span class='ocrx_word' id='word_1_230' title='bbox 1128 1769 1470 1826; x_wconf 61' lang='lat' dir='ltr'><strong>oppressam:</strong></span> <span class='ocrx_word' id='word_1_231' title='bbox 1508 1769 1673 1808; x_wconf 62' lang='lat' dir='ltr'><strong>0PM—</strong></span> <span class='ocrx_word' id='word_1_232' title='bbox 1706 1727 1749 1786; x_wconf 74' lang='grc' dir='ltr'><strong>Β</strong></span> <span class='ocrx_word' id='word_1_233' title='bbox 1776 1765 1935 1822; x_wconf 87' lang='lat' dir='ltr'><strong>nobis</strong></span> <span class='ocrx_word' id='word_1_234' title='bbox 1963 1765 2203 1836; x_wconf 88' lang='lat' dir='ltr'><strong>pericula</strong></span> <span class='ocrx_word' id='word_1_235' title='bbox 2227 1764 2380 1836; x_wconf 91' lang='lat' dir='ltr'><strong>prius</strong></span> <span class='ocrx_word' id='word_1_236' title='bbox 2406 1764 2460 1818; x_wconf 90' lang='lat' dir='ltr'><strong>in</strong></span> <span class='ocrx_word' id='word_1_237' title='bbox 2486 1763 2704 1830; x_wconf 88' lang='lat' dir='ltr'><strong>itinere,</strong></span> <span class='ocrx_word' id='word_1_238' title='bbox 2726 1763 2892 1818; x_wconf 89' lang='lat' dir='ltr'><strong>multa</strong></span> <span class='ocrx_word' id='word_1_239' title='bbox 2917 1761 3076 1817; x_wconf 89' lang='lat' dir='ltr'><strong>nobis</strong></span> <span class='ocrx_word' id='word_1_240' title='bbox 3128 1760 3355 1816; x_wconf 87' lang='lat' dir='ltr'><strong>adversa</strong></span> 
     </span>
    </p>
   </div>
   <div class='ocr_carea' id='block_1_34' title="bbox 123 1846 1672 1919">
    <p class='ocr_par' dir='ltr' id='par_1_34' title="bbox 123 1846 1672 1919">
     <span class='ocr_line' id='line_1_34' title="bbox 123 1846 1672 1919; baseline -0.001 -18"><span class='ocrx_word' id='word_1_241' title='bbox 123 1848 289 1903; x_wconf 84' lang='lat' dir='ltr'><strong>mentis</strong></span> <span class='ocrx_word' id='word_1_242' title='bbox 308 1849 699 1905; x_wconf 84' lang='lat' dir='ltr'><strong>ecclesiasticis</strong></span> <span class='ocrx_word' id='word_1_243' title='bbox 724 1848 1034 1919; x_wconf 87' lang='lat' dir='ltr'><strong>spoliatam.</strong></span> <span class='ocrx_word' id='word_1_244' title='bbox 1060 1846 1332 1902; x_wconf 89' lang='lat' dir='ltr'><strong>Urebatur</strong></span> <span class='ocrx_word' id='word_1_245' title='bbox 1352 1846 1424 1901; x_wconf 92' lang='lat' dir='ltr'><strong>ob</strong></span> <span class='ocrx_word' id='word_1_246' title='bbox 1442 1846 1548 1900; x_wconf 89' lang='lat' dir='ltr'><strong>hoc</strong></span> <span class='ocrx_word' id='word_1_247' title='bbox 1576 1860 1672 1899; x_wconf 84' lang='lat' dir='ltr'><strong>cu-</strong></span> 
     </span>
    </p>
   </div>
   <div class='ocr_carea' id='block_1_35' title="bbox 124 1936 1669 2012">
    <p class='ocr_par' dir='ltr' id='par_1_35' title="bbox 124 1936 1669 2012">
     <span class='ocr_line' id='line_1_35' title="bbox 124 1936 1669 2012; baseline -0.001 -20"><span class='ocrx_word' id='word_1_248' title='bbox 124 1954 276 1993; x_wconf 86' lang='lat' dir='ltr'><strong>rarum</strong></span> <span class='ocrx_word' id='word_1_249' title='bbox 299 1940 528 2007; x_wconf 91' lang='lat' dir='ltr'><strong>estibus,</strong></span> <span class='ocrx_word' id='word_1_250' title='bbox 557 1941 909 2011; x_wconf 89' lang='lat' dir='ltr'><strong>quatiebatur</strong></span> <span class='ocrx_word' id='word_1_251' title='bbox 957 1938 1350 2012; x_wconf 76' lang='lat' dir='ltr'><strong>cogitationum</strong></span> <span class='ocrx_word' id='word_1_252' title='bbox 1392 1936 1669 2003; x_wconf 82' lang='lat' dir='ltr'><strong>ﬂuctibus,</strong></span> 
     </span>
    </p>
   </div>
   <div class='ocr_carea' id='block_1_36' title="bbox 124 2029 1673 2102">
    <p class='ocr_par' dir='ltr' id='par_1_36' title="bbox 124 2029 1673 2102">
     <span class='ocr_line' id='line_1_36' title="bbox 124 2029 1673 2102; baseline -0.001 -17"><span class='ocrx_word' id='word_1_253' title='bbox 124 2046 224 2085; x_wconf 90' lang='lat' dir='ltr'><strong>cum</strong></span> <span class='ocrx_word' id='word_1_254' title='bbox 242 2031 437 2087; x_wconf 89' lang='lat' dir='ltr'><strong>videret</strong></span> <span class='ocrx_word' id='word_1_255' title='bbox 458 2032 776 2102; x_wconf 87' lang='lat' dir='ltr'><strong>suscepisse</strong></span> <span class='ocrx_word' id='word_1_256' title='bbox 803 2047 863 2088; x_wconf 91' lang='lat' dir='ltr'><strong>se</strong></span> <span class='ocrx_word' id='word_1_257' title='bbox 892 2031 1182 2102; x_wconf 88' lang='lat' dir='ltr'><strong>regendam</strong></span> <span class='ocrx_word' id='word_1_258' title='bbox 1229 2029 1532 2085; x_wconf 89' lang='lat' dir='ltr'><strong>acclesiam</strong></span> <span class='ocrx_word' id='word_1_259' title='bbox 1556 2043 1673 2083; x_wconf 84' lang='lat' dir='ltr'><strong>ma-</strong></span> 
     </span>
    </p>
   </div>
   <div class='ocr_carea' id='block_1_37' title="bbox 124 2120 1674 2195">
    <p class='ocr_par' dir='ltr' id='par_1_37' title="bbox 124 2120 1674 2195">
     <span class='ocr_line' id='line_1_37' title="bbox 124 2120 1674 2195; baseline -0.001 -19"><span class='ocrx_word' id='word_1_260' title='bbox 124 2123 195 2192; x_wconf 81' lang='lat' dir='ltr'><strong>gni</strong></span> <span class='ocrx_word' id='word_1_261' title='bbox 214 2123 455 2190; x_wconf 87' lang='lat' dir='ltr'><strong>nominis,</strong></span> <span class='ocrx_word' id='word_1_262' title='bbox 502 2139 722 2195; x_wconf 86' lang='lat' dir='ltr'><strong>magna</strong></span> <span class='ocrx_word' id='word_1_263' title='bbox 758 2123 1102 2194; x_wconf 83' lang='lat' dir='ltr'><strong>antiquitatis</strong></span> <span class='ocrx_word' id='word_1_264' title='bbox 1135 2131 1191 2178; x_wconf 90' lang='lat' dir='ltr'><strong>et</strong></span> <span class='ocrx_word' id='word_1_265' title='bbox 1219 2121 1460 2192; x_wconf 89' lang='lat' dir='ltr'><strong>antiqua</strong></span> <span class='ocrx_word' id='word_1_266' title='bbox 1501 2120 1674 2193; x_wconf 89' lang='lat' dir='ltr'><strong>digni-</strong></span> 
     </span>
    </p>
   </div>
   <div class='ocr_carea' id='block_1_38' title="bbox 125 2213 1673 2288">
    <p class='ocr_par' dir='ltr' id='par_1_38' title="bbox 125 2213 1673 2288">
     <span class='ocr_line' id='line_1_38' title="bbox 125 2213 1673 2288; baseline 0 -21"><span class='ocrx_word' id='word_1_267' title='bbox 125 2215 246 2279; x_wconf 84' lang='lat' dir='ltr'><strong>tatis,</strong></span> <span class='ocrx_word' id='word_1_268' title='bbox 265 2224 314 2270; x_wconf 91' lang='lat' dir='ltr'><strong>et</strong></span> <span class='ocrx_word' id='word_1_269' title='bbox 334 2230 390 2271; x_wconf 91' lang='lat' dir='ltr'><strong>se</strong></span> <span class='ocrx_word' id='word_1_270' title='bbox 410 2215 758 2286; x_wconf 85' lang='lat' dir='ltr'><strong>conspiceret</strong></span> <span class='ocrx_word' id='word_1_271' title='bbox 786 2224 1035 2288; x_wconf 81' lang='lat' dir='ltr'><strong>egentem</strong></span> <span class='ocrx_word' id='word_1_272' title='bbox 1065 2214 1321 2270; x_wconf 90' lang='lat' dir='ltr'><strong>omnibus</strong></span> <span class='ocrx_word' id='word_1_273' title='bbox 1345 2213 1526 2281; x_wconf 91' lang='lat' dir='ltr'><strong>bonis,</strong></span> <span class='ocrx_word' id='word_1_274' title='bbox 1586 2213 1673 2267; x_wconf 89' lang='lat' dir='ltr'><strong>in-</strong></span> 
     </span>
    </p>
   </div>
   <div class='ocr_carea' id='block_1_39' title="bbox 126 2304 1670 2378">
    <p class='ocr_par' dir='ltr' id='par_1_39' title="bbox 126 2304 1670 2378">
     <span class='ocr_line' id='line_1_39' title="bbox 126 2304 1670 2378; baseline 0.001 -19"><span class='ocrx_word' id='word_1_275' title='bbox 126 2314 196 2360; x_wconf 89' lang='lat' dir='ltr'><strong>tus</strong></span> <span class='ocrx_word' id='word_1_276' title='bbox 211 2314 259 2360; x_wconf 90' lang='lat' dir='ltr'><strong>et</strong></span> <span class='ocrx_word' id='word_1_277' title='bbox 278 2313 423 2362; x_wconf 86' lang='lat' dir='ltr'><strong>extra</strong></span> <span class='ocrx_word' id='word_1_278' title='bbox 451 2306 608 2362; x_wconf 90' lang='lat' dir='ltr'><strong>omni</strong></span> <span class='ocrx_word' id='word_1_279' title='bbox 631 2306 952 2363; x_wconf 87' lang='lat' dir='ltr'><strong>destitutum</strong></span> <span class='ocrx_word' id='word_1_280' title='bbox 1003 2306 1290 2374; x_wconf 87' lang='lat' dir='ltr'><strong>solamine,</strong></span> <span class='ocrx_word' id='word_1_281' title='bbox 1342 2320 1454 2378; x_wconf 92' lang='lat' dir='ltr'><strong>quo</strong></span> <span class='ocrx_word' id='word_1_282' title='bbox 1500 2304 1670 2361; x_wconf 89' lang='lat' dir='ltr'><strong>fultus</strong></span> 
     </span>
    </p>
   </div>
   <div class='ocr_carea' id='block_1_40' title="bbox 126 2396 1666 2469">
    <p class='ocr_par' dir='ltr' id='par_1_40' title="bbox 126 2396 1666 2469">
     <span class='ocr_line' id='line_1_40' title="bbox 126 2396 1666 2469; baseline 0 -18"><span class='ocrx_word' id='word_1_283' title='bbox 126 2396 402 2467; x_wconf 81' lang='lat' dir='ltr'><strong>regulariter</strong></span> <span class='ocrx_word' id='word_1_284' title='bbox 429 2414 558 2454; x_wconf 90' lang='lat' dir='ltr'><strong>cum</strong></span> <span class='ocrx_word' id='word_1_285' title='bbox 586 2398 693 2454; x_wconf 91' lang='lat' dir='ltr'><strong>sibi</strong></span> <span class='ocrx_word' id='word_1_286' title='bbox 727 2397 1038 2454; x_wconf 90' lang='lat' dir='ltr'><strong>commissis</strong></span> <span class='ocrx_word' id='word_1_287' title='bbox 1092 2397 1203 2454; x_wconf 92' lang='lat' dir='ltr'><strong>Deo</strong></span> <span class='ocrx_word' id='word_1_288' title='bbox 1224 2398 1404 2469; x_wconf 89' lang='lat' dir='ltr'><strong>quiret</strong></span> <span class='ocrx_word' id='word_1_289' title='bbox 1443 2397 1666 2453; x_wconf 81' lang='lat' dir='ltr'><strong>servire.</strong></span> 
     </span>
    </p>
   </div>
   <div class='ocr_carea' id='block_1_41' title="bbox 126 2488 1668 2561">
    <p class='ocr_par' dir='ltr' id='par_1_41' title="bbox 126 2488 1668 2561">
     <span class='ocr_line' id='line_1_41' title="bbox 126 2488 1668 2561; baseline 0 -18"><span class='ocrx_word' id='word_1_290' title='bbox 126 2488 216 2545; x_wconf 82' lang='lat' dir='ltr'><strong>Hoc</strong></span> <span class='ocrx_word' id='word_1_291' title='bbox 234 2490 363 2545; x_wconf 90' lang='lat' dir='ltr'><strong>enim</strong></span> <span class='ocrx_word' id='word_1_292' title='bbox 389 2491 491 2547; x_wconf 91' lang='lat' dir='ltr'><strong>sibi</strong></span> <span class='ocrx_word' id='word_1_293' title='bbox 525 2507 807 2548; x_wconf 91' lang='lat' dir='ltr'><strong>summum</strong></span> <span class='ocrx_word' id='word_1_294' title='bbox 831 2501 886 2548; x_wconf 89' lang='lat' dir='ltr'><strong>et</strong></span> <span class='ocrx_word' id='word_1_295' title='bbox 914 2490 1215 2546; x_wconf 87' lang='lat' dir='ltr'><strong>maximum</strong></span> <span class='ocrx_word' id='word_1_296' title='bbox 1238 2499 1358 2546; x_wconf 89' lang='lat' dir='ltr'><strong>erat</strong></span> <span class='ocrx_word' id='word_1_297' title='bbox 1394 2488 1668 2561; x_wconf 80' lang='lat' dir='ltr'><strong>refugium</strong></span> 
     </span>
    </p>
   </div>
   <div class='ocr_carea' id='block_1_42' title="bbox 125 2581 1670 2655">
    <p class='ocr_par' dir='ltr' id='par_1_42' title="bbox 125 2581 1670 2655">
     <span class='ocr_line' id='line_1_42' title="bbox 125 2581 1670 2655; baseline 0.001 -20"><span class='ocrx_word' id='word_1_298' title='bbox 125 2581 170 2635; x_wconf 87' lang='lat' dir='ltr'><strong>in</strong></span> <span class='ocrx_word' id='word_1_299' title='bbox 190 2582 348 2638; x_wconf 85' lang='lat' dir='ltr'><strong>verbis</strong></span> <span class='ocrx_word' id='word_1_300' title='bbox 372 2582 595 2640; x_wconf 90' lang='lat' dir='ltr'><strong>Domini</strong></span> <span class='ocrx_word' id='word_1_301' title='bbox 637 2585 901 2641; x_wconf 85' lang='lat' dir='ltr'><strong>dicentis:</strong></span> <span class='ocrx_word' id='word_1_302' title='bbox 943 2584 1189 2639; x_wconf 81' lang='lat' dir='ltr'><strong>Primum</strong></span> <span class='ocrx_word' id='word_1_303' title='bbox 1212 2583 1415 2655; x_wconf 73' lang='lat' dir='ltr'><strong>querite</strong></span> <span class='ocrx_word' id='word_1_304' title='bbox 1455 2598 1670 2654; x_wconf 84' lang='lat' dir='ltr'><strong>regnum</strong></span> 
     </span>
    </p>
   </div>
   <div class='ocr_carea' id='block_1_43' title="bbox 128 2671 1665 2746">
    <p class='ocr_par' dir='ltr' id='par_1_43' title="bbox 128 2671 1665 2746">
     <span class='ocr_line' id='line_1_43' title="bbox 128 2671 1665 2746; baseline 0.001 -20"><span class='ocrx_word' id='word_1_305' title='bbox 128 2671 203 2726; x_wconf 81' lang='lat' dir='ltr'><strong>Dei</strong></span> <span class='ocrx_word' id='word_1_306' title='bbox 219 2682 260 2727; x_wconf 82' lang='lat' dir='ltr'><strong>et</strong></span> <span class='ocrx_word' id='word_1_307' title='bbox 261 2674 523 2743; x_wconf 78' lang='lat' dir='ltr'><strong>justitiam</strong></span> <span class='ocrx_word' id='word_1_308' title='bbox 539 2676 679 2746; x_wconf 84' lang='lat' dir='ltr'><strong>ejus,</strong></span> <span class='ocrx_word' id='word_1_309' title='bbox 694 2677 933 2731; x_wconf 81' lang='lat' dir='ltr'><strong>etomm‘a</strong></span> <span class='ocrx_word' id='word_1_310' title='bbox 953 2675 1274 2746; x_wconf 84' lang='lat' dir='ltr'><strong>adjicientur</strong></span> <span class='ocrx_word' id='word_1_311' title='bbox 1284 2674 1422 2729; x_wconf 83' lang='lat' dir='ltr'><strong>vobis</strong></span> <span class='ocrx_word' id='word_1_312' title='bbox 1447 2673 1665 2745; x_wconf 74' lang='lat' dir='ltr'><strong>(Matth.</strong></span> 
     </span>
    </p>
   </div>
   <div class='ocr_carea' id='block_1_44' title="bbox 126 2764 1663 2838">
    <p class='ocr_par' dir='ltr' id='par_1_44' title="bbox 126 2764 1663 2838">
     <span class='ocr_line' id='line_1_44' title="bbox 126 2764 1663 2838; baseline 0.001 -21"><span class='ocrx_word' id='word_1_313' title='bbox 126 2778 184 2827; x_wconf 82' lang='lat' dir='ltr'><strong>vt,</strong></span> <span class='ocrx_word' id='word_1_314' title='bbox 212 2764 308 2835; x_wconf 78' lang='lat'><strong>33).</strong></span> <span class='ocrx_word' id='word_1_315' title='bbox 331 2764 588 2834; x_wconf 86' lang='lat' dir='ltr'><strong>Noverat,</strong></span> <span class='ocrx_word' id='word_1_316' title='bbox 637 2767 768 2838; x_wconf 91' lang='lat' dir='ltr'><strong>quia</strong></span> <span class='ocrx_word' id='word_1_317' title='bbox 797 2783 921 2823; x_wconf 94' lang='lat' dir='ltr'><strong>cum</strong></span> <span class='ocrx_word' id='word_1_318' title='bbox 949 2776 1223 2822; x_wconf 86' lang='lat' dir='ltr'><strong>cresceret</strong></span> <span class='ocrx_word' id='word_1_319' title='bbox 1274 2766 1506 2820; x_wconf 91' lang='lat' dir='ltr'><strong>interius</strong></span> <span class='ocrx_word' id='word_1_320' title='bbox 1533 2764 1663 2819; x_wconf 92' lang='lat' dir='ltr'><strong>reli-</strong></span> 
     </span>
    </p>
   </div>
   <div class='ocr_carea' id='block_1_45' title="bbox 127 2854 1670 2929">
    <p class='ocr_par' dir='ltr' id='par_1_45' title="bbox 127 2854 1670 2929">
     <span class='ocr_line' id='line_1_45' title="bbox 127 2854 1670 2929; baseline 0.001 -19"><span class='ocrx_word' id='word_1_321' title='bbox 127 2854 267 2922; x_wconf 80' lang='lat' dir='ltr'><strong>gionis</strong></span> <span class='ocrx_word' id='word_1_322' title='bbox 293 2858 547 2925; x_wconf 82' lang='lat' dir='ltr'><strong>studium,</strong></span> <span class='ocrx_word' id='word_1_323' title='bbox 597 2858 881 2915; x_wconf 83' lang='lat' dir='ltr'><strong>exterioris</strong></span> <span class='ocrx_word' id='word_1_324' title='bbox 913 2873 1131 2929; x_wconf 89' lang='lat' dir='ltr'><strong>quoque</strong></span> <span class='ocrx_word' id='word_1_325' title='bbox 1175 2856 1494 2913; x_wconf 90' lang='lat' dir='ltr'><strong>substantia</strong></span> <span class='ocrx_word' id='word_1_326' title='bbox 1521 2869 1670 2911; x_wconf 89' lang='lat' dir='ltr'><strong>acce-</strong></span> 
     </span>
    </p>
   </div>
   <div class='ocr_carea' id='block_1_46' title="bbox 127 2945 1665 3022">
    <p class='ocr_par' dir='ltr' id='par_1_46' title="bbox 127 2945 1665 3022">
     <span class='ocr_line' id='line_1_46' title="bbox 127 2945 1665 3022; baseline 0.003 -24"><span class='ocrx_word' id='word_1_327' title='bbox 127 2945 245 3002; x_wconf 87' lang='lat' dir='ltr'><strong>deret</strong></span> <span class='ocrx_word' id='word_1_328' title='bbox 264 2949 715 3020; x_wconf 87' lang='lat' dir='ltr'><strong>supplementum.</strong></span> <span class='ocrx_word' id='word_1_329' title='bbox 743 2948 881 3022; x_wconf 90' lang='lat' dir='ltr'><strong>(Fol.</strong></span> <span class='ocrx_word' id='word_1_330' title='bbox 912 2948 1060 3020; x_wconf 74' lang='grc'>102.)</span> <span class='ocrx_word' id='word_1_331' title='bbox 1084 2948 1165 3003; x_wconf 87' lang='lat' dir='ltr'><strong>Ad</strong></span> <span class='ocrx_word' id='word_1_332' title='bbox 1178 2948 1323 3018; x_wconf 87' lang='lat' dir='ltr'><strong>quod</strong></span> <span class='ocrx_word' id='word_1_333' title='bbox 1347 2948 1665 3003; x_wconf 88' lang='lat' dir='ltr'><strong>sectandum</strong></span> 
     </span>
    </p>
   </div>
   <div class='ocr_carea' id='block_1_47' title="bbox 1774 1852 3354 1929">
    <p class='ocr_par' dir='ltr' id='par_1_47' title="bbox 1774 1852 3354 1929">
     <span class='ocr_line' id='line_1_47' title="bbox 1774 1852 3354 1929; baseline -0.005 -16"><span class='ocrx_word' id='word_1_334' title='bbox 1774 1859 1831 1914; x_wconf 91' lang='lat' dir='ltr'><strong>in</strong></span> <span class='ocrx_word' id='word_1_335' title='bbox 1856 1856 1975 1929; x_wconf 90' lang='lat' dir='ltr'><strong>ipsa</strong></span> <span class='ocrx_word' id='word_1_336' title='bbox 2010 1858 2251 1925; x_wconf 77' lang='lat' dir='ltr'><strong>civitate,</strong></span> <span class='ocrx_word' id='word_1_337' title='bbox 2279 1864 2395 1911; x_wconf 91' lang='lat' dir='ltr'><strong>tum</strong></span> <span class='ocrx_word' id='word_1_338' title='bbox 2435 1854 2489 1910; x_wconf 88' lang='lat' dir='ltr'><strong>in</strong></span> <span class='ocrx_word' id='word_1_339' title='bbox 2514 1854 2768 1922; x_wconf 90' lang='lat' dir='ltr'><strong>concilio,</strong></span> <span class='ocrx_word' id='word_1_340' title='bbox 2797 1861 2915 1909; x_wconf 93' lang='lat' dir='ltr'><strong>tum</strong></span> <span class='ocrx_word' id='word_1_341' title='bbox 2945 1863 3097 1908; x_wconf 84' lang='lat' dir='ltr'><strong>extra</strong></span> <span class='ocrx_word' id='word_1_342' title='bbox 3129 1852 3354 1907; x_wconf 86' lang='lat' dir='ltr'><strong>exstite—</strong></span> 
     </span>
    </p>
   </div>
   <div class='ocr_carea' id='block_1_48' title="bbox 1772 1942 3355 2013">
    <p class='ocr_par' dir='ltr' id='par_1_48' title="bbox 1772 1942 3355 2013">
     <span class='ocr_line' id='line_1_48' title="bbox 1772 1942 3355 2013; baseline -0.006 -8"><span class='ocrx_word' id='word_1_343' title='bbox 1772 1965 1851 2005; x_wconf 92' lang='lat' dir='ltr'><strong>re.</strong></span> <span class='ocrx_word' id='word_1_344' title='bbox 1883 1949 2022 2006; x_wconf 89' lang='lat' dir='ltr'><strong>Ecce</strong></span> <span class='ocrx_word' id='word_1_345' title='bbox 2057 1949 2205 2006; x_wconf 90' lang='lat' dir='ltr'><strong>enim</strong></span> <span class='ocrx_word' id='word_1_346' title='bbox 2232 1964 2326 2005; x_wconf 84' lang='lat' dir='ltr'><strong>rex</strong></span> <span class='ocrx_word' id='word_1_347' title='bbox 2367 1947 2705 2004; x_wconf 88' lang='lat' dir='ltr'><strong>Francorum</strong></span> <span class='ocrx_word' id='word_1_348' title='bbox 2737 1945 3045 2002; x_wconf 89' lang='lat' dir='ltr'><strong>contrarius</strong></span> <span class='ocrx_word' id='word_1_349' title='bbox 3089 1943 3193 1999; x_wconf 90' lang='lat' dir='ltr'><strong>sibi</strong></span> <span class='ocrx_word' id='word_1_350' title='bbox 3227 1942 3355 2013; x_wconf 90' lang='lat' dir='ltr'><strong>ipsi,</strong></span> 
     </span>
    </p>
   </div>
   <div class='ocr_carea' id='block_1_49' title="bbox 1772 2035 3355 2112">
    <p class='ocr_par' dir='ltr' id='par_1_49' title="bbox 1772 2035 3355 2112">
     <span class='ocr_line' id='line_1_49' title="bbox 1772 2035 3355 2112; baseline -0.005 -16"><span class='ocrx_word' id='word_1_351' title='bbox 1772 2042 1901 2112; x_wconf 90' lang='lat' dir='ltr'><strong>quia</strong></span> <span class='ocrx_word' id='word_1_352' title='bbox 1940 2040 2251 2098; x_wconf 91' lang='lat' dir='ltr'><strong>contrarius</strong></span> <span class='ocrx_word' id='word_1_353' title='bbox 2275 2049 2395 2097; x_wconf 91' lang='lat' dir='ltr'><strong>erat</strong></span> <span class='ocrx_word' id='word_1_354' title='bbox 2429 2039 2543 2111; x_wconf 88' lang='lat' dir='ltr'><strong>regi</strong></span> <span class='ocrx_word' id='word_1_355' title='bbox 2561 2039 2682 2106; x_wconf 91' lang='lat' dir='ltr'><strong>celi,</strong></span> <span class='ocrx_word' id='word_1_356' title='bbox 2710 2038 2863 2093; x_wconf 88' lang='lat' dir='ltr'><strong>misit</strong></span> <span class='ocrx_word' id='word_1_357' title='bbox 2882 2037 3090 2092; x_wconf 87' lang='lat' dir='ltr'><strong>litteras</strong></span> <span class='ocrx_word' id='word_1_358' title='bbox 3115 2035 3355 2106; x_wconf 88' lang='lat' dir='ltr'><strong>primum</strong></span> 
     </span>
    </p>
   </div>
   <div class='ocr_carea' id='block_1_50' title="bbox 1772 2125 3358 2203">
    <p class='ocr_par' dir='ltr' id='par_1_50' title="bbox 1772 2125 3358 2203">
     <span class='ocr_line' id='line_1_50' title="bbox 1772 2125 3358 2203; baseline -0.004 -17"><span class='ocrx_word' id='word_1_359' title='bbox 1772 2132 1929 2200; x_wconf 89' lang='lat' dir='ltr'><strong>mihi,</strong></span> <span class='ocrx_word' id='word_1_360' title='bbox 1957 2132 2011 2187; x_wconf 92' lang='lat' dir='ltr'><strong>in</strong></span> <span class='ocrx_word' id='word_1_361' title='bbox 2041 2133 2243 2203; x_wconf 89' lang='lat' dir='ltr'><strong>quibus</strong></span> <span class='ocrx_word' id='word_1_362' title='bbox 2271 2131 2633 2188; x_wconf 79' lang='lat' dir='ltr'><strong>confitebatur</strong></span> <span class='ocrx_word' id='word_1_363' title='bbox 2683 2128 2937 2196; x_wconf 89' lang='lat' dir='ltr'><strong>Domino,</strong></span> <span class='ocrx_word' id='word_1_364' title='bbox 2969 2125 3241 2183; x_wconf 87' lang='lat' dir='ltr'><strong>desiderio</strong></span> <span class='ocrx_word' id='word_1_365' title='bbox 3262 2125 3358 2180; x_wconf 89' lang='lat' dir='ltr'><strong>de-</strong></span> 
     </span>
    </p>
   </div>
   <div class='ocr_carea' id='block_1_51' title="bbox 1772 2217 3356 2289">
    <p class='ocr_par' dir='ltr' id='par_1_51' title="bbox 1772 2217 3356 2289">
     <span class='ocr_line' id='line_1_51' title="bbox 1772 2217 3356 2289; baseline -0.006 -10"><span class='ocrx_word' id='word_1_366' title='bbox 1772 2224 2021 2280; x_wconf 88' lang='lat' dir='ltr'><strong>siderans</strong></span> <span class='ocrx_word' id='word_1_367' title='bbox 2049 2239 2109 2280; x_wconf 89' lang='lat' dir='ltr'><strong>se</strong></span> <span class='ocrx_word' id='word_1_368' title='bbox 2139 2225 2323 2280; x_wconf 92' lang='lat' dir='ltr'><strong>vocari</strong></span> <span class='ocrx_word' id='word_1_369' title='bbox 2349 2223 2521 2278; x_wconf 83' lang='lat' dir='ltr'><strong>filium</strong></span> <span class='ocrx_word' id='word_1_370' title='bbox 2546 2236 2750 2288; x_wconf 90' lang='lat' dir='ltr'><strong>meum,</strong></span> <span class='ocrx_word' id='word_1_371' title='bbox 2774 2229 2828 2276; x_wconf 89' lang='lat' dir='ltr'><strong>et</strong></span> <span class='ocrx_word' id='word_1_372' title='bbox 2859 2235 2983 2276; x_wconf 92' lang='lat' dir='ltr'><strong>cum</strong></span> <span class='ocrx_word' id='word_1_373' title='bbox 3006 2219 3155 2275; x_wconf 91' lang='lat' dir='ltr'><strong>omni</strong></span> <span class='ocrx_word' id='word_1_374' title='bbox 3185 2217 3356 2289; x_wconf 88' lang='lat' dir='ltr'><strong>gloria</strong></span> 
     </span>
    </p>
   </div>
   <div class='ocr_carea' id='block_1_52' title="bbox 1771 2311 3357 2384">
    <p class='ocr_par' dir='ltr' id='par_1_52' title="bbox 1771 2311 3357 2384">
     <span class='ocr_line' id='line_1_52' title="bbox 1771 2311 3357 2384; baseline -0.005 -14"><span class='ocrx_word' id='word_1_375' title='bbox 1771 2323 1825 2370; x_wconf 92' lang='lat' dir='ltr'><strong>et</strong></span> <span class='ocrx_word' id='word_1_376' title='bbox 1853 2315 2061 2370; x_wconf 89' lang='lat' dir='ltr'><strong>honore</strong></span> <span class='ocrx_word' id='word_1_377' title='bbox 2082 2314 2460 2370; x_wconf 88' lang='lat' dir='ltr'><strong>auctoritatem</strong></span> <span class='ocrx_word' id='word_1_378' title='bbox 2487 2322 2689 2369; x_wconf 87' lang='lat' dir='ltr'><strong>nostra</strong></span> <span class='ocrx_word' id='word_1_379' title='bbox 2742 2311 3028 2384; x_wconf 84' lang='lat' dir='ltr'><strong>legationis</strong></span> <span class='ocrx_word' id='word_1_380' title='bbox 3076 2324 3357 2366; x_wconf 88' lang='lat' dir='ltr'><strong>commen-</strong></span> 
     </span>
    </p>
   </div>
   <div class='ocr_carea' id='block_1_53' title="bbox 1770 2402 3354 2473">
    <p class='ocr_par' dir='ltr' id='par_1_53' title="bbox 1770 2402 3354 2473">
     <span class='ocr_line' id='line_1_53' title="bbox 1770 2402 3354 2473; baseline -0.004 -12"><span class='ocrx_word' id='word_1_381' title='bbox 1770 2405 2006 2461; x_wconf 90' lang='lat' dir='ltr'><strong>dabilem</strong></span> <span class='ocrx_word' id='word_1_382' title='bbox 2041 2405 2296 2462; x_wconf 80' lang='lat' dir='ltr'><strong>elliciens.</strong></span> <span class='ocrx_word' id='word_1_383' title='bbox 2323 2405 2525 2461; x_wconf 88' lang='lat' dir='ltr'><strong>Deinde</strong></span> <span class='ocrx_word' id='word_1_384' title='bbox 2547 2404 2755 2472; x_wconf 89' lang='lat' dir='ltr'><strong>comiti,</strong></span> <span class='ocrx_word' id='word_1_385' title='bbox 2784 2414 2901 2460; x_wconf 94' lang='lat' dir='ltr'><strong>tum</strong></span> <span class='ocrx_word' id='word_1_386' title='bbox 2942 2403 3105 2459; x_wconf 90' lang='lat' dir='ltr'><strong>etiam</strong></span> <span class='ocrx_word' id='word_1_387' title='bbox 3141 2402 3354 2473; x_wconf 86' lang='lat' dir='ltr'><strong>episco—</strong></span> 
     </span>
    </p>
   </div>
   <div class='ocr_carea' id='block_1_54' title="bbox 1771 2493 3357 2570">
    <p class='ocr_par' dir='ltr' id='par_1_54' title="bbox 1771 2493 3357 2570">
     <span class='ocr_line' id='line_1_54' title="bbox 1771 2493 3357 2570; baseline -0.004 -17"><span class='ocrx_word' id='word_1_388' title='bbox 1771 2499 1857 2568; x_wconf 91' lang='lat' dir='ltr'><strong>pis</strong></span> <span class='ocrx_word' id='word_1_389' title='bbox 1890 2499 1976 2555; x_wconf 91' lang='lat' dir='ltr'><strong>sui</strong></span> <span class='ocrx_word' id='word_1_390' title='bbox 2008 2499 2151 2570; x_wconf 91' lang='lat' dir='ltr'><strong>juris</strong></span> <span class='ocrx_word' id='word_1_391' title='bbox 2173 2499 2385 2554; x_wconf 88' lang='lat' dir='ltr'><strong>litteras</strong></span> <span class='ocrx_word' id='word_1_392' title='bbox 2415 2497 2568 2553; x_wconf 89' lang='lat' dir='ltr'><strong>misit</strong></span> <span class='ocrx_word' id='word_1_393' title='bbox 2589 2496 2852 2568; x_wconf 90' lang='lat' dir='ltr'><strong>adjurans</strong></span> <span class='ocrx_word' id='word_1_394' title='bbox 2884 2510 2981 2551; x_wconf 91' lang='lat' dir='ltr'><strong>eos</strong></span> <span class='ocrx_word' id='word_1_395' title='bbox 3025 2493 3177 2551; x_wconf 91' lang='lat' dir='ltr'><strong>omni</strong></span> <span class='ocrx_word' id='word_1_396' title='bbox 3207 2501 3357 2549; x_wconf 86' lang='lat' dir='ltr'><strong>atte-</strong></span> 
     </span>
    </p>
   </div>
   <div class='ocr_carea' id='block_1_55' title="bbox 1771 2587 3347 2659">
    <p class='ocr_par' dir='ltr' id='par_1_55' title="bbox 1771 2587 3347 2659">
     <span class='ocr_line' id='line_1_55' title="bbox 1771 2587 3347 2659; baseline -0.004 -13"><span class='ocrx_word' id='word_1_397' title='bbox 1771 2589 2029 2656; x_wconf 84' lang='lat' dir='ltr'><strong>statione,</strong></span> <span class='ocrx_word' id='word_1_398' title='bbox 2083 2600 2137 2644; x_wconf 91' lang='lat' dir='ltr'><strong>et</strong></span> <span class='ocrx_word' id='word_1_399' title='bbox 2164 2604 2278 2644; x_wconf 90' lang='lat' dir='ltr'><strong>sua</strong></span> <span class='ocrx_word' id='word_1_400' title='bbox 2320 2588 2622 2659; x_wconf 91' lang='lat' dir='ltr'><strong>majestatis</strong></span> <span class='ocrx_word' id='word_1_401' title='bbox 2655 2604 2719 2643; x_wconf 91' lang='lat' dir='ltr'><strong>ac</strong></span> <span class='ocrx_word' id='word_1_402' title='bbox 2763 2587 3038 2642; x_wconf 83' lang='lat' dir='ltr'><strong>ﬁdelitatis</strong></span> <span class='ocrx_word' id='word_1_403' title='bbox 3078 2600 3204 2641; x_wconf 91' lang='lat' dir='ltr'><strong>reos</strong></span> <span class='ocrx_word' id='word_1_404' title='bbox 3224 2600 3347 2641; x_wconf 92' lang='lat' dir='ltr'><strong>esse</strong></span> 
     </span>
    </p>
   </div>
   <div class='ocr_carea' id='block_1_56' title="bbox 1769 2678 3353 2749">
    <p class='ocr_par' dir='ltr' id='par_1_56' title="bbox 1769 2678 3353 2749">
     <span class='ocr_line' id='line_1_56' title="bbox 1769 2678 3353 2749; baseline -0.003 -14"><span class='ocrx_word' id='word_1_405' title='bbox 1769 2680 2093 2735; x_wconf 70' lang='lat' dir='ltr'><strong>instituens:</strong></span> <span class='ocrx_word' id='word_1_406' title='bbox 2132 2680 2343 2735; x_wconf 89' lang='lat' dir='ltr'><strong>scilicet</strong></span> <span class='ocrx_word' id='word_1_407' title='bbox 2385 2679 2661 2743; x_wconf 88' lang='lat' dir='ltr'><strong>comitem,</strong></span> <span class='ocrx_word' id='word_1_408' title='bbox 2705 2678 2750 2734; x_wconf 91' lang='lat' dir='ltr'><strong>si</strong></span> <span class='ocrx_word' id='word_1_409' title='bbox 2793 2687 3071 2749; x_wconf 90' lang='lat' dir='ltr'><strong>pateretur</strong></span> <span class='ocrx_word' id='word_1_410' title='bbox 3122 2690 3225 2730; x_wconf 88' lang='lat' dir='ltr'><strong>nos</strong></span> <span class='ocrx_word' id='word_1_411' title='bbox 3254 2691 3353 2731; x_wconf 86' lang='lat' dir='ltr'><strong>us-</strong></span> 
     </span>
    </p>
   </div>
   <div class='ocr_carea' id='block_1_57' title="bbox 1768 2766 3352 2842">
    <p class='ocr_par' dir='ltr' id='par_1_57' title="bbox 1768 2766 3352 2842">
     <span class='ocr_line' id='line_1_57' title="bbox 1768 2766 3352 2842; baseline -0.001 -18"><span class='ocrx_word' id='word_1_412' title='bbox 1768 2771 1913 2842; x_wconf 87' lang='lat' dir='ltr'><strong>piam</strong></span> <span class='ocrx_word' id='word_1_413' title='bbox 1943 2772 2036 2826; x_wconf 91' lang='lat' dir='ltr'><strong>ubi</strong></span> <span class='ocrx_word' id='word_1_414' title='bbox 2063 2779 2245 2842; x_wconf 89' lang='lat' dir='ltr'><strong>posset</strong></span> <span class='ocrx_word' id='word_1_415' title='bbox 2273 2770 2653 2827; x_wconf 90' lang='lat' dir='ltr'><strong>conventicula</strong></span> <span class='ocrx_word' id='word_1_416' title='bbox 2698 2780 2751 2824; x_wconf 88' lang='lat' dir='ltr'><strong>et</strong></span> <span class='ocrx_word' id='word_1_417' title='bbox 2780 2767 2938 2840; x_wconf 89' lang='lat' dir='ltr'><strong>quasi</strong></span> <span class='ocrx_word' id='word_1_418' title='bbox 2965 2766 3221 2831; x_wconf 91' lang='lat' dir='ltr'><strong>concilia,</strong></span> <span class='ocrx_word' id='word_1_419' title='bbox 3271 2768 3352 2822; x_wconf 91' lang='lat' dir='ltr'><strong>sic</strong></span> 
     </span>
    </p>
   </div>
   <div class='ocr_carea' id='block_1_58' title="bbox 1768 2859 3348 2933">
    <p class='ocr_par' dir='ltr' id='par_1_58' title="bbox 1768 2859 3348 2933">
     <span class='ocr_line' id='line_1_58' title="bbox 1768 2859 3348 2933; baseline -0.003 -15"><span class='ocrx_word' id='word_1_420' title='bbox 1768 2878 1834 2918; x_wconf 92' lang='lat' dir='ltr'><strong>eo</strong></span> <span class='ocrx_word' id='word_1_421' title='bbox 1861 2879 2086 2929; x_wconf 91' lang='lat' dir='ltr'><strong>vocans,</strong></span> <span class='ocrx_word' id='word_1_422' title='bbox 2114 2863 2417 2930; x_wconf 88' lang='lat' dir='ltr'><strong>celebrare;</strong></span> <span class='ocrx_word' id='word_1_423' title='bbox 2449 2860 2736 2933; x_wconf 88' lang='lat' dir='ltr'><strong>episcopos</strong></span> <span class='ocrx_word' id='word_1_424' title='bbox 2753 2876 2904 2927; x_wconf 90' lang='lat' dir='ltr'><strong>vero,</strong></span> <span class='ocrx_word' id='word_1_425' title='bbox 2929 2860 2975 2916; x_wconf 90' lang='lat' dir='ltr'><strong>si</strong></span> <span class='ocrx_word' id='word_1_426' title='bbox 3001 2859 3348 2925; x_wconf 87' lang='lat' dir='ltr'><strong>interessent,</strong></span> 
     </span>
    </p>
   </div>
   <div class='ocr_carea' id='block_1_59' title="bbox 1767 2951 3348 3024">
    <p class='ocr_par' dir='ltr' id='par_1_59' title="bbox 1767 2951 3348 3024">
     <span class='ocr_line' id='line_1_59' title="bbox 1767 2951 3348 3024; baseline 0 -17"><span class='ocrx_word' id='word_1_427' title='bbox 1767 2954 1851 3008; x_wconf 90' lang='lat' dir='ltr'><strong>vel</strong></span> <span class='ocrx_word' id='word_1_428' title='bbox 1878 2954 2080 3009; x_wconf 88' lang='lat' dir='ltr'><strong>nostris</strong></span> <span class='ocrx_word' id='word_1_429' title='bbox 2108 2954 2351 3009; x_wconf 84' lang='lat' dir='ltr'><strong>faverent</strong></span> <span class='ocrx_word' id='word_1_430' title='bbox 2403 2954 2657 3019; x_wconf 88' lang='lat' dir='ltr'><strong>decretis,</strong></span> <span class='ocrx_word' id='word_1_431' title='bbox 2711 2953 2766 3008; x_wconf 91' lang='lat' dir='ltr'><strong>in</strong></span> <span class='ocrx_word' id='word_1_432' title='bbox 2820 2951 3020 3024; x_wconf 88' lang='lat' dir='ltr'><strong>quibus</strong></span> <span class='ocrx_word' id='word_1_433' title='bbox 3049 2952 3348 3008; x_wconf 77' lang='lat' dir='ltr'><strong>nitebamur</strong></span> 
     </span>
    </p>
   </div>
   <div class='ocr_carea' id='block_1_60' title="bbox 128 3039 3350 3124">
    <p class='ocr_par' dir='ltr' id='par_1_60' title="bbox 128 3039 3350 3124">
     <span class='ocr_line' id='line_1_60' title="bbox 128 3039 3350 3124; baseline 0.003 -33"><span class='ocrx_word' id='word_1_434' title='bbox 128 3039 227 3106; x_wconf 84' lang='lat' dir='ltr'><strong>quia</strong></span> <span class='ocrx_word' id='word_1_435' title='bbox 249 3041 324 3095; x_wconf 92' lang='lat' dir='ltr'><strong>sui</strong></span> <span class='ocrx_word' id='word_1_436' title='bbox 354 3056 476 3096; x_wconf 91' lang='lat' dir='ltr'><strong>eum</strong></span> <span class='ocrx_word' id='word_1_437' title='bbox 506 3057 577 3096; x_wconf 85' lang='lat' dir='ltr'><strong>ex</strong></span> <span class='ocrx_word' id='word_1_438' title='bbox 600 3056 741 3112; x_wconf 89' lang='lat' dir='ltr'><strong>equo</strong></span> <span class='ocrx_word' id='word_1_439' title='bbox 791 3057 899 3097; x_wconf 91' lang='lat' dir='ltr'><strong>non</strong></span> <span class='ocrx_word' id='word_1_440' title='bbox 942 3041 1294 3111; x_wconf 87' lang='lat' dir='ltr'><strong>adjuvabant,</strong></span> <span class='ocrx_word' id='word_1_441' title='bbox 1338 3039 1661 3095; x_wconf 89' lang='lat' dir='ltr'><strong>Cluniacum</strong></span> <span class='ocrx_word' id='word_1_442' title='bbox 1692 3063 1735 3124; x_wconf 74' lang='grc' dir='ltr'><strong>ρ</strong></span> <span class='ocrx_word' id='word_1_443' title='bbox 1768 3047 2111 3118; x_wconf 90' lang='lat' dir='ltr'><strong>splendorem</strong></span> <span class='ocrx_word' id='word_1_444' title='bbox 2136 3062 2357 3103; x_wconf 86' lang='lat' dir='ltr'><strong>corona</strong></span> <span class='ocrx_word' id='word_1_445' title='bbox 2386 3046 2506 3117; x_wconf 90' lang='lat' dir='ltr'><strong>ejus</strong></span> <span class='ocrx_word' id='word_1_446' title='bbox 2540 3044 2832 3101; x_wconf 86' lang='lat' dir='ltr'><strong>obfuscare</strong></span> <span class='ocrx_word' id='word_1_447' title='bbox 2860 3053 2914 3100; x_wconf 92' lang='lat' dir='ltr'><strong>et</strong></span> <span class='ocrx_word' id='word_1_448' title='bbox 2941 3046 3246 3116; x_wconf 87' lang='lat' dir='ltr'><strong>principum</strong></span> <span class='ocrx_word' id='word_1_449' title='bbox 3272 3060 3350 3100; x_wconf 89' lang='lat' dir='ltr'><strong>re-</strong></span> 
     </span>
    </p>
   </div>
   <div class='ocr_carea' id='block_1_61' title="bbox 129 3131 1658 3198">
    <p class='ocr_par' dir='ltr' id='par_1_61' title="bbox 129 3131 1658 3198">
     <span class='ocr_line' id='line_1_61' title="bbox 129 3131 1658 3198; baseline 0.003 -15"><span class='ocrx_word' id='word_1_450' title='bbox 129 3131 249 3198; x_wconf 79' lang='lat' dir='ltr'><strong>abiit,</strong></span> <span class='ocrx_word' id='word_1_451' title='bbox 274 3135 554 3190; x_wconf 90' lang='lat' dir='ltr'><strong>consilium</strong></span> <span class='ocrx_word' id='word_1_452' title='bbox 586 3143 641 3190; x_wconf 90' lang='lat' dir='ltr'><strong>et</strong></span> <span class='ocrx_word' id='word_1_453' title='bbox 685 3135 951 3191; x_wconf 77' lang='lat' dir='ltr'><strong>auxilium</strong></span> <span class='ocrx_word' id='word_1_454' title='bbox 980 3134 1050 3188; x_wconf 89' lang='lat' dir='ltr'><strong>ab</strong></span> <span class='ocrx_word' id='word_1_455' title='bbox 1071 3133 1265 3188; x_wconf 87' lang='lat' dir='ltr'><strong>abbate</strong></span> <span class='ocrx_word' id='word_1_456' title='bbox 1298 3131 1658 3187; x_wconf 88' lang='lat' dir='ltr'><strong>Cluniacense</strong></span> 
     </span>
    </p>
   </div>
   <div class='ocr_carea' id='block_1_62' title="bbox 129 3224 1659 3298">
    <p class='ocr_par' dir='ltr' id='par_1_62' title="bbox 129 3224 1659 3298">
     <span class='ocr_line' id='line_1_62' title="bbox 129 3224 1659 3298; baseline 0.003 -23"><span class='ocrx_word' id='word_1_457' title='bbox 129 3226 353 3293; x_wconf 67' lang='lat' dir='ltr'><strong>quaesivit,</strong></span> <span class='ocrx_word' id='word_1_458' title='bbox 379 3229 505 3298; x_wconf 89' lang='lat' dir='ltr'><strong>quia</strong></span> <span class='ocrx_word' id='word_1_459' title='bbox 529 3225 602 3283; x_wconf 87' lang='lat' dir='ltr'><strong>de</strong></span> <span class='ocrx_word' id='word_1_460' title='bbox 650 3226 771 3283; x_wconf 83' lang='lat' dir='ltr'><strong>loco</strong></span> <span class='ocrx_word' id='word_1_461' title='bbox 819 3227 912 3283; x_wconf 90' lang='lat' dir='ltr'><strong>illo</strong></span> <span class='ocrx_word' id='word_1_462' title='bbox 931 3242 1029 3296; x_wconf 90' lang='lat' dir='ltr'><strong>per</strong></span> <span class='ocrx_word' id='word_1_463' title='bbox 1047 3225 1405 3292; x_wconf 85' lang='lat' dir='ltr'><strong>Willelmum,</strong></span> <span class='ocrx_word' id='word_1_464' title='bbox 1451 3224 1659 3295; x_wconf 88' lang='lat' dir='ltr'><strong>prade-</strong></span> 
     </span>
    </p>
   </div>
   <div class='ocr_carea' id='block_1_63' title="bbox 126 3314 1664 3389">
    <p class='ocr_par' dir='ltr' id='par_1_63' title="bbox 126 3314 1664 3389">
     <span class='ocr_line' id='line_1_63' title="bbox 126 3314 1664 3389; baseline 0.003 -24"><span class='ocrx_word' id='word_1_465' title='bbox 126 3328 349 3371; x_wconf 80' lang='lat' dir='ltr'><strong>cessorem</strong></span> <span class='ocrx_word' id='word_1_466' title='bbox 373 3333 567 3389; x_wconf 81' lang='lat' dir='ltr'><strong>suum,</strong></span> <span class='ocrx_word' id='word_1_467' title='bbox 590 3318 891 3375; x_wconf 87' lang='lat' dir='ltr'><strong>recolenda</strong></span> <span class='ocrx_word' id='word_1_468' title='bbox 916 3317 1191 3372; x_wconf 86' lang='lat' dir='ltr'><strong>memoria</strong></span> <span class='ocrx_word' id='word_1_469' title='bbox 1210 3316 1411 3380; x_wconf 88' lang='lat' dir='ltr'><strong>virum,</strong></span> <span class='ocrx_word' id='word_1_470' title='bbox 1427 3314 1548 3370; x_wconf 87' lang='lat' dir='ltr'><strong>fons</strong></span> <span class='ocrx_word' id='word_1_471' title='bbox 1568 3315 1664 3370; x_wconf 82' lang='lat' dir='ltr'><strong>de—</strong></span> 
     </span>
    </p>
   </div>
   <div class='ocr_carea' id='block_1_64' title="bbox 128 3404 1661 3481">
    <p class='ocr_par' dir='ltr' id='par_1_64' title="bbox 128 3404 1661 3481">
     <span class='ocr_line' id='line_1_64' title="bbox 128 3404 1661 3481; baseline 0.005 -26"><span class='ocrx_word' id='word_1_472' title='bbox 128 3404 352 3463; x_wconf 82' lang='lat' dir='ltr'><strong>rivaverat</strong></span> <span class='ocrx_word' id='word_1_473' title='bbox 398 3410 706 3481; x_wconf 89' lang='lat' dir='ltr'><strong>religionis,</strong></span> <span class='ocrx_word' id='word_1_474' title='bbox 762 3410 829 3465; x_wconf 90' lang='lat' dir='ltr'><strong>de</strong></span> <span class='ocrx_word' id='word_1_475' title='bbox 864 3425 975 3481; x_wconf 91' lang='lat' dir='ltr'><strong>quo</strong></span> <span class='ocrx_word' id='word_1_476' title='bbox 1020 3408 1367 3479; x_wconf 89' lang='lat' dir='ltr'><strong>postmodum</strong></span> <span class='ocrx_word' id='word_1_477' title='bbox 1404 3408 1661 3463; x_wconf 89' lang='lat' dir='ltr'><strong>omnibus</strong></span> 
     </span>
    </p>
   </div>
   <div class='ocr_carea' id='block_1_65' title="bbox 129 3494 1660 3574">
    <p class='ocr_par' dir='ltr' id='par_1_65' title="bbox 129 3494 1660 3574">
     <span class='ocr_line' id='line_1_65' title="bbox 129 3494 1660 3574; baseline 0.007 -29"><span class='ocrx_word' id='word_1_478' title='bbox 129 3494 299 3565; x_wconf 74' lang='lat' dir='ltr'><strong>vicinis,</strong></span> <span class='ocrx_word' id='word_1_479' title='bbox 321 3502 516 3558; x_wconf 80' lang='lat' dir='ltr'><strong>exteris</strong></span> <span class='ocrx_word' id='word_1_480' title='bbox 543 3518 765 3573; x_wconf 88' lang='lat' dir='ltr'><strong>quoque</strong></span> <span class='ocrx_word' id='word_1_481' title='bbox 789 3511 842 3558; x_wconf 87' lang='lat' dir='ltr'><strong>et</strong></span> <span class='ocrx_word' id='word_1_482' title='bbox 855 3503 1014 3574; x_wconf 87' lang='lat' dir='ltr'><strong>longe</strong></span> <span class='ocrx_word' id='word_1_483' title='bbox 1058 3501 1273 3571; x_wconf 90' lang='lat' dir='ltr'><strong>positis,</strong></span> <span class='ocrx_word' id='word_1_484' title='bbox 1321 3500 1456 3555; x_wconf 86' lang='lat' dir='ltr'><strong>satis</strong></span> <span class='ocrx_word' id='word_1_485' title='bbox 1483 3501 1660 3556; x_wconf 89' lang='lat' dir='ltr'><strong>abun-</strong></span> 
     </span>
    </p>
   </div>
   <div class='ocr_carea' id='block_1_66' title="bbox 128 3584 1662 3665">
    <p class='ocr_par' dir='ltr' id='par_1_66' title="bbox 128 3584 1662 3665">
     <span class='ocr_line' id='line_1_66' title="bbox 128 3584 1662 3665; baseline 0.004 -22"><span class='ocrx_word' id='word_1_486' title='bbox 128 3584 266 3658; x_wconf 79' lang='lat' dir='ltr'><strong>deque</strong></span> <span class='ocrx_word' id='word_1_487' title='bbox 277 3594 673 3665; x_wconf 82' lang='lat' dir='ltr'><strong>propinaverat.</strong></span> <span class='ocrx_word' id='word_1_488' title='bbox 700 3593 812 3651; x_wconf 85' lang='lat' dir='ltr'><strong>Nec</strong></span> <span class='ocrx_word' id='word_1_489' title='bbox 840 3603 899 3649; x_wconf 90' lang='lat' dir='ltr'><strong>ut</strong></span> <span class='ocrx_word' id='word_1_490' title='bbox 922 3595 1137 3649; x_wconf 90' lang='lat' dir='ltr'><strong>volebat</strong></span> <span class='ocrx_word' id='word_1_491' title='bbox 1158 3594 1382 3649; x_wconf 86' lang='lat' dir='ltr'><strong>invenit.</strong></span> <span class='ocrx_word' id='word_1_492' title='bbox 1413 3591 1662 3659; x_wconf 86' lang='lat' dir='ltr'><strong>Quesivit</strong></span> 
     </span>
    </p>
   </div>
   <div class='ocr_carea' id='block_1_67' title="bbox 127 3678 1662 3756">
    <p class='ocr_par' dir='ltr' id='par_1_67' title="bbox 127 3678 1662 3756">
     <span class='ocr_line' id='line_1_67' title="bbox 127 3678 1662 3756; baseline 0.004 -21"><span class='ocrx_word' id='word_1_493' title='bbox 127 3692 149 3730; x_wconf 83' lang='lat' dir='ltr'><strong>a</strong></span> <span class='ocrx_word' id='word_1_494' title='bbox 169 3678 259 3737; x_wconf 80' lang='lat' dir='ltr'><strong>Deo</strong></span> <span class='ocrx_word' id='word_1_495' title='bbox 276 3686 426 3742; x_wconf 86' lang='lat' dir='ltr'><strong>corde</strong></span> <span class='ocrx_word' id='word_1_496' title='bbox 457 3687 699 3743; x_wconf 87' lang='lat' dir='ltr'><strong>contrito</strong></span> <span class='ocrx_word' id='word_1_497' title='bbox 724 3696 777 3742; x_wconf 91' lang='lat' dir='ltr'><strong>et</strong></span> <span class='ocrx_word' id='word_1_498' title='bbox 806 3687 1109 3753; x_wconf 89' lang='lat' dir='ltr'><strong>humiliato,</strong></span> <span class='ocrx_word' id='word_1_499' title='bbox 1133 3695 1185 3741; x_wconf 91' lang='lat' dir='ltr'><strong>et</strong></span> <span class='ocrx_word' id='word_1_500' title='bbox 1219 3686 1426 3741; x_wconf 82' lang='lat' dir='ltr'><strong>invenit</strong></span> <span class='ocrx_word' id='word_1_501' title='bbox 1453 3704 1465 3739; x_wconf 91' lang='lat'><strong>:</strong></span> <span class='ocrx_word' id='word_1_502' title='bbox 1497 3701 1662 3756; x_wconf 90' lang='lat' dir='ltr'><strong>prope</strong></span> 
     </span>
    </p>
   </div>
   <div class='ocr_carea' id='block_1_68' title="bbox 128 3775 1660 3844">
    <p class='ocr_par' dir='ltr' id='par_1_68' title="bbox 128 3775 1660 3844">
     <span class='ocr_line' id='line_1_68' title="bbox 128 3775 1660 3844; baseline 0.007 -21"><span class='ocrx_word' id='word_1_503' title='bbox 128 3781 191 3825; x_wconf 81' lang='lat' dir='ltr'><strong>est</strong></span> <span class='ocrx_word' id='word_1_504' title='bbox 215 3775 343 3830; x_wconf 90' lang='lat' dir='ltr'><strong>enim</strong></span> <span class='ocrx_word' id='word_1_505' title='bbox 378 3778 600 3835; x_wconf 89' lang='lat' dir='ltr'><strong>obtritis</strong></span> <span class='ocrx_word' id='word_1_506' title='bbox 643 3779 806 3835; x_wconf 90' lang='lat' dir='ltr'><strong>corde</strong></span> <span class='ocrx_word' id='word_1_507' title='bbox 834 3778 1122 3844; x_wconf 90' lang='lat' dir='ltr'><strong>Dominus,</strong></span> <span class='ocrx_word' id='word_1_508' title='bbox 1161 3785 1215 3832; x_wconf 88' lang='lat' dir='ltr'><strong>et</strong></span> <span class='ocrx_word' id='word_1_509' title='bbox 1253 3778 1583 3833; x_wconf 73' lang='lat' dir='ltr'><strong>sacrificium</strong></span> <span class='ocrx_word' id='word_1_510' title='bbox 1609 3778 1660 3833; x_wconf 88' lang='lat' dir='ltr'><strong>ei</strong></span> 
     </span>
    </p>
   </div>
   <div class='ocr_carea' id='block_1_69' title="bbox 127 3865 1660 3941">
    <p class='ocr_par' dir='ltr' id='par_1_69' title="bbox 127 3865 1660 3941">
     <span class='ocr_line' id='line_1_69' title="bbox 127 3865 1660 3941; baseline 0.003 -23"><span class='ocrx_word' id='word_1_511' title='bbox 127 3865 443 3930; x_wconf 72' lang='lat' dir='ltr'><strong>gratissimum</strong></span> <span class='ocrx_word' id='word_1_512' title='bbox 489 3872 719 3940; x_wconf 88' lang='lat' dir='ltr'><strong>spiritus</strong></span> <span class='ocrx_word' id='word_1_513' title='bbox 748 3869 1164 3926; x_wconf 89' lang='lat' dir='ltr'><strong>contribulatus.</strong></span> <span class='ocrx_word' id='word_1_514' title='bbox 1206 3869 1286 3923; x_wconf 80' lang='lat' dir='ltr'><strong>Ad</strong></span> <span class='ocrx_word' id='word_1_515' title='bbox 1316 3868 1518 3925; x_wconf 89' lang='lat' dir='ltr'><strong>fontem</strong></span> <span class='ocrx_word' id='word_1_516' title='bbox 1556 3869 1660 3941; x_wconf 85' lang='lat' dir='ltr'><strong>igi-</strong></span> 
     </span>
    </p>
   </div>
   <div class='ocr_carea' id='block_1_70' title="bbox 127 3954 1660 4032">
    <p class='ocr_par' dir='ltr' id='par_1_70' title="bbox 127 3954 1660 4032">
     <span class='ocr_line' id='line_1_70' title="bbox 127 3954 1660 4032; baseline 0.005 -25"><span class='ocrx_word' id='word_1_517' title='bbox 127 3960 196 4008; x_wconf 84' lang='lat' dir='ltr'><strong>tur</strong></span> <span class='ocrx_word' id='word_1_518' title='bbox 216 3954 298 4012; x_wconf 85' lang='lat' dir='ltr'><strong>Dei</strong></span> <span class='ocrx_word' id='word_1_519' title='bbox 319 3959 422 4027; x_wconf 89' lang='lat' dir='ltr'><strong>hic,</strong></span> <span class='ocrx_word' id='word_1_520' title='bbox 468 3977 633 4032; x_wconf 90' lang='lat' dir='ltr'><strong>quem</strong></span> <span class='ocrx_word' id='word_1_521' title='bbox 684 3962 739 4015; x_wconf 91' lang='lat' dir='ltr'><strong>in</strong></span> <span class='ocrx_word' id='word_1_522' title='bbox 800 3960 1064 4016; x_wconf 89' lang='lat' dir='ltr'><strong>electione</strong></span> <span class='ocrx_word' id='word_1_523' title='bbox 1108 3976 1207 4015; x_wconf 85' lang='lat' dir='ltr'><strong>sua</strong></span> <span class='ocrx_word' id='word_1_524' title='bbox 1257 3959 1660 4031; x_wconf 89' lang='lat' dir='ltr'><strong>Linguonensis</strong></span> 
     </span>
    </p>
   </div>
   <div class='ocr_carea' id='block_1_71' title="bbox 127 4045 1657 4121">
    <p class='ocr_par' dir='ltr' id='par_1_71' title="bbox 127 4045 1657 4121">
     <span class='ocr_line' id='line_1_71' title="bbox 127 4045 1657 4121; baseline 0.003 -22"><span class='ocrx_word' id='word_1_525' title='bbox 127 4045 367 4118; x_wconf 79' lang='lat' dir='ltr'><strong>cpiscopus</strong></span> <span class='ocrx_word' id='word_1_526' title='bbox 392 4052 599 4121; x_wconf 89' lang='lat' dir='ltr'><strong>piscem</strong></span> <span class='ocrx_word' id='word_1_527' title='bbox 623 4051 691 4107; x_wconf 91' lang='lat' dir='ltr'><strong>de</strong></span> <span class='ocrx_word' id='word_1_528' title='bbox 726 4050 874 4106; x_wconf 86' lang='lat' dir='ltr'><strong>fonte</strong></span> <span class='ocrx_word' id='word_1_529' title='bbox 902 4051 996 4105; x_wconf 91' lang='lat' dir='ltr'><strong>Dei</strong></span> <span class='ocrx_word' id='word_1_530' title='bbox 1029 4051 1425 4116; x_wconf 84' lang='lat' dir='ltr'><strong>nominaverat,</strong></span> <span class='ocrx_word' id='word_1_531' title='bbox 1478 4050 1657 4115; x_wconf 87' lang='lat' dir='ltr'><strong>rediit,</strong></span> 
     </span>
    </p>
   </div>
   <div class='ocr_carea' id='block_1_72' title="bbox 128 4134 1659 4202">
    <p class='ocr_par' dir='ltr' id='par_1_72' title="bbox 128 4134 1659 4202">
     <span class='ocr_line' id='line_1_72' title="bbox 128 4134 1659 4202; baseline -0.004 0"><span class='ocrx_word' id='word_1_532' title='bbox 128 4134 491 4202; x_wconf 62' lang='lat' dir='ltr'><strong>Piscesoctouos</strong></span> <span class='ocrx_word' id='word_1_533' title='bbox 516 4151 729 4199; x_wconf 89' lang='lat' dir='ltr'><strong>octona</strong></span> <span class='ocrx_word' id='word_1_534' title='bbox 762 4141 1116 4198; x_wconf 89' lang='lat' dir='ltr'><strong>beatitudinis</strong></span> <span class='ocrx_word' id='word_1_535' title='bbox 1159 4142 1359 4196; x_wconf 87' lang='lat' dir='ltr'><strong>virtute</strong></span> <span class='ocrx_word' id='word_1_536' title='bbox 1400 4155 1659 4196; x_wconf 88' lang='lat' dir='ltr'><strong>coruscos</strong></span> 
     </span>
    </p>
   </div>
   <div class='ocr_carea' id='block_1_73' title="bbox 128 4231 1655 4306">
    <p class='ocr_par' dir='ltr' id='par_1_73' title="bbox 128 4231 1655 4306">
     <span class='ocr_line' id='line_1_73' title="bbox 128 4231 1655 4306; baseline 0.002 -24"><span class='ocrx_word' id='word_1_537' title='bbox 128 4240 276 4283; x_wconf 83' lang='lat' dir='ltr'><strong>secum</strong></span> <span class='ocrx_word' id='word_1_538' title='bbox 303 4233 537 4302; x_wconf 90' lang='lat' dir='ltr'><strong>adduxit,</strong></span> <span class='ocrx_word' id='word_1_539' title='bbox 570 4250 710 4306; x_wconf 90' lang='lat' dir='ltr'><strong>quos</strong></span> <span class='ocrx_word' id='word_1_540' title='bbox 730 4250 858 4290; x_wconf 85' lang='lat' dir='ltr'><strong>vere</strong></span> <span class='ocrx_word' id='word_1_541' title='bbox 892 4235 1073 4304; x_wconf 91' lang='lat' dir='ltr'><strong>pisces</strong></span> <span class='ocrx_word' id='word_1_542' title='bbox 1101 4233 1332 4288; x_wconf 81' lang='lat' dir='ltr'><strong>dixerim</strong></span> <span class='ocrx_word' id='word_1_543' title='bbox 1362 4247 1461 4303; x_wconf 90' lang='lat' dir='ltr'><strong>pro</strong></span> <span class='ocrx_word' id='word_1_544' title='bbox 1489 4231 1655 4287; x_wconf 90' lang='lat' dir='ltr'><strong>sedu-</strong></span> 
     </span>
    </p>
   </div>
   <div class='ocr_carea' id='block_1_74' title="bbox 127 4314 1658 4396">
    <p class='ocr_par' dir='ltr' id='par_1_74' title="bbox 127 4314 1658 4396">
     <span class='ocr_line' id='line_1_74' title="bbox 127 4314 1658 4396; baseline 0.003 -23"><span class='ocrx_word' id='word_1_545' title='bbox 127 4314 166 4370; x_wconf 85' lang='lat' dir='ltr'><strong>la</strong></span> <span class='ocrx_word' id='word_1_546' title='bbox 188 4320 502 4382; x_wconf 86' lang='lat' dir='ltr'><strong>meditatione</strong></span> <span class='ocrx_word' id='word_1_547' title='bbox 532 4326 956 4396; x_wconf 87' lang='lat' dir='ltr'><strong>spiritualitatis,</strong></span> <span class='ocrx_word' id='word_1_548' title='bbox 1000 4341 1165 4396; x_wconf 89' lang='lat' dir='ltr'><strong>quam</strong></span> <span class='ocrx_word' id='word_1_549' title='bbox 1188 4323 1561 4389; x_wconf 88' lang='lat' dir='ltr'><strong>intendebant,</strong></span> <span class='ocrx_word' id='word_1_550' title='bbox 1598 4332 1658 4378; x_wconf 90' lang='lat' dir='ltr'><strong>ut</strong></span> 
     </span>
    </p>
   </div>
   <div class='ocr_carea' id='block_1_75' title="bbox 126 4407 1654 4485">
    <p class='ocr_par' dir='ltr' id='par_1_75' title="bbox 126 4407 1654 4485">
     <span class='ocr_line' id='line_1_75' title="bbox 126 4407 1654 4485; baseline -0.005 -10"><span class='ocrx_word' id='word_1_551' title='bbox 126 4407 258 4474; x_wconf 76' lang='lat' dir='ltr'><strong>Piscis</strong></span> <span class='ocrx_word' id='word_1_552' title='bbox 303 4430 488 4485; x_wconf 89' lang='lat' dir='ltr'><strong>aquam</strong></span> <span class='ocrx_word' id='word_1_553' title='bbox 543 4416 813 4485; x_wconf 82' lang='lat' dir='ltr'><strong>ﬂuminis;</strong></span> <span class='ocrx_word' id='word_1_554' title='bbox 877 4426 929 4473; x_wconf 90' lang='lat' dir='ltr'><strong>et</strong></span> <span class='ocrx_word' id='word_1_555' title='bbox 972 4416 1107 4472; x_wconf 80' lang='lat' dir='ltr'><strong>fonti</strong></span> <span class='ocrx_word' id='word_1_556' title='bbox 1165 4415 1266 4471; x_wconf 90' lang='lat' dir='ltr'><strong>sibi</strong></span> <span class='ocrx_word' id='word_1_557' title='bbox 1335 4414 1654 4481; x_wconf 89' lang='lat' dir='ltr'><strong>commisso,</strong></span> 
     </span>
    </p>
   </div>
   <div class='ocr_carea' id='block_1_76' title="bbox 129 4503 1653 4579">
    <p class='ocr_par' dir='ltr' id='par_1_76' title="bbox 129 4503 1653 4579">
     <span class='ocr_line' id='line_1_76' title="bbox 129 4503 1653 4579; baseline -0.005 -13"><span class='ocrx_word' id='word_1_558' title='bbox 129 4512 254 4566; x_wconf 71' lang='lat' dir='ltr'><strong>quem</strong></span> <span class='ocrx_word' id='word_1_559' title='bbox 274 4504 523 4563; x_wconf 86' lang='lat' dir='ltr'><strong>viciorum</strong></span> <span class='ocrx_word' id='word_1_560' title='bbox 555 4509 834 4579; x_wconf 90' lang='lat' dir='ltr'><strong>prurigine</strong></span> <span class='ocrx_word' id='word_1_561' title='bbox 888 4507 1226 4564; x_wconf 89' lang='lat' dir='ltr'><strong>sentinosum</strong></span> <span class='ocrx_word' id='word_1_562' title='bbox 1274 4519 1507 4577; x_wconf 80' lang='lat' dir='ltr'><strong>purgare</strong></span> <span class='ocrx_word' id='word_1_563' title='bbox 1554 4503 1653 4559; x_wconf 90' lang='lat' dir='ltr'><strong>de-</strong></span> 
     </span>
    </p>
   </div>
   <div class='ocr_carea' id='block_1_77' title="bbox 129 4594 1652 4669">
    <p class='ocr_par' dir='ltr' id='par_1_77' title="bbox 129 4594 1652 4669">
     <span class='ocr_line' id='line_1_77' title="bbox 129 4594 1652 4669; baseline 0.005 -26"><span class='ocrx_word' id='word_1_564' title='bbox 129 4601 343 4662; x_wconf 80' lang='lat' dir='ltr'><strong>creverat,</strong></span> <span class='ocrx_word' id='word_1_565' title='bbox 386 4599 556 4654; x_wconf 91' lang='lat' dir='ltr'><strong>saltus</strong></span> <span class='ocrx_word' id='word_1_566' title='bbox 567 4615 730 4669; x_wconf 90' lang='lat' dir='ltr'><strong>super</strong></span> <span class='ocrx_word' id='word_1_567' title='bbox 754 4615 927 4668; x_wconf 86' lang='lat' dir='ltr'><strong>aquas</strong></span> <span class='ocrx_word' id='word_1_568' title='bbox 952 4597 1147 4669; x_wconf 88' lang='lat' dir='ltr'><strong>pennis</strong></span> <span class='ocrx_word' id='word_1_569' title='bbox 1170 4598 1432 4651; x_wconf 88' lang='lat' dir='ltr'><strong>virtutum</strong></span> <span class='ocrx_word' id='word_1_570' title='bbox 1458 4594 1652 4650; x_wconf 88' lang='lat' dir='ltr'><strong>dantes</strong></span> 
     </span>
    </p>
   </div>
   <div class='ocr_carea' id='block_1_78' title="bbox 129 4675 1653 4761">
    <p class='ocr_par' dir='ltr' id='par_1_78' title="bbox 129 4675 1653 4761">
     <span class='ocr_line' id='line_1_78' title="bbox 129 4675 1653 4761; baseline 0.002 -25"><span class='ocrx_word' id='word_1_571' title='bbox 129 4675 327 4740; x_wconf 77' lang='lat' dir='ltr'><strong>immisit.</strong></span> <span class='ocrx_word' id='word_1_572' title='bbox 347 4686 422 4742; x_wconf 85' lang='lat' dir='ltr'><strong>Ex</strong></span> <span class='ocrx_word' id='word_1_573' title='bbox 465 4689 555 4746; x_wconf 91' lang='lat' dir='ltr'><strong>his</strong></span> <span class='ocrx_word' id='word_1_574' title='bbox 578 4691 817 4761; x_wconf 88' lang='lat' dir='ltr'><strong>priorem</strong></span> <span class='ocrx_word' id='word_1_575' title='bbox 866 4689 1171 4755; x_wconf 89' lang='lat' dir='ltr'><strong>constituit,</strong></span> <span class='ocrx_word' id='word_1_576' title='bbox 1221 4688 1419 4743; x_wconf 85' lang='lat' dir='ltr'><strong>ceteris</strong></span> <span class='ocrx_word' id='word_1_577' title='bbox 1480 4686 1653 4741; x_wconf 83' lang='lat' dir='ltr'><strong>ollicia</strong></span> 
     </span>
    </p>
   </div>
   <div class='ocr_carea' id='block_1_79' title="bbox 132 4768 1653 4851">
    <p class='ocr_par' dir='ltr' id='par_1_79' title="bbox 132 4768 1653 4851">
     <span class='ocr_line' id='line_1_79' title="bbox 132 4768 1653 4851; baseline -0.002 -18"><span class='ocrx_word' id='word_1_578' title='bbox 132 4768 306 4843; x_wconf 53' lang='lat' dir='ltr'><strong>lingula</strong></span> <span class='ocrx_word' id='word_1_579' title='bbox 326 4779 616 4850; x_wconf 88' lang='lat' dir='ltr'><strong>deputavit,</strong></span> <span class='ocrx_word' id='word_1_580' title='bbox 646 4790 708 4837; x_wconf 93' lang='lat' dir='ltr'><strong>ut</strong></span> <span class='ocrx_word' id='word_1_581' title='bbox 750 4797 941 4837; x_wconf 91' lang='lat' dir='ltr'><strong>eorum</strong></span> <span class='ocrx_word' id='word_1_582' title='bbox 971 4781 1219 4851; x_wconf 82' lang='lat' dir='ltr'><strong>exemplo</strong></span> <span class='ocrx_word' id='word_1_583' title='bbox 1258 4778 1478 4834; x_wconf 90' lang='lat' dir='ltr'><strong>doceret</strong></span> <span class='ocrx_word' id='word_1_584' title='bbox 1523 4777 1653 4832; x_wconf 90' lang='lat' dir='ltr'><strong>reli-</strong></span> 
     </span>
    </p>
   </div>
   <div class='ocr_carea' id='block_1_80' title="bbox 130 4869 1654 4944">
    <p class='ocr_par' dir='ltr' id='par_1_80' title="bbox 130 4869 1654 4944">
     <span class='ocr_line' id='line_1_80' title="bbox 130 4869 1654 4944; baseline 0.005 -27"><span class='ocrx_word' id='word_1_585' title='bbox 130 4874 239 4930; x_wconf 84' lang='lat' dir='ltr'><strong>quos</strong></span> <span class='ocrx_word' id='word_1_586' title='bbox 266 4869 390 4926; x_wconf 84' lang='lat' dir='ltr'><strong>vicia</strong></span> <span class='ocrx_word' id='word_1_587' title='bbox 436 4874 668 4942; x_wconf 87' lang='lat' dir='ltr'><strong>calcare,</strong></span> <span class='ocrx_word' id='word_1_588' title='bbox 694 4875 925 4930; x_wconf 87' lang='lat' dir='ltr'><strong>virtutes</strong></span> <span class='ocrx_word' id='word_1_589' title='bbox 967 4881 1241 4944; x_wconf 87' lang='lat' dir='ltr'><strong>appetere,</strong></span> <span class='ocrx_word' id='word_1_590' title='bbox 1294 4879 1349 4927; x_wconf 92' lang='lat' dir='ltr'><strong>et</strong></span> <span class='ocrx_word' id='word_1_591' title='bbox 1397 4870 1654 4926; x_wconf 91' lang='lat' dir='ltr'><strong>desuetos</strong></span> 
     </span>
    </p>
   </div>
   <div class='ocr_carea' id='block_1_81' title="bbox 131 4953 1656 5033">
    <p class='ocr_par' dir='ltr' id='par_1_81' title="bbox 131 4953 1656 5033">
     <span class='ocr_line' id='line_1_81' title="bbox 131 4953 1656 5033; baseline 0.007 -27"><span class='ocrx_word' id='word_1_592' title='bbox 131 4953 300 5013; x_wconf 81' lang='lat' dir='ltr'><strong>animos</strong></span> <span class='ocrx_word' id='word_1_593' title='bbox 325 4961 680 5020; x_wconf 87' lang='lat' dir='ltr'><strong>habitantium</strong></span> <span class='ocrx_word' id='word_1_594' title='bbox 708 4972 1053 5022; x_wconf 88' lang='lat' dir='ltr'><strong>assuesceret</strong></span> <span class='ocrx_word' id='word_1_595' title='bbox 1084 4963 1332 5018; x_wconf 91' lang='lat' dir='ltr'><strong>moribus</strong></span> <span class='ocrx_word' id='word_1_596' title='bbox 1369 4961 1656 5033; x_wconf 88' lang='lat' dir='ltr'><strong>religioso-</strong></span> 
     </span>
    </p>
   </div>
   <div class='ocr_carea' id='block_1_82' title="bbox 130 5047 1655 5124">
    <p class='ocr_par' dir='ltr' id='par_1_82' title="bbox 130 5047 1655 5124">
     <span class='ocr_line' id='line_1_82' title="bbox 130 5047 1655 5124; baseline 0.007 -31"><span class='ocrx_word' id='word_1_597' title='bbox 130 5054 239 5098; x_wconf 88' lang='lat' dir='ltr'><strong>rum.</strong></span> <span class='ocrx_word' id='word_1_598' title='bbox 273 5047 367 5105; x_wconf 87' lang='lat' dir='ltr'><strong>Sed</strong></span> <span class='ocrx_word' id='word_1_599' title='bbox 402 5054 531 5124; x_wconf 90' lang='lat' dir='ltr'><strong>quid</strong></span> <span class='ocrx_word' id='word_1_600' title='bbox 567 5055 761 5111; x_wconf 89' lang='lat' dir='ltr'><strong>multis</strong></span> <span class='ocrx_word' id='word_1_601' title='bbox 802 5052 1097 5110; x_wconf 84' lang='lat' dir='ltr'><strong>immoror?</strong></span> <span class='ocrx_word' id='word_1_602' title='bbox 1133 5053 1307 5108; x_wconf 89' lang='lat' dir='ltr'><strong>Tanta</strong></span> <span class='ocrx_word' id='word_1_603' title='bbox 1363 5061 1485 5107; x_wconf 86' lang='lat' dir='ltr'><strong>acta</strong></span> <span class='ocrx_word' id='word_1_604' title='bbox 1528 5058 1655 5107; x_wconf 90' lang='lat' dir='ltr'><strong>sunt</strong></span> 
     </span>
    </p>
   </div>
   <div class='ocr_carea' id='block_1_83' title="bbox 132 5132 1653 5217">
    <p class='ocr_par' dir='ltr' id='par_1_83' title="bbox 132 5132 1653 5217">
     <span class='ocr_line' id='line_1_83' title="bbox 132 5132 1653 5217; baseline 0.001 -20"><span class='ocrx_word' id='word_1_605' title='bbox 132 5132 220 5197; x_wconf 66' lang='lat' dir='ltr'><strong>Pius</strong></span> <span class='ocrx_word' id='word_1_606' title='bbox 248 5138 473 5201; x_wconf 89' lang='lat' dir='ltr'><strong>laboreet</strong></span> <span class='ocrx_word' id='word_1_607' title='bbox 499 5146 791 5213; x_wconf 88' lang='lat' dir='ltr'><strong>industria,</strong></span> <span class='ocrx_word' id='word_1_608' title='bbox 842 5146 936 5202; x_wconf 89' lang='lat' dir='ltr'><strong>Dei</strong></span> <span class='ocrx_word' id='word_1_609' title='bbox 964 5145 1215 5217; x_wconf 87' lang='lat' dir='ltr'><strong>praduce</strong></span> <span class='ocrx_word' id='word_1_610' title='bbox 1241 5144 1435 5215; x_wconf 88' lang='lat' dir='ltr'><strong>gratia,</strong></span> <span class='ocrx_word' id='word_1_611' title='bbox 1464 5153 1526 5198; x_wconf 90' lang='lat' dir='ltr'><strong>ut</strong></span> <span class='ocrx_word' id='word_1_612' title='bbox 1558 5138 1653 5213; x_wconf 83' lang='lat' dir='ltr'><strong>qui</strong></span> 
     </span>
    </p>
   </div>
   <div class='ocr_carea' id='block_1_84' title="bbox 133 5222 1647 5309">
    <p class='ocr_par' dir='ltr' id='par_1_84' title="bbox 133 5222 1647 5309">
     <span class='ocr_line' id='line_1_84' title="bbox 133 5222 1647 5309; baseline 0.002 -23"><span class='ocrx_word' id='word_1_613' title='bbox 133 5222 310 5286; x_wconf 70' lang='lat' dir='ltr'><strong>Vidisset</strong></span> <span class='ocrx_word' id='word_1_614' title='bbox 334 5245 482 5292; x_wconf 88' lang='lat' dir='ltr'><strong>antea</strong></span> <span class='ocrx_word' id='word_1_615' title='bbox 504 5238 685 5295; x_wconf 92' lang='lat' dir='ltr'><strong>locum</strong></span> <span class='ocrx_word' id='word_1_616' title='bbox 716 5250 932 5309; x_wconf 83' lang='lat' dir='ltr'><strong>torpore</strong></span> <span class='ocrx_word' id='word_1_617' title='bbox 962 5237 1307 5309; x_wconf 88' lang='lat' dir='ltr'><strong>negligentia</strong></span> <span class='ocrx_word' id='word_1_618' title='bbox 1329 5234 1647 5301; x_wconf 88' lang='lat' dir='ltr'><strong>confusum,</strong></span> 
     </span>
    </p>
   </div>
   <div class='ocr_carea' id='block_1_85' title="bbox 1763 3136 3352 3212">
    <p class='ocr_par' dir='ltr' id='par_1_85' title="bbox 1763 3136 3352 3212">
     <span class='ocr_line' id='line_1_85' title="bbox 1763 3136 3352 3212; baseline -0.003 -16"><span class='ocrx_word' id='word_1_619' title='bbox 1763 3141 1853 3212; x_wconf 89' lang='lat' dir='ltr'><strong>gni</strong></span> <span class='ocrx_word' id='word_1_620' title='bbox 1877 3140 2015 3211; x_wconf 90' lang='lat' dir='ltr'><strong>ejus.</strong></span> <span class='ocrx_word' id='word_1_621' title='bbox 2050 3139 2127 3194; x_wconf 83' lang='lat' dir='ltr'><strong>Ex</strong></span> <span class='ocrx_word' id='word_1_622' title='bbox 2192 3139 2295 3195; x_wconf 89' lang='lat' dir='ltr'><strong>hac</strong></span> <span class='ocrx_word' id='word_1_623' title='bbox 2333 3154 2467 3210; x_wconf 89' lang='lat' dir='ltr'><strong>ergo</strong></span> <span class='ocrx_word' id='word_1_624' title='bbox 2495 3137 2820 3193; x_wconf 87' lang='lat' dir='ltr'><strong>adversitatc</strong></span> <span class='ocrx_word' id='word_1_625' title='bbox 2852 3136 3061 3192; x_wconf 89' lang='lat' dir='ltr'><strong>inimici</strong></span> <span class='ocrx_word' id='word_1_626' title='bbox 3106 3137 3352 3192; x_wconf 86' lang='lat' dir='ltr'><strong>veritatis</strong></span> 
     </span>
    </p>
   </div>
   <div class='ocr_carea' id='block_1_86' title="bbox 1762 3228 3351 3299">
    <p class='ocr_par' dir='ltr' id='par_1_86' title="bbox 1762 3228 3351 3299">
     <span class='ocr_line' id='line_1_86' title="bbox 1762 3228 3351 3299; baseline -0.001 -16"><span class='ocrx_word' id='word_1_627' title='bbox 1762 3230 2044 3285; x_wconf 89' lang='lat' dir='ltr'><strong>audaciam</strong></span> <span class='ocrx_word' id='word_1_628' title='bbox 2072 3228 2238 3297; x_wconf 91' lang='lat' dir='ltr'><strong>nacti,</strong></span> <span class='ocrx_word' id='word_1_629' title='bbox 2271 3229 2431 3284; x_wconf 87' lang='lat' dir='ltr'><strong>nobis</strong></span> <span class='ocrx_word' id='word_1_630' title='bbox 2452 3228 2768 3284; x_wconf 90' lang='lat' dir='ltr'><strong>insultando</strong></span> <span class='ocrx_word' id='word_1_631' title='bbox 2784 3242 2880 3283; x_wconf 92' lang='lat' dir='ltr'><strong>eos</strong></span> <span class='ocrx_word' id='word_1_632' title='bbox 2903 3243 3040 3299; x_wconf 89' lang='lat' dir='ltr'><strong>pene</strong></span> <span class='ocrx_word' id='word_1_633' title='bbox 3069 3235 3351 3282; x_wconf 84' lang='lat' dir='ltr'><strong>traxerunt</strong></span> 
     </span>
    </p>
   </div>
   <div class='ocr_carea' id='block_1_87' title="bbox 1762 3318 3351 3390">
    <p class='ocr_par' dir='ltr' id='par_1_87' title="bbox 1762 3318 3351 3390">
     <span class='ocr_line' id='line_1_87' title="bbox 1762 3318 3351 3390; baseline -0.001 -16"><span class='ocrx_word' id='word_1_634' title='bbox 1762 3318 1816 3374; x_wconf 91' lang='lat' dir='ltr'><strong>in</strong></span> <span class='ocrx_word' id='word_1_635' title='bbox 1847 3321 2148 3387; x_wconf 90' lang='lat' dir='ltr'><strong>sinistram,</strong></span> <span class='ocrx_word' id='word_1_636' title='bbox 2199 3335 2340 3390; x_wconf 89' lang='lat' dir='ltr'><strong>quos</strong></span> <span class='ocrx_word' id='word_1_637' title='bbox 2373 3318 2792 3375; x_wconf 91' lang='lat' dir='ltr'><strong>considerabam</strong></span> <span class='ocrx_word' id='word_1_638' title='bbox 2840 3318 2909 3373; x_wconf 88' lang='lat' dir='ltr'><strong>ad</strong></span> <span class='ocrx_word' id='word_1_639' title='bbox 2954 3318 3254 3383; x_wconf 80' lang='lat' dir='ltr'><strong>dexteram,</strong></span> <span class='ocrx_word' id='word_1_640' title='bbox 3297 3329 3351 3373; x_wconf 86' lang='lat' dir='ltr'><strong>et</strong></span> 
     </span>
    </p>
   </div>
   <div class='ocr_carea' id='block_1_88' title="bbox 1760 3406 3347 3481">
    <p class='ocr_par' dir='ltr' id='par_1_88' title="bbox 1760 3406 3347 3481">
     <span class='ocr_line' id='line_1_88' title="bbox 1760 3406 3347 3481; baseline -0.001 -18"><span class='ocrx_word' id='word_1_641' title='bbox 1760 3409 2030 3476; x_wconf 88' lang='lat' dir='ltr'><strong>videbam,</strong></span> <span class='ocrx_word' id='word_1_642' title='bbox 2062 3419 2242 3465; x_wconf 88' lang='lat' dir='ltr'><strong>etnon</strong></span> <span class='ocrx_word' id='word_1_643' title='bbox 2269 3420 2385 3465; x_wconf 91' lang='lat' dir='ltr'><strong>erat</strong></span> <span class='ocrx_word' id='word_1_644' title='bbox 2406 3410 2500 3480; x_wconf 91' lang='lat' dir='ltr'><strong>qui</strong></span> <span class='ocrx_word' id='word_1_645' title='bbox 2525 3418 2879 3481; x_wconf 91' lang='lat' dir='ltr'><strong>cognosceret</strong></span> <span class='ocrx_word' id='word_1_646' title='bbox 2901 3423 3013 3463; x_wconf 91' lang='lat' dir='ltr'><strong>me.</strong></span> <span class='ocrx_word' id='word_1_647' title='bbox 3038 3406 3176 3463; x_wconf 86' lang='lat' dir='ltr'><strong>Ecce</strong></span> <span class='ocrx_word' id='word_1_648' title='bbox 3202 3407 3347 3464; x_wconf 84' lang='lat' dir='ltr'><strong>enim</strong></span> 
     </span>
    </p>
   </div>
   <div class='ocr_carea' id='block_1_89' title="bbox 1761 3499 3350 3570">
    <p class='ocr_par' dir='ltr' id='par_1_89' title="bbox 1761 3499 3350 3570">
     <span class='ocr_line' id='line_1_89' title="bbox 1761 3499 3350 3570; baseline -0.001 -15"><span class='ocrx_word' id='word_1_649' title='bbox 1761 3501 1930 3570; x_wconf 88' lang='lat' dir='ltr'><strong>pestis</strong></span> <span class='ocrx_word' id='word_1_650' title='bbox 1957 3510 2010 3555; x_wconf 90' lang='lat' dir='ltr'><strong>et</strong></span> <span class='ocrx_word' id='word_1_651' title='bbox 2032 3501 2268 3557; x_wconf 89' lang='lat' dir='ltr'><strong>dedecus</strong></span> <span class='ocrx_word' id='word_1_652' title='bbox 2311 3513 2514 3557; x_wconf 88' lang='lat' dir='ltr'><strong>sancta</strong></span> <span class='ocrx_word' id='word_1_653' title='bbox 2575 3500 2856 3566; x_wconf 82' lang='lat' dir='ltr'><strong>acclesia,</strong></span> <span class='ocrx_word' id='word_1_654' title='bbox 2907 3499 3350 3570; x_wconf 88' lang='lat' dir='ltr'><strong>archiepiscopus</strong></span> 
     </span>
    </p>
   </div>
   <div class='ocr_carea' id='block_1_90' title="bbox 1763 3588 3347 3661">
    <p class='ocr_par' dir='ltr' id='par_1_90' title="bbox 1763 3588 3347 3661">
     <span class='ocr_line' id='line_1_90' title="bbox 1763 3588 3347 3661; baseline -0.001 -18"><span class='ocrx_word' id='word_1_655' title='bbox 1763 3588 2122 3657; x_wconf 88' lang='lat' dir='ltr'><strong>Turonensis,</strong></span> <span class='ocrx_word' id='word_1_656' title='bbox 2153 3600 2360 3646; x_wconf 85' lang='lat' dir='ltr'><strong>etcum</strong></span> <span class='ocrx_word' id='word_1_657' title='bbox 2416 3605 2484 3646; x_wconf 90' lang='lat' dir='ltr'><strong>eo</strong></span> <span class='ocrx_word' id='word_1_658' title='bbox 2527 3590 2820 3661; x_wconf 89' lang='lat' dir='ltr'><strong>episcopus</strong></span> <span class='ocrx_word' id='word_1_659' title='bbox 2865 3588 3225 3652; x_wconf 79' lang='lat' dir='ltr'><strong>Redonensis,</strong></span> <span class='ocrx_word' id='word_1_660' title='bbox 3257 3604 3347 3643; x_wconf 93' lang='lat' dir='ltr'><strong>su-</strong></span> 
     </span>
    </p>
   </div>
   <div class='ocr_carea' id='block_1_91' title="bbox 1760 3683 3345 3754">
    <p class='ocr_par' dir='ltr' id='par_1_91' title="bbox 1760 3683 3345 3754">
     <span class='ocr_line' id='line_1_91' title="bbox 1760 3683 3345 3754; baseline -0.001 -17"><span class='ocrx_word' id='word_1_661' title='bbox 1760 3683 2082 3753; x_wconf 88' lang='lat' dir='ltr'><strong>perbissime</strong></span> <span class='ocrx_word' id='word_1_662' title='bbox 2104 3683 2365 3753; x_wconf 88' lang='lat' dir='ltr'><strong>perversi,</strong></span> <span class='ocrx_word' id='word_1_663' title='bbox 2396 3692 2569 3738; x_wconf 88' lang='lat' dir='ltr'><strong>totum</strong></span> <span class='ocrx_word' id='word_1_664' title='bbox 2593 3698 2731 3754; x_wconf 91' lang='lat' dir='ltr'><strong>pene</strong></span> <span class='ocrx_word' id='word_1_665' title='bbox 2777 3690 3182 3752; x_wconf 89' lang='lat' dir='ltr'><strong>occupaverunt</strong></span> <span class='ocrx_word' id='word_1_666' title='bbox 3211 3696 3345 3735; x_wconf 88' lang='lat' dir='ltr'><strong>con-</strong></span> 
     </span>
    </p>
   </div>
   <div class='ocr_carea' id='block_1_92' title="bbox 1761 3774 3347 3846">
    <p class='ocr_par' dir='ltr' id='par_1_92' title="bbox 1761 3774 3347 3846">
     <span class='ocr_line' id='line_1_92' title="bbox 1761 3774 3347 3846; baseline -0.004 -14"><span class='ocrx_word' id='word_1_667' title='bbox 1761 3777 1968 3832; x_wconf 86' lang='lat' dir='ltr'><strong>cilium.</strong></span> <span class='ocrx_word' id='word_1_668' title='bbox 1995 3774 2332 3832; x_wconf 85' lang='lat' dir='ltr'><strong>Redoncnsis</strong></span> <span class='ocrx_word' id='word_1_669' title='bbox 2378 3792 2616 3846; x_wconf 90' lang='lat' dir='ltr'><strong>namque</strong></span> <span class='ocrx_word' id='word_1_670' title='bbox 2639 3775 3025 3846; x_wconf 90' lang='lat' dir='ltr'><strong>comprobatus</strong></span> <span class='ocrx_word' id='word_1_671' title='bbox 3077 3783 3161 3830; x_wconf 92' lang='lat' dir='ltr'><strong>est</strong></span> <span class='ocrx_word' id='word_1_672' title='bbox 3199 3788 3347 3839; x_wconf 89' lang='lat' dir='ltr'><strong>reus,</strong></span> 
     </span>
    </p>
   </div>
   <div class='ocr_carea' id='block_1_93' title="bbox 1761 3866 3345 3939">
    <p class='ocr_par' dir='ltr' id='par_1_93' title="bbox 1761 3866 3345 3939">
     <span class='ocr_line' id='line_1_93' title="bbox 1761 3866 3345 3939; baseline -0.003 -16"><span class='ocrx_word' id='word_1_673' title='bbox 1761 3870 1888 3939; x_wconf 88' lang='lat' dir='ltr'><strong>quia</strong></span> <span class='ocrx_word' id='word_1_674' title='bbox 1920 3884 2027 3923; x_wconf 90' lang='lat' dir='ltr'><strong>non</strong></span> <span class='ocrx_word' id='word_1_675' title='bbox 2055 3868 2208 3937; x_wconf 89' lang='lat' dir='ltr'><strong>prius</strong></span> <span class='ocrx_word' id='word_1_676' title='bbox 2237 3867 2521 3922; x_wconf 90' lang='lat' dir='ltr'><strong>ordinatus</strong></span> <span class='ocrx_word' id='word_1_677' title='bbox 2546 3868 2601 3921; x_wconf 91' lang='lat' dir='ltr'><strong>in</strong></span> <span class='ocrx_word' id='word_1_678' title='bbox 2637 3866 2917 3932; x_wconf 90' lang='lat' dir='ltr'><strong>clericum,</strong></span> <span class='ocrx_word' id='word_1_679' title='bbox 2949 3866 3233 3921; x_wconf 90' lang='lat' dir='ltr'><strong>ordinatus</strong></span> <span class='ocrx_word' id='word_1_680' title='bbox 3258 3874 3345 3919; x_wconf 87' lang='lat' dir='ltr'><strong>est</strong></span> 
     </span>
    </p>
   </div>
   <div class='ocr_carea' id='block_1_94' title="bbox 1761 3957 3343 4030">
    <p class='ocr_par' dir='ltr' id='par_1_94' title="bbox 1761 3957 3343 4030">
     <span class='ocr_line' id='line_1_94' title="bbox 1761 3957 3343 4030; baseline -0.002 -17"><span class='ocrx_word' id='word_1_681' title='bbox 1761 3959 1816 4013; x_wconf 91' lang='lat' dir='ltr'><strong>in</strong></span> <span class='ocrx_word' id='word_1_682' title='bbox 1844 3960 2191 4030; x_wconf 84' lang='lat' dir='ltr'><strong>episcopum;</strong></span> <span class='ocrx_word' id='word_1_683' title='bbox 2223 3958 2493 4029; x_wconf 89' lang='lat' dir='ltr'><strong>promissa</strong></span> <span class='ocrx_word' id='word_1_684' title='bbox 2547 3958 2699 4029; x_wconf 87' lang='lat' dir='ltr'><strong>prius</strong></span> <span class='ocrx_word' id='word_1_685' title='bbox 2728 3974 2792 4013; x_wconf 92' lang='lat' dir='ltr'><strong>ac</strong></span> <span class='ocrx_word' id='word_1_686' title='bbox 2837 3958 3186 4028; x_wconf 89' lang='lat' dir='ltr'><strong>postmodum</strong></span> <span class='ocrx_word' id='word_1_687' title='bbox 3218 3957 3343 4011; x_wconf 84' lang='lat' dir='ltr'><strong>data</strong></span> 
     </span>
    </p>
   </div>
   <div class='ocr_carea' id='block_1_95' title="bbox 1758 4048 3348 4121">
    <p class='ocr_par' dir='ltr' id='par_1_95' title="bbox 1758 4048 3348 4121">
     <span class='ocr_line' id='line_1_95' title="bbox 1758 4048 3348 4121; baseline -0.001 -17"><span class='ocrx_word' id='word_1_688' title='bbox 1758 4050 1907 4120; x_wconf 90' lang='lat' dir='ltr'><strong>pallii</strong></span> <span class='ocrx_word' id='word_1_689' title='bbox 1932 4066 2102 4121; x_wconf 91' lang='lat' dir='ltr'><strong>cappa</strong></span> <span class='ocrx_word' id='word_1_690' title='bbox 2149 4052 2219 4105; x_wconf 91' lang='lat' dir='ltr'><strong>ab</strong></span> <span class='ocrx_word' id='word_1_691' title='bbox 2253 4051 2515 4120; x_wconf 87' lang='lat' dir='ltr'><strong>episcopo</strong></span> <span class='ocrx_word' id='word_1_692' title='bbox 2579 4050 2977 4121; x_wconf 82' lang='lat' dir='ltr'><strong>Andegavensi,</strong></span> <span class='ocrx_word' id='word_1_693' title='bbox 3023 4048 3348 4104; x_wconf 82' lang='lat' dir='ltr'><strong>Redonense</strong></span> 
     </span>
    </p>
   </div>
   <div class='ocr_carea' id='block_1_96' title="bbox 1758 4140 3345 4208">
    <p class='ocr_par' dir='ltr' id='par_1_96' title="bbox 1758 4140 3345 4208">
     <span class='ocr_line' id='line_1_96' title="bbox 1758 4140 3345 4208; baseline 0 -13"><span class='ocrx_word' id='word_1_694' title='bbox 1758 4149 1938 4195; x_wconf 91' lang='lat' dir='ltr'><strong>tamen</strong></span> <span class='ocrx_word' id='word_1_695' title='bbox 1970 4141 2101 4196; x_wconf 90' lang='lat' dir='ltr'><strong>illud</strong></span> <span class='ocrx_word' id='word_1_696' title='bbox 2126 4142 2427 4208; x_wconf 87' lang='lat' dir='ltr'><strong>nesciente,</strong></span> <span class='ocrx_word' id='word_1_697' title='bbox 2460 4150 2545 4196; x_wconf 90' lang='lat' dir='ltr'><strong>set</strong></span> <span class='ocrx_word' id='word_1_698' title='bbox 2598 4141 2746 4195; x_wconf 88' lang='lat' dir='ltr'><strong>aliud</strong></span> <span class='ocrx_word' id='word_1_699' title='bbox 2776 4150 2901 4195; x_wconf 89' lang='lat' dir='ltr'><strong>ante</strong></span> <span class='ocrx_word' id='word_1_700' title='bbox 2944 4140 3345 4195; x_wconf 89' lang='lat' dir='ltr'><strong>ordinationem</strong></span> 
     </span>
    </p>
   </div>
   <div class='ocr_carea' id='block_1_97' title="bbox 1756 4233 3345 4303">
    <p class='ocr_par' dir='ltr' id='par_1_97' title="bbox 1756 4233 3345 4303">
     <span class='ocr_line' id='line_1_97' title="bbox 1756 4233 3345 4303; baseline -0.001 -14"><span class='ocrx_word' id='word_1_701' title='bbox 1756 4233 2087 4301; x_wconf 78' lang='lat' dir='ltr'><strong>conﬁtente;</strong></span> <span class='ocrx_word' id='word_1_702' title='bbox 2119 4233 2326 4288; x_wconf 90' lang='lat' dir='ltr'><strong>scilicet</strong></span> <span class='ocrx_word' id='word_1_703' title='bbox 2355 4248 2480 4288; x_wconf 93' lang='lat' dir='ltr'><strong>cum</strong></span> <span class='ocrx_word' id='word_1_704' title='bbox 2505 4248 2675 4303; x_wconf 86' lang='lat' dir='ltr'><strong>eques</strong></span> <span class='ocrx_word' id='word_1_705' title='bbox 2701 4240 2864 4297; x_wconf 89' lang='lat' dir='ltr'><strong>esset,</strong></span> <span class='ocrx_word' id='word_1_706' title='bbox 2894 4234 3134 4302; x_wconf 89' lang='lat' dir='ltr'><strong>equitem</strong></span> <span class='ocrx_word' id='word_1_707' title='bbox 3162 4233 3345 4287; x_wconf 91' lang='lat' dir='ltr'><strong>inimi-</strong></span> 
     </span>
    </p>
   </div>
   <div class='ocr_carea' id='block_1_98' title="bbox 1757 4321 3343 4394">
    <p class='ocr_par' dir='ltr' id='par_1_98' title="bbox 1757 4321 3343 4394">
     <span class='ocr_line' id='line_1_98' title="bbox 1757 4321 3343 4394; baseline -0.001 -13"><span class='ocrx_word' id='word_1_708' title='bbox 1757 4338 1883 4381; x_wconf 88' lang='lat' dir='ltr'><strong>cum</strong></span> <span class='ocrx_word' id='word_1_709' title='bbox 1917 4324 1987 4380; x_wconf 91' lang='lat' dir='ltr'><strong>ab</strong></span> <span class='ocrx_word' id='word_1_710' title='bbox 2007 4339 2150 4393; x_wconf 90' lang='lat' dir='ltr'><strong>equo</strong></span> <span class='ocrx_word' id='word_1_711' title='bbox 2175 4324 2388 4394; x_wconf 89' lang='lat' dir='ltr'><strong>dejeeit,</strong></span> <span class='ocrx_word' id='word_1_712' title='bbox 2438 4333 2493 4379; x_wconf 90' lang='lat' dir='ltr'><strong>et</strong></span> <span class='ocrx_word' id='word_1_713' title='bbox 2550 4323 2716 4393; x_wconf 87' lang='lat' dir='ltr'><strong>hujus</strong></span> <span class='ocrx_word' id='word_1_714' title='bbox 2761 4321 3101 4378; x_wconf 82' lang='lat' dir='ltr'><strong>Redoncnsis</strong></span> <span class='ocrx_word' id='word_1_715' title='bbox 3159 4324 3343 4379; x_wconf 90' lang='lat' dir='ltr'><strong>socius</strong></span> 
     </span>
    </p>
   </div>
   <div class='ocr_carea' id='block_1_99' title="bbox 1687 4413 3342 4487">
    <p class='ocr_par' dir='ltr' id='par_1_99' title="bbox 1687 4413 3342 4487">
     <span class='ocr_line' id='line_1_99' title="bbox 1687 4413 3342 4487; baseline -0.002 -14"><span class='ocrx_word' id='word_1_716' title='bbox 1687 4416 1734 4475; x_wconf 88' lang='lat' dir='ltr'><strong>D</strong></span> <span class='ocrx_word' id='word_1_717' title='bbox 1758 4431 1928 4487; x_wconf 89' lang='lat' dir='ltr'><strong>eques</strong></span> <span class='ocrx_word' id='word_1_718' title='bbox 1972 4415 2244 4486; x_wconf 88' lang='lat' dir='ltr'><strong>dejectum</strong></span> <span class='ocrx_word' id='word_1_719' title='bbox 2289 4416 2442 4470; x_wconf 90' lang='lat' dir='ltr'><strong>illum</strong></span> <span class='ocrx_word' id='word_1_720' title='bbox 2481 4416 2706 4471; x_wconf 89' lang='lat' dir='ltr'><strong>vulnere</strong></span> <span class='ocrx_word' id='word_1_721' title='bbox 2731 4413 3000 4481; x_wconf 84' lang='lat' dir='ltr'><strong>confodit;</strong></span> <span class='ocrx_word' id='word_1_722' title='bbox 3041 4413 3135 4485; x_wconf 91' lang='lat' dir='ltr'><strong>qui</strong></span> <span class='ocrx_word' id='word_1_723' title='bbox 3161 4429 3261 4484; x_wconf 93' lang='lat' dir='ltr'><strong>pro</strong></span> <span class='ocrx_word' id='word_1_724' title='bbox 3280 4430 3342 4469; x_wconf 87' lang='lat' dir='ltr'><strong>ea</strong></span> 
     </span>
    </p>
   </div>
   <div class='ocr_carea' id='block_1_100' title="bbox 1758 4504 3342 4576">
    <p class='ocr_par' dir='ltr' id='par_1_100' title="bbox 1758 4504 3342 4576">
     <span class='ocr_line' id='line_1_100' title="bbox 1758 4504 3342 4576; baseline -0.002 -15"><span class='ocrx_word' id='word_1_725' title='bbox 1758 4506 2059 4576; x_wconf 81' lang='lat' dir='ltr'><strong>dejectione</strong></span> <span class='ocrx_word' id='word_1_726' title='bbox 2086 4514 2141 4561; x_wconf 89' lang='lat' dir='ltr'><strong>et</strong></span> <span class='ocrx_word' id='word_1_727' title='bbox 2173 4507 2396 4563; x_wconf 91' lang='lat' dir='ltr'><strong>vulnere</strong></span> <span class='ocrx_word' id='word_1_728' title='bbox 2428 4508 2483 4562; x_wconf 91' lang='lat' dir='ltr'><strong>in</strong></span> <span class='ocrx_word' id='word_1_729' title='bbox 2517 4515 2749 4561; x_wconf 87' lang='lat' dir='ltr'><strong>mortem</strong></span> <span class='ocrx_word' id='word_1_730' title='bbox 2781 4505 3054 4562; x_wconf 86' lang='lat' dir='ltr'><strong>occubuit.</strong></span> <span class='ocrx_word' id='word_1_731' title='bbox 3100 4504 3213 4561; x_wconf 86' lang='lat' dir='ltr'><strong>Nos</strong></span> <span class='ocrx_word' id='word_1_732' title='bbox 3241 4505 3342 4576; x_wconf 87' lang='lat' dir='ltr'><strong>igi-</strong></span> 
     </span>
    </p>
   </div>
   <div class='ocr_carea' id='block_1_101' title="bbox 1760 4596 3342 4669">
    <p class='ocr_par' dir='ltr' id='par_1_101' title="bbox 1760 4596 3342 4669">
     <span class='ocr_line' id='line_1_101' title="bbox 1760 4596 3342 4669; baseline 0 -17"><span class='ocrx_word' id='word_1_733' title='bbox 1760 4598 2160 4653; x_wconf 88' lang='lat' dir='ltr'><strong>turmultorum</strong></span> <span class='ocrx_word' id='word_1_734' title='bbox 2214 4599 2468 4669; x_wconf 89' lang='lat' dir='ltr'><strong>precibus</strong></span> <span class='ocrx_word' id='word_1_735' title='bbox 2523 4598 2788 4665; x_wconf 89' lang='lat' dir='ltr'><strong>inclinati,</strong></span> <span class='ocrx_word' id='word_1_736' title='bbox 2842 4598 3085 4653; x_wconf 91' lang='lat' dir='ltr'><strong>nondum</strong></span> <span class='ocrx_word' id='word_1_737' title='bbox 3130 4596 3342 4668; x_wconf 91' lang='lat' dir='ltr'><strong>deposi-</strong></span> 
     </span>
    </p>
   </div>
   <div class='ocr_carea' id='block_1_102' title="bbox 1758 4688 3342 4761">
    <p class='ocr_par' dir='ltr' id='par_1_102' title="bbox 1758 4688 3342 4761">
     <span class='ocr_line' id='line_1_102' title="bbox 1758 4688 3342 4761; baseline 0.001 -21"><span class='ocrx_word' id='word_1_738' title='bbox 1758 4695 1895 4755; x_wconf 90' lang='lat' dir='ltr'><strong>tum,</strong></span> <span class='ocrx_word' id='word_1_739' title='bbox 1926 4689 2019 4744; x_wconf 90' lang='lat' dir='ltr'><strong>sed</strong></span> <span class='ocrx_word' id='word_1_740' title='bbox 2048 4688 2267 4744; x_wconf 86' lang='lat' dir='ltr'><strong>interim</strong></span> <span class='ocrx_word' id='word_1_741' title='bbox 2310 4706 2661 4761; x_wconf 90' lang='lat' dir='ltr'><strong>suspensum,</strong></span> <span class='ocrx_word' id='word_1_742' title='bbox 2691 4690 2820 4760; x_wconf 88' lang='lat' dir='ltr'><strong>quia</strong></span> <span class='ocrx_word' id='word_1_743' title='bbox 2872 4704 2987 4743; x_wconf 85' lang='lat' dir='ltr'><strong>sua</strong></span> <span class='ocrx_word' id='word_1_744' title='bbox 3023 4688 3173 4744; x_wconf 92' lang='lat' dir='ltr'><strong>utilis</strong></span> <span class='ocrx_word' id='word_1_745' title='bbox 3222 4698 3342 4743; x_wconf 90' lang='lat' dir='ltr'><strong>erat</strong></span> 
     </span>
    </p>
   </div>
   <div class='ocr_carea' id='block_1_103' title="bbox 1753 4778 3343 4850">
    <p class='ocr_par' dir='ltr' id='par_1_103' title="bbox 1753 4778 3343 4850">
     <span class='ocr_line' id='line_1_103' title="bbox 1753 4778 3343 4850; baseline 0.001 -18"><span class='ocrx_word' id='word_1_746' title='bbox 1753 4778 2032 4845; x_wconf 83' lang='lat' dir='ltr'><strong>acclesia,</strong></span> <span class='ocrx_word' id='word_1_747' title='bbox 2055 4790 2250 4836; x_wconf 87' lang='lat' dir='ltr'><strong>vestra</strong></span> <span class='ocrx_word' id='word_1_748' title='bbox 2286 4781 2677 4836; x_wconf 85' lang='lat' dir='ltr'><strong>misericordia</strong></span> <span class='ocrx_word' id='word_1_749' title='bbox 2696 4778 3133 4850; x_wconf 86' lang='lat' dir='ltr'><strong>prasentandum</strong></span> <span class='ocrx_word' id='word_1_750' title='bbox 3178 4778 3343 4849; x_wconf 81' lang='lat' dir='ltr'><strong>etju-</strong></span> 
     </span>
    </p>
   </div>
   <div class='ocr_carea' id='block_1_104' title="bbox 1753 4869 3339 4942">
    <p class='ocr_par' dir='ltr' id='par_1_104' title="bbox 1753 4869 3339 4942">
     <span class='ocr_line' id='line_1_104' title="bbox 1753 4869 3339 4942; baseline 0.002 -19"><span class='ocrx_word' id='word_1_751' title='bbox 1753 4869 2048 4925; x_wconf 88' lang='lat' dir='ltr'><strong>dicandum</strong></span> <span class='ocrx_word' id='word_1_752' title='bbox 2097 4872 2437 4942; x_wconf 89' lang='lat' dir='ltr'><strong>reliquimus.</strong></span> <span class='ocrx_word' id='word_1_753' title='bbox 2470 4870 2807 4925; x_wconf 87' lang='lat' dir='ltr'><strong>Turonensis</strong></span> <span class='ocrx_word' id='word_1_754' title='bbox 2835 4885 2965 4924; x_wconf 83' lang='lat' dir='ltr'><strong>vero</strong></span> <span class='ocrx_word' id='word_1_755' title='bbox 3014 4870 3339 4940; x_wconf 85' lang='lat' dir='ltr'><strong>comproba-</strong></span> 
     </span>
    </p>
   </div>
   <div class='ocr_carea' id='block_1_105' title="bbox 1756 4960 3336 5032">
    <p class='ocr_par' dir='ltr' id='par_1_105' title="bbox 1756 4960 3336 5032">
     <span class='ocr_line' id='line_1_105' title="bbox 1756 4960 3336 5032; baseline 0.001 -17"><span class='ocrx_word' id='word_1_756' title='bbox 1756 4968 1846 5018; x_wconf 88' lang='lat' dir='ltr'><strong>tus</strong></span> <span class='ocrx_word' id='word_1_757' title='bbox 1867 4970 1954 5018; x_wconf 89' lang='lat' dir='ltr'><strong>est</strong></span> <span class='ocrx_word' id='word_1_758' title='bbox 1982 4972 2108 5017; x_wconf 91' lang='lat' dir='ltr'><strong>ante</strong></span> <span class='ocrx_word' id='word_1_759' title='bbox 2156 4963 2529 5032; x_wconf 90' lang='lat' dir='ltr'><strong>episcopatum</strong></span> <span class='ocrx_word' id='word_1_760' title='bbox 2588 4960 2871 5016; x_wconf 89' lang='lat' dir='ltr'><strong>decaniam</strong></span> <span class='ocrx_word' id='word_1_761' title='bbox 2920 4960 3139 5028; x_wconf 86' lang='lat' dir='ltr'><strong>emisse,</strong></span> <span class='ocrx_word' id='word_1_762' title='bbox 3170 4977 3336 5031; x_wconf 88' lang='lat' dir='ltr'><strong>quam</strong></span> 
     </span>
    </p>
   </div>
   <div class='ocr_carea' id='block_1_106' title="bbox 1754 5050 3335 5123">
    <p class='ocr_par' dir='ltr' id='par_1_106' title="bbox 1754 5050 3335 5123">
     <span class='ocr_line' id='line_1_106' title="bbox 1754 5050 3335 5123; baseline -0.001 -16"><span class='ocrx_word' id='word_1_763' title='bbox 1754 5068 1822 5107; x_wconf 87' lang='lat' dir='ltr'><strong>ex</strong></span> <span class='ocrx_word' id='word_1_764' title='bbox 1850 5054 2245 5109; x_wconf 87' lang='lat' dir='ltr'><strong>consuetudine</strong></span> <span class='ocrx_word' id='word_1_765' title='bbox 2269 5054 2389 5123; x_wconf 89' lang='lat' dir='ltr'><strong>ejus</strong></span> <span class='ocrx_word' id='word_1_766' title='bbox 2435 5052 2697 5117; x_wconf 84' lang='lat' dir='ltr'><strong>ecclesia,</strong></span> <span class='ocrx_word' id='word_1_767' title='bbox 2726 5051 2829 5106; x_wconf 90' lang='lat' dir='ltr'><strong>nisi</strong></span> <span class='ocrx_word' id='word_1_768' title='bbox 2865 5051 2958 5121; x_wconf 93' lang='lat' dir='ltr'><strong>qui</strong></span> <span class='ocrx_word' id='word_1_769' title='bbox 2991 5050 3107 5122; x_wconf 94' lang='lat' dir='ltr'><strong>jam</strong></span> <span class='ocrx_word' id='word_1_770' title='bbox 3149 5068 3335 5108; x_wconf 89' lang='lat' dir='ltr'><strong>sacer-</strong></span> 
     </span>
    </p>
   </div>
   <div class='ocr_carea' id='block_1_107' title="bbox 1754 5143 3336 5215">
    <p class='ocr_par' dir='ltr' id='par_1_107' title="bbox 1754 5143 3336 5215">
     <span class='ocr_line' id='line_1_107' title="bbox 1754 5143 3336 5215; baseline -0.001 -16"><span class='ocrx_word' id='word_1_771' title='bbox 1754 5144 1856 5200; x_wconf 87' lang='lat' dir='ltr'><strong>dos</strong></span> <span class='ocrx_word' id='word_1_772' title='bbox 1879 5144 2074 5200; x_wconf 87' lang='lat' dir='ltr'><strong>fuisset</strong></span> <span class='ocrx_word' id='word_1_773' title='bbox 2114 5146 2199 5202; x_wconf 92' lang='lat' dir='ltr'><strong>vel</strong></span> <span class='ocrx_word' id='word_1_774' title='bbox 2232 5144 2347 5215; x_wconf 86' lang='lat' dir='ltr'><strong>jam</strong></span> <span class='ocrx_word' id='word_1_775' title='bbox 2380 5143 2599 5199; x_wconf 84' lang='lat' dir='ltr'><strong>futurus</strong></span> <span class='ocrx_word' id='word_1_776' title='bbox 2632 5143 2888 5198; x_wconf 88' lang='lat' dir='ltr'><strong>sacerdos</strong></span> <span class='ocrx_word' id='word_1_777' title='bbox 2939 5151 3105 5209; x_wconf 88' lang='lat' dir='ltr'><strong>esset,</strong></span> <span class='ocrx_word' id='word_1_778' title='bbox 3136 5143 3336 5197; x_wconf 86' lang='lat' dir='ltr'><strong>habere</strong></span> 
     </span>
    </p>
   </div>
   <div class='ocr_carea' id='block_1_108' title="bbox 1756 5236 3360 5325">
    <p class='ocr_par' dir='ltr' id='par_1_108' title="bbox 1756 5236 3360 5325">
     <span class='ocr_line' id='line_1_108' title="bbox 1756 5236 3360 5325; baseline -0.001 -34"><span class='ocrx_word' id='word_1_779' title='bbox 1756 5252 1863 5292; x_wconf 92' lang='lat' dir='ltr'><strong>non</strong></span> <span class='ocrx_word' id='word_1_780' title='bbox 1887 5248 2091 5309; x_wconf 92' lang='lat' dir='ltr'><strong>posset.</strong></span> <span class='ocrx_word' id='word_1_781' title='bbox 2120 5238 2219 5294; x_wconf 86' lang='lat' dir='ltr'><strong>Hic</strong></span> <span class='ocrx_word' id='word_1_782' title='bbox 2245 5239 2410 5310; x_wconf 88' lang='lat' dir='ltr'><strong>igitur</strong></span> <span class='ocrx_word' id='word_1_783' title='bbox 2440 5236 2777 5292; x_wconf 86' lang='lat' dir='ltr'><strong>Turonensis</strong></span> <span class='ocrx_word' id='word_1_784' title='bbox 2805 5238 2953 5293; x_wconf 82' lang='lat' dir='ltr'><strong>nullo</strong></span> <span class='ocrx_word' id='word_1_785' title='bbox 2984 5236 3148 5292; x_wconf 88' lang='lat' dir='ltr'><strong>modo</strong></span> <span class='ocrx_word' id='word_1_786' title='bbox 3169 5250 3308 5291; x_wconf 91' lang='lat' dir='ltr'><strong>cano</strong></span> <span class='ocrx_word' id='word_1_787' title='bbox 3354 5304 3360 5325; x_wconf 42' lang='lat'><strong>‘</strong></span> 
     </span>
    </p>
   </div>
   <div class='ocr_carea' id='block_1_109' title="bbox 1594 5365 1820 5426">
    <p class='ocr_par' dir='ltr' id='par_1_109' title="bbox 1594 5365 1820 5426">
     <span class='ocr_line' id='line_1_109' title="bbox 1594 5365 1820 5426; baseline 0.027 -6"><span class='ocrx_word' id='word_1_788' title='bbox 1594 5365 1820 5426; x_wconf 68' lang='lat' dir='ltr'><strong>NOTAE.</strong></span> 
     </span>
    </p>
   </div>
   <div class='ocr_carea' id='block_1_110' title="bbox 190 5460 1638 5546">
    <p class='ocr_par' dir='ltr' id='par_1_110' title="bbox 190 5460 1638 5546">
     <span class='ocr_line' id='line_1_110' title="bbox 190 5460 1638 5546; baseline 0.01 -26"><span class='ocrx_word' id='word_1_789' title='bbox 190 5460 309 5546; x_wconf 64' lang='grc'><strong>[[45)</strong></span> <span class='ocrx_word' id='word_1_790' title='bbox 325 5468 448 5546; x_wconf 76' lang='lat' dir='ltr'><strong>Data</strong></span> <span class='ocrx_word' id='word_1_791' title='bbox 465 5474 761 5533; x_wconf 88' lang='lat' dir='ltr'><strong>Bibianello</strong></span> <span class='ocrx_word' id='word_1_792' title='bbox 796 5494 849 5531; x_wconf 69' lang='grc' dir='ltr'><strong>Χ.</strong></span> <span class='ocrx_word' id='word_1_793' title='bbox 883 5476 1001 5531; x_wconf 81' lang='lat' dir='ltr'><strong>Kal.</strong></span> <span class='ocrx_word' id='word_1_794' title='bbox 1032 5475 1227 5546; x_wconf 85' lang='lat' dir='ltr'><strong>April.,</strong></span> <span class='ocrx_word' id='word_1_795' title='bbox 1265 5476 1389 5546; x_wconf 67' lang='lat' dir='ltr'><strong>ind.</strong></span> <span class='ocrx_word' id='word_1_796' title='bbox 1416 5477 1502 5543; x_wconf 79' lang='grc'><strong>15,</strong></span> <span class='ocrx_word' id='word_1_797' title='bbox 1527 5478 1563 5533; x_wconf 91' lang='lat' dir='ltr'><strong>i.</strong></span> <span class='ocrx_word' id='word_1_798' title='bbox 1588 5494 1638 5535; x_wconf 89' lang='lat' dir='ltr'><strong>e.</strong></span> 
     </span>
    </p>
   </div>
   <div class='ocr_carea' id='block_1_111' title="bbox 136 5526 1640 5613">
    <p class='ocr_par' dir='ltr' id='par_1_111' title="bbox 136 5526 1640 5613">
     <span class='ocr_line' id='line_1_111' title="bbox 136 5526 1640 5613; baseline 0.018 -36"><span class='ocrx_word' id='word_1_799' title='bbox 136 5526 253 5613; x_wconf 66' lang='lat' dir='ltr'><strong>nm.</strong></span> <span class='ocrx_word' id='word_1_800' title='bbox 276 5526 1001 5613; x_wconf 53' lang='grc' dir='ltr'><strong>11ρεὶὲῖτῖ’Νῖῖόῖνῖίὶᾶἷιῖ</strong></span> <span class='ocrx_word' id='word_1_801' title='bbox 1014 5526 1280 5613; x_wconf 52' lang='lat' dir='ltr'><strong>degens</strong></span> <span class='ocrx_word' id='word_1_802' title='bbox 1288 5526 1640 5603; x_wconf 53' lang='lat' dir='ltr'><strong>&quot;vnisse;</strong></span> 
     </span>
    </p>
   </div>
   <div class='ocr_carea' id='block_1_112' title="bbox 133 5596 1639 5688">
    <p class='ocr_par' dir='ltr' id='par_1_112' title="bbox 133 5596 1639 5688">
     <span class='ocr_line' id='line_1_112' title="bbox 133 5596 1639 5688; baseline 0.006 -24"><span class='ocrx_word' id='word_1_803' title='bbox 133 5596 537 5688; x_wconf 36' lang='lat' dir='ltr'><strong>ﬁgenda-{die</strong></span> <span class='ocrx_word' id='word_1_804' title='bbox 553 5596 1290 5688; x_wconf 41' lang='lat' dir='ltr'><strong>95.2.15;&quot;abstrusam.</strong></span> <span class='ocrx_word' id='word_1_805' title='bbox 1323 5596 1639 5673; x_wconf 58' lang='lat' dir='ltr'><strong>&#39;a&#39;a‘caao&#39;a-</strong></span> 
     </span>
    </p>
   </div>
   <div class='ocr_carea' id='block_1_113' title="bbox 134 5672 609 5742">
    <p class='ocr_par' dir='ltr' id='par_1_113' title="bbox 134 5672 609 5742">
     <span class='ocr_line' id='line_1_113' title="bbox 134 5672 609 5742; baseline 0.051 -24"><span class='ocrx_word' id='word_1_806' title='bbox 134 5679 204 5723; x_wconf 78' lang='lat' dir='ltr'><strong>eos</strong></span> <span class='ocrx_word' id='word_1_807' title='bbox 220 5672 516 5742; x_wconf 76' lang='lat' dir='ltr'><strong>Anicienses.</strong></span> <span class='ocrx_word' id='word_1_808' title='bbox 549 5687 609 5742; x_wconf 84' lang='lat' dir='ltr'><strong>K.</strong></span> 
     </span>
    </p>
   </div>
   <div class='ocr_carea' id='block_1_114' title="bbox 1823 5484 3326 5557">
    <p class='ocr_par' dir='ltr' id='par_1_114' title="bbox 1823 5484 3326 5557">
     <span class='ocr_line' id='line_1_114' title="bbox 1823 5484 3326 5557; baseline 0.001 -20"><span class='ocrx_word' id='word_1_809' title='bbox 1823 5485 1970 5555; x_wconf 68' lang='grc'>(146)</span> <span class='ocrx_word' id='word_1_810' title='bbox 1996 5503 2127 5540; x_wconf 79' lang='lat' dir='ltr'><strong>xvm</strong></span> <span class='ocrx_word' id='word_1_811' title='bbox 2156 5485 2277 5557; x_wconf 4' lang='lat' dir='ltr'><strong>(Kal.</strong></span> <span class='ocrx_word' id='word_1_812' title='bbox 2304 5484 2461 5557; x_wconf 84' lang='lat' dir='ltr'><strong>Febr.</strong></span> <span class='ocrx_word' id='word_1_813' title='bbox 2491 5503 2554 5541; x_wconf 84' lang='lat' dir='ltr'><strong>ex</strong></span> <span class='ocrx_word' id='word_1_814' title='bbox 2586 5488 2814 5557; x_wconf 88' lang='lat' dir='ltr'><strong>epistola</strong></span> <span class='ocrx_word' id='word_1_815' title='bbox 2838 5486 3082 5556; x_wconf 77' lang='lat' dir='ltr'><strong>Hugonis</strong></span> <span class='ocrx_word' id='word_1_816' title='bbox 3107 5484 3326 5557; x_wconf 81' lang='lat' dir='ltr'><strong>Diensis</strong></span> 
     </span>
    </p>
   </div>
   <div class='ocr_carea' id='block_1_115' title="bbox 1749 5555 3324 5678">
    <p class='ocr_par' dir='ltr' id='par_1_115' title="bbox 1749 5555 3324 5678">
     <span class='ocr_line' id='line_1_115' title="bbox 1749 5555 3324 5678; baseline -0.001 -68"><span class='ocrx_word' id='word_1_817' title='bbox 1749 5556 1850 5678; x_wconf 52' lang='grc' dir='ltr'><strong>εἶὲὃ</strong></span> <span class='ocrx_word' id='word_1_818' title='bbox 1871 5571 2090 5677; x_wconf 48' lang='lat' dir='ltr'><strong>papam,</strong></span> <span class='ocrx_word' id='word_1_819' title='bbox 2148 5556 2319 5613; x_wconf 87' lang='lat' dir='ltr'><strong>Mansi</strong></span> <span class='ocrx_word' id='word_1_820' title='bbox 2362 5556 2478 5623; x_wconf 73' lang='lat' dir='ltr'><strong>XX,</strong></span> <span class='ocrx_word' id='word_1_821' title='bbox 2520 5555 2643 5613; x_wconf 70' lang='grc' dir='ltr'><strong>49οζ</strong></span> <span class='ocrx_word' id='word_1_822' title='bbox 2685 5555 2942 5613; x_wconf 80' lang='lat' dir='ltr'><strong>Canones</strong></span> <span class='ocrx_word' id='word_1_823' title='bbox 2967 5557 3086 5613; x_wconf 85' lang='lat' dir='ltr'><strong>vide</strong></span> <span class='ocrx_word' id='word_1_824' title='bbox 3126 5555 3324 5610; x_wconf 77' lang='lat' dir='ltr'><strong>ibidem</strong></span> 
     </span>
    </p>
   </div>
  </div>
