3878 6310
426 273 532 328 '23?

1427 272 1724 330 l-iUGO‘NlS
1756 269 2048 326 ABBATIS
2085 267 2648 329 FLAVlNlACENSlS

3588 275 3690 332 288

430 389 555 442 niec
598 388 825 454 electus,
877 403 985 442 non
1041 387 1217 457 potuit
1254 387 1497 458 optinere
1543 402 1576 440 a
1634 400 1758 455 rege
1806 385 2011 439 donum
2038 386 2089 444 Α
2117 382 2316 439 minosi
2373 400 2406 439 a
2455 386 2613 442 nobis
2665 388 2914 457 suspensi
2967 387 3051 444 vel
3091 387 3351 459 depositi,
3399 402 3494 442 aut
3522 389 3687 443 etiam

429 481 801 548 episcopatus,
867 495 1042 548 usque
1086 478 1214 533 dum
1269 492 1436 546 nepos
1486 475 1649 545 hujus
1706 475 1877 545 ipsius
1913 489 2008 543 per

432 585 689 625 nummos
720 568 998 640 prtefatam
1028 569 1309 623 deeaniam
1344 566 1506 622 fuerit
1531 567 1777 636 adeptus.
1811 564 1885 620 De
1909 563 2008 636 Sy-

435 661 620 715 monia
648 662 810 714 etiam
834 661 989 714 aliter
1011 667 1300 714 accusatus
1314 669 1415 724 est,
1446 658 1575 729 quia
1603 658 1819 713 cuidam
1865 658 2008 712 mili-

436 751 477 804 ti
498 750 688 804 silvam
717 748 1050 818 promiserit,
1082 747 1128 802 si
1173 761 1273 816 pro
1315 748 1630 817 episcopatu
1670 762 1795 802 cum
1830 746 2007 817 juvis-

434 846 538 893 set.
573 836 728 903 Quod
765 853 890 891 cum
929 847 1117 906 postea
1161 833 1317 892 miles
1355 837 1456 907 ipsi
1491 837 1874 907 improbasset,
1904 837 2012 891 An-

437 927 756 998 degavensis
797 927 1081 996 episcopus
1127 928 1302 994 alluit,
1354 927 1449 998 qui
1510 927 1669 984 nobis
1713 943 1783 984 ex
1819 931 2009 987 eodem

437 1019 582 1071 clara
606 1032 734 1071 voce
767 1018 1137 1073 testimonium
1165 1020 1460 1090 perhibuit.
1486 1019 1733 1092 Longum
1767 1032 1868 1090 est,
1914 1039 2010 1094 pa-

439 1116 538 1173 ter,
568 1122 886 1160 enumerare
913 1107 1103 1162 turbas
1127 1116 1182 1161 et
1203 1109 1513 1176 conﬂictus,
1557 1125 1697 1179 quos
1732 1120 1789 1166 et
1836 1127 2010 1182 quan—

437 1204 539 1260 tas,
575 1195 924 1263 quomodo‘et
952 1197 1046 1250 ubi
1073 1197 1162 1251 hic
1187 1196 1525 1254 Turonensis
1553 1199 1710 1255 nobis
1737 1199 2007 1256 intulerit:

433 1282 726 1352 aliquando
768 1300 868 1355 pro
903 1285 1246 1353 Redonense,
1293 1302 1590 1358 numquam
1642 1290 2012 1348 ratiocinando

443 1373 536 1427 sed
562 1390 777 1444 semper
799 1376 1107 1446 garriendo,
1133 1377 1427 1446 aliquando
1441 1396 1541 1450 pro
1563 1397 1623 1436 se
1665 1382 2010 1438 inelamitan-

432 1461 525 1527 do,
551 1479 675 1517 cum
700 1466 849 1519 omni
875 1482 1102 1521 suorum
1127 1469 1444 1540 garrulitate
1477 1481 1532 1528 et
1560 1473 1860 1542 impudenti
1909 1491 2009 1532 au-

433 1551 586 1606 dacia
621 1553 966 1609 clericorum.
1002 1555 1138 1611 Nam
1173 1559 1304 1614 dum
1339 1559 1502 1614 etiam
1543 1563 2013 1637 archiepiscopum

434 1642 852 1713 Lugdunensem
881 1663 1018 1716 pene
1065 1649 1403 1706 inﬁceterent
1431 1652 1498 1707 ad
1525 1653 1809 1709 tuitionem
1832 1672 2010 1725 suam,

433 1733 509 1787 ita
547 1743 606 1788 ut
641 1751 740 1805 pro
765 1737 844 1793 eis
873 1748 1055 1795 oraret
1077 1741 1160 1796 vel
1200 1743 1608 1814 obloqueretur,
1663 1745 1872 1803 foribus
1917 1763 2010 1804 ec-

434 1827 615 1882 clesiae
637 1827 872 1886 effractis
900 1832 1198 1889 servientes
1242 1850 1433 1890 eorum
1475 1836 1760 1893 securibus
1802 1846 2014 1896 armata

437 1934 604 1972 manu
639 1920 996 1991 introeuntes,
1024 1926 1098 1980 ita
1120 1927 1412 1982 concilium
1443 1944 1643 2000 magno
1665 1931 1900 1986 tumultu
1920 1947 2013 1987 ex-

433 2012 809 2080 turbaverunt,
833 2017 979 2086 quod
1009 2016 1232 2072 fratrem
1265 2017 1328 2073 Τ.
1357 2019 1412 2074 in
1452 2031 1684 2076 mortem
1713 2021 2012 2090 dedissent,

433 2102 543 2157 nisi
576 2103 837 2161 Dominus
860 2115 920 2161 ut
942 2117 1098 2164 scuto
1128 2109 1287 2166 bona:
1311 2112 1606 2168 voluntatis
1631 2128 2014 2170 sumcoronas-

434 2203 684 2249 seteum.
724 2195 800 2251 lta
837 2199 994 2254 nobis
1018 2216 1143 2254 cum
1165 2202 1438 2271 paucitate
1460 2219 1526 2259 an
1564 2205 1826 2260 dedecore
1883 2206 2014 2260 reli-

433 2285 560 2352 etis,
585 2285 921 2345 Turonensis
969 2299 1023 2345 et
1063 2291 1388 2363 suﬁ'raganci
1434 2294 1552 2365 ejus
1599 2311 1724 2350 cum
1781 2297 2015 2366 superbo

433 2377 670 2431 tumultu
721 2378 1030 2436 inordinate
1081 2391 1136 2436 et
1182 2400 1291 2438 non
1339 2386 1600 2441 canonice
1647 2399 2010 2445 recesserunt.

432 2467 618 2524 Altera
670 2470 758 2525 die
797 2471 853 2525 in
899 2473 1147 2529 meclesia
1193 2475 1338 2530 beati
1401 2475 1636 2548 Hylarrii
1692 2480 1829 2534 inito
1877 2496 2014 2537 con-

432 2559 600 2627 eilio,
655 2563 804 2617 nulla
855 2564 1014 2621 nobis
1069 2567 1342 2636 promissa
1392 2569 1478 2623 vel
1529 2571 1810 2640 praemissa
1861 2573 2016 2628 satis-

431 2648 669 2708 factione
717 2654 784 2710 de
820 2655 1052 2725 injuria,
1109 2657 1304 2713 iterum
1358 2657 1527 2716 draco
1582 2661 1671 2717 ille
1723 2662 2015 2736 insurgens

432 2753 695 2815 tanquam
725 2747 809 2801 lco
833 2749 1054 2819 rugiens
1081 2765 1190 2806 non
1229 2751 1405 2822 potuit
1433 2753 1608 2808 audiri
1642 2753 1879 2820 diutius;
1921 2756 2015 2810 sed

430 2846 718 2893 exerentes
751 2839 990 2910 gladium
1026 2841 1284 2911 spiritus,
1317 2843 1463 2914 quod
1491 2854 1574 2899 est
1615 2845 1841 2900 verbum
1884 2844 2014 2912 Dei,

434 2929 808 2996 percussimus
832 2931 951 3000 ejus
979 2933 1290 3001 superbiam
1307 2975 1323 3000 ,
1346 2942 1400 2988 et
1424 2934 1642 2990 decreto
1663 2936 1828 3006 hujus
1851 2952 2017 3008 nego-

2109 472 2408 544 dampnati,
2433 477 2661 533 libenter
2683 489 2912 535 currunt
2941 478 3205 546 Romam;
3230 489 3284 536 et
3309 480 3402 535 ubi
3433 477 3691 534 deberent
3754 500 3756 503 ·

2109 563 2666 635 sentirc'ampliorem
2712 568 2946 638 rigorem
2978 570 3237 639 justitize,
3261 570 3387 625 inde
3414 578 3690 638 reportant

2109 657 2266 724 quasi
2291 657 2720 714 misericordiam
2747 675 2847 730 pro
2869 662 3177 728 voluntate;
3208 669 3262 716 et
3291 661 3386 731 qui
3410 669 3573 716 antea
3595 675 3692 715 nec

2110 745 2165 799 in
2188 747 2398 803 levibus
2417 761 2888 822 praesumpserunt
2907 767 3153 822 peccare,
3171 753 3518 822 postmodum
3545 766 3692 806 exer-

2109 847 2233 893 cent
2278 841 2617 908 aptissimam
2662 844 3090 914 negociationem
3137 859 3263 898 cum
3307 843 3596 914 tyrannide
3639 843 3694 896 in

2110 931 2417 987 commissis
2442 932 2543 988 sibi
2568 935 2849 991 mcclesiis.
2878 933 3006 1001 Ora,
3032 931 3378 991 sanctissime
3405 949 3571 1005 papa,
3599 949 3691 1004 pro

2110 1035 2217 1086 me,
2250 1022 2429 1077 inutili
2459 1039 2618 1079 servo
2639 1026 2945 1081 sanctitatis
2979 1035 3191 1082 vestrm.

2183 1105 2318 1178 (Fol.
2346 1109 2448 1161 100
2471 1109 2509 1178 .)
2535 1108 2744 1164 Domno
2766 1109 3024 1180 Gregorio
3043 1125 3258 1165 summo
3276 1108 3545 1180 pontiﬁci,
3559 1109 3695 1178 patri

2111 1206 2166 1253 et
2185 1198 2407 1254 domino
2438 1214 2558 1267 suo,
2582 1199 2652 1254 M.
2683 1200 2829 1272 (147)
2858 1200 2953 1256 Dei
2977 1202 3150 1272 gratia
3183 1203 3481 1256 Remorum
3506 1201 3691 1256 archi-

2111 1288 2431 1359 episcopus,
2478 1289 2690 1345 ﬁdelem
2728 1291 3003 1350 servitutis
3049 1301 3104 1346 et
3145 1292 3467 1348 obedientize
3509 1291 3692 1360 subje-

2112 1379 2345 1434 ctionem
2386 1390 2443 1434 et
2474 1380 2738 1437 orationis
2777 1381 3140 1438 devotionem.
3187 1381 3410 1448 Vestro,
3441 1381 3692 1446 domine,

2113 1468 2420 1526 interventu
2445 1479 2500 1527 et
2531 1470 2908 1528 obsecratione
2940 1473 3146 1528 reddidi
3176 1472 3410 1528 dominae
3440 1471 3512 1526 Μ.
3550 1487 3692 1526 mar-

2113 1562 2281 1619 chisae
2303 1563 2488 1619 omnia
2532 1579 2655 1634 quae
2681 1565 2748 1620 de
2789 1580 2875 1620 me
2917 1581 3050 1620 suus
3079 1575 3392 1620 antecessor
3421 1563 3623 1626 tenuit,
3644 1574 3696 1616 et

2115 1654 2182 1710 ad
2205 1653 2539 1711 defendenda
2569 1656 2756 1712 eadem
2789 1658 3081 1712 consilium
3122 1673 3305 1712 meum
3334 1665 3390 1710 et
3423 1655 3692 1710 auxilium

2114 1763 2179 1802 ac
2205 1757 2455 1818 receptus
2484 1763 2635 1804 meos
2662 1749 2922 1819 promitto
2953 1747 3178 1802 ﬁdeliter
3203 1758 3255 1802 et
3277 1746 3529 1817 promisi,
3557 1757 3611 1812 et
3631 1745 3693 1799 de

2113 1840 2418 1910 rejiciendo.
2439 1839 2504 1896 G.
2531 1851 2586 1895 et
2615 1840 2924 1910 recipiendo
2958 1841 3156 1896 comite
3187 1838 3252 1892 A.
3285 1837 3558 1908 quidquid
3580 1837 3693 1906 ipsa

2113 1933 2403 2002 quaesierat
2432 1941 2654 2004 paratus
2693 1948 2813 1987 sum
2839 1931 3052 2002 exequi.
3080 1930 3163 1984 Ad
3197 1945 3318 2001 qua:
3347 1929 3535 1983 omnia
3563 1943 3691 1982 eon-

2113 2022 2381 2078 ﬁrmanda
2429 2023 2622 2079 diebus
2663 2022 2836 2079 sacris
2871 2030 3206 2093 pentecostes
3248 2036 3375 2076 cum
3419 2018 3695 2076 confratre

2113 2124 2300 2170 nostra
2348 2113 2492 2170 ﬁdeli
2534 2123 2717 2169 vestro
2749 2112 2813 2168 T.
2864 2113 3012 2184 (MS)
3057 2109 3389 2166 Virdunensi
3432 2109 3694 2180 episeopo

2113 2223 2228 2263 sua:
2253 2208 2459 2264 civitati
2489 2205 2732 2273 interfui,
2764 2204 2967 2260 relictis
3011 2218 3180 2260 causa
3208 2200 3556 2257 necessitatis
3589 2213 3694 2254 sua:

2115 2299 2170 2354 iu
2197 2307 2548 2354 sacrosancto
2588 2307 2834 2367 tempore
2873 2296 3010 2351 meis
3054 2294 3310 2349 omnibus
3341 2290 3689 2348 necessariis.

2117 2389 2222 2445 Sed
2252 2405 2360 2461 ego-
2376 2389 2548 2446 ﬁdelis
2567 2398 2748 2445 vester
2772 2398 2827 2443 et
2853 2403 2948 2458 per
2971 2386 3156 2442 omnia
3178 2383 3422 2440 ecclesia:
3446 2382 3578 2453 jura
3604 2397 3694 2436 vo-

2115 2480 2198 2536 bis
2225 2481 2446 2537 obedire
2474 2490 2716 2551 paratus,
2735 2489 2977 2534 vestrum
3002 2478 3069 2534 de
3088 2474 3504 2546 archiepiscopo
3529 2471 3693 2526 Vien»

2114 2572 2272 2628 nensi
2296 2571 2358 2627 G.
2385 2573 2533 2643 (M9)
2564 2586 2908 2641 summOpere
2932 2568 3151 2640 requiro
3181 2565 3479 2623 consilium
3500 2574 3558 2620 et
3592 2563 3692 2618 im-

2115 2664 2270 2734 ploro
2295 2663 2585 2733 judicium,
2611 2662 2782 2733 quiin
2807 2661 3236 2731 arciepiseopatu
3260 2672 3384 2713 meo
3425 2654 3691 2726 presbite-

2116 2770 2208 2810 ros
2233 2754 2546 2825 degradavit
2567 2763 2620 2810 et
2640 2753 2860 2809 eosdem
2881 2753 3077 2807 iterum
3101 2748 3409 2823 regradavit
3426 2766 3442 2812 ;
3460 2748 3694 2819 legatum

2115 2861 2176 2901 se
2206 2845 2542 2911 Romanum,
2583 2859 2708 2900 cum
2751 2858 2862 2898 non
2901 2850 3078 2910 esset,
3125 2838 3434 2906 simulavit;
3481 2852 3692 2918 marsu:

2116 2937 2266 3007 pium
2289 2952 2451 2993 suum
2491 2950 2602 2991 non
2630 2935 2732 2990 sub
2757 2933 3116 3004 appellatione
3142 2930 3410 2997 veritatis,
3440 2928 3538 2984 sed
3576 2928 3692 2983 imi-

435 3019 506 3072 eii
531 3022 743 3088 prolato
787 3022 1178 3091 suspendimus
1233 3039 1359 3078 cum
1407 3025 1572 3079 etiam
1616 3041 1647 3080 a
1691 3027 2013 3082 sacerdotali
2044 3044 2087 3104 ρ
2117 3035 2263 3083 tatus
2306 3043 2402 3083 eos
2436 3027 2554 3098 qui,
2598 3034 2659 3081 ut
2683 3025 2760 3080 ait
2791 3024 3104 3095 Apostolus,
3137 3031 3392 3093 questum
3439 3019 3692 3075 estimant

436 3110 631 3165 ofﬁcio.
666 3111 731 3166 Et
768 3113 895 3182 quia
931 3113 1116 3168 sedem
1165 3116 1522 3184 apostolicam
1565 3117 1888 3188 appellavit,
1922 3119 2018 3174 ubi

437 3217 499 3258 se
520 3213 876 3274 purgaturum
908 3203 1078 3260 fuisse
1108 3206 1175 3261 de
1204 3205 1472 3277 Symonia
1498 3210 1753 3275 asseruit,
1779 3209 1847 3264 ad
1888 3225 2020 3280 apo-

438 3294 688 3350 stolicam
730 3296 915 3351 sedem
960 3311 1086 3350 eum
1128 3297 1465 3362 remisimus,
1506 3307 1561 3354 et
1606 3310 1787 3355 vestro
1810 3300 2019 3370 judicio

441 3384 820 3454 deponendum
855 3385 1238 3456 relinquimus.
1270 3385 1454 3442 Abbas
1473 3386 1758 3458 Bergensis
1778 3388 2021 3444 ecclesia:

438 3477 507 3532 de
549 3475 800 3531 Flandria
846 3476 1018 3532 fuisse
1051 3476 1398 3532 Simoniacus
1425 3479 1808 3549 comprobatus
1829 3489 1942 3546 est,
1969 3490 2024 3536 et

439 3568 740 3638 depositus.
787 3568 1124 3640 Bysontinus
1164 3569 1606 3641 archiepiscopus
1641 3586 1743 3627 nec
1783 3571 2021 3628 Eduensi

441 3675 542 3714 nec
585 3658 892 3714 Pictavensi
941 3660 1174 3716 concilio
1214 3677 1273 3717 se
1311 3663 1686 3732 praesentavit,
1719 3678 1819 3718 nec
1853 3679 2021 3718 cano-

445 3751 624 3805 nicam
678 3751 829 3806 misit
863 3753 1293 3808 excusationem.
1334 3753 1712 3811 Belvacensem
1747 3756 2023 3826 pulsatum

441 3841 508 3895 de
546 3841 890 3913 Symoniaca,
915 3853 969 3898 et
996 3844 1090 3915 qui
1113 3853 1235 3914 post
1253 3845 1526 3900 decretum
1553 3846 1870 3915 praebendas
1889 3860 2024 3900 ven-

442 3933 659 3999 diderit,
677 3934 1033 4004 judicandum
1066 3937 1217 3991 vobis
1238 3936 1549 3991 remisimus
1570 3955 1584 4004 ;
1605 3936 2024 3992 Noviomcnsem

442 4039 544 4094 pro
579 4039 746 4080 causa
775 4042 874 4081 sua
917 4027 1198 4094 similiter;
1231 4028 1358 4082 item
1392 4028 1814 4084 Ambianensem
1842 4045 2027 4100 perva-

444 4132 624 4171 sorem
651 4157 667 4184 ,
711 4134 836 4172 cum
885 4119 1291 4174 ordinatoribus
1328 4119 1472 4188 suis,
1522 4120 1771 4175 videlicet
1812 4119 2027 4176 Laudu-

443 4223 612 4263 nense
637 4249 652 4275 ,
700 4207 1105 4277 Sucssonense,
1153 4208 1570 4266 Silvaneetense.
1611 4210 1751 4266 Mala
1787 4211 2024 4282 quedam

443 4309 630 4355 nostra
674 4301 838 4355 etiam
882 4301 1140 4356 intestina
1167 4303 1484 4369 reticemus,
1517 4301 1646 4373 quia
1671 4317 1956 4372 personas,
1991 4318 2023 4358 a

2116 3119 2390 3190 pietatem,
2434 3131 2561 3172 cum
2591 3116 2829 3172 tamdem
2856 3116 3154 3186 implesset,
3185 3128 3216 3168 a
3238 3111 3446 3168 diocesi
3487 3125 3608 3165 mea
3629 3109 3692 3164 ad

2118 3225 2275 3266 suam
2296 3208 2470 3263 rediit.
2495 3207 2832 3277 Quapropter
2851 3206 2921 3261 ad
2948 3207 3210 3260 honorem
3234 3203 3330 3258 Dei
3360 3212 3416 3256 et
3442 3200 3694 3256 Romanae

2118 3300 2361 3356 ecclesia:
2375 3297 2689 3369 hujusmodi
2710 3296 3186 3367 prmsumptionem
3198 3304 3251 3348 et
3267 3295 3371 3349 sim
3379 3287 3690 3357 ula‘tionem,

2121 3393 2264 3448 sicut
2303 3392 2488 3456 decet,
2530 3389 2820 3460 corrigite,
2878 3403 2947 3442 ne
2992 3387 3245 3458 deinceps
3290 3388 3586 3458 quisquam
3643 3383 3692 3436 in

2121 3483 2300 3538 alieno
2340 3489 2636 3554 praesumat
2672 3478 2876 3550 aliquid
2929 3478 3053 3534 tale.
3106 3475 3307 3534 Notum
3351 3477 3517 3532 etiam
3561 3474 3693 3530 facio

2120 3575 2276 3630 vobis
2323 3572 2468 3644 quod
2511 3572 2620 3626 duo
2667 3569 2995 3642 suffraganei
3024 3570 3130 3625 mei
3162 3567 3439 3639 episcopi,
3485 3567 3692 3624 Laudu-

2124 3666 2310 3722 nensis
2348 3673 2402 3720 et
2448 3662 2874 3729 Suessonensis,
2921 3661 3142 3716 tertium
3175 3659 3600 3714 Ambianensem
3643 3656 3692 3710 in

2124 3755 2593 3826 archiepiscopatu
2645 3768 2787 3820 meo,
2829 3769 2917 3808 me
2953 3752 3230 3808 nesciente
3277 3761 3338 3806 ut
3363 3759 3487 3821 pote
3517 3749 3692 3803 Romae

2123 3848 2323 3920 posito,
2357 3846 2672 3918 episcopum
2715 3852 3188 3910 consecraverunt,
3225 3843 3466 3914 primum
3513 3852 3690 3897 contra

2124 3940 2400 3995 decretum
2443 3945 2683 3992 vestrum
2706 3977 2721 4003 ,
2751 3951 2862 4006 quo
2908 3934 3222 3991 statueratis
3257 3949 3324 3989 ne
3357 3933 3483 4004 quis
3512 3931 3692 3987 saltem

2126 4030 2665 4100 archiepiscoporum
2702 4043 2829 4082 eum
2867 4034 3212 4083 consecraret
3239 4025 3557 4096 episcopum
3603 4022 3692 4092 qui

2126 4138 2157 4176 a
2177 4122 2315 4177 laica
2345 4135 2578 4190 persona
2611 4119 2909 4189 accepisset
2929 4117 3186 4187 episcopii
3217 4117 3445 4182 donum,
3467 4115 3692 4170 maxime

2125 4228 2250 4269 cum
2282 4212 2423 4266 idem
2462 4212 2562 4282 ipsi
2614 4209 2988 4264 interfuissent
3035 4209 3178 4278 apud
3206 4207 3691 4278 Augustudunense

2126 4303 2450 4369 concilium,
2487 4301 2576 4356 ubi
2606 4302 2843 4356 domnus
2887 4299 2952 4354 Η.
3003 4299 3218 4354 Diensis
3260 4301 3548 4369 episcopus
3574 4310 3690 4366 pro-

444 4391 645 4461 quibus
667 4401 797 4447 sunt
819 4392 985 4459 illata,
1013 4392 1124 4446 Deo
1147 4393 1372 4462 juvantc
1401 4409 1564 4463 quam
1594 4394 1755 4449 citius
1785 4394 2020 4462 venturi,
2051 4402 2101 4462 1)
2126 4393 2388 4465 mulgavit
2414 4403 2467 4448 et
2500 4392 2688 4446 statuit
2706 4407 2902 4446 coram-
2922 4390 3178 4445 omnibus
3203 4391 3308 4445 hoc
3329 4400 3566 4444 vestrum
3594 4401 3690 4440 ξιξε-

443 4484 787 4538 commodius
819 4485 977 4540 vobis
1009 4483 1065 4538 in
1102 4500 1234 4540 aure
1275 4485 1537 4540 dicemus.
1586 4485 1798 4559 Causas
1842 4487 2024 4541 Ande-

443 4574 696 4645 gavensis
739 4574 988 4640 comitis,
1034 4574 1175 4629 sicut
1221 4576 1572 4646 praecepistis,
1615 4576 1684 4630 ab
1728 4577 1900 4647 ipsius
1932 4592 2026 4632 ore

441 4667 748 4733 audientes,
789 4667 1167 4721 rationabilem
1207 4681 1342 4736 pene
1385 4683 1504 4722 esse
1541 4667 1898 4735 credidimus;
1929 4670 2023 4724 sed

443 4758 510 4813 de
554 4758 898 4813 absolutione
928 4757 1049 4828 ejus
1079 4771 1185 4811 non
1225 4766 1622 4826 presumentes,
1648 4757 2021 4815 diﬁinitionem

442 4848 562 4916 ejus
602 4848 678 4903 rei
711 4849 1016 4918 prudentia:
1051 4847 1360 4904 sanctitatis
1393 4857 1586 4902 vestra:
1607 4851 2017 4907 committimus.

445 4938 502 4992 Si
535 4939 667 5009 quid
710 4955 838 4996 vero
879 4941 1063 4996 minus
1115 4939 1436 5010 scripsimus
1484 4941 1756 4996 sanctitati
1807 4953 2020 5011 vestrm,

444 5028 629 5085 'l‘eazo
666 5028 811 5083 ﬁlius
855 5040 1054 5095 vester,
1093 5029 1442 5083 ﬁdelissimus
1485 5040 1802 5098 cooperator
1836 5043 2024 5088 noster

443 5118 496 5170 in
529 5117 781 5181 Domino,
821 5117 886 5170 de
913 5116 1247 5172 Tarvanensi
1271 5117 1523 5187 episcopo
1565 5133 1684 5173 cum
1715 5118 2021 5178 Pictavcnsi

441 5209 573 5278 quid
597 5208 951 5263 statuerimus
977 5208 1190 5278 plenius
1214 5208 1502 5262 intimabit.
1533 5207 1812 5265 Provideat
1840 5212 2021 5284 itaque

445 5300 710 5355 sanctitas
748 5306 950 5366 vestra,
992 5314 1060 5353 ne
1103 5299 1310 5354 diutius
1347 5307 1457 5354 tam
1484 5300 1837 5371 obprobriose
1866 5305 2024 5361 nobis

443 5395 865 5464 improperetur,
901 5394 1048 5463 quod
1080 5392 1391 5464 Symoniaei
1423 5395 1502 5450 vel
1549 5397 1877 5469 quicumque
1917 5399 2024 5453 cri-

2126 4484 2494 4540 clesiasticum
2527 4482 2825 4538 decretum.
2861 4481 2977 4536 Hoc
3012 4481 3210 4552 igitur,
3240 4489 3438 4551 praeter
3469 4480 3520 4534 id
3557 4475 3690 4548 quod

2124 4577 2386 4641 diximus,
2431 4583 2619 4630 contra
2651 4574 3028 4628 auctoritatem
3057 4581 3111 4627 et
3135 4587 3372 4626 canones
3417 4570 3610 4624 factum
3643 4575 3691 4621 et

2123 4671 2288 4726 etiam
2331 4667 2635 4723 inauditum
2679 4665 2998 4735 cunctisque
3024 4665 3117 4735 qui
3140 4679 3333 4719 sanum
3365 4659 3688 4733 sapiuntmi-

2125 4761 2298 4816 rabile
2320 4767 2374 4814 et
2403 4759 2524 4829 plus
2542 4772 2707 4827 quam
2743 4756 2849 4810 dici
2883 4755 3058 4825 possit
3093 4753 3439 4824 stupendum,
3466 4753 3510 4807 si
3531 4752 3690 4821 placet

2127 4854 2416 4923 deputetur
2446 4849 2683 4904 irritum.
2717 4847 2856 4913 Quin
2883 4847 3086 4917 potius,
3128 4845 3256 4916 quia
3289 4845 3407 4899 sine
3434 4853 3689 4911 metropo-

2126 4943 2298 4998 litano
2327 4944 2472 5014 juste
2498 4939 2701 5011 expleri
2727 4955 2832 4993 non
2878 4947 3053 5007 potest
3085 4952 3116 4991 a
3154 4935 3486 5007 quibuslibet
3519 4931 3687 5001 coepi-

2127 5037 2306 5106 scopis
2329 5033 2670 5090 consecratio
2698 5029 2990 5102 pontiﬁcis,
3024 5030 3165 5085 sicut
3207 5029 3381 5093 scitis,
3413 5036 3613 5082 oratum
3643 5031 3688 5074 et

2129 5135 2412 5182 exoratum
2437 5140 2531 5179 vos
2551 5138 2673 5178 esse
2697 5121 2839 5184 volo,
2858 5128 2918 5175 ut
2938 5121 3004 5173 ad
3029 5120 3289 5173 honorem
3317 5116 3412 5172 Dei
3441 5124 3686 5170 vestrum—

2131 5231 2235 5288 que
2264 5232 2328 5270 ae
2356 5223 2600 5269 nostrum
2628 5221 2739 5267 tam
2761 5209 3102 5264 temerariam
3125 5205 3476 5261 ecclesiastici
3496 5199 3686 5257 ordinis

2129 5307 2508 5365 confusionem
2552 5303 2667 5360 zelo
2696 5301 2922 5373 justitite
2955 5300 3258 5370 corrigatis,
3286 5308 3346 5352 ut
3366 5299 3498 5354 sciat
3532 5306 3683 5348 unus-

2126 5403 2358 5472 quisque
2389 5399 2441 5452 in
2466 5397 2636 5468 gradu
2666 5411 2766 5450 suo
2787 5403 2841 5449 et
2869 5393 3030 5448 modo
3061 5391 3374 5461 persistere,
3399 5401 3501 5445 non
3525 5383 3682 5438 aliena

1940 5493 2170 5553 NOTAE.

518 5582 666 5646 (H7)
709 5583 1005 5637 Manasses.

519 5654 666 5726 με)
710 5653 1062 5709 Τιιροάυγὶρο.

2204 5585 2347 5648 {129)
2388 5582 2760 5638 Guarznundo.
