3878 6310
164 340 254 397 939
1380 329 1796 390 'CIIRONICON.
1832 362 1893 370 —
1924 330 2048 387 LIB.
2077 332 2141 389 ﬂ.

3304 346 3411 401 990

164 454 252 507 sibi
280 461 469 506 temere
504 462 778 522 arrogarc.
810 447 1053 505 Obsecro
1084 448 1248 504 etiam
1288 442 1715 503 Ῑκεῐιίνοιθηίίθω
1746 449 1788 505 Α
1818 474 2063 519 nostrum
2091 463 2395 537 Drogonem
2433 466 2578 522 sedis
2605 467 2987 538 Tarvennicae,
3013 472 3105 543 qui
3140 482 3305 531 tantm
3325 489 3411 533 est

163 544 360 600 honoris
397 544 595 612 vestri,
644 551 705 596 ut
742 542 1059 613 dignitatem
1114 555 1281 611 quam
1339 548 1717 593 antecessores

164 633 306 689 vestri
342 631 783 687 antecessoribus
822 631 960 685 meis
1003 629 1427 699 archiepiscopis
1466 641 1718 683 servave-

164 732 289 790 runt,
325 732 375 778 et
403 722 703 793 privilegiis
745 722 976 793 aliisque
1006 722 1224 791 scriptis
1255 721 1322 775 ad
1372 729 1716 791 posterorum

160 813 453 871 memoriam
496 812 857 882 reliquerunt,
909 811 1044 865 mihi
1067 824 1346 866 reservare
1379 808 1716 880 dignemini;

159 920 216 959 ne
235 904 438 958 irritum
469 913 565 957 aut
607 903 898 957 infractum
930 903 1023 957 ﬁat
1046 903 1411 974 privilegium,
1436 901 1579 971 quod
1606 900 1719 969 ipse

156 995 357 1051 dedistis
385 995 545 1060 mihi,
583 995 791 1049 scilicet
820 1003 880 1048 ut
913 995 1069 1049 vobis
1116 994 1216 1064 ipsi
1268 994 1642 1063 interpellatus
1666 1000 1721 1047 et

158 1104 251 1145 non
276 1089 646 1159 interpellatus
668 1088 1045 1158 respondeam,
1081 1097 1135 1143 et
1170 1089 1360 1159 legatis
1390 1087 1582 1142 vestris
1606 1085 1717 1141 Ro-

157 1171 331 1247 manis,
383 1196 495 1236 non
539 1180 963 1235 ultramontanis
1005 1181 1097 1251 qui
1142 1180 1419 1250 conjuncti
1456 1178 1720 1235 Romanis

155 1278 368 1340 querunt
390 1286 515 1341 qua:
540 1285 638 1324 sua
669 1278 819 1335 sunt,
858 1284 965 1323 non
989 1285 1112 1339 qum
1131 1268 1257 1325 Jesu
1285 1268 1511 1336 Christi,
1540 1279 1594 1324 et
1618 1269 1722 1324 sub

156 1360 374 1416 honestis
409 1361 727 1416 nominibus
764 1360 1048 1430 cupiditati
1093 1375 1206 1415 suae
1247 1361 1561 1427 consulunt,
1609 1374 1721 1413 non

154 1455 387 1510 aeeclcsize
421 1453 538 1509 Dei.
575 1452 729 1509 Unde
752 1462 974 1524 propter
995 1454 1187 1508 talium
1219 1454 1501 1525 pudendas
1530 1471 1717 1526 repre-

155 1546 421 1602 hensiones
477 1555 532 1601 et
577 1546 926 1613 vocationes,
963 1547 1133 1613 mihi,
1176 1547 1271 1617 qui
1325 1547 1494 1603 totius
1538 1547 1724 1604 Galliae

153 1637 416 1707 episcopos
441 1637 613 1692 debeo
644 1653 965 1706 convocare,
986 1637 1152 1694 liceat
1173 1640 1447 1696 conﬁdere
1477 1641 1543 1697 de
1566 1641 1723 1699 vobis

153 1727 255 1781 sine
273 1716 572 1798 legatorum
611 1728 928 1794 vocatione,
961 1728 1137 1783 donec
1163 1728 1232 1784 ad
1272 1726 1721 1799 pascha‘veniam

152 1820 210 1873 ad
241 1836 331 1875 vos
364 1818 481 1875 Deo
521 1820 755 1875 volente.
807 1819 1061 1876 Preterca
1105 1822 1231 1877 volo
1271 1821 1473 1878 obnixe
1511 1823 1720 1893 suppli-

153 1925 280 1978 care,
306 1920 358 1967 ct
386 1912 770 1982 praanuuciare
789 1912 965 1978 vobis,
1002 1921 1064 1968 ut
1098 1912 1359 1982 quoniam
1392 1914 1446 1968 in
1474 1914 1721 1970 absentia

155 2003 245 2057 mei
289 2018 464 2073 nuper
508 2003 652 2073 apud
692 2018 793 2059 vos
827 2004 1223 2060 commorantis
1268 2005 1440 2059 multa
1467 2021 1632 2075 prave
1666 2015 1723 2061 et

154 2091 437 2149 inordinate
460 2086 591 2148 acta
620 2102 750 2149 sunt
789 2094 843 2148 in
885 2094 1131 2164 partibus
1172 2108 1309 2150 meae
1332 2094 1591 2162 diocesis,
1617 2109 1722 2166 ego

152 2196 265 2237 vero
290 2199 397 2238 non
420 2192 613 2255 potero
635 2183 885 2239 omittere
902 2185 1032 2254 quin
1056 2184 1362 2239 ministerio
1388 2194 1577 2240 nostro
1598 2194 1723 2240 utar

155 2271 201 2325 in
232 2273 311 2327 his
338 2273 729 2329 mcclesiastice
751 2274 1088 2345 corrigendis
1123 2294 1134 2328 :
1174 2275 1221 2330 si
1242 2274 1372 2345 quid
1400 2290 1501 2346 pro
1527 2276 1631 2331 hoc
1654 2276 1723 2332 de

156 2380 227 2419 me
258 2366 624 2422 accusationis
658 2366 927 2436 perlatum
973 2365 1139 2421 fuerit
1170 2366 1355 2432 vobis,
1395 2382 1462 2422 ne
1490 2367 1595 2423 hoc
1637 2368 1722 2423 vel

152 2455 247 2511 cito
270 2459 530 2525 credatis,
577 2459 663 2513 vel
703 2458 932 2513 moleste
975 2472 1102 2530 erga
1143 2474 1230 2513 me
1269 2459 1585 2529 accipiatis,
1623 2460 1720 2515 sed

156 2547 267 2602 illud
298 2549 349 2602 in
376 2550 668 2620 prmscntia
714 2558 903 2604 nostra
952 2557 1081 2604 ante
1115 2563 1213 2604 vos
1239 2549 1526 2606 dimittatis
1546 2592 1561 2617 ,
1592 2551 1722 2621 quia

154 2652 240 2708 ego
294 2639 608 2695 nullatenus
650 2639 775 2695 volo
825 2640 1091 2695 excedere
1135 2648 1310 2695 metas
1356 2641 1719 2697 auctoritatis.

152 2728 590 2801 Quandoquidem
622 2730 769 2785 enim
813 2731 913 2796 illi,
943 2730 1038 2801 qui
1081 2731 1294 2803 legatos
1318 2740 1535 2788 vestros
1558 2747 1617 2788 se
1643 2730 1722 2787 fa-

154 2821 305 2888 ciunt,
331 2824 506 2879 multo
528 2822 733 2894 iustius
758 2838 859 2894 ego
884 2823 1056 2878 debeo
1084 2838 1179 2893 per
1213 2838 1310 2878 vos
1341 2837 1406 2878 ea
1446 2838 1568 2893 quze
1592 2831 1722 2879 sunt

156 2915 483 2981 providentia:
505 2924 708 2971 nostrae
724 2916 1017 2986 corrigere,
1041 2929 1205 2985 quam
1230 2916 1521 2985 quisquam
1545 2914 1721 2970 aliena

154 3012 384 3061 tractare.
420 3005 496 3062 De
518 3007 717 3062 comite
738 3005 968 3072 (libalo,
997 3006 1092 3076 qui
1121 3022 1207 3061 me
1231 3006 1285 3060 in
1309 3006 1597 3077 praesentia
1622 3022 1719 3061 ve-

155 3103 249 3150 stra
274 3112 535 3153 accusare
566 3098 889 3169 temptabat,
920 3107 974 3153 et
1008 3113 1068 3153 se
1110 3112 1376 3168 suamque
1405 3097 1717 3153 fidelitatem
1749 3138 1791 3196 Ο

155 3188 289 3242 vobis
315 3190 498 3245 verbis
539 3189 929 3245 simulantibus
975 3190 1424 3256 commendabat,
1480 3190 1614 3245 satis
1665 3190 1721 3245 in

154 3289 383 3350 promptu
409 3280 623 3336 habetis
660 3297 1008 3352 cognoscere,
1036 3281 1194 3351 cujus
1220 3281 1401 3352 potius
1436 3282 1723 3339 sinceritas

156 3368 406 3427 ﬁdelitatis
427 3374 679 3443 ergaZvos
699 3373 951 3427 videatur
980 3374 1233 3439 existere,
1260 3382 1444 3428 utrum
1482 3390 1603 3429 mea
1625 3374 1719 3445 qui

156 3458 251 3515 Deo
284 3471 336 3517 ct
366 3463 527 3517 vobis
554 3471 781 3533 paratus
819 3479 941 3518 sum
989 3478 1085 3533 per
1127 3463 1311 3518 omnia
1356 3464 1608 3518 obedire.
1642 3478 1719 3519 an

154 3555 284 3612 illius
306 3557 399 3630 qui
422 3565 478 3612 et
506 3556 649 3626 apud
680 3572 779 3611 vos
800 3571 897 3626 per
918 3556 1270 3625 semetipsum
1296 3555 1558 3626 inpugnat
1579 3555 1722 3611 beati

154 3644 280 3703 Petri
302 3648 628 3715 ecclesiam,
664 3656 719 3704 et
747 3647 891 3718 apud
920 3662 1022 3702 nos
1044 3663 1140 3718 per
1178 3645 1481 3702 Manassem
1511 3655 1564 3702 et
1586 3662 1720 3704 suos

155 3753 396 3809 sequaces
427 3740 484 3794 in
519 3754 623 3796 suo
644 3748 826 3795 castro
855 3746 1102 3809 receptos
1135 3739 1482 3809 persequitur
1503 3739 1718 3794 beatam

153 3825 380 3885 Mariam.
419 3828 707 3884 Manasses
741 3829 918 3896 enim,
946 3829 1013 3884 de
1047 3844 1159 3899 quo
1188 3828 1449 3895 diximus,
1486 3830 1574 3883 cui
1616 3844 1720 3885 nos

151 3918 292 3988 jussu
318 3930 500 3978 vestro
532 3921 678 3993 quod
703 3921 757 3975 in
781 3936 884 3977 nos
910 3920 1192 3987 amiserat,
1226 3920 1273 3976 si
1308 3920 1377 3975 ad
1413 3921 1716 3977 :ecclesiam

154 4023 360 4069 matrem
384 4030 545 4072 suam
587 4013 818 4081 rediret,
857 4013 1207 4079 indulsimus,
1234 4012 1563 4068 conscientia
1601 4029 1719 4069 sce-

153 4102 268 4161 leris
288 4107 371 4162 sui
398 4107 696 4177 depressus
726 4122 827 4163 nec
868 4105 936 4161 ad
965 4121 1068 4161 nos
1091 4105 1208 4160 vult
1237 4104 1436 4171 redire,
1468 4120 1569 4161 nec
1596 4107 1719 4176 paci

154 4199 391 4254 :ecclesia:
412 4199 766 4263 concordare,
798 4197 933 4269 quin
962 4198 1146 4268 potius
1175 4211 1301 4252 cum
1334 4195 1445 4251 illis
1488 4196 1604 4251 suis
1633 4180 1720 4252 se;

154 4292 416 4359 quacibus,
463 4293 593 4363 quia
626 4290 786 4347 factis
820 4307 928 4345 non
953 4297 1163 4360 potest,
1191 4288 1373 4344 verbis
1399 4296 1454 4342 et
1486 4289 1717 4344 maledi—

156 4382 245 4437 ctis
267 4384 564 4439 teeclesiam
614 4397 810 4453 meque
835 4381 1080 4436 lacerare
1129 4395 1236 4434 non
1269 4378 1489 4435 desinit.
1538 4378 1713 4446 Unde,

1818 556 2147 622 senectutis,
2191 566 2252 611 ut
2287 573 2411 612 cum
2439 568 2564 614 ante
2610 560 2982 631 episcopatum
3028 565 3120 619 diu
3153 582 3411 636 perman-

1819 646 1955 701 serit
1996 647 2049 701 in
2088 648 2278 703 ordine
2317 649 2645 719 prcsbiterii,
2669 651 2786 721 jam
2836 669 2983 710 nunc
3010 656 3152 712 ultra
3195 668 3411 731 tempus

1816 735 1889 791 60
1910 752 2179 792 annorum
2212 739 2439 809 gradum
2488 742 2721 796 tenuerit
2751 743 3033 815 episc0pii,
3060 755 3113 801 et
3141 763 3277 818 pene
3317 766 3410 821 per

1819 827 2032 899 singula
2066 839 2337 885 momenta
2364 832 2697 902 propinquat
2718 833 2907 888 exitui.
2944 834 3286 909 QuaprOpter
3313 857 3411 895 vo-

1820 919 2004 975 lumus
2038 936 2137 976 vos
2182 920 2438 977 obnixius
2482 937 2742 988 exorare,
2777 934 2837 979 ut
2864 940 2990 980 eum
3027 926 3188 995 jussu
3221 939 3405 984 vestro

1817 1011 2118 1082 dignemini
2155 1012 2444 1067 restituere
2483 1013 2793 1069 ministerio
2821 1029 2959 1081 suo,
2997 1033 3088 1083 ne,
3119 1020 3262 1089 quod
3296 1037 3413 1075 ma-

1820 1117 2059 1175 gnopere
2088 1101 2469 1171 formidamus,
2497 1103 2552 1158 in
2578 1104 2681 1160 hac
2713 1105 2981 1161 moriatur
3007 1108 3412 1168 interdictione.

1821 1193 1898 1248 Dc
1930 1195 2037 1251 hoc
2064 1209 2193 1249 vero
2218 1193 2367 1264 quod
2396 1209 2484 1249 me
2510 1194 2920 1265 interpellastis,
2965 1206 3026 1251 ut
3054 1198 3108 1252 in
3137 1201 3409 1257 condnctu

1821 1284 2061 1356 episcopi
2091 1284 2487 1341 Parisiaeensis
2534 1286 2749 1356 aliquos
2796 1287 2953 1343 vobis
3002 1289 3202 1345 milites
3232 1292 3413 1347 mitte-

1822 1391 1964 1443 rem,
2005 1386 2193 1431 notum
2217 1376 2376 1431 vobis
2399 1374 2542 1431 facio
2571 1377 2717 1447 quod
2747 1394 2848 1450 ego
2874 1380 3121 1435 volebam
3151 1381 3414 1453 dirigere;

1823 1468 1919 1524 sed
1948 1480 2134 1523 comes
2166 1467 2234 1523 de
2263 1467 2483 1523 Arionis
2522 1467 2690 1523 Fulco
2717 1470 2932 1525 rediens
2964 1471 3031 1525 ab
3057 1472 3192 1527 urbe
3239 1472 3415 1527 Roma

1822 1560 2086 1636 hoc.mihi
2117 1560 2392 1616 intimavit
2422 1576 2489 1616 ex
2514 1572 2695 1617 vestra
2728 1573 2902 1633 parte,
2926 1563 3055 1633 quia
3080 1564 3308 1621 libenter
3329 1581 3419 1621 me

1822 1652 1890 1708 de
1914 1652 2033 1724 ipsa
2067 1652 2488 1708 transmissione
2516 1654 2751 1708 militum
2794 1654 3177 1725 inportabatis,
3203 1656 3324 1711 idco
3355 1666 3418 1712 ut

1824 1745 1880 1799 in
1926 1746 2147 1817 regione
2198 1755 2386 1801 nostra
2429 1754 2651 1802 strenue
2705 1755 2761 1801 et
2802 1746 3069 1802 intentius
3117 1763 3419 1819 exequeret-

1823 1836 2038 1892 domum
2060 1838 2347 1893 marchisae
2374 1836 2445 1891 Μ.
2471 1835 2579 1891 Pro
2604 1836 2710 1892 hoc
2736 1836 2901 1908 igitur
2935 1853 2967 1892 a
2990 1838 3145 1894 vobis
3165 1839 3419 1895 veniente

1821 1927 2138 1995 missatico,
2170 1928 2439 1983 remansit
2461 1943 2490 1982 a
2523 1937 2713 1983 nostra
2756 1936 2911 1998 parte
2938 1929 3210 1998 praedicta:
3253 1944 3420 1999 expe-

1821 2016 2047 2091 ditionis
2075 2017 2443 2073 transmissio.
2489 2016 2680 2073 Valeat
2713 2019 2981 2075 sanctitas
3030 2029 3230 2087 vestra,
3267 2029 3423 2090 pater

1822 2107 2282 2163 reverentissime.

1894 2197 2189 2269 Gregorius
2231 2197 2542 2270 episcopus,
2582 2214 2775 2256 servus
2803 2215 3089 2256 servorum
3138 2198 3254 2268 Dei,
3284 2200 3418 2255 dile-

1820 2291 1925 2347 ctis
1954 2290 2009 2345 in
2031 2289 2256 2346 Christo
2286 2290 2551 2348 fratribus
2592 2291 2808 2364 Hugoni
2848 2291 3034 2348 Diensi
3064 2293 3323 2363 episcopo
3362 2301 3419 2348 et

1822 2380 2036 2455 Hugoni
2080 2383 2433 2441 Cluniacensi
2463 2385 2647 2440 abbati
2684 2384 2917 2441 salutem
2964 2393 3018 2439 et
3060 2385 3419 2455 apostolicam

1820 2475 2276 2531 benedictionem.
2302 2474 2441 2542 Quia
2465 2476 2519 2530 in
2543 2485 2745 2532 sancta:
2765 2476 2883 2543 Dei,
2907 2476 2996 2532 cui
3018 2476 3207 2531 divina
3230 2477 3418 2547 dispo-

1821 2566 2018 2621 sitione
2043 2566 2422 2636 prtesidemus,
2446 2564 2724 2634 Ecclesiae,
2760 2574 2863 2621 etc.
2893 2564 3060 2637 (150).
3110 2585 3129 2619 ι

1895 2657 2239 2728 Rescriptum
2297 2657 2543 2729 ejusdem
2600 2657 2668 2712 ad
2711 2656 3019 2712 Manassem
3091 2654 3419 2712 Remensem

1821 2749 2329 2820 archiepiscopum:
2374 2747 2656 2819 Gregorius
2699 2748 2992 2818 episcopus,
3028 2764 3205 2801 servus
3242 2764 3420 2802 servo-

1822 2856 1941 2894 rum
1976 2839 2097 2907 Dci,
2121 2839 2316 2894 dilecto
2344 2839 2398 2892 in
2422 2837 2634 2895 Christo
2670 2838 2830 2908 fratri
2881 2836 2957 2891 Μ.
2982 2837 3226 2891 Remensi
3246 2838 3426 2892 archi-

1820 2932 2060 3002 episcopo
2090 2930 2317 2985 salutem
2356 2938 2407 2984 et
2437 2918 2785 2999 apostblicam
2822 2927 3249 2982 benedictionem.
3282 2926 3419 2984 Cum

1822 3039 1909 3077 vos
1936 3040 2000 3077 ea
2036 3040 2069 3077 a
2096 3023 2217 3077 sede
2243 3022 2535 3093 apostolica
2562 3021 2850 3093 ﬂagitatis.
2879 3018 3117 3091 Requiro
3143 3020 3312 3091 (151).

1896 3113 2122 3170 Sextum
2169 3113 2561 3169 nichilominus
2612 3113 2908 3168 celebravit
2954 3112 3248 3167 concilium
3276 3113 3421 3182 apud

1826 3206 2173 3278 Lugdunum,
2217 3220 2317 3276 pro
2358 3204 2687 3276 quibusdam
2753 3203 3270 3275 negotiisﬁquorum
3305 3204 3421 3259 dis-

1855 3296 2169 3352 cussionem
2206 3297 2255 3350 ei
2301 3296 2539 3351 domnus
2588 3310 2727 3367 papa
2773 3294 3051 3365 imposuit,
3078 3295 3325 3350 scribens
3352 3295 3421 3351 ad

1822 3402 1948 3443 eum
1982 3388 2036 3441 in
2067 3388 2185 3443 lucc
2207 3387 2371 3442 verba
2400 3388 2571 3458 (152).

1894 3477 2203 3533 ϐιιεῦοιιιυδ
2224 3478 2520 3549 episcopus,
2546 3493 2723 3531 servus
2768 3493 3036 3531 servorum
3072 3475 3193 3543 Dei,
3225 3476 3417 3531 dilecto

1822 3570 1879 3624 in
1906 3569 2118 3625 Christo
2150 3570 2310 3640 fratri
2333 3567 2541 3625 HUGONI
2579 3567 2766 3623 Diensi
2808 3569 3070 3638 episcopo,
3109 3568 3339 3622 salutent
3365 3580 3418 3624 et

1822 3660 2171 3731 apostolicam
2220 3658 2654 3713 benedictionem.
2707 3657 2860 3725 Quod
2903 3659 3083 3713 divina
3138 3659 3416 3715 clementia

1820 3768 2002 3822 pacem
2042 3750 2296 3805 Ecclesia:
2342 3760 2449 3806 tum
2490 3752 2744 3818 restituit,
2788 3760 2894 3807 etc.
2937 3749 3071 3807 Vide
3112 3751 3167 3806 in
3212 3751 3417 3825 Grego-

1820 3841 1905 3896 rio
1934 3839 2048 3907 VII,
2076 3841 2232 3911 epist.
2259 3849 2413 3894 extra
2451 3840 2751 3912 Registrum
2780 3858 2922 3912 vag.,
2960 3858 3015 3896 n.
3040 3840 3130 3896 49.

1890 3928 2031 3983 Dum
2058 3929 2223 4000 igitur
2247 3931 2329 3985 ha:
2374 3930 2424 3985 ei
2466 3930 2659 3986 littera:
2696 3930 2872 3986 allatae
2899 3929 3155 3996 fuissent,
3181 3939 3237 3986 et
3261 3931 3417 3991 locus

1821 4019 2039 4075 concilii
2064 4019 2207 4090 apud
2235 4018 2561 4092 Lugdunum
2584 4021 2914 4076 constitutus
2937 4031 3102 4088 esset,
3129 4019 3420 4079 Bernensis

1820 4109 1986 4164 etiam
2028 4110 2479 4181 archiepiscopus
2524 4111 2681 4181 juxta
2714 4120 2958 4167 tenorem
3003 4113 3311 4169 litterarum
3347 4115 3415 4169 ad

1822 4197 1966 4252 idem
2018 4212 2078 4254 se
2125 4206 2460 4270 purgaturus
2508 4200 2834 4255 invitaretur
2881 4203 3198 4270 concilium,
3235 4204 3418 4275 posito

1820 4288 2025 4345 domno
2055 4286 2285 4360 Hugone
2328 4289 2471 4360 apud
2514 4288 2781 4345 Viennam
2831 4307 2930 4361 pro
2977 4294 3224 4363 corporis
3251 4296 3415 4349 cura~

1820 4380 1988 4448 tione,
2022 4380 2201 4435 nuntii
2223 4379 2434 4451 praefati
2458 4381 2857 4453 archiepisc0pi
2887 4391 3153 4439 venerunt
3176 4386 3240 4439 ad
3264 4400 3414 4453 eum,

155 4482 206 4526 ut
227 4473 287 4529 de
307 4476 420 4545 ipso
448 4475 621 4530 Eban
645 4482 854 4530 taceam
875 4515 891 4540 ,
918 4474 972 4528 in
998 4488 1162 4543 quem
1187 4487 1288 4528 vos
1312 4473 1478 4527 credo
1511 4471 1717 4543 justam
1751 4480 1795 4536 D
1822 4473 2011 4528 multis
2046 4481 2103 4529 et
2147 4472 2406 4529 maximis
2433 4473 2690 4545 precibus
2737 4483 2791 4530 et
2833 4475 3153 4532 muneribus
3195 4476 3263 4531 ad
3312 4476 3417 4534 hoc

154 4572 200 4617 et
222 4569 566 4635 apostolicam
589 4582 845 4623 exercere
884 4565 1207 4621 sententiam
1228 4606 1242 4631 ,
1276 4581 1439 4636 super
1469 4564 1719 4622 Manasse

155 4652 400 4713 instanter
426 4659 690 4729 deprecor
733 4657 1075 4715 sanctitatem
1104 4665 1362 4723 vestram,
1392 4665 1452 4711 ut
1495 4664 1591 4711 aut
1622 4656 1717 4727 ju-

154 4743 313 4804 beatis
331 4766 449 4805 eum
496 4750 564 4805 ad
593 4766 749 4805 suam
787 4749 1019 4822 regredi,
1059 4758 1111 4804 et
1136 4749 1365 4804 ulterius
1395 4764 1502 4803 non
1536 4748 1717 4818 impu-

155 4853 307 4907 gnare
342 4843 675 4907 accclesiam,
704 4850 800 4897 aut
844 4841 899 4895 in
945 4857 1071 4897 eum
1124 4840 1353 4911 ejusque
1397 4840 1640 4896 fautores
1665 4849 1721 4895 et

154 4944 510 5002 cooperatores
537 4932 824 5005 apostolici
853 4932 1057 5004 vigoris
1087 4932 1335 5003 dirigatis
1363 4932 1713 4987 animadver-

155 5021 364 5081 sionem.
389 5026 694 5098 Dignamini
735 5025 898 5079 etiam
929 5024 997 5079 ad
1021 5039 1212 5080 eorum
1243 5032 1553 5093 receptores
1581 5023 1717 5078 scri-

157 5112 269 5170 bere
299 5129 470 5188 aptam
508 5117 797 5188 epistolam
823 5157 838 5183 ,
885 5125 945 5171 ut
980 5124 1077 5171 aut
1111 5131 1207 5171 eos
1238 5123 1430 5171 contra
1456 5114 1717 5170 :ecclesia:

159 5202 263 5265 iura
295 5224 391 5264 non
429 5211 728 5275 retineant,
780 5216 874 5262 aut
918 5206 1036 5277 pari
1080 5206 1347 5262 sententia
1379 5220 1438 5260 se
1459 5206 1716 5261 multatos

159 5309 446 5364 agnoscant.
478 5300 670 5355 Restat
693 5298 827 5354 mihi
856 5298 960 5352 hoc
979 5296 1135 5351 vobis
1169 5296 1369 5362 dicere,
1398 5295 1527 5365 quia
1552 5295 1705 5350 dom-

158 5400 251 5441 nus
293 5386 437 5462 Hugo
482 5390 699 5447 Diensis
734 5389 1027 5461 episcopus
1062 5386 1343 5443 interdixit
1392 5386 1713 5458 episcopum

222 5607 619 5685 (l50)_Begistr.
670 5611 761 5678 Vl,
788 5613 841 5685 5.
893 5611 1028 5685 Data
1074 5610 1451 5685 ad__Sanctum
1490 5609 1708 5667 Germa.

162 5680 351 5755 "limit
378 5680 492 5755 lial'.
525 5683 879 5755 Septembris,
911 5683 1025 5739 ind.
1065 5685 1114 5738 l.
1149 5680 1213 5737 K.

226 5748 359 5820 (151)
388 5752 549 5824 Igitur
580 5748 691 5809 non
719 5755 786 5809 ad
818 5748 1016 5810 manus
1050 5761 1185 5809 erat.
1225 5750 1383 5821 Data,
1439 5760 1499 5806 ut
1528 5765 1713 5821 supra.

1820 4578 1948 4618 cum
1991 4563 2207 4619 flectere
2228 4563 2531 4634 cupientes,
2567 4572 2620 4619 et
2642 4563 2712 4619 ob
2762 4564 2816 4620 id
2839 4565 2899 4620 ei
2931 4565 2985 4618 in
3024 4564 3278 4635 praesenti
3301 4572 3413 4620 tre-

1820 4664 2009 4711 centas
2028 4655 2309 4726 purissimi
2336 4655 2457 4710 auri
2484 4657 2699 4724 uncias,
2717 4657 3033 4713 domesticis
3054 4671 3271 4728 quoque
3293 4655 3414 4726 ejus

1820 4749 2068 4818 preeiosa
2090 4747 2319 4803 donaria
2354 4746 2664 4816 oﬂcrentes,
2702 4749 2929 4818 insuper
2959 4756 3014 4802 et
3049 4747 3411 4802 celamentum

1821 4855 1889 4894 ne
1911 4839 2006 4894 ulli
2036 4841 2351 4895 mortalium
2400 4841 2456 4896 id
2499 4841 2792 4911 proderent
2828 4840 3018 4909 jurare
3061 4839 3327 4905 volentes,
3353 4848 3413 4894 ut

1819 4944 1944 4985 cum
1971 4945 2064 4985 sex
2089 4930 2381 5001 episcopis,
2420 4946 2560 5001 quos
2590 4932 2706 5000 ipse
2752 4928 3041 4984 Remensis
3083 4928 3306 4999 eligeret
3345 4927 3413 4983 de

1819 5022 2178 5093 sull‘raganeis
2210 5024 2346 5090 suis,
2383 5024 2433 5079 ei
2469 5032 2528 5078 ut
2563 5040 2622 5079 se
2655 5031 2915 5094 purgaret
2955 5021 3296 5087 concederet,
3320 5036 3410 5077 re“

1819 5122 1968 5168 mota
1996 5113 2348 5184 inquisitione
2374 5114 2611 5170 infamia:
2634 5133 2647 5181 ;
2676 5115 2938 5170 addentes
2957 5114 3121 5169 etiam
3144 5112 3289 5184 quod
3311 5127 3410 5170 nec

1818 5219 2040 5273 sperare
2059 5215 2329 5275 poterant,
2354 5205 2449 5261 sed
2474 5215 2655 5261 tamen
2694 5206 2860 5261 nichil
2906 5206 3285 5278 intemptatum
3324 5219 3409 5260 re-

1819 5298 2066 5368 linquere
2087 5299 2362 5365 volebant,
2387 5300 2533 5369 quod
2576 5299 2622 5354 si
2659 5298 2707 5353 ei
2730 5299 2848 5353 solo
2900 5299 3291 5354 concederetur
3322 5295 3405 5351 fa-

1820 5391 1996 5446 cultas
2020 5408 2079 5447 sc
2106 5392 2397 5466 purgandi,
2434 5391 2824 5455 inestimabiles
2855 5392 3143 5449 thesauros
3185 5390 3325 5457 auri,
3356 5398 3408 5445 et

1615 5498 1849 5558 NOTAE.

1818 5596 2129 5667 chistrum
2163 5596 2253 5663 Vl,
2282 5597 2337 5652 2.

1892 5664 2040 5738 (⁷152)
2066 5668 2412 5726 Desideratur
2441 5668 2497 5722 in
2534 5666 2802 5738 Registro.
2833 5664 2898 5721 Κ.
