3878 6310
528 288 629 345 291

1520 277 1822 336 IIUGONIS
1857 273 2150 330 ABBATIS
2188 273 2319 328 FLA
2329 273 2757 334 VlNiACENSIS
3683 285 3766 342 29!

529 398 625 470 qui
649 396 815 451 etiam
839 407 1129 450 numerum
1155 390 1495 457 excederent,
1522 406 1582 447 se
1615 391 1919 461 juraturos,
1943 399 1996 443 et
2023 388 2108 441 in-
2140 390 2183 446 Α
2211 402 2308 457 per
2353 403 2412 442 se
2470 389 2787 458 publicavit,
2845 391 3093 448 scribens
3146 391 3431 451 Desiderio
3491 393 3771 456 Cassinensi

530 504 698 559 super
736 494 1161 554 sacramentum,
1209 497 1277 537 ne
1312 481 1398 537 cui
1445 481 1571 536 hoc-
1596 480 1908 551 proderent.
1955 478 2111 546 Quod

532 590 706 636 totum
737 578 911 633 virilis
938 578 1179 648 ejusdem
1210 574 1369 645 legati
1397 573 1614 629 animus
1644 573 1870 643 respuit.
1899 572 1965 626 Et
1985 572 2111 642 quia

532 669 1004 741 inexpugnabilem
1053 667 1170 736 ejus
1211 681 1336 735 erga
1379 665 1666 735 pecuniam
1690 668 1935 719 animum
1957 664 2110 731 vidit,

530 767 730 821 timens
765 764 888 829 sibi,
916 761 1145 816 concilio
1193 758 1457 813 interesse
1504 756 1700 824 noluit,
1728 765 1782 812 et
1804 756 1925 811 ideo
1950 770 2113 828 syno-

528 857 637 913 dali
672 855 880 926 judicio
922 861 1003 907 est
1036 850 1337 921 depositus,
1363 859 1476 904 tum
1499 848 1625 919 quia
1649 865 1707 904 se
1747 864 1981 920 purgare
2007 863 2109 903 no-

530 948 646 1014 luit,
680 957 794 1002 tum
817 945 941 1016 quia
978 943 1311 997 audientiam
1361 940 1654 1008 Eduensis,
1687 939 2026 996 Pictavcnsis
2056 949 2111 995 et

527 1039 697 1110 ipsius
719 1016 1099 1107 Lugdunensis
1123 1033 1455 1105 subterfugit
1478 1032 1647 1102 (l5'5).

594 1125 899 1180 Celebravit
918 1132 971 1179 et
992 1123 1284 1194 septimum
1322 1122 1466 1192 apud
1498 1120 1890 1188 Avennionem,
1915 1120 1969 1175 in
2000 1136 2110 1191 quo

520 1217 797 1286 depositus
819 1225 903 1271 est
932 1215 1219 1269 Achardus
1268 1212 1600 1268 Arelatensis
1634 1211 1874 1280 invasor,
1923 1220 1978 1266 et
2005 1212 2111 1267 ele-

519 1310 590 1365 cti
614 1316 743 1365 sunt
780 1308 1052 1364 Cibilinus
1096 1307 1151 1360 in
1194 1306 1567 1361 Arelatensem
1613 1304 2105 1374 archiepiscopum,

516 1400 837 1456 Lantclmus
869 1400 923 1453 in
954 1397 1401 1454 Ebrcdunensem
1444 1412 1583 1468 eque
1614 1396 2104 1467 archiepiscopum,

519 1492 676 1565 Hugo
700 1493 756 1547 in
791 1490 1359 1561 Gratianopoiitanum
1409 1489 1749 1559 episcopum,
1792 1487 2106 1544 Desiderius

517 1585 574 1638 in
596 1583 1030 1649 Cavalicensem,
1061 1596 1202 1652 quos
1228 1590 1351 1651 post
1377 1581 1737 1651 expletionem
1779 1581 1997 1637 concilii
2020 1596 2108 1637 se-

518 1691 645 1730 cum
669 1672 901 1729 Romam
930 1674 1106 1738 duxit,
1135 1684 1188 1727 et
1212 1673 1519 1728 consecrati
1550 1680 1679 1727 sunt
1702 1688 1732 1727 a
1754 1688 1893 1743 papa
1923 1673 2010 1727 ³⁸⁸.

2217 479 2396 533 abbati
2424 480 2479 534 in
2516 482 2631 535 haec
2666 482 2828 536 verba
2858 501 2871 537 :

2285 567 2567 639 Gregorius
2624 570 2679 624 in
2743 571 3039 626 Romanum
3101 572 3407 644 pontiﬁcem
3462 575 3678 645 electu,
3716 577 3767 635 Β.

2212 656 2393 712 abbati
2443 662 2749 715 monasterii
2792 665 2964 717 sancti
3017 663 3286 718 Benedicti
3332 665 3532 721 Montis
3573 667 3770 738 Casini,

2210 751 2437 806 salutent
2478 750 2535 806 in
2585 751 2797 808 Clu-isto
2838 754 2987 810 Je'su.
3028 755 3267 812 Donmus
3301 775 3444 829 papa
3471 760 3540 815 Α.
3569 772 3771 818 πωπω

2208 851 2308 908 est,
2336 853 2441 898 etc.
2473 842 2647 915 (151).
3055 895 3071 912 ,

2282 910 2490 1004 (1075.)
2521 910 2889 991 Consecratus
2916 910 3084 1007 igitur
3118 937 3171 991 in
3193 936 3409 1008 justitia
3434 948 3492 994 et
3516 910 3777 998 sanctitateI

2209 1024 2350 1078 miro
2373 1025 2534 1079 modo
2573 1025 2814 1082 assiduis
2854 1028 2995 1084 votis
3027 1044 3127 1099 pro
3152 1044 3211 1085 se
3240 1039 3297 1085 ct
3337 1046 3500 1101 grege
3521 1033 3627 1087 sibi
3655 1049 3773 1088 eom-

2208 1115 2379 1170 misso
2424 1115 2723 1182 excubans,
2775 1127 3001 1188 urgente
3031 1120 3323 1189 pastoralis
3358 1120 3522 1176 oliieii
3567 1125 3773 1180 necessi-

2207 1216 2337 1273 tate,
2383 1208 2612 1263 distorla
2674 1224 3056 1278 perversorum
3110 1213 3273 1267 corda
3336 1213 3406 1268 ad
3462 1214 3772 1270 rectitudinis

2207 1298 2407 1355 lineam
2452 1316 2668 1355 summa
2705 1300 2757 1354 vi
2810 1302 3085 1373 corrigere
3129 1304 3333 1372 nitens,
3382 1306 3671 1361 veritatem
3700 1304 3770 1361 Dei

2206 1393 2412 1463 absque
2429 1408 2677 1463 persona:
2696 1394 3010 1464 acceptione
3033 1397 3291 1453 omnibus
3314 1398 3594 1469 patefecit,
3610 1411 3772 1455 nactus

2204 1484 2452 1538 omnium
2501 1484 2771 1540 bonorum
2805 1486 3151 1543 dilectionem
3190 1489 3262 1544 ob
3288 1491 3390 1545 zeli
3415 1490 3512 1546 Dei
3535 1490 3769 1548 fervorem

2204 1582 2259 1628 et
2274 1574 2500 1644 justitize
2543 1574 2988 1646 exequutionem.
3023 1576 3130 1633 Sed
3160 1578 3288 1649 quia
3332 1581 3486 1636 nulla
3520 1591 3607 1637 est
3627 1584 3772 1638 socie-

2205 1674 2291 1721 tas
2314 1666 2422 1721 luci
2457 1666 2526 1722 ad
2572 1668 2843 1735 tenebras,
2892 1669 3235 1739 perditorum
3287 1671 3577 1728 hominum
3613 1675 3769 1731 odium

592 1764 731 1835 (Fol.
765 1765 911 1833 102.)
943 1763 1039 1819 liis
1066 1779 1195 1835 ergo
1223 1763 1435 1818 interim
1459 1763 1734 1834 sepositis,
1756 1737 1912 1819 beati
1934 1765 2107 1835 patris
2137 1737 2180 1796 Β
2208 1764 2262 1809 el
2290 1756 2703 1826 delraClioncm,
2739 1737 2910 1814 immo
2946 1761 3432 1833 PCI‘SCQIIUIiOnem
3476 1767 3770 1823 acerrimam

518 1857 765 1927 Gregorii
810 1855 899 1910 Vll
947 1856 1206 1911 Romanm
1260 1855 1517 1911 Ecclesiae
1574 1856 1869 1925 pontilicis,
1921 1858 2105 1929 magni

519 1950 665 2005 illius
690 1949 936 2020 Gregorii
976 1948 1135 2018 cujus
1164 1948 1325 2003 hodie
1349 1947 1509 2003 liores
1558 1949 1761 2019 eloquii
1790 1950 1844 2003 in
1874 1950 2103 2005 ecclesia

518 2040 763 2094 redolent
786 2038 1005 2094 univoci
1031 2048 1085 2093 et
1104 2038 1390 2109 tequivoci,
1414 2038 1527 2108 jam
1560 2040 1615 2093 in
1638 2050 1755 2095 tuto
1785 2041 1969 2110 positi,
1989 2042 2105 2112 jam

515 2132 752 2187 decurso
782 2131 970 2186 mundi
998 2130 1375 2202 naufragantis
1397 2131 1608 2203 pelago,
1651 2133 1850 2203 quietis
1888 2142 2106 2188 aeterna:

514 2224 620 2278 lida
648 2224 880 2279 statione
900 2223 1080 2293 potiti,
1120 2223 1302 2278 securi
1324 2223 1679 2292 praedicemus
1708 2232 1860 2293 gesta
1894 2225 2105 2296 magni-

512 2314 636 2381 fica,
670 2324 724 2370 et
746 2331 886 2385 quos
920 2314 1332 2369 tribulationum
1369 2313 1604 2383 impetus
1634 2328 1733 2383 pro
1763 2321 1951 2368 sancta
1981 2330 2105 2369 sus-

514 2406 739 2461 tinuerit
791 2406 1057 2472 accclesia,
1101 2415 1155 2461 et
1210 2405 1488 2461 sustinens
1534 2404 1673 2458 mira
1714 2412 1769 2459 et
1809 2405 2103 2460 inedicibili

512 2496 791 2566 superavit
811 2497 1139 2562 constantia,
1176 2505 1236 2551 ut
1260 2504 1407 2551 esset
1453 2495 1621 2549 libera
1649 2504 1799 2549 casta
1827 2503 1989 2565 atque
2010 2510 2100 2550 ca-

511 2588 737 2654 tholica,
761 2588 945 2643 divina
968 2588 1264 2644 comitante
1285 2586 1570 2642 clementia
1594 2586 1681 2656 pia
1705 2602 2102 2656 prosequamur

511 2678 791 2734 instantia.
809 2677 979 2735 Natus
1014 2687 1099 2735 est
1119 2679 1285 2751 igitur
1314 2678 1368 2732 in
1396 2678 1528 2733 urbe
1556 2676 1751 2745 Roma,
1780 2679 2101 2748 parentibus

515 2771 727 2827 civibus
759 2770 1041 2837 Romanis,
1088 2780 1162 2838 et,
1187 2769 1334 2841 quod
1381 2770 1681 2824 maximum
1704 2778 1788 2824 est
1808 2769 2096 2841 religiosis,

508 2861 866 2917 ascribendus
914 2861 1053 2918 civis
1104 2861 1273 2917 curiae
1335 2860 1607 2927 caelestis;
1659 2870 1714 2915 et
1770 2860 1839 2915 ab
1877 2860 2100 2917 ineunte

508 2960 667 3006 aetate
699 2953 1101 3008 aecclesiastieis
1153 2952 1497 3023 mancipatus
1547 2951 1758 3019 ciliciis,
1805 2953 2096 3023 pueritiam

508 3059 667 3097 suam
701 3058 810 3097 non
842 3044 960 3100 sine
992 3044 1176 3111 certis,
1206 3059 1328 3114 quae
1357 3059 1481 3098 eum
1530 3044 1797 3099 illustrem
1847 3043 2090 3099 futurum

503 3133 620 3203 jam
648 3145 775 3190 tunc
804 3135 1083 3205 signarent
1126 3135 1490 3201 documentis,
1538 3135 1804 3206 religiosis
1844 3138 2093 3206 personis

509 3223 803 3278 comitatus
858 3222 1113 3278 excoluit.
1162 3223 1597 3279 Adolescentiam
1643 3233 1926 3295 assumpto
1967 3241 2097 3280 san-

507 3314 712 3369 ctitatis
733 3314 1016 3384 proposito
1047 3313 1188 3369 inter
1208 3313 1399 3368 mundi
1416 3322 1821 3383 contemptores
1840 3329 1957 3368 .non
1977 3315 2094 3370 sine

507 3403 723 3474 unguis
755 3401 1105 3473 perfectionis
1141 3403 1357 3459 indiciis
1384 3403 1711 3473 perdomuit,
1746 3400 2093 3459 Iuventatem

507 3492 896 3549 nia-hilominus
940 3493 1148 3549 militia:
1208 3493 1522 3550 christiana;
1568 3493 1895 3559 dedicatam,
1952 3494 2095 3549 sicut

505 3592 664 3638 aetate
693 3584 765 3638 ita
804 3599 938 3639 sana
963 3585 1211 3639 doctrina
1258 3592 1314 3640 et
1360 3575 1704 3638 firmamento
1725 3583 1969 3639 veritatis
1997 3599 2091 3638 ro-

505 3674 776 3741 boratam,
822 3676 924 3730 sub
966 3675 1245 3746 praeclaris
1301 3675 1471 3731 totius
1525 3674 1810 3730 christiani
1852 3674 2091 3729 nominis

506 3764 779 3819 tutoribus
820 3774 873 3820 et
913 3765 1260 3836 praesulibus,
1305 3766 1541 3836 publicis
1586 3775 1790 3821 sancta:
1832 3765 2093 3821 tecclcsiae

505 3856 840 3926 mancipavit
874 3857 1216 3913 utilitatibus.
1256 3856 1373 3929 (fol.
1415 3857 1579 3928 102’.)
1618 3856 1717 3911 llic
1744 3856 1813 3911 ob
1843 3856 2089 3928 singula-

503 3962 622 4002 rem
668 3946 980 4003 excellentis
1027 3948 1230 4019 ingenii
1279 3948 1690 4019 praerogativam
1748 3962 1779 4001 a
1826 3945 2090 4001 Nieholuo

504 4054 646 4110 papa
674 4039 732 4093 in
758 4039 1265 4095 arehidiaconatum
1287 4039 1479 4095 matris
1509 4038 1755 4094 ecclesia:
1776 4046 2086 4109 provectus,

504 4138 727 4185 strenua
752 4140 805 4186 et
828 4130 1087 4187 laudabili
1134 4130 1299 4201 hujus
1343 4130 1504 4186 ollicii
1535 4129 2010 4185 administratione
2029 4130 2086 4183 in

502 4220 672 4276 totius
717 4222 868 4278 orbis
927 4222 1178 4278 notitiam
1223 4230 1278 4277 et
1314 4222 1693 4294 religiosorum
1739 4222 2085 4277 dilectionem

500 4310 650 4366 brevi
690 4313 921 4369 devenit.
970 4313 1270 4369 Decedente
1310 4328 1437 4368 vero
1462 4329 1599 4383 papa
1638 4313 1968 4379 Alexandro,
2015 4314 2084 4368 ad

2207 1844 2477 1914 incurrit;
2508 1846 2710 1917 regiam
2748 1857 2928 1903 tamen
2958 1848 3123 1917 viam,
3165 1865 3333 1921 quam
3365 1854 3533 1908 semel
3565 1854 3771 1910 intrave-

2206 1947 2310 2003 rat,
2358 1939 2738 2006 inconcussus,
2797 1940 3080 2007 immotus,
3134 1958 3232 2012 per
3288 1959 3445 1999 arma
3497 1944 3771 2016 justitiam

2204 2031 2411 2086 dextris
2436 2040 2491 2087 et
2518 2047 2549 2086 a
2580 2031 2819 2088 sinistris
2843 2031 3056 2088 fortiter
3093 2034 3338 2090 incessit.
3372 2037 3452 2091 Ac
3478 2037 3660 2106 primo
3676 2040 3756 2109 qui

2202 2122 2326 2178 dem
2380 2125 2673 2193 apostolica
2709 2125 3034 2181 auctoritate
3082 2136 3138 2181 et
3187 2128 3442 2183 veridicis
3481 2141 3769 2185 sanctorum

2203 2214 2427 2270 Patrum
2450 2217 2727 2272 animatus
2750 2218 3057 2284 sententiis,
3091 2218 3159 2274 ad
3184 2218 3577 2275 eliminandam
3605 2220 3771 2293 δμηθ-

2203 2309 2417 2363 niacam
2450 2309 2686 2364 heresim
2726 2319 2780 2364 et
2824 2310 3242 2380 pr.ecipiendam
3287 2311 3611 2367 clericorum
3634 2314 3771 2369 casti-

2201 2408 2367 2453 tatem
2402 2415 2503 2470 pro
2540 2400 2823 2456 commissi
2858 2400 2962 2456 sibi
3012 2401 3174 2457 ofﬁcii
3214 2402 3401 2458 debito
3446 2404 3770 2459 vehementer

2199 2491 2425 2546 exarsit.
2475 2491 2717 2546 Audiant
2754 2492 2921 2563 igitur
2963 2492 3056 2563 qui
3094 2494 3285 2549 audire
3331 2496 3542 2562 volunt,
3583 2506 3645 2550 ut
3673 2512 3770 2550 mu-

2200 2583 2443 2651 niantur,
2490 2584 2587 2654 qui
2607 2583 2796 2639 audire
2819 2584 3033 2650 nolunt,
3072 2594 3133 2640 ut
3153 2585 3584 2654 confundantur,
3627 2603 3766 2659 quam

2198 2673 2369 2730 libera
2425 2690 2701 2746 quamque
2735 2675 3004 2731 catholica
3045 2692 3180 2732 voce
3214 2686 3408 2733 contra
3447 2679 3670 2734 insanos
3686 2680 3768 2734 im-

2198 2766 2414 2835 piorum
2434 2767 2666 2822 latratus
2688 2767 2962 2838 impiaque
2997 2768 3282 2823 molimina
3305 2784 3587 2841 aususque
3604 2768 3767 2825 nefan-

2196 2857 2297 2913 dos
2326 2858 2625 2913 intonuerit
2646 2857 2737 2914 hic
2771 2870 3146 2930 propugnator
3180 2861 3461 2916 mcclesize.
3487 2860 3625 2916 Cum
3641 2862 3763 2916 enim

2196 2963 2388 3004 omnes
2415 2948 2528 3005 fere
2554 2964 2652 3004 sua
2676 2959 2987 3020 quererent,
3024 2965 3133 3007 non
3168 2966 3291 3021 qua:
3323 2949 3452 3006 Jesu
3483 2951 3704 3019 Christi,
3722 2963 3765 3006 et

2196 3040 2460 3096 adhercre
2502 3040 2727 3096 mallent
2766 3040 3119 3111 discipulatui
3157 3040 3417 3114 Symonis
3444 3058 3610 3113 quam
3653 3058 3765 3114 pau-

2196 3132 2398 3201 periem
2441 3130 2647 3187 Christi
2700 3146 2921 3187 servare
2965 3132 3022 3186 in
3068 3132 3277 3188 unitate
3328 3133 3498 3200 ﬁdei;
3551 3133 3765 3189 ministri

2193 3237 2413 3292 quoque
2435 3222 2605 3278 divini
2643 3223 2940 3278 sanctuarii
2994 3221 3198 3279 fmdam
3242 3223 3550 3280 libidinosae
3593 3234 3762 3281 conta-

2192 3314 2370 3385 gionis
2415 3313 2771 3384 pollutionem
2818 3314 3120 3384 contrajus
3167 3314 3361 3386 fasque
3388 3325 3765 3386 usurpatamet

2191 3406 2660 3463 subintroduetam
2704 3406 2911 3460 nollent
2942 3405 3199 3476 abjicere,
3238 3407 3578 3463 investiturae
3616 3408 3759 3463 etiam

2190 3499 2561 3554 mcclesiarum
2606 3513 2635 3553 a
2670 3498 2826 3553 laicis
2853 3497 3091 3553 indebita
3132 3510 3568 3569 usurparentur;
3595 3498 3757 3570 (1078,

2189 3588 2327 3643 Nov.
2366 3588 2451 3660 19)
2484 3589 2599 3660 ipse
2626 3604 2724 3658 pro
2751 3588 3029 3643 communi
3064 3589 3309 3644 ecclesiae
3343 3590 3577 3647 utilitate
3606 3599 3756 3646 etne-

2190 3680 2445 3735 cessitate
2483 3680 2540 3734 in
2574 3678 2932 3734 Lateranensi
2980 3679 3185 3749 palatio
3220 3689 3515 3751 aggregata
3554 3680 3758 3753 synodo,

2190 3770 2721 3825 circumsedentibus
2758 3769 3210 3840 archiepiscopis,
3233 3771 3533 3841 episcopis,
3573 3772 3760 3827 abbati-

2190 3862 2294 3917 bus
2320 3871 2375 3916 et
2402 3862 2670 3933 religiosis
2701 3860 2983 3932 Deumque
3007 3861 3329 3918 timentibus
3352 3863 3570 3918 clericis
3589 3873 3640 3919 et
3658 3879 3760 3917 mo-

2189 3954 2402 4022 nachis,
2434 3954 2502 4009 de
2528 3952 2917 4023 suprascriptis
2945 3961 3000 4008 et
3029 3953 3152 4008 aliis
3186 3954 3437 4010 ecclesiae
3477 3954 3759 4011 commodis

2190 4053 2452 4113 tractans,
2477 4046 2593 4100 haec
2620 4044 2912 4100 decretalia
2955 4045 3323 4116 promulgavit
3346 4032 3584 4118 capitula
3605 4045 3754 4119 (155).

2261 4136 2589 4207 Quicumque
2617 4136 2871 4204 militum,
2902 4144 3007 4191 etc.

2258 4227 2372 4284 llec
2399 4236 2527 4284 sunt
2553 4226 2857 4282 beatissimi
2886 4241 3040 4296 papae
3074 4213 3615 4298 synodalia‘decreta,
3643 4242 3754 4280 mo-

2185 4320 2341 4376 ribus
2369 4317 2707 4389 corrigendis
2737 4317 2951 4383 idonea,
2984 4326 3298 4371 sanctorum
3327 4316 3554 4373 Patrum
3587 4317 3752 4372 decie-

501 4419 777 4459 summum
820 4404 1117 4461 Christiani
1165 4405 1446 4475 regiminis
1505 4405 1720 4460 culmen
1768 4404 1977 4485 accitus
2031 4412 2086 4459 et
2115 4427 2162 4486 ο
2189 4412 2261 4468 iis
2296 4425 2561 4476 consona,
2591 4409 2732 4464 cmlo
2758 4416 2978 4463 rorante
3023 4408 3248 4475 stillata,
3294 4409 3572 4464 universis
3597 4407 3748 4462 ﬁdeli-

498 4495 739 4562 teiectus,
770 4495 1053 4551 divinitate
1090 4497 1146 4551 in
1170 4497 1328 4551 electi
1362 4498 1449 4552 sui
1482 4497 1811 4551 exultatione
1833 4512 2080 4550 comnm-

498 4604 626 4644 nem
666 4604 949 4646 servorum
998 4606 1225 4646 suorum
1278 4590 1620 4645 devotionem
1674 4589 1954 4657 incitante,
2013 4591 2079 4645 ad

498 4678 881 4749 perferendum
903 4681 1051 4751 quod
1071 4680 1401 4736 abhorrebat
1415 4680 1630 4751 jugum,
1657 4678 1914 4749 quodque
1935 4694 2079 4735 sem-

499 4784 596 4838 per
619 4771 839 4840 quidem
883 4771 1070 4835 animi,
1111 4771 1404 4842 aliquando
1458 4779 1639 4825 autem
1673 4769 1921 4840 corporis
1952 4768 2077 4841 fuga

499 4859 882 4929 declinaverat,
910 4872 1256 4920 mansuetum
1288 4862 1490 4918 animal
1518 4861 1751 4916 Domino
1775 4876 1877 4917 suo
1907 4863 2081 4917 cervi-

500 4966 617 5006 cem
662 4954 918 5011 subdidit.
964 4956 1289 5013 Electionem
1333 4971 1467 5012 vero
1508 4955 1575 5011 de
1611 4970 1669 5011 se
1711 4953 1909 5010 factam
1964 4955 2079 5025 ipse

2182 4512 2286 4558 bus
2313 4500 2657 4567 inculcanda,
2683 4499 3054 4570 amplectenda
3085 4509 3248 4569 atque
3277 4501 3538 4568 tenenda,
3561 4498 3749 4571 justiti:

2183 4594 2421 4650 dictante
2482 4593 2713 4663 prolata,
2778 4590 3099 4646 fortitudine
3157 4592 3437 4659 roborata,
3491 4589 3748 4662 prudentia

2185 4683 2547 4755 promulgata,
2580 4681 2955 4752 temperantiae
2991 4681 3194 4737 virtute
3222 4682 3473 4751 praedita.
3514 4682 3610 4737 Sed
3633 4695 3746 4751 pet-

2184 4776 2328 4829 versi
2371 4776 2501 4829 dum
2547 4773 2601 4827 in
2652 4789 2843 4828 eorum
2872 4788 3067 4828 norma
3094 4773 3218 4827 vitae
3258 4788 3374 4829 sua:
3421 4772 3746 4844 perversitate

2182 4866 2484 4933 olfenduut,
2517 4866 2617 4921 hec
2646 4865 2854 4937 gravia,
2881 4866 2982 4920 hec
3033 4864 3295 4932 dillicilia,
3341 4866 3465 4933 hec,
3492 4865 3609 4937 quia
3630 4878 3744 4918 eor-

2188 4958 2289 5029 rigi
2316 4958 2527 5023 nolunt,
2566 4957 2846 5027 emendari
2881 4954 3180 5028 refugiunt,
3208 4958 3539 5015 omnimodis
3576 4953 3742 5026 appet.

1887 5088 2115 5144 VARUE
2160 5091 2558 5149 LECTIONES.

570 5198 638 5233 “3
660 5201 833 5272 major
865 5219 988 5272 pars
1022 5207 1229 5276 pagina:
1256 5213 1427 5259 vacat.

1980 5313 2210 5373 ΝΟΤᾸΞ.

566 5408 716 5491 “5.3)
746 5408 786 5491 δ

823 5410 999 5466 nodus
1044 5410 1229 5466 habita
1273 5419 1358 5466 est
1398 5410 1539 5466 inter
1569 5408 1641 5480 Ad.
1673 5408 1708 5480 5
1739 5405 2074 5480 mensis_Ja-
2177 5409 2217 5472 l,
2242 5410 2296 5465 Ξ.
2339 5407 2490 5464 Pauli
2519 5408 2954 5480 _Bcruriedensis
2977 5407 3100 5464 Vita
3124 5408 3404 5480 Gregorii,
3432 5406 3517 5462 28.
3540 5400 3661 5457 Vide
3686 5399 3738 5454 in

494 5427 1661 5551 ηυῖτῗῗὲῗῖῗῗιῖἰεὲδὲὶξῗίιεξῆἀὲὃῗτγῗά.
1674 5427 2074 5551 ἧεῖἓιὲἒδρὲ
2176 5427 2656 5551 ἓνῖξςοῗῗὲἶὶγιῗῖἔῖ

530 5550 635 5621 orii
659 5550 727 5605 ad
753 5550 1059 5607 Manassem
1097 5546 1422 5621 Remcnsem
1472 5552 1527 5605 in
1557 5549 1791 5621 Registr.
1814 5546 1944 5621 ⁸ΥΙΙ,
1981 5548 2070 5614 12,

531 5617 726 5693 θεων.
756 5638 978 5693 quoque
999 5623 1131 5679 ibid.
1170 5619 1421 5693 νῃιιη,
1460 5621 1547 5693 18,
1579 5617 1664 5693 l9'2
1692 5618 1783 5693 29.
1814 5617 1877 5693 K_.

566 5692 714 5766 (154)
738 5686 871 5749 Data
890 5686 1087 5751 Roma:
1111 5693 1196 5748 11.
1224 5686 1343 5747 Kal.
1375 5686 1543 5748 Maiii.
1578 5690 1688 5747 ind.
1721 5689 1802 5744 11.
1832 5686 2067 5759 Registr.

2249 5538 2398 5620 (1"55)
2412 5549 2585 5605 Mansi
2600 5548 2719 5616 XX,
2750 5548 2854 5604 509
2869 5559 2924 5605 et
2948 5549 3095 5620 Men.
3129 5549 3316 5607 Germ.
3333 5548 3434 5605 SS.
3460 5545 3522 5611 V,
3545 5559 3594 5615 p.
3614 5538 3733 5602 5N.

2034 5637 2072 5656 "
2172 5621 2277 5678 515
2301 5619 2651 5695 (Patrologia:
2680 5630 2717 5677 t.
2750 5619 3051 5692 CXLVIII).
