3878 6310
134 316 226 373 293

1344 305 1763 364 CHRONICON.
1794 337 1861 345 —
1893 306 2022 362 LIB.
2047 307 2112 362 ll.

3271 315 3378 370 294

132 435 234 486 lant
272 425 640 497 impossnbilia.
670 422 718 479 0
756 428 993 479 mentem
1019 432 1291 478 amentem
1318 422 1331 476 !
1369 420 1414 476 Ο
1441 436 1693 491 spurcam
1725 427 1767 483 Α
1796 420 1946 490 poris
1975 419 2179 474 Christi
2202 428 2255 474 et
2283 421 2560 477 consortio
2589 421 2829 478 ﬁdelium
2852 434 3162 495 separaret;
3208 436 3269 481 ut
3296 429 3383 482 vel

136 523 414 596 nequitiam
438 531 491 576 et
519 520 912 590 nequissimam
949 516 1267 586 spurcitiam
1294 517 1306 570 !
1338 512 1610 584 Numquid
1645 514 1692 568 si

133 616 447 687 perditorum
477 627 658 667 mores
684 611 971 665 hominum
1002 608 1201 679 corrigi
1238 608 1568 679 refugientes
1594 606 1692 661 de-

134 708 339 778 sipiunt,
367 705 579 775 justitia
637 702 906 766 silebitur,
946 700 1122 771 pietas
1162 699 1591 765 conculcabitur,
1639 705 1694 752 et

132 794 509 850 :ccclesiastica:
554 790 1048 845 animadversionis
1101 787 1314 860 gladius
1352 803 1384 841 a
1426 787 1692 857 sanguine

132 884 531 956 prohibebitur?
580 882 673 938 Va:
714 881 937 949 rectori,
987 896 1151 950 quem
1200 878 1535 934 denotaverit
1563 890 1691 933 sen-

59 960 67 975 '
133 976 279 1030 tentia
322 974 550 1045 hujusce
584 972 1024 1029 maledictionis!
1072 971 1415 1036 Maledictus,
1459 970 1555 1036 ait,
1602 971 1693 1041 qui

130 1067 344 1136 prohibet
368 1066 605 1137 gladium
634 1081 789 1118 suum
821 1081 853 1118 α
889 1064 1146 1134 sanguine
1177 1061 1309 1133 (Jer.
1351 1078 1540 1127 XLVIII,
1579 1060 1688 1132 l0).

132 1156 358 1212 Gladium
406 1171 439 1211 a
489 1157 757 1226 sanguine
812 1156 1097 1225 prohibere
1151 1167 1236 1209 est
1291 1154 1695 1225 praedicationis

131 1247 332 1299 verbum
379 1257 413 1299 a
444 1246 686 1300 carnalis
726 1245 851 1300 vita:
900 1244 1275 1301 interfectione
1326 1246 1577 1300 retinere.
1610 1245 1693 1301 Ob

133 1337 253 1391 hanc
280 1337 444 1406 igitur
487 1353 735 1403 causam,
772 1338 902 1407 quia
943 1337 1153 1393 scilicet
1186 1346 1431 1392 sanctam
1481 1336 1575 1392 Dei
1599 1354 1691 1393 ec-

131 1429 330 1481 clesiam
355 1437 569 1483 castam
604 1444 729 1485 esse
759 1429 993 1494 volebat,
1023 1429 1250 1484 liberam
1278 1438 1441 1499 atque
1462 1430 1694 1485 catholi-

130 1535 252 1585 cam,
277 1520 405 1589 quia
455 1520 525 1575 de
568 1520 883 1575 sanctuario
920 1518 1015 1575 Dei
1059 1519 1439 1592 Symoniacam
1478 1529 1533 1575 et
1559 1537 1691 1576 neo-

129 1612 394 1682 phytorum
439 1611 680 1667 heresim
709 1621 764 1667 et
796 1610 973 1667 fedam
1006 1612 1311 1668 libidinosa:
1352 1612 1693 1683 contagionis

128 1702 463 1772 pollutionem
485 1704 701 1759 volebat
729 1704 1020 1773 expellere,
1052 1704 1278 1759 menbra
1307 1704 1507 1759 diaboli
1536 1719 1693 1773 cepe-

127 1803 237 1849 runt
272 1794 323 1848 in
352 1811 481 1850 eum
508 1795 883 1868 insurgere,et
916 1811 1090 1866 usque
1112 1796 1180 1850 ad
1200 1795 1520 1867 sanguinem
1549 1811 1689 1866 prte-
1723 1786 1766 1841 Β

125 1887 531 1957 sumpseruntin
558 1903 683 1942 eum
709 1902 906 1941 manus
945 1886 1178 1954 inicere,
1200 1895 1254 1941 et
1280 1895 1342 1941 ut
1370 1902 1496 1941 eum
1520 1895 1692 1942 morte

126 1979 195 2032 vel
223 1978 378 2033 exilio
414 1977 836 2045 confunderent,
886 1977 1076 2033 multis
1123 1994 1248 2033 eum
1295 1978 1473 2033 modis
1509 1979 1690 2032 conati

126 2078 233 2123 sunt
267 2068 500 2125 deicere.
543 2067 635 2124 Sic
665 2068 904 2123 surrexit
930 2069 1074 2123 inter
1099 2084 1326 2139 regnum
1360 2078 1414 2124 et
1436 2069 1691 2123 sacerdo-

122 2161 241 2214 tium
266 2162 568 2227 contentio,
618 2160 856 2215 accrevit
904 2159 1067 2215 solito
1102 2160 1318 2231 gravior
1355 2169 1558 2215 sanctae
1595 2160 1690 2215 Dei

124 2251 339 2308 ecclesia:
363 2253 671 2307 tribulatio.

183 2343 309 2413 (F01.
346 2344 495 2415 104.)
537 2343 831 2399 lleinricus
873 2342 1043 2409 enim,
1077 2340 1316 2398 lleinrici
1346 2343 1692 2413 imperatoris

125 2433 265 2501 ﬁlius,
298 2435 567 2491 adversus
615 2434 789 2490 Deum
834 2442 891 2489 et
917 2443 1148 2489 matrem
1184 2435 1431 2489 omnium
1453 2435 1690 2490 catholi-

126 2542 288 2581 corum
316 2526 625 2584 Romanam
646 2527 953 2583 azcclesiam
988 2526 1221 2596 superbe
1258 2527 1520 2593 tumidus,
1561 2527 1689 2597 quia

127 2619 217 2672 vita
242 2619 355 2689 ejus
379 2635 553 2689 prava
584 2627 906 2675 sanctorum
928 2617 1155 2674 Patrum
1183 2617 1417 2674 decretis
1438 2628 1494 2674 et
1520 2635 1691 2674 cano-

127 2710 243 2766 nicis
266 2712 625 2767 aversabatur
640 2711 927 2777 institutis,
945 2710 1207 2765 adversus
1230 2708 1400 2764 Deum
1422 2718 1475 2765 et
1501 2710 1693 2765 adver-

126 2818 206 2858 sus
227 2803 505 2859 Christum
528 2803 648 2873 ejus
676 2801 995 2869 insurrexit,
1018 2800 1425 2857 azcclesiasticis
1453 2802 1687 2856 sanctio-

126 2893 263 2950 nibus
292 2894 454 2965 impie
483 2892 666 2949 factus
704 2891 947 2959 rebellis,
991 2892 1219 2947 menbra
1249 2891 1455 2947 diaboli
1501 2900 1690 2946 contra

126 2996 228 3036 eum
254 2984 551 3050 incitando,
577 2991 631 3038 et
657 2997 852 3038 omnes
874 2997 1013 3053 quos
1050 2982 1228 3052 potuit
1256 2980 1444 3048 minis,
1473 2980 1702 3040 blandi-.

126 3070 230 3137 ciis,
258 3073 580 3138 terroribus,
623 3071 945 3126 muneribus
991 3078 1183 3125 contra
1230 3084 1356 3124 cum
1403 3070 1687 3132 armando,

129 3133 245 3217 facta
264 3179 382 3219 cum
408 3133 605 3219 multis
631 3162 903 3233 episcopis
927 3160 1378 3216 L0tharicnsibus
1404 3169 1459 3214 et
1482 3159 1689 3214 Trans-
1718 3133 1762 3196 Ο

130 3256 460 3312 rhenensihus
490 3254 916 3325 conspiratione.
942 3251 1128 3307 Posito
1155 3251 1304 3323 (156)
1337 3251 1485 3305 enim
1513 3252 1692 3307 adhuc

129 3344 175 3398 in
200 3348 514 3404 diaconatus
543 3347 719 3403 olﬁcio
748 3345 941 3402 eodem
979 3359 1117 3415 papa
1155 3343 1527 3408 sanctissimo,
1564 3359 1690 3398 cum

128 3438 184 3491 de
207 3454 265 3493 eo
303 3438 530 3494 sinistra
578 3446 632 3493 et
673 3437 962 3491 inhonesta
1010 3434 1214 3504 ubique
1261 3431 1496 3488 ferretur
1522 3431 1689 3500 fama,

129 3540 319 3600 propter
343 3531 684 3602 lmperialem
727 3529 1047 3600 dignitatem
1083 3535 1138 3582 et
1179 3527 1351 3597 patris
1388 3525 1691 3596 matrisque

129 3624 484 3689 reverentiam,
511 3637 723 3678 necnon
741 3628 960 3691 propter
990 3635 1140 3690 spem
1167 3618 1528 3674 correctionis
1548 3617 1687 3687 ejus,

131 3728 237 3781 sepe
264 3715 327 3769 ab
359 3731 424 3770 eo
459 3714 661 3769 litteris
691 3722 745 3769 et
771 3712 989 3767 nunciis
1017 3720 1101 3766 est
1127 3709 1462 3776 admonitus,
1498 3718 1556 3763 ut
1578 3724 1689 3763 me-

130 3818 230 3859 mor
245 3807 536 3863 clarissimi
563 3807 796 3877 generis,
826 3820 1039 3860 memor
1068 3804 1367 3874 imperialis
1386 3803 1687 3874 dignitatis,

129 3895 268 3952 vitam
296 3914 451 3953 suam
509 3897 756 3953 moribus
804 3896 1034 3966 imperio
1074 3896 1505 3967 congruentibus
1534 3895 1690 3951 insti-

129 3997 303 4056 lueret,
368 3999 429 4045 ut
508 4003 690 4059 regem
754 3996 815 4044 se
872 3996 928 4042 et
994 3988 1376 4057 imperatorem
1441 3986 1688 4042 moribus

128 4084 444 4149 ostenderet,
513 4080 772 4151 operibus
841 4079 1101 4134 exiberet.
1178 4077 1283 4132 Sed
1356 4078 1486 4148 quia
1561 4094 1690 4133 cum

128 4181 258 4228 etate
295 4174 439 4229 illius
482 4187 702 4244 quoque
735 4170 951 4241 pariter
973 4169 1144 4225 crevit
1189 4169 1474 4239 iniquitas,
1517 4169 1689 4223 subli-

129 4277 279 4325 matus
314 4269 367 4323 in
403 4268 601 4323 ordine
624 4265 994 4337 pontiﬁcatus,
1034 4263 1360 4319 auctoritate
1392 4260 1552 4318 ofﬁcii
1584 4262 1690 4317 sibi

126 4361 375 4416 commissi
401 4360 580 4415 multo
627 4357 914 4413 sollicitius
965 4356 1035 4411 ad
1089 4355 1214 4410 vita:
1254 4353 1687 4408 meliorationcm

127 4469 232 4508 eum
253 4454 303 4508 in
331 4454 447 4509 dies
480 4452 837 4517 hortabatur;
866 4464 991 4505 cum
1020 4448 1108 4503 ille
1135 4446 1485 4503 excusatione
1512 4446 1687 4501 aztatis
1718 4466 1765 4525 ο

130 4539 263 4596 ﬂuxae
285 4551 337 4597 et
361 4541 574 4613 fragilis
594 4540 660 4594 de
680 4539 768 4593 die
791 4538 844 4592 in
867 4537 1010 4591 diem
1037 4536 1243 4592 monita
1267 4535 1386 4605 ejus
1410 4550 1467 4590 se
1500 4549 1688 4589 susce-

130 4641 317 4699 pturum
342 4633 523 4688 verbis
554 4630 772 4701 quidem
815 4628 1173 4699 promitteret,
1228 4636 1467 4681 ceterum
1524 4641 1582 4680 re
1633 4635 1689 4680 et

130 4725 514 4796 cxaggeratione
543 4723 849 4792 culparum,
899 4720 1045 4773 malo
1094 4734 1283 4773 eorum
1344 4718 1400 4771 in
1448 4733 1684 4787 quorum

131 4829 298 4869 manus
318 4814 467 4869 curia
488 4820 610 4868 erat
633 4810 885 4876 consilio,
913 4808 1131 4880 penitus
1154 4807 1520 4863 conculcarct.
1548 4805 1688 4863 Hinc

129 4906 220 4975 jam
244 4908 531 4979 proclivior
559 4905 735 4963 factus
768 4903 836 4959 ad
880 4903 1102 4967 scelera,
1127 4916 1366 4971 praeceps
1422 4900 1687 4971 praecipiti

131 5016 242 5057 usus
271 5003 496 5059 consilio
522 5000 799 5056 ferebatur
825 5013 923 5068 per
949 4995 1125 5051 devia.
1170 4992 1363 5048 Visum
1409 5002 1492 5048 est
1533 5008 1687 5063 papa:

131 5093 438 5162 beatissimo,
469 5104 531 5150 ut
574 5092 873 5148 familiares
919 5090 1059 5159 ejus,
1112 5100 1348 5158 quorum
1405 5081 1687 5141 machina-

131 5186 352 5244 cionibus
376 5203 472 5259 per
500 5186 849 5257 episcopatus
867 5190 922 5237 et
946 5179 1277 5237 monasteria
1314 5179 1552 5233 inductis
1584 5177 1685 5249 Sy-

134 5279 349 5335 moniace
374 5279 516 5349 lupis
546 5293 645 5348 pro
673 5274 1005 5346 pastoribus,
1031 5271 1274 5326 ecclesia:
1316 5268 1682 5324 innocentiam

134 5368 286 5425 heresi
317 5370 549 5427 nefanda
584 5368 877 5432 fedaverat,
906 5364 974 5419 ad
1024 5360 1401 5433 pmnitentiam
1444 5368 1680 5424 vocaret,

135 5459 380 5517 venientes
403 5460 719 5531 susciperet,
746 5462 1066 5527 respuentes
1086 5468 1119 5507 a
1143 5450 1536 5508 communione
1556 5465 1682 5505 cor-

1792 510 1873 565 sic
1903 526 2029 563 eum
2053 509 2122 563 ab
2144 526 2335 565 eorum
2360 513 2702 583 surreptione
2749 524 2803 569 et
2858 517 3097 587 maligno
3147 520 3380 575 consilio

1793 610 2120 672 segregaret,
2150 602 2451 659 admonens
2479 620 2603 659 eum
2632 614 2691 660 ut
2737 620 2833 661 eos
2876 611 3383 667 excommunicatcs

1793 707 1823 745 a
1850 692 2032 758 domo,
2060 708 2091 747 a
2114 693 2384 761 convivio,
2423 695 2492 749 ab
2525 695 2675 750 omni
2705 697 2867 751 etiam
2914 696 3284 755 familiaritate
3328 712 3383 757 et

1792 786 2178 841 communione
2217 803 2317 844 sua
2361 790 2668 859 expelleret.
2724 789 2943 846 Interim
2992 809 3122 849 vero
3176 795 3383 851 invale-

1794 886 1980 933 scente
2010 888 2200 933 contra
2223 895 2347 934 cum
2385 879 2660 936 Saxonum
2687 899 2874 950 causa,
2897 900 3023 939 cum
3043 886 3187 942 vires
3227 891 3379 960 regni

1793 978 1848 1024 et
1876 971 2127 1040 praesidia
2159 987 2189 1025 a
2213 987 2271 1027 se
2296 972 2501 1027 videret
2529 974 2759 1030 deﬁcere
2793 976 2949 1045 velle,
2997 979 3284 1048 epistolam
3331 980 3382 1034 ei

1794 1062 1994 1118 direxit
2022 1066 2319 1134 supplicem
2344 1073 2397 1119 et
2419 1066 2723 1121 humilitate
2761 1068 3000 1137 plenam,
3025 1072 3379 1139 penitentiam

1793 1154 1861 1209 de
1912 1155 2233 1225 perpetratis
2274 1171 2459 1226 agens,
2513 1158 2948 1214 emendationem
2999 1161 3283 1230 pollicens,
3328 1170 3382 1216 et

1795 1261 1952 1301 suam
1987 1246 2037 1301 ei
2066 1246 2428 1302 obedientiam
2458 1256 2511 1302 et
2540 1247 2694 1303 ﬁdele
2722 1250 3051 1319 adjutorium
3074 1262 3267 1307 contra
3288 1268 3378 1307 rc-

1793 1337 2057 1393 liellantes
2082 1338 2423 1411 promittens.
2461 1337 2527 1393 Et
2550 1339 2654 1395 hoc
2673 1342 3019 1410 postmodum
3043 1343 3235 1415 legatis
3260 1344 3383 1413 ejus

1795 1427 2095 1484 Humberto
2119 1428 2456 1485 Praenestino
2477 1444 2531 1490 et
2553 1430 2773 1487 Giraldo
2820 1431 3058 1488 Ostiensi
3110 1434 3384 1504 episcopis

1795 1520 1850 1574 in
1882 1522 2098 1575 illorum
2126 1537 2323 1577 manus
2354 1538 2450 1592 per
2500 1532 2748 1579 sacratas
2795 1539 2986 1579 eorum
3023 1526 3212 1592 stolas,
3244 1541 3384 1595 quas

1795 1611 1934 1666 collo
1957 1612 2261 1682 gestabant,
2283 1612 2644 1683 jurejurando
2667 1613 3020 1670 conﬁrmans.
3053 1614 3257 1675 Textus
3287 1632 3386 1670 aii--

1795 1709 1903 1755 tem
1930 1701 2293 1771 epistolaaiste
2314 1712 2400 1758 est
2432 1722 2446 1758 :

1863 1789 2001 1861 (F01.
2032 1792 2222 1847 1051).)
2272 1813 2289 1844 ‹
2324 1792 2754 1864 Vigilantissimo
2784 1804 2839 1850 et
2882 1796 3387 1852 desiderantissimo

1793 1879 1996 1935 domno
2022 1897 2176 1951 papa:
2204 1882 2469 1955 Gregorio
2517 1886 2815 1954 apostolica
2868 1887 3131 1957 dignitate
3175 1889 3385 1944 caelitus

1792 1971 2075 2043 insignito,
2100 1972 2385 2029 Heinricus
2416 1973 2509 2030 Dei
2538 1975 2709 2046 gratia
2747 1974 3121 2031 Romanorum
3152 1993 3250 2033 rex
3290 1978 3388 2034 tle--

1792 2062 1892 2118 biti
1929 2062 2227 2118 famulatus
2266 2064 2637 2120 ﬁdelissimam
2686 2065 3057 2120 exibitionem.
3103 2066 3241 2120 Cum
3289 2083 3381 2122 re-

1792 2169 1958 2224 gnum
1984 2163 2037 2208 et
2073 2156 2458 2221 sacerdotium,
2482 2166 2541 2210 ut
2563 2157 2617 2210 in
2641 2156 2862 2212 Christo
2884 2158 2986 2212 rite
3007 2158 3384 2214 administrata

1792 2247 2113 2314 subsistant,
2135 2247 2339 2302 vicaria
2386 2248 2472 2303 sui
2501 2264 2603 2319 ope
2637 2266 2852 2320 semper
2882 2250 3182 2321 indigeant,
3217 2266 3384 2321 opor-

1793 2348 1869 2393 tet
1900 2340 2184 2408 nimirum,
2208 2340 2429 2395 domine
2458 2341 2533 2395 mi
2564 2349 2618 2395 et
2649 2351 2801 2411 pater
2830 2343 3231 2411 amantissime,
3256 2360 3388 2415 qua-

1794 2432 1941 2487 tinus
1967 2431 2036 2485 ab
2062 2431 2294 2486 invicem
2322 2430 2549 2486 minime
2577 2432 2926 2499 dissentiant,
2957 2450 3150 2489 verum
3199 2436 3385 2506 potius

1792 2522 1997 2578 Christi
2026 2523 2261 2594 gluttiuo
2298 2522 2750 2593 conjunctissima
2779 2523 3230 2580 indissolubiliter
3278 2526 3383 2581 sibi

1791 2614 2103 2669 cohereaut.
2135 2611 2382 2682 Namque
2407 2611 2488 2667 sic
2516 2621 2571 2666 et
2595 2628 2704 2667 non
2736 2613 2896 2667 aliter
2925 2626 3281 2670 conservatur
3324 2615 3383 2670 in

1792 2703 2010 2758 vinculo
2031 2701 2281 2773 perfectae
2299 2701 2547 2757 caritatis
2569 2712 2623 2757 et
2649 2703 2887 2771 pacis,ct
2907 2702 3235 2761 Christianae
3257 2723 3385 2763 con-

1792 2794 2083 2851 concordia
2112 2793 2341 2848 unitatis
2370 2801 2425 2847 et
2453 2792 2822 2849 ecclesiasticae
2856 2794 3021 2850 simul
3049 2804 3225 2851 status
3256 2798 3384 2852 reli-

1792 2887 1989 2958 gionis.
2020 2884 2126 2941 Sed
2154 2901 2274 2952 nos,
2304 2884 2399 2956 qui
2435 2883 2544 2939 Deo
2565 2894 2839 2941 annuente
2861 2886 3014 2958 regni
3057 2886 3170 2957 jam
3220 2888 3385 2943 sorti-

1792 2995 1917 3034 mur
1931 2977 2323 3045 ministerium,
2342 2978 2647 3035 sacerdotio
2663 2986 2722 3033 ut
2738 2980 2980 3048 oportuit
2990 2995 3085 3049 per
3096 2979 3278 3035 omnia
3288 2984 3384 3051 jus

1791 3080 1846 3127 et
1865 3071 2130 3126 honorem
2154 3086 2263 3125 non
2283 3070 2595 3127 exibuimus
2626 3072 2948 3143 legitimum.
2995 3070 3205 3143 Quippe
3241 3074 3382 3128 datae

1793 3162 1953 3220 nobis
1977 3178 2009 3217 a
2034 3160 2146 3217 Deo
2174 3162 2458 3231 potestatis
2501 3161 2769 3218 vindicem
2811 3164 3050 3235 gladium
3097 3180 3207 3218 non
3263 3165 3381 3219 sine

1795 3270 1961 3311 causa
1983 3254 2345 3325 portavimus,
2378 3270 2481 3311 nec
2518 3263 2703 3310 tamen
2758 3256 2813 3310 in
2862 3271 3007 3323 reos,
3058 3267 3121 3311 ut
3164 3257 3379 3327 justum

1793 3344 1915 3412 fuit,
1936 3345 2227 3415 judiciaria
2262 3346 2417 3400 illum
2466 3361 2701 3402 censura
2749 3346 3181 3419 evaginavimus.
3226 3348 3383 3404 Nunc

1793 3445 1976 3491 autem
1998 3436 2182 3491 divina
2210 3437 2564 3492 miseratione
2604 3438 3003 3509 aliquantulum
3045 3441 3379 3509 compuncti,

1792 3527 1923 3583 etin
1950 3542 2051 3582 nos
2080 3527 2304 3595 reversi,
2330 3538 2551 3597 peccata
2579 3536 2766 3584 nostra
2808 3529 3019 3599 priores
3056 3538 3251 3585 vestrae
3296 3529 3381 3585 in-

1792 3619 2219 3690 dulgentissima:
2242 3619 2554 3689 paternitati
2577 3635 2679 3675 nos
2704 3622 3013 3676 accusando
3037 3621 3379 3688 conﬁtemur,

1792 3721 2075 3783 sperantes
2097 3712 2164 3767 de
2186 3711 2343 3767 vobis
2371 3712 2427 3767 in
2450 3711 2704 3779 Domino,
2728 3722 2788 3767 ut
2842 3714 3141 3784 apostolica
3200 3722 3381 3770 vestra

1791 3803 2113 3859 auctoritate
2147 3803 2381 3858 absoluti
2400 3803 2688 3873 justiticari
2719 3819 3048 3860 mereamur.
3079 3804 3233 3860 Eheu
3274 3804 3383 3860 cri-

1791 3896 1992 3951 minosi
2021 3910 2123 3951 nos
2151 3903 2205 3949 et
2224 3893 2501 3950 infelices!
2538 3896 2736 3965 partim
2767 3897 3013 3966 pueritiae
3048 3897 3380 3953 blandientis

1791 3987 2128 4052 instintione,
2145 3986 2343 4057 partim
2365 3988 2649 4057 potestatis
2674 3996 2875 4044 nostra:
2899 3989 3192 4059 imperiosa
3216 3989 3381 4044 liber-

1793 4087 1921 4144 tate,
1937 4079 2134 4147 partim
2156 4079 2320 4134 etiam
2349 4095 2562 4146 eorum,
2583 4096 2815 4150 quorum
2839 4081 3130 4137 seductiles
3147 4081 3378 4136 nimium

1791 4169 2009 4239 sequuti
2037 4185 2231 4225 sumus
2265 4171 2515 4238 consilia,
2540 4172 2849 4227 seductoria
2888 4172 3225 4243 deceptione,
3250 4189 3378 4243 pec-

1790 4258 2036 4313 cavimus
2064 4258 2118 4311 in
2150 4259 2349 4313 ccelum
2376 4268 2430 4314 et
2457 4275 2643 4315 coram
2672 4260 2848 4326 vobis,
2872 4270 2927 4315 et
2944 4262 3059 4331 jam
3088 4263 3237 4333 digni
3266 4278 3377 4318 non

1791 4365 1984 4406 sumus
2005 4349 2291 4405 vocatione
2319 4358 2513 4405 vestrae
2542 4351 2840 4407 ﬁliationis.
2871 4351 2988 4406 Non
3018 4355 3195 4408 solum
3231 4356 3375 4410 enim

1789 4457 1892 4500 nos
1922 4458 2011 4498 res
2031 4441 2449 4499 azcclesiasticas
2474 4442 2794 4508 invasimus,
2824 4459 3009 4498 verum
3039 4460 3256 4515 quoque
3294 4447 3377 4500 in-

1786 4535 1966 4607 dignis
1990 4535 2324 4606 quibuslibet
2342 4542 2396 4590 et
2425 4533 2753 4607 Symoniaco
2800 4534 2922 4592 felle
2963 4536 3293 4601 amaricatis,
3324 4548 3375 4592 ct

1786 4644 1898 4683 non
1936 4643 2034 4699 per
2062 4628 2262 4683 ostium
2307 4627 2400 4684 sed
2445 4628 2663 4683 aliunde
2706 4629 3152 4707 ingredientibus,
3182 4630 3375 4685 :nccle-

1787 4720 1900 4775 sias
1934 4720 2082 4790 ipsas
2106 4720 2470 4786 vendidimus,
2494 4728 2549 4774 et
2578 4735 2687 4774 non
2712 4735 2805 4775 eas
2830 4728 2889 4774 ut
2921 4721 3160 4790 oportuit
3184 4720 3371 4775 defen—

1787 4812 1989 4867 dimus.
2020 4812 2090 4867 At
2117 4829 2283 4879 nunc,
2309 4814 2436 4883 quia
2470 4813 2571 4869 soli
2605 4814 2813 4883 absque
2845 4822 3025 4869 vestra
3055 4814 3374 4870 auctoritate

1787 4903 2065 4958 azcclcsias
2092 4904 2366 4973 corrigere
2413 4919 2521 4958 non
2567 4919 2885 4974 possumus,
2934 4919 3098 4974 super
3153 4905 3258 4971 his,
3314 4918 3372 4961 ut

1786 4998 1952 5052 etiam
1982 4998 2049 5052 de
2076 4997 2278 5051 nostris
2301 4997 2575 5063 omnibus,
2592 5004 2836 5051 vestrum
2864 5011 2976 5051 una
3001 4997 3288 5053 consilium
3319 5011 3373 5054 et

1786 5088 2049 5143 auxilium
2075 5087 2273 5141 obnixe
2298 5086 2608 5156 querimus;
2631 5094 2874 5141 vestrum
2897 5097 3224 5158 praeceptum
3251 5098 3369 5144 stu-

1785 5180 2099 5235 diosissime
2125 5179 2431 5235 servabitur
2455 5194 2510 5232 in
2535 5179 2810 5235 omnibus.
2839 5177 2906 5235 Et
2934 5196 3079 5235 nunc
3101 5180 3369 5252 imprimis

1786 5268 1854 5323 de
1877 5268 2124 5323 tecclesia
2146 5266 2556 5335 Mediolanensi,
2570 5283 2693 5338 qua:
2712 5277 2899 5323 nostra
2922 5268 3078 5338 culpa
3101 5269 3155 5322 in
3184 5284 3368 5327 errore

1787 5366 1892 5424 est,
1919 5374 2199 5429 rogamus,
2229 5366 2291 5412 ut
2320 5366 2500 5413 vestra
2549 5358 2844 5427 apostolica
2896 5357 3236 5413 districtione
3272 5374 3366 5414 ca-

1788 5449 1987 5506 nonice
2009 5450 2336 5520 corrigatur,
2362 5459 2416 5505 et
2443 5450 2639 5505 exinde
2667 5449 2734 5505 ad
2757 5456 2984 5505 caeteras
3018 5449 3364 5520 corrigendas

1593 5549 1803 5607 ΝΟΤΛΕ

195 5641 326 5713 (156)
356 5643 536 5699 Posito
552 5672 627 5684 —
642 5642 1052 5713 conﬁrmansex
1079 5638 1313 5713 epistola
1346 5638 1592 5713 Gregorii
1615 5642 1683 5697 ad

138 5707 426 5780 Germanos,
454 5730 572 5784 quae
601 5714 656 5768 in
691 5707 877 5769 codice
907 5707 1146 5767 Udalrici
1182 5710 1305 5778 M6,
1336 5707 1481 5781 apud
1504 5728 1678 5767 anna-

1788 5642 1970 5698 listam
1997 5639 2269 5696 Saxonem
2304 5649 2358 5695 et
2396 5638 2840 5696 Bernriedensem
2887 5637 2953 5692 78
2976 5642 3242 5692 servatur.
3275 5630 3354 5687 Cf.

1787 5712 2140 5768 Bcrtholdum
2166 5727 2217 5768 a.
2246 5711 2402 5766 1075.
