3878 6310
87 359 164 416 297
1286 347 1699 406 CHRONICON.
1723 381 1793 389 —-
1820 347 1950 406 LIB.
1979 350 2040 405 li.

3205 359 3312 417 298

87 478 264 533 Scimus
297 471 546 543 quoniam
589 467 877 540 prudentia
913 474 1094 522 vestra
1114 509 1127 532 ,
1174 486 1190 517 ι
1239 465 1516 540 ριο.⁴νὶάε
1559 467 1612 519 in
1645 467 1688 523 A
1714 475 1768 520 et
1793 482 1939 521 nunc
1960 468 2157 523 iterum
2197 469 2559 538 postulamus,
2589 479 2646 524 ut
2674 469 2964 526 Paulinum
2995 473 3314 542 Aquileien—

87 568 296 640 Gregario
328 563 454 618 VII.

141 661 248 716 Item
278 659 341 714 ad
365 671 552 712 omnes
593 652 822 710 clericos
845 663 900 708 et
918 651 1089 709 laicos
1136 652 1191 706 in
1229 666 1402 722 regno
1437 649 1621 705 Theu-

85 753 382 811 thonicorum
413 747 736 804 constitutos
767 746 835 800 de
875 745 1063 800 eadem
1106 759 1166 799 re
1196 742 1344 814 (164)
1373 762 1385 797 :
1424 762 1442 794 ι
1484 742 1620 798 Grc-

86 846 234 917 gorius
275 843 576 913 episcopus,
625 854 818 894 servus
865 853 1150 892 servorum
1189 835 1318 903 Dei,
1364 835 1622 890 omnibus

85 936 258 992 clericis
284 943 334 989 et
366 933 518 988 laicis
549 932 602 986 in
638 946 806 1002 regno
825 927 1328 985 Theuthonicorum
1351 928 1621 984 constitu-

83 1031 154 1092 tis,
177 1028 381 1081 salutem
406 1033 459 1078 et
478 1023 829 1095 apostolicam
851 1021 1302 1077 benedictionem.
1325 1020 1463 1092 (Fol.
1480 1019 1621 1090 106‘)

86 1117 360 1172 Audivimus
388 1115 536 1186 quod
566 1113 788 1185 quidam
823 1113 1236 1183 episcoporum,
1270 1131 1288 1163 ι
1341 1120 1446 1166 etc.
1494 1110 1623 1164 Vide

85 1209 126 1260 in
150 1207 396 1277 Gregorio.

139 1298 255 1366 Quia
287 1313 412 1370 ergo
453 1306 583 1353 sunt
609 1295 833 1368 quidam
864 1294 958 1367 qui
993 1293 1204 1362 dicunt,
1236 1291 1479 1348 inaudita
1505 1293 1622 1348 haec

85 1389 252 1446 domini
269 1405 413 1461 papae
439 1398 730 1460 praecepta,
767 1395 1040 1460 quatenus
1073 1401 1106 1442 a
1141 1386 1482 1442 secularibus
1518 1400 1619 1456 po-

85 1481 346 1548 testatibus,
379 1488 440 1535 ut
472 1479 545 1535 ab
580 1478 758 1535 ofﬁcio
789 1486 1022 1545 cessent,
1058 1477 1111 1531 vi
1137 1483 1491 1533 coerceantur
1515 1475 1622 1531 sci-

85 1576 258 1632 smatici
282 1575 537 1645 episcopi,
575 1582 630 1629 et
657 1582 718 1628 ut
750 1572 985 1628 cilicium
1022 1587 1213 1626 eorum
1255 1586 1365 1626 non
1391 1571 1622 1642 recipia-

85 1672 156 1718 tur
181 1683 192 1717 :
218 1673 515 1719 scrutemur
535 1672 688 1735 gesta
718 1671 958 1733 patrum,
984 1672 1038 1717 et
1075 1661 1356 1717 videamus
1377 1661 1446 1716 ad
1467 1661 1622 1717 editi-

85 1759 308 1812 cationem
330 1758 688 1825 audientium,
716 1759 761 1813 si
785 1757 916 1828 quid
944 1757 1122 1814 simile
1149 1757 1424 1812 invenitur
1457 1758 1513 1812 in
1535 1773 1621 1814 se-

85 1851 146 1904 rie
165 1851 534 1919 scripturarum
561 1850 889 1905 divinarum.
922 1848 990 1904 Et
1009 1833 1342 1905 certe'nichil
1362 1851 1451 1906 hic
1471 1851 1619 1917 novi,

87 1958 168 1995 non
190 1941 275 1997 hcc
300 1943 469 2012 prima
518 1941 721 1998 diaboli
768 1943 822 1997 in
865 1952 1111 1998 sanctam
1142 1943 1442 1998 aecclesiam
1486 1951 1623 1998 tem-

87 2033 236 2099 ptatio,
258 2049 349 2088 nec
376 2035 558 2104 prima
587 2035 708 2104 ejus
735 2034 848 2090 haec
873 2044 956 2090 est
989 2034 1328 2090 medicinalis
1353 2033 1618 2091 defensio.

87 2122 287 2194 Pelagius
325 2140 458 2194 papa
493 2125 577 2178 vir
603 2140 815 2195 magna:
850 2124 904 2178 in
941 2123 1161 2178 Christo
1203 2132 1257 2178 et
1293 2123 1348 2177 in
1376 2124 1622 2180 aecclesia

87 2216 247 2283 gloriae,
269 2218 346 2269 vir
370 2232 585 2288 magna:
615 2215 957 2271 auctoritatis
999 2225 1053 2270 et
1093 2215 1301 2289 gratiae,
1339 2214 1624 2270 videamus

85 2307 184 2374 quil
208 2307 338 2362 dicat
356 2309 422 2362 de
457 2307 692 2362 Paulino
725 2306 1060 2377 Aquileiensi
1097 2307 1564 2377 pseudoepiscopo
1593 2323 1620 2361 a

87 2397 425 2455 Mediolanensi
477 2409 671 2456 contra
715 2415 924 2455 morem
973 2399 1296 2454 canonicum
1347 2400 1620 2455 ordinato.

87 2490 347 2560 Aititaque,
384 2491 638 2547 scribens
658 2490 895 2546 Iohanni
931 2491 1159 2562 patricio
1200 2510 1212 2546 :
1259 2511 1277 2542 ε
1307 2491 1628 2563 Relegentes

88 2582 250 2638 litteras
279 2585 608 2640 excellentia:
630 2593 846 2652 vestras,
866 2584 934 2639 de
955 2583 1154 2655 injuria
1189 2584 1430 2654 quidem,
1458 2599 1623 2654 quam

87 2671 205 2726 vobis
249 2673 557 2744 iniquorum
619 2674 903 2729 hominum
964 2675 1318 2744 praesumptio
1363 2673 1622 2744 ingessit,

89 2765 205 2819 valde
225 2766 511 2822 doluimus.
542 2765 646 2821 Sed
674 2767 800 2837 quia
833 2767 1038 2823 scimus
1064 2769 1278 2823 occulto
1303 2767 1398 2823 Dei
1417 2769 1626 2838 judicio

89 2857 277 2913 animam
305 2869 566 2925 vestram,
604 2859 706 2914 etsi
752 2875 849 2930 per
893 2861 1125 2914 aliorum
1175 2861 1518 2930 iniquitatem
1561 2877 1625 2916 ac

90 2950 346 3017 superbiam
384 2967 414 3005 a
447 2950 920 3007 contaminatione
955 2951 1232 3007 scismatis
1271 2953 1622 3019 custoditum,

88 3040 255 3108 egimus
277 3041 638 3113 omnipotenti
663 3040 773 3096 Deo
799 3042 1024 3114 gratias,
1055 3041 1148 3112 qui
1176 3041 1341 3097 etiam
1371 3043 1438 3097 de
1465 3043 1624 3098 malis

1725 576 1839 616 sem
1868 561 2392 632 pseudoepiscopum
2416 571 2470 618 et
2506 561 2659 617 illum
2701 561 3157 618 Mediolanensem
3192 566 3309 634 epi-

1723 668 1950 723 scopum
1992 654 2059 708 ad
2101 653 2588 710 clementissimum
2648 654 2950 725 principem
2995 655 3100 710 sub
3145 656 3310 728 digna

1723 745 1970 801 custodia
1999 745 2246 816 dirigatis
2281 764 2294 799 :
2321 755 2382 800 ut
2410 746 2534 812 iste,
2565 746 2660 816 qui
2690 746 2980 817 episcopus
3007 762 3130 804 esse
3162 748 3313 804 nullo

1723 838 1888 892 modo
1907 845 2105 908 potest,
2132 833 2261 908 quia
2283 847 2473 893 contra
2496 855 2712 894 onmem
2733 839 3053 895 canonicam
3079 854 3314 897 consue-

1722 929 1966 984 tudinem
1995 929 2171 986 factus
2206 939 2311 998 est,
2338 931 2483 986 ultro
2522 932 2663 988 alios
2689 946 2800 986 non
2831 932 3054 1002 perdat;
3098 941 3156 990 et
3196 934 3308 1001 ille,

1722 1019 1817 1090 qui
1853 1029 2045 1077 contra
2065 1037 2274 1076 morem
2298 1023 2581 1093 antiquum
2613 1039 2737 1078 cum
2766 1024 3020 1080 ordinare
3041 1041 3312 1096 praesum-

1722 1115 1852 1184 psit,
1883 1114 2078 1169 debitae
2126 1115 2431 1170 canonibus
2471 1117 2724 1171 vindicta:
2773 1117 3071 1187 subiaceat.
3108 1136 3130 1171 υ
3175 1117 3311 1173 Item

1723 1205 1975 1278 Pelagius
1999 1205 2239 1262 Johanni
2265 1205 2538 1262 defensori
2565 1226 2578 1262 :
2635 1227 2652 1258 ‹
2684 1207 3029 1265 Eleutherius
3059 1207 3230 1265 frater
3255 1218 3314 1265 et

1721 1300 2078 1372 coepiscopus
2099 1307 2286 1354 noster
2305 1300 2574 1370 queritur,
2598 1299 2825 1356 clericos
2846 1316 2976 1358 suos
2997 1301 3102 1357 sibi
3122 1310 3313 1358 contra

1721 1405 1969 1447 canones
1988 1391 2292 1461 superbire,
2316 1401 2371 1446 et
2395 1392 2447 1447 id
2475 1392 2622 1462 quod
2647 1391 2808 1447 nobis
2829 1392 3148 1461 iubentibus
3169 1393 3312 1450 facta

1721 1482 1776 1538 in
1800 1483 2004 1539 scrinio
2030 1483 2286 1539 cautione
2306 1485 2575 1554 promisit,
2604 1491 2668 1539 ut
2688 1483 2978 1550 cotidianis
3011 1485 3203 1541 diebus
3229 1486 3314 1540 vi-

1721 1574 1862 1646 gilis:
1885 1575 1941 1630 in
1963 1575 2085 1645 ejus
2125 1575 2466 1631 celebrentur
2493 1575 2744 1641 ecclesia,
2777 1575 2887 1630 illis
2917 1583 3310 1646 contempnen-

1721 1668 1869 1722 tibus
1894 1667 2120 1738 implere
2149 1682 2258 1722 non
2282 1683 2462 1738 posse.
2490 1666 2557 1722 Et
2577 1668 2700 1722 ideo
2725 1666 3058 1737 experientia
3078 1675 3171 1722 tua
3193 1683 3310 1735 eos,

1721 1775 1862 1829 quos
1891 1760 1988 1814 tibi
2019 1775 2140 1815 esse
2170 1761 2473 1816 ostenderit
2501 1769 2876 1825 contumaces,
2911 1759 3092 1814 debita
3124 1759 3315 1828 objur-

1723 1853 1940 1923 gatione
1973 1866 2280 1922 compesce,
2317 1860 2371 1906 et
2399 1852 2580 1906 modis
2610 1851 2868 1907 omnibus
2901 1851 3128 1922 vigilare
3155 1865 3313 1906 com-

1724 1942 1882 2012 pelle.
1916 1959 1935 1992 ι
1983 1939 2115 1995 item
2162 1939 2502 2012 Augustinus
2542 1955 2707 2010 super
2743 1939 3072 2007 Johannem,
3114 1938 3314 1994 omelia

1725 2034 1786 2088 11
1825 2052 1838 2088 :
1874 2052 1892 2084 ι
1939 2030 2219 2104 Siquidem
2249 2034 2365 2088 wit
2403 2032 2546 2088 Deus
2581 2031 2858 2088 concitare
2889 2040 3184 2102 potestates
3217 2031 3316 2086 ad-

1723 2137 1917 2180 versus
1952 2122 2316 2189 scismatieos,
2349 2123 2612 2178 adversus
2647 2123 3003 2194 dissipatores
3031 2123 3310 2186 :ecclesiae.

1725 2215 1987 2271 adversus
2027 2214 2358 2271 exuilatores
2397 2214 2632 2281 Christi,
2684 2229 2796 2269 non
2844 2215 3146 2280 mirentur,
3182 2214 3313 2285 quia

1727 2305 1870 2362 Deus
1894 2307 2135 2362 concitat
2159 2315 2220 2362 ut
2254 2323 2284 2362 a
2324 2306 2462 2362 Sara
2507 2307 2823 2362 verberetur
2851 2306 3014 2376 Agar.
3046 2303 3314 2360 Mirantur

1724 2400 1970 2468 quidam,
2003 2415 2125 2454 cum
2154 2409 2440 2454 moventur
2462 2407 2759 2470 potestates
2787 2398 3100 2453 christiana:
3121 2407 3314 2454 contra

1724 2491 2076 2546 detestandos
2108 2492 2466 2561 dissipatorcs
2495 2491 2759 2547 ecclesiae.
2796 2489 2851 2544 Si
2884 2504 2995 2545 non
3027 2505 3314 2545 moveren-

1726 2591 1836 2649 tur,
1869 2583 2148 2652 quomodo
2186 2583 2477 2638 redderent
2518 2581 2631 2638 Deo
2673 2585 2943 2636 rationem
2985 2581 3054 2636 de
3082 2581 3314 2651 imperio

1725 2674 2134 2730 suo?lntendat
2163 2675 2370 2729 karitas
2422 2683 2602 2728 vestra
2647 2673 2778 2744 quid
2805 2673 3006 2740 dicam,
3049 2673 3177 2743 quia
3210 2673 3315 2728 hoc

1725 2766 1962 2836 pertinet
1987 2767 2055 2822 ad
2078 2765 2352 2836 principes
2380 2767 2572 2832 seculi,
2611 2775 2672 2820 ut
2705 2765 3042 2835 temporibus
3067 2764 3184 2820 suis
3218 2780 3314 2834 pa-

1725 2867 1903 2914 catam
1926 2858 2097 2912 verint
2116 2867 2344 2912 matrem
2367 2873 2523 2913 suam
2546 2857 2854 2922 ecclesiam,
2878 2857 3022 2911 unde
3052 2856 3313 2926 Spiritua-

1725 2949 1848 3005 liter
1878 2949 1988 3004 nati
2013 2958 2160 3006 sunt.
2200 2969 2218 3001 ι
2252 2948 2318 3004 Et
2347 2948 2515 3004 Paulo
2541 2958 2666 3020 post
2695 2967 2708 3004 :
2753 2968 2771 3000 ι
2809 2947 3316 3004 Nabuchodonosor

1725 3056 1822 3098 rex
1855 3042 2098 3098 decrevit
2129 3042 2316 3097 dicens
2347 3059 2360 3095 :
2387 3040 2695 3111 Quicunque
2715 3040 2913 3095 dixerit
2937 3039 3316 3110 blasphemiam

90 3131 321 3188 hominum
342 3136 557 3190 actibus
580 3131 722 3189 bona
755 3133 966 3204 operari
994 3134 1296 3189 consuevit.
1335 3132 1446 3189 Nec
1473 3134 1618 3190 enim
1654 3167 1700 3230 ο
1729 3137 1784 3191 in
1810 3137 1979 3191 Deum
2020 3134 2245 3207 Sydrac,
2275 3134 2448 3189 Misac
2465 3143 2518 3189 et
2549 3133 2854 3204 Abdenago,
2878 3133 2936 3186 in
2967 3133 3187 3186 interitu
3212 3133 3315 3187 erit

89 3223 178 3278 sine
207 3225 336 3282 illius
361 3227 568 3282 factum
589 3242 714 3282 esse
738 3226 1033 3289 credimus,
1057 3235 1117 3280 ut
1137 3226 1404 3281 insensati
1426 3236 1480 3281 et
1501 3242 1626 3297 per-

87 3316 335 3372 versissimi
385 3319 642 3374 homines
695 3318 764 3372 ad
818 3318 922 3373 hoc
964 3333 1140 3388 usque
1187 3318 1520 3388 prosilirent,
1567 3326 1628 3373 ut

89 3417 209 3460 suam
233 3407 550 3464 divisionem
585 3407 910 3463 catholicam
955 3423 1078 3465 esse
1121 3411 1404 3465 credentes
1432 3411 1624 3466 teccle-

89 3496 212 3564 siam,
234 3515 260 3553 a
282 3517 374 3556 sua
395 3517 500 3557 vos
526 3501 825 3572 pollutione
851 3500 1223 3571 prohiberent.
1249 3500 1341 3558 Sic
1360 3503 1506 3557 enim
1531 3518 1627 3573 per

89 3587 473 3646 misericordiam
517 3591 612 3646 Dei
655 3592 820 3646 etiam
866 3592 1235 3649 nescientibus
1270 3593 1378 3649 illis
1420 3591 1622 3648 factum

89 3688 167 3744 est,
193 3691 244 3736 ut
277 3699 306 3738 s
338 3683 780 3740 scismaticorum
822 3685 1209 3740 communione
1235 3686 1398 3752 eruti,
1435 3686 1627 3740 catho-

91 3767 176 3826 lica:
203 3789 351 3842 quam
375 3776 608 3847 diligitis
633 3777 842 3832 servari
875 3791 971 3833 vos
998 3778 1318 3850 contigisset
1341 3778 1619 3834 :ecclesite.

89 3859 304 3926 Quamvis
339 3882 509 3940 igitur
555 3879 737 3924 vestra
781 3886 878 3940 per
925 3871 1144 3925 illorum
1195 3886 1374 3927 seems
1418 3871 1625 3926 utilitas

90 3951 198 4009 taeta
232 3957 313 4025 sit,
351 3961 521 4016 nolite
556 3968 739 4016 tamen
783 3962 1107 4032 impunitam
1146 3963 1623 4032 praesumptionem

90 4045 354 4117 iniquorum
392 4053 681 4108 hominum
711 4054 949 4109 crassari
995 4054 1327 4124 permittere.
1375 4052 1434 4107 Si
1477 4053 1625 4108 enim

92 4136 186 4202 hoc,
209 4145 341 4212 quod
367 4145 421 4200 in
459 4151 702 4200 vestram
738 4147 967 4217 gloriam
1002 4152 1489 4217 praesumpserunt,
1515 4158 1626 4201 nou

91 4225 216 4287 fuerit
237 4236 465 4292 vindicta
500 4252 896 4308 compressum,
925 4237 1054 4308 quid
1085 4237 1141 4291 in
1183 4236 1488 4292 minoribus
1531 4251 1628 4291 va-

92 4318 204 4377 leam
227 4329 415 4401 ambigi
454 4329 604 4383 ultra
633 4343 744 4384 non
773 4330 951 4386 debet.
981 4328 1245 4384 Exercete
1279 4327 1446 4398 igitur
1477 4327 1628 4383 debi-

91 4418 175 4468 tam
198 4416 245 4472 in
275 4421 472 4478 talibus
502 4423 906 4487 auctoritatem,
937 4430 992 4476 et
1021 4436 1090 4476 ne
1119 4421 1199 4476 eis
1223 4419 1458 4490 amplius
1496 4419 1627 4476 talia

1727 3236 1779 3283 et
1807 3237 1993 3282 domus
2014 3241 2126 3298 ejus
2149 3228 2208 3282 in
2227 3227 2572 3297 dispersione.
2599 3223 2739 3280 Ecce
2759 3223 3035 3294 quomodo
3063 3238 3159 3278 rex
3185 3223 3316 3278 alie-

1727 3320 1922 3391 nigena
1946 3320 2103 3388 sevit,
2139 3333 2210 3375 ne
2247 3317 2656 3389 blasphemetur
2683 3315 2828 3372 Deus
2867 3314 3054 3382 lsrael,
3090 3315 3186 3385 qui
3212 3329 3316 3385 po-

1726 3413 1831 3468 tuit
1850 3421 1963 3468 tres
1985 3427 2182 3484 pueros
2203 3412 2271 3467 de
2295 3411 2419 3484 igne
2439 3409 2690 3465 liberare.
2724 3406 2791 3463 Et
2809 3408 3003 3464 nolunt
3022 3415 3082 3462 ut
3106 3407 3317 3463 seviant

1727 3522 1882 3578 reges
1911 3505 2218 3570 christiani,
2241 3504 2371 3575 quia
2397 3502 2651 3558 Christus
2671 3502 2980 3567 erudiatur,
3005 3516 3036 3556 a
3062 3517 3173 3572 quo
3203 3518 3316 3558 non

1727 3607 1837 3654 tres
1876 3597 2053 3669 pueri,
2085 3597 2178 3653 sed
2216 3595 2367 3652 orbis
2393 3603 2664 3650 terrarum
2702 3609 2826 3649 cum
2865 3593 3003 3664 ipsis
3027 3594 3248 3664 regibus
3283 3608 3315 3650 a

1727 3689 1988 3760 gehennae
2013 3687 2232 3759 ignibus
2255 3684 2591 3741 liberantur?
2614 3682 2750 3752 Quis
2772 3683 2937 3755 igitur
2960 3683 3318 3754 reprehendet

1728 3787 1856 3848 post
1885 3779 2002 3833 haec
2030 3778 2078 3834 si
2107 3777 2544 3846 comprimantur
2567 3790 2600 3832 a
2625 3776 2796 3832 seculi
2823 3765 3185 3846 potestatibus
3209 3775 3317 3831 sci-

1729 3871 1944 3926 smatici
1969 3912 1984 3936 ,
2023 3869 2380 3940 dissipatores
2417 3869 2689 3934 ecclesia,
2720 3877 3131 3924 concu.catores
3183 3883 3318 3939 regis

1727 3964 1944 4030 divinae,
1970 3963 2424 4034 praevaricatores
2441 3961 2850 4018 constitutionis
2884 3961 3204 4017 canonica?
3232 3980 3250 4012 ι

1801 4055 1938 4126 (Fol.
1971 4055 2121 4126 107.)
2147 4055 2352 4110 Horum
2378 4055 2544 4126 igitur
2579 4063 2636 4110 et
2667 4062 2971 4110 ceterorum
3001 4061 3317 4110 sanctorum

1727 4147 2072 4201 decretorum
2116 4144 2405 4201 Heinricus
2445 4153 2790 4216 contemptor
2815 4143 2995 4200 factus
3015 4154 3119 4210 est,
3159 4145 3317 4214 juve-

1729 4238 1815 4292 nis
1840 4236 2008 4290 auimi
2044 4237 2280 4302 impetus
2320 4246 2370 4290 et
2413 4236 2683 4305 appetitus
2716 4250 2828 4290 non
2868 4234 3179 4292 refranans.
3220 4237 3316 4292 secl

1730 4329 2023 4383 stultorum
2071 4327 2343 4382 malivolis
2367 4327 2612 4383 consiliis
2657 4327 2888 4382 nimium
2937 4327 3100 4384 ﬁdem
3147 4327 3318 4393 dans;

1728 4421 1822 4491 qui
1855 4419 2098 4490 compti
2131 4428 2188 4475 et
2212 4420 2646 4476 abhominsbiles
2673 4419 2803 4476 facti
2843 4435 2900 4475 ιη
2936 4419 3321 4489 iniquitatibus

91 4507 414 4566 committendi
435 4521 651 4568 crescat
665 4513 912 4582 spiritus,
936 4511 1315 4568 coercionibus
1329 4511 1632 4581 repriman-
1663 4518 1707 4575 Ι)
1733 4529 1868 4578 suis,
1908 4511 2468 4584 inreprehensibiliter
2490 4513 2672 4570 vivere
2711 4512 3098 4577 detrectantes,
3125 4527 3316 4582 repre-

91 4600 173 4651 tur.
201 4600 270 4654 Ad
293 4601 391 4659 hoc
411 4604 682 4674 siquidem
706 4604 801 4660 Dei
828 4614 961 4660 nutu
991 4605 1045 4659 in
1066 4619 1166 4659 vos
1195 4603 1325 4658 talia
1355 4619 1623 4673 praesum-

92 4697 292 4756 pserunt,
319 4701 376 4746 ut
399 4694 553 4749 vobis
583 4694 710 4749 talia
745 4694 1166 4766 corrigentibus,
1193 4693 1264 4748 ab
1283 4707 1476 4748 eorum
1505 4708 1626 4748 sce-

91 4772 174 4830 lere
190 4779 311 4837 alios
331 4786 554 4853 possitis
585 4783 699 4841 Deo
726 4787 1062 4857 propiciante
1090 4785 1325 4840 munire.
1362 4803 1381 4836 ι
1414 4783 1481 4839 Et
1504 4792 1628 4855 post

92 4867 270 4938 aliqua:
306 4895 323 4926 ι
358 4878 582 4935 Auferte
629 4879 768 4935 tales
813 4881 882 4934 ab
927 4880 1017 4934 illa
1059 4879 1361 4949 provincia,
1409 4879 1626 4934 utimini

91 4957 232 5017 oblata
270 4968 420 5024 vobis
451 4987 482 5025 a
513 4971 627 5027 Deo
661 4972 1002 5043 Opprimendi
1043 4971 1280 5041 perﬁdos
1311 4985 1621 5028 occasuone.

91 5046 212 5112 Quod
232 5065 353 5114 tunc
383 5063 598 5131 plenius
621 5063 737 5118 ﬁeri
761 5064 978 5134 poterit,
1003 5065 1050 5118 si
1081 5071 1332 5119 auctores
1359 5063 1627 5120 scelerum

92 5140 141 5192 ad
159 5144 619 5209 clementissimum
647 5155 944 5227 principem
961 5155 1287 5226 dirigantur,
1313 5164 1369 5213 et
1393 5155 1629 5210 maxime

95 5237 307 5298 ecclesiae
334 5245 699 5316 Aquileiensis
746 5249 988 5316 invasor,
1032 5249 1128 5320 qui
1160 5258 1214 5304 et
1254 5247 1310 5302 in
1348 5249 1626 5314 scismate,

93 5333 490 5395 etascismatieo
534 5341 878 5408 maledictus,
928 5356 1031 5398 nec
1078 5342 1345 5398 honorem
1387 5339 1628 5412 episcopi

92 5427 235 5482 West
263 5429 520 5497 optinere,
541 5447 642 5487 nec
661 5433 936 5487 meritum.
969 5452 988 5485 ι

145 5504 370 5585 Pelagius
402 5518 689 5578 Valeriano
723 5541 735 5576 :
776 5542 794 5574 ‹
825 5522 980 5590 Quod
1008 5539 1039 5579 a
1074 5524 1230 5579 vobis
1253 5521 1628 5594 poposcimus.

1731 4605 1894 4661 bendi
1945 4621 2055 4661 non
2109 4603 2374 4660 ferebant.
2413 4603 2629 4675 (Epist.
2681 4604 2752 4660 ad
2797 4602 3016 4676 Gem.)
3064 4602 3314 4658 Mitteba-

1730 4705 1820 4752 tur
1843 4697 1992 4768 (165)
2015 4698 2064 4753 ei
2094 4697 2285 4752 crebra
2313 4697 2498 4752 domui
2521 4712 2674 4768 papas
2706 4697 2924 4768 legatio,
2950 4705 3065 4750 tum
3097 4695 3314 4760 litteris.

1730 4800 1848 4845 tum
1869 4790 2033 4845 etiam
2055 4789 2326 4860 religiosis
2347 4789 2598 4858 personis
2617 4796 2673 4843 et
2694 4789 2881 4858 utique
2900 4787 3152 4843 ﬁdelibus
3178 4788 3315 4853 suis,

1731 4881 1932 4951 quibus
1958 4890 2166 4936 secrete
2193 4882 2492 4936 vocabatur
2529 4880 2598 4935 ad
2624 4880 2976 4950 penitentiam
3001 4880 3069 4936 de
3097 4880 3308 4936 sceleri-

1731 4976 1834 5030 bus
1861 4975 1996 5039 suis,
2022 4976 2170 5031 dictu
2201 4976 2420 5046 quidem
2456 4974 2764 5040 horrendis,
2787 4983 2844 5028 et
2861 4984 3043 5030 tamen
3067 4976 3317 5046 pluribus

1731 5069 1875 5123 notis
1901 5077 1956 5123 et
1983 5085 2078 5139 per
2110 5069 2230 5124 loca
2259 5068 2492 5139 plurima
2517 5067 2827 5136 divulgatis,
2857 5083 2961 5138 pro
2987 5069 3186 5139 quibus
3206 5085 3317 5124 non

1731 5160 1908 5214 solum
1939 5160 2424 5226 excommunicari,
2463 5159 2556 5216 sed
2580 5158 2786 5229 absque
2822 5173 2918 5230 spe
2944 5161 3315 5232 recuperatio-

1729 5249 1816 5304 nis
1837 5248 1987 5304 omni
2010 5249 2232 5305 deberet
2255 5250 2410 5320 regni
2436 5251 2644 5305 honore
2660 5249 2904 5314 destitui.
2939 5261 2994 5307 et
3008 5262 3080 5307 ut
3096 5267 3316 5308 excom-

1731 5341 2062 5409 municatos,
2109 5357 2350 5413 quorum
2383 5343 2617 5398 consilio
2649 5359 2892 5414 preceps
2932 5339 3209 5398 ferebatur
3245 5345 3314 5398 ad

1729 5433 1957 5499 scelera,
1986 5449 2018 5488 a
2053 5449 2152 5490 sua
2181 5433 2447 5490 divideret
2483 5436 2922 5506 participatione,
2967 5449 3036 5490 ne
3069 5450 3316 5490 commu-

1729 5525 1964 5580 nicando
1987 5525 2188 5596 quibus
2207 5542 2318 5581 non
2340 5527 2486 5592 licet,
2515 5527 2568 5580 in
2597 5542 2789 5582 eorum
2810 5525 3067 5582 transiret
3091 5540 3317 5581 consor-

1561 5638 1771 5696 ΝΟΤᾸί
1787 5688 1792 5694 .

150 5713 275 5798 (Ιβέ)
295 5717 349 5798 in
379 5721 993 5798 Registrodesideratur
1017 5727 1131 5798 htec
1151 5729 1408 5798 cpistola;
1431 5730 1628 5798 legitur

150 5739 275 5784 ιιυςι)
296 5739 349 5772 ιη
379 5739 459 5776 ne
514 5739 628 5778 srro
655 5739 993 5781 aesmeratur
1017 5739 1131 5782 meo
1151 5739 1408 5798 cpistola;
1433 5739 1513 5801 leg

94 5784 208 5847 apud
226 5783 443 5845 Paulum
461 5739 910 5850 germicdensem
941 5798 1028 5851 41.
1057 5797 1117 5850 li.

371 5885 618 5947 Parnm.
683 5890 889 5956 UJV.

1808 5728 1957 5799 (165)
1997 5726 2390 5782 Mittebatur—
2410 5727 2666 5798 abnegarc
2688 5727 2856 5796 coegit
2882 5743 2950 5782 ex
2987 5725 3214 5797 epistola
3246 5724 3316 5780 ad

1741 5802 2064 5856 Germanos.

2925 5890 3000 5948 10
