3878 6310
539 324 666 382 Ἰθθ

1567 311 1868 370 llUGONlS
1908 311 2197 367 ABBATIS
2234 311 2805 368 FLAVINIACENSIS

3725 318 3826 373 500

556 441 715 505 tium,
747 450 982 507 quorum
1029 448 1137 490 non
1167 431 1494 488 a‘bhorrebat
1535 428 1940 484 communionis
1966 427 2140 482 sacri-
2170 431 2216 488 Α
2241 427 2551 495 justorum;
2579 437 2630 482 et
2679 442 2869 482 eorum
2901 440 2959 480 se
2988 425 3131 480 ﬁlios
3159 426 3438 494 estimant,
3458 433 3705 497 quorum
3739 445 3826 498 per

554 532 756 603 legium
783 548 796 596 ;
831 527 939 601 [CL
974 525 1108 583 lion.
1132 541 1212 595 ep.
1247 541 1286 591 ι,
1316 523 1371 589 2,
1397 521 1489 594 69]
1513 521 1604 577 sed
1637 520 1887 576 servabat
1916 519 2140 573 odorem

575 633 692 679 esta
717 635 828 692 quo
853 635 1045 674 recens
1075 625 1191 672 erat
1217 616 1445 672 imbuta.
1484 613 1587 681 Qui
1624 613 1814 683 quanti
1845 613 1912 643 ’7“
1939 613 2141 681 scripta

551 727 647 770 aut
690 715 852 770 verba
895 728 990 782 per
1036 711 1243 780 legatos
1288 709 1476 774 missa,
1521 707 1642 776 ejus
1669 704 2138 771 declarautfacta,

549 824 679 862 cum
704 822 814 862 non
841 805 1018 860 solum
1048 818 1078 856 a
1101 801 1424 871 perpetratis
1448 799 1773 857 criminibus
1795 797 1864 852 ad
1884 797 2141 852 emenda-

553 901 757 954 tionem
779 895 1022 952 revocari
1071 909 1179 949 non
1211 892 1407 963 potuit,
1446 891 1538 947 sed
1571 889 1757 946 furore
1789 889 2142 945 conscientiae

552 989 824 1045 mordacis
847 993 1115 1054 arreptus,
1159 997 1268 1040 non
1303 982 1456 1052 prius
1492 980 1718 1047 destitit,
1748 980 1921 1036 donec
1949 993 2140 1035 omnes

548 1096 688 1152 pene
722 1079 1007 1148 episcopos
1034 1075 1200 1130 Italiae
1227 1083 1291 1128 et
1333 1071 1834 1127 Theuthonicarum
1876 1070 2136 1140 partium,

546 1179 814 1241 quotquot
848 1168 1048 1238 potuit,
1079 1167 1225 1222 circa
1263 1164 1468 1220 Christi
1503 1163 1663 1218 ﬁdem
1703 1161 2026 1230 naufragarc
2055 1161 2137 1217 fe-

546 1266 639 1331 cit,
669 1265 798 1319 dum
823 1277 921 1317 eos
950 1260 1188 1315 debitam
1218 1259 1378 1314 beato
1402 1256 1563 1312 Petro
1590 1271 1645 1311 et
1679 1253 1990 1326 apostolicae
2023 1254 2137 1310 sedi

544 1355 909 1412 obedientiam
937 1363 991 1408 et
1028 1353 1290 1407 honorem
1329 1366 1360 1404 a
1397 1349 1620 1404 domino
1651 1347 1780 1403 Jesu
1817 1363 2136 1403 concessum

544 1447 815 1521 abnegare
847 1447 1042 1517 coegit.
1093 1445 1231 1512 Quia
1258 1459 1388 1500 vero
1422 1443 1606 1513 justus
1633 1441 1787 1496 diviti
1827 1439 2008 1496 favere
2042 1456 2138 1496 ne-

547 1543 672 1607 scit,
724 1555 825 1595 nec
861 1538 991 1593 facit
1043 1537 1341 1607 quidquam
1388 1532 1804 1590 commendandi
1850 1547 1909 1589 se
1947 1547 2134 1599 causa,

547 1651 674 1691 eum
702 1634 795 1703 qui
827 1649 857 1686 a
899 1647 1029 1686 vero
1055 1630 1244 1686 devius
1285 1627 1653 1698 superbiebat,
1699 1633 1945 1696 potenter
1973 1625 2134 1682 dom-

544 1742 648 1781 nus
677 1740 815 1795 papa
841 1723 1219 1794 redarguebat,
1254 1721 1434 1777 sciens
1464 1735 1584 1776 eam
1612 1734 1737 1774 esse
1766 1719 2014 1775 veritatis
2039 1735 2128 1774 re-

2244 519 2470 574 honoris
2523 518 3027 589 concupiscentiam
3077 515 3251 573 cilicia
3301 518 3543 574 exterius
3603 520 3826 573 admini—

2245 615 2440 662 strant.
2482 607 2586 662 Sed
2630 622 2738 661 non
2767 616 2895 662 sunt
2939 605 3260 672 eorumﬁlii
3304 622 3544 678 quorum
3599 608 3715 664 loca
3752 620 3824 664 te-

2243 710 2394 769 nent,
2425 701 2518 758 sed
2549 717 2781 773 quorum
2807 717 2970 772 opera
3006 712 3279 758 exercent.
3315 700 3478 757 Stulti
3506 701 3688 773 itaque
3709 714 3828 757 sunt

2242 793 2373 864 quia
2420 808 2604 849 veram
2657 795 2978 865 sapientiam
3028 809 3137 849 non
3188 794 3536 866 intelligunt,
3570 795 3827 866 ignobiles

2242 880 2372 940 facti
2395 893 2525 941 sunt
2572 885 2700 956 quia
2748 885 2895 940 nulla
2929 885 3155 956 spiritus
3194 883 3443 940 libertate
3477 895 3822 940 renovantur.

2241 977 2328 1033 Hii
2371 977 2530 1048 positi
2564 978 2630 1033 ad
2677 978 3232 1048 superintendendum
3281 977 3531 1035 ﬁdelibus
3578 990 3826 1049 premunt

2239 1085 2334 1126 eos
2355 1070 2535 1140 potius
2556 1085 2720 1140 quam
2767 1079 2978 1141 regant,
3011 1070 3139 1141 quia
3167 1069 3270 1128 sub
3303 1070 3522 1125 nomine
3549 1080 3822 1140 pastorum

2239 1163 2390 1218 lucra
2446 1164 2513 1217 de
2560 1162 2822 1234 religione
2878 1171 3178 1218 sectantur.
3232 1160 3346 1218 Sub
3390 1178 3584 1218 eorum
3633 1163 3823 1217 ducatu

2240 1252 2385 1309 Deus
2415 1254 2692 1321 irridetur,
2722 1254 2857 1310 ﬁdes
2878 1263 2954 1309 est
2981 1253 3294 1326 obprobrio,
3324 1255 3526 1310 veritas
3557 1256 3612 1308 in
3641 1255 3822 1309 crimi-

2238 1360 2327 1412 ne,
2362 1355 2416 1401 et
2438 1353 2592 1401 tanto
2632 1355 2717 1400 est
2757 1345 2990 1417 quisque
3029 1345 3336 1416 despectior
3375 1356 3587 1416 quanto
3606 1347 3820 1416 justior,

2237 1446 2390 1492 tanto
2420 1437 2846 1494 abhominabilis
2873 1446 3080 1509 quanto
3121 1437 3448 1495 laudandus.
3481 1437 3592 1506 Qui
3626 1456 3750 1495 cum
3775 1441 3820 1494 in

2237 1530 2480 1586 :ecelesia
2536 1545 2658 1586 esse
2702 1530 3010 1596 videantur,
3067 1530 3226 1602 longe
3255 1531 3325 1586 ab
3351 1547 3415 1586 ea
3451 1528 3695 1604 fugiunt,
3724 1549 3819 1588 non

2236 1623 2492 1692 passibus
2511 1637 2820 1694 gressuum,
2843 1622 2938 1677 sed
2956 1622 3312 1692 qualitatibus
3335 1636 3577 1678 morum.
3606 1623 3713 1691 Qui
3735 1641 3818 1678 au-

2237 1723 2346 1769 tem
2379 1713 2490 1768 sint
2518 1713 2592 1768 hii
2623 1713 2892 1770 malorum
2937 1714 3264 1780 incentores,
3296 1714 3391 1784 qui
3427 1715 3596 1787 regia:
3631 1715 3819 1786 iniqui-

542 1783 764 1892 ςςιιὶκιιιι,⁸
785 1835 897 1874 non
940 1783 1185 1887 accipere
1226 1829 1517 1886 personam
1547 1813 1780 1882 potentis
1815 1812 1870 1867 in
1897 1812 2125 1883 judicio,
2162 1783 2202 1842 Β
2232 1807 2357 1862 tatis
2378 1805 2620 1862 fautores
2651 1816 2705 1860 ει
2733 1806 3046 1876 compiiees,
3097 1806 3192 1876 qui
3245 1807 3512 1863 castitatis
3555 1806 3819 1863 arcclesia-

541 1915 772 1984 ideoque
799 1927 1033 1983 quorum
1060 1910 1288 1965 crimina
1319 1916 1630 1980 agnoverat,
1645 1907 1826 1962 libens
1857 1908 2126 1964 ineorum

540 2005 912 2075 increpatione
961 2002 1238 2058 ferebatur
1287 2016 1436 2056 voce.
1483 1999 1554 2054 At
1601 1999 1690 2054 ille
1737 1998 2058 2068 reprehendi
2090 2013 2126 2054 a

540 2111 819 2168 quoquam
871 2103 966 2150 aut
1010 2094 1210 2166 corrigi
1253 2093 1439 2164 inique
1469 2090 1670 2158 ferens,
1700 2090 2128 2162 occasionesque

540 2190 612 2244 ab
639 2190 816 2243 amico
861 2185 1148 2241 recedendi
1182 2199 1438 2256 querens,
1479 2183 1606 2252 quia
1653 2197 1760 2236 non
1798 2190 1980 2252 potest
2005 2197 2126 2238 esse

543 2280 890 2350 participatio
917 2278 1146 2348 justitite
1175 2293 1299 2332 cum
1327 2275 1632 2345 iniquitate,
1662 2274 1944 2330 introitum
1975 2274 2123 2343 ejus-

537 2372 662 2425 dem
699 2368 1001 2424 beatissimi
1029 2383 1180 2438 papaa
1208 2364 1453 2436 Gregorii
1489 2363 1599 2429 VII,
1633 2365 1852 2434 culpare
1873 2363 2036 2434 cepit,
2066 2372 2126 2417 ut

537 2463 728 2532 culpas
756 2460 1038 2532 symoniae,
1081 2474 1204 2531 quae
1246 2457 1316 2512 ab
1351 2457 1542 2512 eodem
1569 2456 1625 2509 in
1651 2471 1710 2511 se
1738 2455 1919 2526 puniri
1962 2453 2122 2510 time-

533 2554 648 2621 bat,
674 2554 729 2607 in
760 2553 912 2607 illum
940 2551 1265 2607 reﬂecteret.
1294 2550 1478 2604 Ausus
1507 2557 1591 2604 est
1622 2548 1788 2603 etiam
1829 2548 1896 2611 de
1928 2548 2120 2618 expul-

533 2645 689 2702 sione
715 2643 888 2714 ipsius
908 2642 1142 2697 Romani
1171 2639 1463 2711 pontificis,
1487 2656 1660 2710 quem,
1693 2647 1752 2694 ut
1773 2639 1848 2693 ait
1873 2639 2122 2711 Symma-

528 2738 666 2792 chus
684 2751 844 2807 papa,
867 2751 962 2789 suo
985 2735 1125 2788 Deus
1145 2735 1258 2788 sine
1280 2733 1550 2804 questione
1572 2733 1851 2786 reservavit
1875 2731 2118 2798 arbitrio,

528 2829 766 2900 stipatus
792 2827 1150 2884 factiosorum
1182 2824 1360 2882 ofﬁcio
1391 2832 1646 2891 tractare,
1680 2832 1736 2878 et
1765 2825 1854 2880 cui
1889 2839 2119 2880 conces-

529 2937 654 2976 sum
681 2930 767 2976 est
790 2928 1139 2990 peccatorum
1165 2917 1381 2973 vincula
1401 2916 2120 2984 solvere,criminum.com-

527 3013 694 3085 pedes
737 3011 1006 3083 frangere,
1037 3012 1184 3066 hunc
1231 3019 1484 3080 peccator
1531 3009 1852 3079 superbiens
1889 3018 2119 3065 conatus

2227 1898 2379 1956 sticze
2407 1898 2750 1970 spurcissimi
2775 1906 2829 1954 et
2859 1899 3132 1954 temerarii
3164 1908 3537 1970 corruptores,
3567 1901 3689 1956 suis
3716 1901 3815 1972 jam

2226 1987 2526 2058 laboribus,
2557 1990 3023 2056 tribulationibus,
3052 1990 3386 2048 tortionibus
3420 2001 3476 2047 et
3499 1987 3814 2048 calamitati-

2226 2085 2329 2142 bus
2358 2085 2490 2140 satis
2513 2100 2786 2156 superque
2807 2091 3146 2154 compertum
3169 2079 3334 2140 habet
3355 2095 3532 2140 mater
3556 2087 3809 2141 ecclesia.

2225 2176 2760 2249 Episcopi-,inquam,
2789 2177 2836 2233 si
2865 2185 3049 2232 tamen
3072 2176 3313 2248 episc0pi
3337 2177 3557 2233 dicendi
3581 2187 3713 2234 sunt
3734 2183 3812 2250 qui

2225 2269 2784 2341 inreprehensibiliter
2831 2270 3012 2324 vivere
3037 2269 3288 2325 nolentes
3336 2279 3390 2325 et
3420 2271 3750 2341 reprehendi
3788 2289 3810 2324 a

2225 2364 2341 2420 suis
2385 2364 2720 2436 primoribus
2751 2362 3105 2434 refugientes,
3138 2362 3388 2418 instituta
3427 2365 3705 2420 canonica
3748 2377 3810 2419 te-

2224 2465 2520 2524 merantes,
2575 2465 2629 2512 et
2651 2456 2917 2512 canonica
2967 2456 3274 2511 invectione
3320 2456 3498 2511 notari
3552 2459 3807 2513 nolentes.

2223 2548 2328 2619 ipsi
2358 2549 2523 2618 etiam
2546 2548 2931 2604 universorum
2958 2546 3120 2602 matri
3150 2547 3394 2604 ecclesia:
3429 2558 3481 2603 et
3508 2551 3808 2620 apostolica

2223 2642 2337 2698 sedi
2383 2641 2761 2714 praajudicium
2814 2640 3084 2708 fecerunt,
3116 2643 3307 2712 procul
3335 2643 3504 2698 dubio
3545 2661 3723 2716 usque
3752 2648 3807 2697 ad

2223 2743 2592 2805 contemptum
2627 2736 2774 2790 illius
2801 2743 3134 2806 grassantes,
3159 2736 3253 2805 qui
3295 2735 3589 2807 discipulis
3620 2738 3734 2792 suis
3765 2751 3805 2791 et

2221 2845 2317 2900 per
2345 2844 2440 2885 eos
2464 2836 2668 2884 sanctae
2689 2828 2936 2883 ecclesia:
2957 2827 3262 2883 rectoribus
3291 2828 3567 2899 loquitur,
3592 2831 3770 2884 dicens
3794 2851 3801 2880 :

2223 2921 2328 2988 Qui
2357 2937 2444 2976 vos
2469 2921 2688 2992 spernit,
2715 2938 2794 2976 me
2817 2921 3013 2991 spernit
3046 2919 3197 2992 (Luc.
3228 2937 3282 2986 ι,
3332 2923 3453 2990 l6);
3484 2937 3601 2976 non
3638 2939 3800 2978 recor-

2219 3015 2412 3071 dantes
2433 3016 2775 3070 decretorum
2822 3013 2951 3069 Julii
2985 3030 3138 3085 papae
3163 3015 3362 3085 quibus
3406 3024 3684 3070 statutum
3712 3028 3799 3078 est,

527 3109 634 3168 est,
653 3102 790 3172 proh
810 3101 1012 3170 pudor!
1032 3099 1506 3198 asedejudiciaria
1523 3098 1843 3198 propellere,
1863 3107 2119 3198 atposset
2145 3136 2191 3198 ο
2225 3117 2283 3164 ut
2302 3108 2448 3162 vires
2475 3122 2584 3162 non
2607 3107 2801 3162 habeat
2825 3106 3090 3177 quidquid
3112 3108 3428 3177 apostolica:
3452 3108 3610 3163 sedis
3632 3120 3800 3162 aucto-

529 3195 634 3250 sibi
675 3194 1017 3250 consimilem
1045 3193 1113 3249 de
1157 3193 1274 3248 suis
1324 3191 1707 3247 consentaneis
1735 3191 1791 3245 in
1838 3191 1958 3262 ejus
1991 3192 2118 3248 loco

529 3284 846 3355 subrogare.
908 3282 1014 3339 Sed
1061 3299 1172 3338 non
1223 3291 1308 3338 est
1359 3281 1648 3337 consilium
1700 3290 1892 3337 contra
1945 3282 2116 3339 Deum

527 3378 712 3450 (Prov.
744 3393 860 3444 xxi,
902 3375 1014 3447 50).
1055 3374 1231 3442 Quem
1282 3375 1522 3430 humana
1559 3374 1865 3444 improbant
1887 3374 2113 3446 judicia,

525 3470 672 3526 Deus
715 3469 1012 3540 approbat;
1043 3476 1097 3523 et
1117 3483 1279 3538 quem
1329 3465 1474 3522 Deus
1503 3475 1685 3522 tuetur
1732 3476 1787 3522 et
1831 3469 2094 3538 approbat

523 3563 728 3617 frustra
759 3563 1026 3632 impetunt
1065 3561 1304 3616 humana
1345 3560 1642 3614 molimina.
1675 3559 1766 3615 Sic
1795 3560 1955 3632 igitur
1996 3578 2110 3628 rex,

521 3671 634 3709 non
674 3671 767 3709 rex
804 3653 1068 3709 dicendus
1092 3653 1221 3723 quia
1250 3662 1533 3738 tyrannus,
1557 3669 1588 3707 a
1625 3651 1868 3708 Romana
1892 3652 2114 3708 recessit

521 3747 788 3812 ateclesia,
833 3744 1011 3801 factus
1033 3743 1220 3800 infelix
1265 3745 1556 3800 menbrum
1585 3743 1731 3800 illius
1764 3744 1860 3814 qui
1901 3754 1984 3799 est
2015 3759 2109 3800 rex

520 3854 686 3908 super
734 3853 927 3893 omnes
957 3837 1100 3893 lilios
1131 3837 1417 3907 superbiae.
1449 3835 1733 3906 impletum
1777 3844 1860 3891 est
1897 3851 2029 3891 sane
2049 3836 2108 3891 in

521 3946 588 3986 eo
617 3931 748 3985 illud
793 3929 1084 3986 Jhercmize
1122 3929 1472 3994 vaticinium,
1507 3943 1620 3999 quo
1661 3936 1911 3998 suscepta
1948 3929 2002 3982 in
2050 3943 2108 3984 se

517 4024 688 4078 totius
729 4023 981 4078 humana:
1005 4021 1436 4078 conversationis
1465 4021 1645 4090 specie
1688 4037 1784 4091 per
1808 4022 2105 4078 [amentum

516 4113 766 4184 queritur
792 4116 983 4171 dicens
1016 4133 1028 4169 :
1071 4113 1359 4168 Inebriavit
1383 4129 1463 4168 me
1485 4113 1751 4168 absinthio
1775 4113 1989 4184 (Thren.
2021 4132 2102 4182 ιιι,

517 4207 631 4277 15).
666 4205 864 4262 Ebrius
893 4207 1038 4262 enim
1069 4207 1215 4277 quod
1244 4205 1451 4276 patitur
1480 4206 1672 4261 nescit.
1712 4203 1816 4272 Qui
1845 4223 1974 4262 vero
2002 4207 2102 4262 ab-

513 4300 721 4356 sinthio
748 4300 1064 4367 inebriatur,
1087 4308 1140 4354 et
1167 4299 1274 4354 hoc
1298 4299 1445 4371 quod
1466 4298 1702 4368 sumpsit
1721 4313 1969 4354 amarum
1996 4307 2100 4366 εει,

511 4401 566 4447 et
593 4401 774 4446 tamen
807 4407 917 4447 non
950 4392 1199 4462 intelligit
1228 4391 1646 4447 amaritudinem
1691 4406 1799 4460 qua
1841 4391 2096 4447 repletur.

2221 3200 2367 3255 ritati
2401 3199 2666 3265 obviaret,
2706 3197 2968 3268 quoniam
2998 3197 3187 3253 eadem
3224 3196 3385 3252 sedes
3439 3206 3682 3252 testante
3723 3214 3796 3249 rev

2219 3292 2396 3347 ritatis
2422 3307 2554 3346 voce
2580 3291 2816 3361 primum
2837 3289 3134 3360 primatum
3163 3289 3419 3360 optinuit,
3464 3305 3597 3360 quae
3644 3290 3799 3360 prima

2218 3399 2328 3440 non
2356 3383 2648 3449 diceretur,
2674 3382 2723 3438 si
2753 3382 2916 3437 alia
2939 3398 3104 3452 super
3133 3397 3193 3438 se
3215 3382 3467 3448 haberet;
3501 3399 3632 3454 qua:
3653 3384 3796 3437 etiam

2216 3483 2380 3546 caput
2409 3483 2493 3532 est
2514 3475 2762 3530 omnium
2799 3473 3198 3541 aecclesiarum,
3245 3489 3276 3529 a
3301 3489 3410 3545 qua
3431 3488 3636 3531 omnes
3661 3491 3794 3530 sum-

2216 3586 2371 3640 psere
2394 3570 2680 3642 originem.
2705 3568 3009 3624 Primatum
3032 3569 3179 3625 enim
3203 3583 3314 3624 non
3335 3569 3700 3640 synodalibus
3715 3579 3795 3623 aut

2214 3662 2488 3733 aliquibus
2517 3661 2901 3718 commentatis
2923 3661 3126 3717 meruit
3170 3661 3456 3729 institutis,
3499 3664 3601 3718 sed
3631 3662 3794 3717 Domi-

2214 3770 2285 3810 no
2310 3755 2594 3826 largiente,
2643 3754 2739 3826 Qui
2773 3755 2890 3809 ait:
2938 3753 3018 3808 Tu
3057 3771 3112 3808 es
3154 3753 3370 3822 Petrus,
3406 3763 3456 3808 et
3486 3758 3792 3826 superiacit:

2211 3857 2415 3918 petram
2439 3847 2717 3919 tediﬁcaba
2751 3846 3028 3902 ecclesiam
3052 3863 3244 3902 meam.

2281 3940 2390 3997 Hec
2424 3940 2604 3998 Julius
2637 3941 2705 3997 de
2734 3940 2971 4012 primatu
3007 3940 3155 4003 sedis
3186 3940 3505 4010 apostolicae
3541 3942 3787 4012 loquitur.

2209 4036 2297 4090 cui
2323 4034 2566 4089 omnium
2589 4033 2971 4104 episcoporum
3007 4032 3216 4087 finitiva
3247 4032 3451 4102 judicia
3485 4043 3544 4088 et
3574 4051 3785 4107 congre-

2207 4126 2508 4197 gandarum
2538 4125 2870 4197 synodorum
2896 4123 3033 4180 dixit
3063 4124 3346 4197 privilegia
3372 4137 3673 4182 reservata.
3703 4126 3784 4180 γε·

2206 4234 2330 4273 rum
2363 4217 2490 4273 novi
2535 4217 2877 4288 dogmatistw
2916 4216 3122 4287 judicia
3162 4215 3460 4287 apostolica
3515 4227 3782 4288 spernunt,

2205 4307 2505 4379 scripturas
2528 4318 2746 4364 sanctas
2761 4307 3046 4378 abjiciunt,
3074 4308 3141 4363 de
3161 4307 3332 4363 corde
3359 4322 3461 4362 suo
3482 4309 3783 4379 proﬁtentes

2202 4408 2255 4454 et
2269 4397 2574 4454 mercedem
2599 4397 2864 4452 scelerum
2884 4396 3065 4452 traditi
3090 4395 3377 4452 desideriis
3397 4396 3653 4452 cordium
3670 4414 3780 4452 suo-

513 4483 655 4554 (Fol.
691 4484 857 4554 107’.)
884 4482 975 4538 Sic
1007 4494 1061 4538 et
1089 4484 1178 4539 hic
1206 4484 1470 4539 dimissus
1497 4483 1861 4552 voluptatibus
1895 4484 2012 4539 suis
2054 4492 2109 4538 et
2133 4477 2188 4538 D
2213 4501 2336 4540 rum
2359 4483 2414 4538 in
2445 4482 2645 4539 suimet
2684 4499 2715 4537 a
2755 4481 2976 4538 Christo
3013 4483 3317 4553 abjectioue
3341 4483 3690 4552 recipientes.
3728 4482 3778 4534 lli

509 4590 608 4644 per
627 4589 723 4630 eas
744 4575 1060 4644 spontaneis
1080 4575 1524 4630 tribulationibus
1546 4574 1800 4641 traditus,
1824 4573 2098 4629 absinthio

508 4676 594 4722 est
623 4667 830 4734 ebrius,
857 4667 985 4737 quia
1030 4676 1086 4722 et
1109 4682 1300 4723 amara
1349 4682 1451 4737 pro
1486 4666 1676 4721 mundi
1713 4666 1877 4736 hujus
1912 4682 2099 4722 amore

510 4760 727 4827 tolerat,
757 4769 812 4815 et
837 4760 1065 4815 eandem
1115 4759 1537 4814 amaritudinem
1561 4758 1802 4814 carcitate
1827 4759 2065 4828 cupidita
2083 4789 2096 4800 ο

511 4850 582 4904 tis
609 4859 663 4904 et
696 4851 965 4920 superbiae
991 4849 1153 4920 quasi
1181 4849 1460 4904 ebrietatis
1499 4849 1915 4905 insensibilitate
1943 4851 2098 4920 igno-

511 4951 614 4995 rat.
642 4941 804 4996 Stulti
844 4942 971 4998 facti
1015 4951 1145 4998 sunt
1191 4941 1488 4998 consiliarii
1532 4943 1652 5012 ejus
1697 4951 1752 4998 et
1791 4943 2054 5014 ignobiles
2078 4986 2092 5011 ,

509 5049 651 5104 quos
676 5034 746 5088 ab
770 5042 969 5090 eterna:
990 5034 1308 5090 hereditatis
1327 5033 1604 5090 consortio
1631 5035 1841 5104 repellit
1863 5037 2096 5092 servitus

508 5125 729 5180 mentis.
781 5123 916 5180 Nam
964 5127 1230 5196 sapient-ia
1275 5125 1440 5197 hujus
1493 5127 1682 5181 mundi
1737 5126 1964 5182 stultitia
2009 5137 2094 5183 est

507 5218 650 5288 apud
682 5216 872 5272 Deum.
909 5217 1176 5288 lgnobiles
1198 5218 1328 5273 facti
1365 5227 1514 5286 sunt,
1542 5220 1668 5291 quia
1697 5221 1789 5289 qui
1811 5220 1940 5289 facit
1967 5236 2090 5289 pec-

507 5320 708 5376 catum,
749 5325 924 5364 servus
953 5319 1029 5363 est
1065 5312 1264 5379 peccati
1295 5309 1475 5379 (Joan.
1508 5326 1628 5377 vut,
1658 5310 1773 5380 54),
1793 5325 2008 5380 semper
2031 5310 2085 5366 in

494 5405 738 5474 laqueis,
770 5419 984 5475 semper
1011 5404 1066 5459 in
1093 5404 1343 5471 vinculis,
1369 5419 1669 5475 numquam
1704 5403 1839 5459 liber
1869 5420 1899 5458 a
1930 5419 2085 5459 com-

503 5495 752 5566 pedibus,
791 5496 917 5566 quia
968 5511 1183 5566 semper
1226 5495 1281 5550 in
1312 5495 1652 5552 criminibus.
1691 5495 1798 5563 Qui
1835 5497 2086 5567 quamvis

503 5587 836 5657 iniquiorum
881 5603 1045 5659 opera
1095 5597 1402 5658 exerceant,
1444 5597 1712 5658 occupant
1761 5597 1938 5643 tamen
1970 5589 2088 5642 loca

2200 4577 2388 4650 igitur,
2437 4577 2672 4633 concilio
2719 4574 3034 4630 Warmatize
3079 4576 3266 4630 habito
3303 4574 3487 4646 (1076,
3515 4574 3646 4630 Jan.
3679 4575 3775 4640 ΞΗ,

2199 4670 2294 4726 ubi
2308 4669 2496 4726 omnis
2520 4685 2686 4740 quam
2713 4668 2951 4739 patimur
2972 4667 3253 4724 calamitas
3273 4677 3468 4724 exorta
3499 4677 3604 4733 est,
3643 4667 3773 4734 abje-

2198 4768 2392 4816 cerunt
2424 4776 2455 4814 a
2487 4774 2546 4815 se
2567 4759 2759 4830 jugum
2786 4758 3089 4829 disciplinae
3114 4758 3262 4830 (Leg.
3303 4775 3364 4826 ιι,
3397 4775 3452 4830 p.
3481 4759 3599 4826 44),
3623 4773 3772 4828 quum

2199 4850 2404 4906 nullam
2437 4850 2616 4905 adhuc
2635 4850 2691 4904 in
2716 4849 2838 4904 illos
2859 4849 3095 4904 domnus
3118 4865 3256 4920 papa
3296 4849 3667 4904 anathematis
3690 4847 3769 4899 de-

2197 4944 2458 5000 stinasset
2484 4943 2833 5009 sententiam,
2870 4951 2924 4998 et
2954 4950 3159 4998 sancta:
3193 4941 3517 4996 obedientiaz
3543 4940 3767 4994 libellum

2198 5036 2408 5106 repudii
2447 5035 2917 5106 conscripserunt,
2962 5033 3265 5105 praelationi
3295 5034 3442 5089 sedis
3476 5031 3768 5103 apostolica:

2195 5129 2426 5200 superba
2486 5137 2538 5184 et
2592 5129 2872 5198 repentina
2937 5129 3242 5183 temeritate
3305 5127 3757 5182 abrenunciantes.

2195 5219 2334 5293 (Fol.
2363 5219 2510 5289 108.)
2544 5218 2788 5273 Primum
2825 5219 2930 5274 hoc
2966 5218 3294 5274 fermentum
3327 5228 3497 5274 totam
3535 5218 3762 5274 ecclesia-

2192 5324 2434 5365 massam
2475 5309 2738 5378 corrupit.
2785 5308 3099 5364 Conventus
3139 5308 3230 5364 hic
3275 5309 3416 5364 inter
3443 5309 3759 5363 nativitatem

2194 5400 2524 5456 dominicam
2559 5408 2613 5455 et
2669 5409 2984 5470 sequentem
3028 5400 3501 5472 quadragesimam
3560 5400 3760 5454 habitus

2192 5503 2296 5560 est,
2325 5493 2400 5549 ita
2424 5494 2760 5550 distant-ibus
2786 5494 3006 5564 spaciis,
3033 5501 3095 5549 ut
3125 5508 3486 5564 quaecumque
3514 5492 3592 5546 ibi
3626 5506 3759 5563 gere-

2194 5596 2384 5641 rentur
2421 5585 2647 5644 Romam
2670 5585 2922 5646 tempore
2949 5587 3141 5660 synodi
3164 5586 3356 5642 referri
3389 5593 3630 5657 possent.
3677 5579 3756 5634 Die

1776 5678 2009 5735 VARUE
2050 5677 2449 5736 LECTIONES.

572 5775 643 5807 ³⁷⁸
682 5776 862 5853 supple
885 5776 1090 5833 fecerit.
