3878 6310
101 354 179 417 501

1316 346 1714 414 CHRONICON
1727 395 1736 405 .

1777 382 1831 390 —-
1866 341 1992 406 LIB.
2027 341 2089 406 ll.
3239 351 3346 417 $01
3403 299 3412 311 ἱ

101 493 208 532 vero
226 473 464 530 natalitio
482 458 708 528 Andreas
727 458 959 542 apostoli
997 469 1152 541 (Nov.
1185 469 1297 541 ⁸50),
1325 478 1451 524 ante
1473 470 1647 539 ipsam
1679 472 1726 529 Α
1755 481 2080 522 concessum
2100 473 2204 533 est,
2236 475 2294 521 ut
2314 466 2436 523 aliis
2473 467 2814 538 praemineret
2833 472 2888 525 et
2908 478 3100 526 eOrum
3116 465 3246 544 qua
3274 475 3347 532 ad

99 567 267 624 natalis
302 565 395 619 Dei
441 563 790 620 festivitatem
835 561 978 633 apud
1027 561 1359 629 Bavemberg
1397 558 1653 614 Heinrico

96 662 265 733 posito,
315 666 464 713 tanta
513 657 693 712 adhuc
725 655 870 711 inter
909 670 1137 726 regnum
1167 662 1224 709 et
1253 666 1530 709 summum
1570 666 1653 706 sa-

96 749 364 808 rerdotium
391 739 608 819 'vigébat
641 746 956 821 concordia,
989 752 1049 799 ut
1076 743 1358 802 destitutio
1380 739 1652 813 pontificis

95 839 224 893 urbis
243 838 432 908 ipsius,
457 844 511 892 et
529 836 848 892 substitutio
870 835 1097 890 alterius
1118 834 1443 891 obedientiaa
1463 833 1652 889 domni

94 943 220 1001 papae
250 930 614 1000 deputaretur.
655 927 749 984 Ille
795 928 981 999 igitur,
1014 928 1110 998 qui
1149 935 1276 982 ante
1313 926 1650 981 nativitatem

94 1021 390 1076 dominicam
423 1030 588 1076 tanta:
623 1021 676 1075 in
715 1021 947 1076 ecclesia
987 1020 1401 1091 magnificentiae
1429 1027 1565 1086 erat,
1593 1027 1654 1072 ut

95 1113 148 1168 ad
167 1121 343 1168 nutum
370 1113 518 1168 illius
544 1113 876 1168 mutationes
901 1111 1156 1166 ordinum
1201 1108 1413 1178 tierent,
1458 1111 1650 1181 paucis

93 1214 192 1274 post
239 1204 575 1259 nativitatem
616 1203 810 1258 diebus
867 1203 1228 1259 inconventus
1278 1211 1332 1258 et
1374 1203 1654 1258 inauditus

92 1295 394 1366 proscriptus
420 1305 526 1362 εει,
560 1303 616 1351 et
637 1302 905 1366 quantum
954 1294 1021 1349 ad
1066 1294 1189 1350 illos
1230 1293 1531 1364 depositus.
1573 1292 1651 1347 Ex

91 1386 162 1440 die
183 1387 336 1452 enim,
364 1401 472 1456 qua
505 1387 642 1441 tanti
672 1385 742 1440 ab
771 1385 1030 1441 omnibus
1058 1385 1278 1441 habitus
1310 1393 1413 1452 est,
1445 1386 1653 1439 nullam

92 1489 252 1530 eorum
283 1476 607 1546 legationem
637 1475 866 1546 accepit,
908 1489 1086 1545 usque
1125 1474 1258 1529 dum
1305 1473 1396 1528 illa
1442 1473 1654 1528 veniret

91 1584 176 1636 qua
189 1566 382 1622 dictum
404 1571 492 1622 εει
518 1586 531 1622 :
559 1565 845 1634 Descende,
867 1565 1119 1620 dessende
1165 1566 1534 1620 interdicimus
1557 1564 1654 1618 tibi

86 1662 155 1728 ﬁt:
173 1677 308 1714 omne
332 1670 564 1730 papatus
595 1658 774 1731 (Legg.
801 1675 861 1725 tt,
891 1674 945 1729 p.
975 1658 1088 1729 47).

142 1756 321 1812 Audiat
361 1759 567 1812 cwlum
610 1765 666 1812 et
708 1758 1082 1826 Obstupescat,
1124 1756 1388 1827 intelligat
1425 1766 1566 1812 terra
1596 1767 1651 1813 et

87 1851 454 1905 contremiscat.
499 1849 735 1922 Legatur
757 1865 822 1905 ex
854 1822 965 1919 quo
998 1822 1083 1904 est
1108 1822 1647 1920 religio-christiana,
1680 1822 1724 1882 Β

90 1941 133 1995 id
149 1942 208 1996 ab
226 1943 402 2013 aliquo
420 1951 818 2013 praesumptum
837 1961 852 2010 ;
875 1942 1090 1996 dicatur
1108 1943 1309 2012 quibus
1323 1942 1648 2009 canenibus,

89 2034 258 2102 quibus
289 2035 514 2107 regulis,
554 2043 662 2106 qua
691 2037 943 2101 lectione,
981 2045 1091 2105 quo
1116 2036 1445 2092 documento
1484 2037 1535 2090 id
1579 2039 1651 2093 sit

86 2125 456 2195 adtemptatum.
501 2126 763 2182 Auditum
805 2127 907 2182 sub
935 2125 1076 2180 caelo
1117 2141 1221 2181 non
1264 2126 1482 2196 legitur,
1526 2139 1650 2182 omu-

87 2219 193 2273 nino
213 2230 305 2274 nec
329 2219 554 2288 dicitur,
593 2219 739 2292 quod
781 2219 955 2290 possit
994 2218 1194 2289 aliquis
1238 2227 1435 2289 papam
1479 2228 1649 2291 depo-

85 2327 206 2380 nere,
248 2315 300 2367 et
343 2316 611 2370 concessa
648 2313 752 2369 sibi
793 2313 1012 2384 privare
1045 2318 1332 2382 potestate.
1369 2310 1650 2370 Romanus

84 2405 202 2459 enim
222 2406 455 2476 pontifex
481 2422 589 2462 non
625 2407 789 2462 modo
819 2406 1017 2478 deponi
1035 2407 1174 2475 ,-sed
1203 2421 1305 2462 nec
1333 2407 1518 2477 aliquo
1545 2423 1648 2479 po-

86 2508 169 2553 test
185 2499 483 2571 dijudicari.
525 2498 767 2555 Audiant
798 2507 965 2554 tanta:
988 2498 1432 2569 praesumptionis
1453 2509 1647 2556 aucto-

85 2607 153 2645 res
173 2608 300 2663 ιξοιιιΔ
321 2595 453 2649 lices
485 2601 543 2648 et
577 2591 838 2658 fautores,
866 2591 999 2662 quid
1029 2590 1395 2662 Symmachus
1415 2607 1553 2662 papa
1581 2593 1648 2647 de

85 2685 324 2757 privilegio
342 2685 582 2742 Romani
605 2685 878 2756 pontificis
901 2684 1153 2740 senserit.
1194 2683 1285 2738 Ait
1305 2684 1451 2738 enim
1480 2683 1534 2738 in
1549 2685 1647 2739 de-

85 2779 219 2833 cretis
259 2780 371 2834 sttis
423 2773 609 2850 capite
651 2776 687 2831 2
725 2796 738 2832 :
782 2797 800 2830 ι
828 2775 1074 2831 Aliorum
1117 2775 1404 2831 hominum
1448 2784 1647 2832 causas

85 2867 200 2925 Deus
221 2872 383 2926 voluit
404 2887 508 2942 per
533 2870 786 2926 homines
808 2869 1126 2938 terminare,
1159 2868 1307 2925 sedis
1335 2869 1649 2938 apostolica:

84 2961 352 3027 pontiﬁcem
415 2978 528 3018 suo
575 2962 692 3017 sine
733 2961 1022 3032 questione
1060 2962 1360 3018 reservavit
1397 2963 1641 3017 arbitrio.

85 3041 234 3107 Voluit
263 3052 401 3108 beati
438 3053 593 3109 Petri
635 3058 984 3109 succesSores
1026 3051 1166 3108 ccelo
1201 3060 1414 3108 tantum
1449 3052 1646 3108 debere

84 3143 432 3214 innocentiam,
485 3147 542 3201 et
583 3145 958 3202 subtilissima:
1003 3145 1369 3201 discussionis
1403 3145 1645 3217 indagini
1673 3169 1715 3226 ο

84 3231 357 3293 iviolatam
406 3238 637 3294 exibere
679 3237 1092 3293 conscientiam.
1128 3259 1146 3289 ι
1190 3236 1258 3292 Ει
1299 3246 1438 3309 papa
1490 3237 1648 3293 Gelae

82 3327 177 3384 sius
205 3349 216 3384 :
253 3351 270 3381 ‹
297 3329 580 3398 Canones,
609 3330 810 3402 inquit,
844 3330 1019 3386 sancti
1051 3331 1443 3401 appellationes
1477 3331 1648 3387 totius

81 3423 286 3479 ecclesiae
310 3425 377 3479 ad
402 3424 576 3495 hujus
611 3433 816 3479 sanctae
847 3424 994 3480 sedis
1022 3439 1249 3479 examen
1294 3428 1524 3479 sanxere
1547 3423 1644 3478 de-'

81 3512 204 3581 ferri,
230 3516 398 3586 ipsam
426 3533 562 3572 vero
583 3532 614 3572 a
639 3517 790 3572 nullo
812 3533 1038 3588 prorsus
1065 3516 1324 3587 appellari
1339 3517 1556 3584 debere,
1583 3533 1648 3572 ac

81 3620 158 3674 per
177 3607 271 3664 hoc
292 3609 440 3664 illam
474 3609 545 3664 de
571 3617 682 3664 tcta
710 3609 956 3666 iecclesia
995 3609 1264 3680 judicare,
1300 3609 1476 3680 ipsam
1517 3623 1646 3665 vero

81 3697 132 3751 ad
153 3699 338 3756 nullius
372 3709 689 3758 cemmeare
707 3700 998 3772 judicittm,
1023 3710 1123 3756 nec
1144 3700 1212 3757 de
1235 3700 1358 3771 ejus
1383 3711 1644 3771 umquam

82 3799 419 3863 pmceperunt
457 3794 671 3864 judicio
710 3793 988 3864 iudicari,
1035 3794 1474 3864 sententiamque
1526 3793 1647 3864 ejus

82 3883 450 3943 constituerunt
494 3896 606 3939 non
645 3885 842 3940 debere
885 3885 1131 3952 dissolvi,
1176 3885 1298 3957 ejus
1333 3886 1517 3956 potius
1560 3900 1647 3941 se-

83 3976 261 4042 quenda
287 3981 622 4036 mandarunt
648 3978 887 4034 decreta.
925 3995 944 4030 ι
988 3977 1056 4033 Ει
1078 3978 1374 4035 Anastasio
1403 3980 1644 4050 impera-

83 4067 166 4119 tori
186 4063 423 4126 scribens
451 4070 528 4125 ait
560 4069 808 4146 capitulo
857 4070 930 4124 5:
979 4090 997 4122 ι
1025 4068 1216 4140 lmpeti
1260 4078 1494 4141 possunt
1538 4071 1645 4124 hu-

83 4160 233 4215 manis
277 4162 800 4232 pmsumptionibus
860 4178 980 4233 qua:
1028 4162 1216 4217 divino
1267 4172 1396 4218 sunt
1435 4161 1646 4233 judicio

81 4253 364 4320 constituta,
397 4253 548 4308 vinci
583 4264 763 4308 autem
795 4265 902 4309 non
933 4263 1182 4324 possunt.
1223 4255 1402 4325 Atque
1433 4255 1644 4310 Utinam

85 4343 146 4397 sic
195 4346 683 4402 contranitentibus
733 4347 1040 4417 perniciosa
1090 4357 1202 4401 non
1252 4348 1323 4403 sit
1374 4348 1642 4415 audacia,

83 4437 515 4504 quemadmodum
563 4439 707 4510 quod
735 4439 803 4494 ab
845 4439 961 4510 ipso
1009 4455 1179 4495 sacrae
1223 4439 1507 4510 religionis
1547 4453 1646 4495 au-

1754 556 2031 626 querelam
2057 557 2306 612 venirent
2331 571 2528 613 causas
2551 566 2607 613 et
2630 559 3082 632 interrogationes
3101 564 3344 634 prudente

1754 656 1838 702 ter
1869 647 2199 719 disponeret.
2238 648 2396 716 Quod
2424 649 2518 706 Dei
2553 651 2896 708 ordinatione
2931 665 3115 710 actum
3141 665 3248 724 est,
3275 670 3346 714 ne

1753 741 1956 811 posteri
1985 757 2175 798 eorum
2208 751 2404 799 cuncta
2434 744 2538 800 sibi
2563 744 2933 812 vendicarent,
2956 746 3051 801 sed
3079 747 3149 802 ad
3175 760 3345 804 unam

1755 832 1897 888 beati
1927 832 2070 889 Petri
2102 835 2473 905 apostolorum
2497 836 2757 906 principis
2778 837 2963 892 sedem
2985 838 3342 906 confluerent,

1753 934 1823 998 ut,
1857 926 1984 983 inde
2026 928 2330 998 suscipiant
2375 928 2540 985 linem
2568 931 2714 986 unde
2738 941 3068 1002 acceperunt
3112 934 3343 991 inicium

1753 1015 2182 1086 institutionum,
2221 1035 2290 1075 ne
2313 1021 2642 1091 quandoque
2670 1037 2703 1076 a
2730 1035 2832 1078 suo
2853 1023 3226 1096 discreparent
3250 1042 3348 1083 ca-

1752 1109 1881 1178 pite.
1908 1131 1927 1163 »
1967 1111 2240 1169 Adrianus
2259 1118 2478 1184 quoque
2496 1129 2636 1186 papa
2662 1117 2717 1171 in
2737 1117 2968 1176 decretis
2987 1121 3104 1178 suis
3129 1140 3144 1177 :
3171 1140 3192 1174 ι
3208 1121 3344 1177 Pre-

1753 1199 1839 1254 sul
1899 1216 2149 1259 summus
2196 1219 2228 1258 a
2283 1204 2501 1260 nemine
2538 1205 2889 1275 judicabitur.
2942 1209 3217 1283 Scriptum
3258 1215 3345 1269 est

1715 1283 1898 1347 'enim
1931 1301 1948 1349 ':
1988 1293 2112 1350 Non
2137 1305 2214 1350 est
2257 1297 2552 1367 discipulus
2591 1315 2746 1370 super
2770 1305 3106 1374 magistrum.
3137 1322 3159 1362 ι
3199 1307 3341 1381 (ιηόι.

1755 1382 2181 1457 108’.)Audiant
2205 1389 2370 1445 etiam
2413 1400 2566 1446 nevae
2594 1391 2759 1463 hujus
2802 1399 3246 1470 praesumptionis
3286 1408 3347 1458 et

1703 1512 1706 1514 ν
1752 1488 2203 1550 praesumptuosae
2223 1481 2482 1537 novitatis
2514 1481 2826 1539 inventores
2852 1493 2906 1540 et
2940 1488 3345 1549 machinatum

1750 1583 1818 1624 ex
1849 1572 2029 1627 verbis
2053 1571 2296 1641 ejusdem
2320 1571 2620 1628 Simmachi
2645 1589 2798 1645 papae
2833 1579 2965 1648 quid
3007 1594 3342 1656 mereantur,

1752 1672 1814 1717 ut
1842 1663 2268 1731 confundantur,
2301 1674 2355 1720 et
2383 1675 2735 1722 revereantur
2765 1670 2972 1726 utinam
2999 1674 3066 1728 ad
3094 1677 3344 1744 penitené-

1753 1755 1885 1810 tiam
1912 1771 2030 1827 cap.
2060 1756 2096 1810 2
2125 1775 2136 1810 :
2186 1777 2204 1810 ι
2234 1755 2291 1811 Si
2331 1758 2456 1828 quis
2482 1759 2746 1828 presbiter
2769 1762 3035 1820 diaconus
3067 1773 3164 1822 aut
3192 1770 3347 1826 cleri-

1752 1863 1852 1905 cus
1882 1865 2020 1920 papa
2060 1849 2335 1905 incolume
2368 1858 2424 1905 et
2457 1867 2522 1906 eo
2551 1852 2862 1911 inconsulto
2887 1859 3344 1931 subscriptionem

1751 1951 1851 2007 pro
1873 1938 2121 1993 Romano
2147 1939 2467 2009 pontiﬁcatu
2495 1945 2844 2002 commodare
2872 1958 2964 2002 aut
2985 1951 3197 2020 pittatia
3221 1961 3347 2026 pro-

1751 2029 1988 2097 mittere,
2021 2041 2116 2086 aut
2145 2040 2548 2087 sacramentum
2580 2035 2820 2104 prtebcre
2857 2043 3219 2110 temptaverit,
3247 2051 3346 2100 aut

1750 2119 1972 2191 aliquod
1995 2131 2144 2177 certe
2175 2122 2493 2195 suffragium
2525 2125 2789 2194 polliceri,
2822 2129 2906 2184 vel
2936 2130 3004 2185 de
3028 2133 3132 2188 hac
3174 2149 3344 2193 causa

1749 2211 1976 2282 privatis
2004 2215 2401 2271 conventiculis
2427 2215 2587 2272 factis
2622 2218 2922 2277 deliberare
2951 2230 3114 2294 atque
3149 2227 3342 2283 decer-

1749 2316 1879 2358 nere
1904 2306 2332 2375 przesumpserit,
2356 2307 2460 2362 loci
2486 2308 2571 2363 sui
2597 2308 2862 2380 dignitate
2880 2321 2934 2368 et
2954 2317 3344 2376 communione

1748 2395 2011 2466 privetur,
2060 2399 2177 2468 pari
2223 2401 2491 2455 sententia
2526 2402 2872 2476 dampnando
2909 2421 3058 2476 eum,
3100 2411 3194 2482 qui
3236 2412 3345 2470 hoc

1748 2486 1872 2542 vivo
1899 2488 2040 2543 sicut
2065 2490 2273 2545 dictum
2307 2499 2390 2545 est
2432 2493 2707 2562 pontiﬁce,
2743 2496 2987 2566 quolibet
3031 2501 3194 2557 modo
3223 2500 3345 2560 fue—

1748 2577 1820 2632 rit
1851 2581 2088 2635 ambisse
2123 2583 2426 2650 convictus,
2469 2593 2564 2639 aut
2595 2596 2740 2642 certe
2779 2597 3092 2660 temptasse.
3124 2609 3144 2646 s
3185 2593 3342 2662 Quod

1749 2683 1879 2722 vero
1899 2671 2151 2739 aequitate
2181 2671 2325 2726 Petri
2350 2674 2674 2730 roborentur
2698 2681 2996 2748 apostolica
3011 2683 3239 2753 judicia,
3263 2688 3342 2744 ait

1749 2760 2097 2818 Innocentius
2142 2778 2321 2834 papa:
2364 2785 2382 2816 ι
2412 2765 2591 2821 Manet
2632 2766 2777 2824 Petri
2815 2771 3181 2846 privilegium,
3226 2777 3342 2832 ubi-

1746 2868 1982 2923 cumque
2001 2869 2070 2909 ex
2099 2855 2219 2925 ejus
2245 2854 2418 2912 fertur
2457 2860 2712 2928 aequitate
2745 2861 3037 2932 judicium.
3069 2884 3090 2917 ›
3131 2865 3343 2940 Grego-

1746 2945 1864 3001 rius
1885 2961 2104 3018 quoque
2145 2947 2226 3002 sic
2263 2948 2339 3004 ait
2377 2950 2518 3005 inter
2547 2961 2729 3008 cetera
2759 2954 2814 3009 in
2846 2955 3067 3012 decreto
3096 2975 3198 3015 suo
3216 2975 3339 3032 cap.

1749 3036 1818 3092 10
1850 3057 1863 3092 :
1901 3055 1918 3090 ι
1947 3037 2092 3093 Nulli
2116 3038 2198 3096 fas
2221 3048 2306 3096 est
2326 3043 2410 3097 vel
2429 3058 2590 3113 posse
2612 3046 2696 3100 vel
2713 3046 2850 3103 velle
2869 3050 3173 3121 transgredi
3198 3065 3343 3123 prae-

1746 3138 1903 3201 cepta
1937 3133 2252 3202 apostolica:
2278 3132 2447 3203 sedis,
2483 3151 2585 3192 nec
2613 3136 2739 3208 ejus
2761 3139 3143 3210 dispositionis
3167 3143 3342 3200 mini.

1751 3225 2000 3287 sterium.
2029 3226 2176 3297 quod
2203 3227 2450 3284 omnium
2475 3230 2629 3301 sequi
2653 3240 2884 3302 oportet
2907 3233 3213 3292 caritatem.
3261 3233 3346 3294 Sit

1749 3333 1881 3388 ergo
1910 3319 2084 3374 ruina!
2119 3334 2235 3375 suae
2270 3319 2457 3376 dolore
2482 3332 2811 3392 prostratus,
2843 3339 2945 3381 nec
2973 3326 3155 3382 locum
3186 3319 3345 3384 dein-

1749 3427 1877 3473 cens
1924 3412 2067 3469 inter
2096 3413 2409 3469 sacerdotes
2459 3413 2671 3472 habeat.
2735 3418 2988 3490 auisquis
3018 3421 3345 3491 apostolicis

1748 3505 1984 3560 valuerit
2009 3506 2285 3561 contraire
2310 3506 2565 3575 decretis,
2591 3509 2687 3564 sed
2714 3518 2948 3567 extorris
2970 3527 2998 3566 a
3027 3523 3220 3569 sancto
3239 3512 3348 3569 mi-

1749 3596 1980 3652 nisterio
2015 3597 2128 3650 ﬁat.
2167 3595 2286 3651 Non
2316 3597 2384 3653 de
2411 3598 2531 3667 ejus
2561 3599 2770 3670 judicio
2813 3602 3108 3673 quisquam
3151 3618 3346 3660 curam

1748 3691 1949 3745 habeat
2003 3689 2265 3745 quoniam
2293 3689 2407 3756 jam
2446 3691 2776 3762 dampnatus
2818 3710 2850 3748 a
2885 3705 3072 3750 sancta
3116 3704 3172 3751 et
3213 3711 3347 3766 apo-

1750 3783 1941 3838 stolica
1978 3783 2223 3838 tecclesia
2265 3792 2320 3836 et
2357 3783 2682 3839 auctoritate
2724 3802 2933 3856 suaque
2977 3787 3347 3845 inobedientia

1749 3885 1912 3946 atque
1943 3875 2368 3947 prwsumptione
2393 3891 2423 3929 a
2450 3891 2728 3947 quoquam
2754 3893 2878 3934 esse
2899 3894 3010 3934 non
3040 3879 3344 3950 dubitatur,

1748 3968 1877 4039 quia
1902 3967 2127 4038 majoris
2160 3969 2744 4026 excommunicationis
2771 3971 3076 4041 dejectione
3109 3982 3194 4029 est
3220 3973 3310 4028 exi
3327 4003 3345 4036 τ

1747 4057 1957 4128 gendus
2002 4057 2090 4112 cui
2124 4065 2327 4112 sancta:
2361 4058 2606 4113 ecclesia:
2639 4059 2936 4116 commissa
2967 4059 3146 4117 fuerat
3177 4062 3347 4119 disci-

1746 4148 1915 4218 plina,
1950 4147 2041 4217 qui
2073 4162 2181 4201 non
2204 4149 2381 4202 solum
2404 4149 2610 4218 praelati
2634 4161 2838 4208 sancta:
2864 4155 3109 4212 ecclesiae
3131 4157 3343 4227 jussio‘

1747 4239 1910 4293 nibus
1937 4253 2128 4308 parere
2163 4238 2368 4306 debuit,
2397 4240 2492 4293 sed
2532 4241 2697 4295 etiam
2741 4243 2878 4298 alios
2906 4261 2977 4300 ne
3001 4248 3344 4316 praeterirent

1748 4330 2048 4385 insinuare.
2108 4329 2192 4384 Sit
2223 4344 2354 4400 ergo
2379 4331 2590 4386 alienus
2621 4347 2653 4386 a
2688 4332 2889 4389 divinis
2919 4343 2974 4390 et
3015 4338 3344 4406 pontificali-

1747 4424 1852 4478 bus
1881 4419 2094 4489 oliiciis,
2132 4421 2225 4491 qui
2267 4421 2443 4476 noluit
2489 4423 2863 4495 obtemperare
2902 4429 3186 4500 praeceptis
3211 4447 3344 4502 apo-

84 4535 208 4582 ctore
234 4530 516 4599 praeﬁxum
544 4539 629 4586 est
651 4547 757 4586 non
789 4539 970 4600 potest
1008 4532 1114 4586 ulla
1161 4532 1361 4586 virtute
1389 4534 1638 4588 convelli.
1671 4520 1721 4578 D
1749 4517 1973 4573 εῑυιίοίεσ
2005 4533 2024 4568 ³

85 4613 311 4677 Desinant
333 4638 469 4694 ergo
498 4637 670 4692 queso
696 4631 748 4677 te
777 4623 1112 4692 temporibus
1154 4623 1261 4679 tuis
1301 4623 1522 4693 quidam
1547 4641 1643 4694 per

85 4712 397 4768 occasionem
429 4713 874 4784 perturbationis
889 4714 1274 4769 ecclesiasticm
1298 4715 1644 4785 praecipitan-

86 4807 151 4852 ter
185 4804 402 4870 ambire,
434 4819 561 4874 quae
589 4820 696 4858 non
722 4804 864 4871 licet,
909 4820 977 4858 ne
1015 4804 1103 4858 illa
1149 4819 1272 4874 qua:
1304 4805 1446 4860 male
1477 4815 1647 4876 appe-‘

86 4897 204 4956 tunt,
251 4895 563 4951 nullatenus
613 4896 1050 4965 apprehendant,
1099 4905 1152 4950 et
1210 4897 1435 4951 modum
1484 4913 1645 4953 suum

87 4987 206 5052 apud
248 4987 414 5044 Deum
464 4988 824 5058 hominesque
850 5003 960 5042 non
989 4996 1228 5044 teneant.
1263 5008 1281 5040 ι
1321 4987 1648 5045 Melchiades

87 5093 274 5150 quoque
312 5097 456 5154 papa
484 5083 541 5137 in
570 5083 798 5153 epistola
836 5081 1112 5154 Hispaniae
1148 5084 1420 5154 episcOpis
1443 5085 1647 5141 directa

87 5168 141 5226 de
168 5177 439 5249 privilegio
478 5177 638 5234 beato
659 5175 822 5232 Petro
849 5185 902 5232 et
932 5177 1346 5234 successoribus
1381 5177 1500 5248 ejus
1529 5179 1649 5234 vice

88 5260 277 5322 Domini
306 5285 574 5326 concesso
609 5269 688 5324 sic
715 5269 791 5323 ait
819 5276 940 5338 post
974 5269 1155 5340 aliqua
1180 5287 1194 5322 :
1229 5288 1247 5320 ι
1277 5267 1392 5324 Hoc
1424 5269 1646 5339 privile-

89 5356 214 5423 gium
255 5354 518 5417 Dominus
555 5361 715 5417 beato
757 5355 920 5416 Petro
947 5362 1218 5433 clavigero
1247 5376 1348 5417 suo
1377 5363 1649 5417 concessit

89 5460 133 5500 et
155 5465 245 5505 sua
272 5453 388 5508 vice
414 5454 758 5509 solummodo
797 5454 1088 5521 commisit,
1122 5455 1269 5525 quod
1287 5454 1408 5524 ejus
1435 5471 1643 5525 praero-

89 5541 300 5608 gativum
345 5545 560 5601 cunctis
596 5547 1012 5602 successoribus
1061 5547 1177 5602 suis
1229 5546 1642 5603 hereditandum

89 5642 154 5686 est
187 5643 337 5705 atque
383 5637 676 5692 tenendum
700 5636 900 5694 futuris
925 5639 1284 5708 temporibus,
1308 5639 1569 5709 quoniam
1594 5649 1649 5694 et

89 5717 208 5780 inter
229 5727 502 5798 apostolos
541 5728 643 5785 fuit
681 5730 913 5801 quedam
941 5731 1200 5786 discretio
1242 5733 1545 5801 potestatis.
1582 5737 1651 5787 Et

90 5815 195 5872 licet
214 5831 530 5877 cunctorum
565 5839 661 5894 par
685 5823 823 5878 foret
855 5824 1068 5890 electio,
1101 5823 1260 5879 beato
1280 5832 1461 5878 tamen
1489 5823 1648 5878 Petro

1821 4614 2097 4688 Sylvester
2117 4613 2282 4668 etiam
2308 4630 2446 4685 papa
2470 4614 2537 4671 de
2557 4631 2666 4670 non
2685 4615 2984 4687 judicanda
3012 4618 3190 4690 prima
3214 4620 3346 4677 sede

1745 4707 1825 4762 sic
1847 4707 1924 4762 ait
1951 4723 2070 4777 cap.
2105 4705 2139 4759 6
2173 4725 2186 4760 :
2223 4705 2392 4760 Nemo
2406 4707 2674 4776 judicabit
2701 4709 2932 4778 primam
2951 4711 3146 4779 sedem,
3178 4711 3348 4781 justi-

1749 4803 1882 4854 tiam
1903 4801 2184 4870 temperari
2209 4800 2616 4856 desiderantem.
2659 4801 2840 4876 Neque
2857 4804 2997 4858 enim
3027 4805 3092 4860 ab
3117 4817 3343 4876 augusto

1750 4911 1910 4965 neque
1945 4894 2008 4948 ab
2049 4895 2191 4947 omni
2233 4894 2371 4948 clero
2395 4911 2557 4965 neque
2583 4913 2614 4948 a
2643 4896 2848 4967 regibus
2888 4911 3050 4968 neque
3081 4916 3114 4952 a
3149 4900 3343 4970 popqu

1743 4988 1912 5056 jndea:
1941 4986 2293 5056 judicabitur.

1824 5080 2146 5135 Boncl'acius
2167 5095 2307 5150 papa
2326 5079 2392 5134 de
2418 5087 2687 5149 potestate
2730 5079 2990 5137 Romanae
3015 5084 3262 5140 ecclesia:
3288 5093 3347 5140 et

1753 5177 1819 5231 de
1845 5176 1931 5230 his
1960 5175 2054 5244 qui
2082 5189 2210 5246 erga
2237 5190 2357 5229 eam
2381 5174 2724 5243 superbiunt,
2749 5175 2828 5230 sic
2865 5176 2941 5231 ait
2963 5179 3211 5233 scribens
3233 5173 3345 5232 Eu-

1754 5268 1880 5322 lalio
1921 5266 2260 5322 Alexandria:
2302 5266 2560 5336 episcopo
2590 5284 2601 5318 :
2640 5284 2658 5316 ι
2686 5263 2826 5320 Olim
2854 5276 2910 5322 et
2938 5268 3006 5324 ab
3031 5269 3189 5325 initio
3221 5277 3345 5325 tan-

1754 5368 1863 5412 tam
1895 5357 2236 5427 percepimus
2271 5373 2301 5411 a
2327 5357 2486 5412 beato
2514 5355 2676 5412 Petro
2697 5360 3072 5428 apostolorum
3095 5362 3342 5433 principe

1754 5451 2030 5517 fiduciam,
2066 5458 2128 5504 ut
2156 5449 2457 5505 habeamus
2491 5453 2873 5513 auctoritatem
2901 5454 3195 5511 universali
3230 5471 3340 5512 tec—

1751 5545 1932 5601 clesiaa
1958 5543 2252 5598 auxiliante
2274 5541 2506 5599 Domino
2533 5543 2844 5611 subvenire,
2868 5554 2923 5600 et
2947 5547 3212 5618 quidquid
3233 5552 3341 5604 no-

1754 5639 1936 5693 civum
1958 5646 2062 5704 est,
2095 5637 2414 5692 auctoritate
2453 5639 2748 5707 apostolica
2774 5639 3043 5710 corrigere
3070 5649 3124 5695 et
3148 5656 3339 5696 emen—

1755 5731 1904 5785 dare.
1943 5729 2011 5784 Et
2031 5729 2156 5800 quia
2188 5745 2297 5784 non
2328 5738 2504 5800 potest
2531 5729 2748 5788 Domini
2784 5732 2960 5787 nostri
2982 5730 3112 5788 Jesu
3133 5731 3341 5791 Christi

1757 5823 2094 5894 praetermitti
2125 5823 2389 5878 sententia
2417 5823 2690 5883 dicentis;
2731 5822 2807 5878 Tu
2840 5841 2894 5878 es
2923 5823 3133 5894 Petrus,
3174 5833 3223 5878 et
3256 5841 3343 5878 su-
