3878 6310
534 322 642 383 5θὸ
1112 362 1117 368 ~
1556 321 1858 380 HUGONIS
1895 321 2189 379 ABBATIS

533 455 625 508 per
668 438 803 491 hanc
842 445 1045 505 petram
1076 434 1327 505 ediﬁcabo
1352 435 1642 490 (ecclesiam
1668 452 1858 501 meam,
1908 444 1964 490 et
2000 435 2117 491 hazc
2148 439 2191 497 Α

534 545 659 605 quae
686 533 830 589 dicta
866 540 995 589 sunt
1037 547 1218 587 rerum
1246 531 1545 601 probantur
1571 530 1874 596 eﬂ'ectihus,
1902 531 2031 601 quia
2065 530 2121 585 in

535 624 663 681 sede
691 623 986 693 apostolica
1030 628 1182 676 extra
1226 620 1498 675 maculam
1547 635 1760 689 semper
1787 628 1873 676 est
1909 629 2122 675 servata

535 717 728 787 religio
754 717 1037 771 catholica.
1084 713 1158 769 De
1181 729 1290 784 qua
1311 727 1409 782 spe
1427 721 1483 767 et
1505 712 1606 768 ﬁde
1629 714 1872 783 separari
1897 712 2124 768 minime

535 809 837 879 cupientes,
862 816 919 864 et
942 814 1158 877 patrum
1187 804 1485 861 constituta
1533 814 1845 875 sequentes,
1890 805 2122 860 anathe-

536 899 858 955 matizamus
894 912 1085 953 omnes
1124 896 1221 967 qui
1250 904 1442 952 contra
1466 906 1712 952 sanetam
1742 894 2047 951 Romanam
2068 905 2123 952 et

534 990 883 1060 apostolicam
904 989 1190 1044 ecclesiam
1214 988 1578 1059 superhiendo
1608 1004 1739 1045 suas
1758 1001 1976 1060 erigunt
1999 1004 2121 1044 cer-

534 1081 698 1147 vices,
738 1090 1034 1150 sequentes
1072 1080 1129 1135 in
1170 1079 1428 1136 omnibus
1468 1079 1824 1150 apostolicam
1859 1080 2041 1135 sedem
2067 1087 2123 1135 et

531 1171 885 1243 pradicantes
908 1172 1094 1227 omnia
1114 1172 1234 1241 ejus
1255 1170 1503 1227 instituta
1524 1189 1538 1239 ;
1563 1179 1617 1226 et
1638 1186 1735 1242 per
1756 1172 1938 1227 omnia
1961 1186 2121 1242 spero

528 1262 664 1317 utin
686 1278 794 1317 una
822 1262 1213 1319 communione
1247 1263 1554 1330 vobiscum,
1593 1279 1760 1334 quam
1793 1264 1952 1320 sedes
1989 1278 2121 1332 apo-

528 1356 721 1413 stolica
743 1356 1039 1426 praedicat,
1074 1371 1197 1412 esse
1230 1371 1465 1423 merear,
1501 1356 1556 1410 in
1578 1371 1687 1426 qua
1711 1363 1799 1412 est
1830 1356 2039 1427 integra
2065 1365 2121 1412 et

525 1463 655 1503 vera
681 1447 999 1504 christiana:
1026 1448 1308 1519 religionis
1330 1456 1383 1503 et
1412 1446 1649 1519 perfecta
1674 1448 1943 1505 soliditas.
1982 1447 2120 1503 Pro-

527 1541 752 1616 mittens
776 1551 1151 1612 sequestratos
1182 1556 1212 1595 a
1237 1541 1627 1596 communione
1646 1540 1930 1596 catholica:
1951 1541 2119 1595 eccle-

487 1643 491 1647 ‘
528 1631 625 1693 sia:
647 1646 840 1686 omnes
882 1648 993 1686 non
1036 1632 1439 1687 consentientes
1463 1631 1576 1687 sedi
1609 1631 1924 1701 apostolica
1949 1640 2004 1686 et
2024 1647 2120 1686 eo-

525 1737 651 1776 rum
688 1722 911 1776 nomina
948 1722 1088 1777 inter
1120 1737 1280 1778 sacra
1315 1721 1613 1778 ministeria
1657 1738 1768 1777 non
1809 1738 1934 1778 esse
1974 1724 2116 1778 reei-

526 1813 713 1868 tanda.
782 1812 1092 1883 Dampnans
1139 1823 1194 1870 et
1245 1823 1621 1871 antecessores
1668 1824 1723 1870 et
1771 1830 2118 1872 successores

527 1918 702 1968 meos,
733 1910 788 1958 et
820 1918 1013 1960 omnes
1040 1905 1132 1975 qui
1171 1916 1374 1961 sancta:
1402 1905 1664 1961 Romanae
1705 1915 1761 1961 et
1798 1907 2120 1977 apostolica:

528 1994 771 2050 ecclesiae
804 1994 1083 2067 privilegia
1122 2012 1343 2053 cassare
1380 1998 1648 2053 nituntur.
1678 2016 1701 2049 ι

600 2085 664 2140 Et
685 2088 829 2157 quod
855 2086 1097 2143 Romana
1122 2090 1369 2144 :ecclesia
1387 2106 1417 2144 a
1438 2091 1658 2147 nemine
1680 2090 1753 2147 sit
1774 2090 2115 2161 appellanda,

528 2176 778 2234 Gelasius
852 2179 1096 2236 scribens
1137 2181 1395 2236 omnibus
1433 2181 1706 2253 episcopis
1751 2198 1872 2251 cap.
1918 2182 1955 2236 4
1998 2181 2114 2253 (fol.

532 2268 676 2342 i09-‘)
712 2290 725 2324 :
756 2289 773 2323 ι
804 2269 1015 2326 Cuncta
1052 2286 1150 2341 per
1192 2273 1460 2327 mundum
1490 2274 1644 2327 novit
1678 2273 1948 2340 aecclesia,
1971 2272 2117 2343 quod

530 2372 885 2418 sacrosancta
911 2361 1158 2418 Romana
1186 2363 1430 2420 azcclesia
1454 2363 1536 2420 fas
1559 2365 1625 2420 de
1647 2365 1903 2421 omnibus
1923 2365 2120 2421 habeat

518 2452 822 2521 iudicandi,
848 2467 1025 2523 neque
1055 2453 1312 2525 cuiquam
1344 2454 1504 2510 liceat
1531 2455 1599 2510 de
1616 2455 1742 2527 ejus
1762 2455 2012 2525 judicare
2034 2454 2119 2524 ju-

520 2541 685 2597 dicio.
727 2540 1008 2614 Siquidem
1033 2546 1101 2601 ad
1129 2546 1278 2601 illam
1305 2547 1540 2616 pertinet
1563 2547 1629 2603 de
1651 2547 1896 2617 qualibet
1927 2546 2115 2601 mundi

520 2643 675 2703 parte
697 2634 969 2705 judicare,
992 2637 1167 2708 ipsam
1194 2646 1377 2695 autem
1409 2655 1569 2695 nemo
1587 2648 1674 2695 est
1698 2639 1969 2711 appellare
1989 2654 2116 2710 per-

468 2714 485 2729 ”
518 2726 742 2784 missus.
785 2725 891 2785 Sed
939 2745 1040 2787 nec
1077 2731 1167 2786 illa
1212 2733 1577 2802 praaterimus,
1627 2734 1775 2804 quod
1815 2733 2116 2805 apostolica

517 2818 676 2876 sedes
706 2820 826 2877 sine
848 2821 959 2878 ulla
993 2824 1203 2896 synodo
1226 2826 1568 2896 praecedente
1609 2835 1666 2883 et
1702 2827 1949 2884 solvendi
1975 2842 2117 2898 quos

520 2912 763 2989 synodus
810 2914 999 2986 iniqua
1046 2916 1460 2988 dampnaverat,
1508 2928 1563 2974 et
1604 2921 1936 2992 dampnandi
1973 2937 2117 2993 quos

520 3006 824 3074 oportuerit
862 3006 1026 3062 habet
1058 3018 1381 3078 potestatem
1402 3050 1420 3077 ,
1461 3020 1518 3066 et
1556 3013 1661 3067 hoc
1704 3012 1967 3068 nimirum
2016 3028 2118 3085 pro

521 3109 624 3159 suo
644 3096 948 3168 principatu
974 3115 1138 3169 quem
1164 3101 1355 3159 beatus
1374 3101 1571 3161 Petrus
1591 3106 1871 3176 apostolus
1894 3105 2111 3162 Domini

518 3204 654 3244 voce
683 3197 738 3245 et
770 3190 948 3245 tenuit
971 3206 1184 3263 semper
1212 3203 1267 3249 et
1296 3196 1519 3251 tenebit.
1553 3218 1571 3247 ι
1612 3197 1678 3252 Et
1700 3198 1941 3256 Kalistus
1970 3215 2110 3271 papa

512 3277 574 3332 in
604 3278 834 3336 decretis
857 3296 977 3352 cap.
1007 3281 1026 3336 l
1063 3300 1076 3336 :
1107 3281 1377 3355 Quidquid
1412 3286 1525 3342 sine
1553 3288 1867 3343 discretione
1875 3290 2111 3360 justitia:

519 3379 704 3426 contra
724 3370 978 3428 Romana:
996 3374 1231 3431 ecclesiae
1250 3376 1592 3449 disciplinam
1616 3388 1793 3435 actum
1819 3381 1999 3452 fuerit,
2028 3399 2112 3436 ra-

520 3472 634 3518 tum
657 3463 846 3518 habere
871 3466 1009 3520 ratio
1038 3467 1187 3523 nulla
1214 3470 1493 3539 permittit.
1550 3470 1848 3529 Nicbolaus
1889 3490 2110 3546 quoque

517 3555 586 3617 de
628 3565 944 3639 contemptu
998 3559 1141 3614 sedis
1165 3557 1503 3631 apostolicae
1557 3565 1851 3622 universali
1902 3568 2110 3639 synado

514 3647 816 3717 praesidens
836 3638 975 3705 dixit
1003 3669 1015 3703 :
1060 3670 1077 3701 ι
1101 3650 1158 3706 Si
1186 3654 1310 3723 quis
1332 3655 1608 3726 dogmata,
1633 3658 1914 3727 mandata,
1937 3638 2108 3717 inter—

520 3737 689 3804 dicta,
717 3741 1033 3798 sanctiones
1057 3743 1140 3797 vel
1172 3745 1387 3801 decreta
1417 3763 1517 3817 pro
1546 3749 1818 3805 catholica
1853 3752 1978 3819 ﬁde,
2008 3768 2109 3822 pro

515 3830 887 3907 ecclesiastica
906 3833 1214 3905 disciplina,
1238 3852 1339 3907 pro
1366 3834 1702 3897 correctione
1723 3842 1987 3911 ﬁdelium,
2009 3859 2109 3915 pro

512 3922 896 3985 emendatione
939 3926 1332 3983 sceleratorum
1370 3930 1454 3983 vel
1493 3931 1876 3990 interdictione
1920 3936 2107 3991 immi-

516 4012 766 4067 nentium
795 4014 881 4069 vel
910 4013 1222 4073 futurorum
1248 4019 1541 4089 malorum,
1572 4038 1604 4077 a
1627 4025 1774 4081 sedis
1796 4029 2108 4096 apostolica:

513 4103 748 4173 praesule
780 4106 1072 4163 salubriter
1112 4110 1455 4182 promulgata
1503 4120 1924 4189 contempserit,
1971 4137 2107 4178 ana-

513 4194 718 4250 thema.
759 4194 816 4250 Si
840 4198 1130 4255 anathema
1156 4209 1261 4269 est,
1293 4203 1388 4272 qui
1412 4209 1712 4263 contemnit
1732 4209 1950 4267 decreta
1973 4227 2107 4283 apo-

512 4288 727 4357 stolica,
773 4290 904 4362 quid
946 4301 1207 4363 meretur,
1255 4296 1353 4368 qui
1390 4297 1446 4353 in
1494 4303 1848 4358 reverendam
1901 4305 2106 4361 sanctis

510 4383 768 4447 omnibus
805 4387 1088 4455 apostolici
1111 4391 1355 4448 nominis
1383 4393 1722 4463 majestatem
1755 4411 1979 4452 manum
2019 4398 2105 4452 in-

509 4475 656 4541 licite
696 4476 763 4507 ³⁷⁸
788 4493 822 4529 ιι
864 4494 898 4530 ιι
927 4478 1083 4534 timet
1108 4483 1441 4538 extendere?
1479 4483 1545 4539 Et
1574 4495 1636 4540 ut
1668 4488 1884 4543 tandem
1915 4488 2099 4544 invin--
2132 4490 2178 4550 υ

509 4566 658 4621 eibili
696 4567 795 4623 Dei
834 4569 1017 4639 gladio
1054 4570 1319 4628 feriamus
1361 4574 1453 4642 ⁸⁷⁸,
1491 4576 1717 4632 audiant
1755 4579 2101 4652 impugnato-

2139 3145 2181 3203 C

508 4673 594 4713 res
620 4658 687 4689 ³⁷⁷
717 4660 986 4728 veritatis,
1016 4672 1449 4736 propugnatores
1488 4668 1862 4736 perversitatis
1903 4671 1992 4737 ³⁷⁸,
2032 4688 2100 4727 ex

505 4750 687 4807 verbis
728 4752 874 4808 beati
900 4752 1046 4809 Petri
1087 4754 1155 4786 ³⁷⁹
1199 4757 1430 4827 apostoli
1462 4758 1550 4813 cui
1593 4759 1967 4830 praajudicium
2022 4764 2101 4819 le-

508 4854 701 4899 cerunt
725 4845 858 4916 quid
891 4857 1224 4903 mercantur.
1267 4847 1323 4902 Si
1344 4850 1489 4921 quis,
1532 4852 1627 4918 ait,
1670 4852 1838 4921 hunc,
1871 4856 1940 4910 ad
1971 4853 2097 4911 Cle~

510 4946 744 4992 mentem
789 4940 1040 5010 loquens,
1102 4944 1413 5011 contristat,
1466 4945 1746 5003 Christum
1794 4950 1891 5020 qui
1931 4950 1982 5006 ei
2012 4967 2100 5006 ca—

509 5026 757 5084 thedram
813 5031 1043 5088 docendi
1110 5034 1334 5091 tradidit
1386 5051 1496 5091 non
1551 5038 1741 5109 recipit
1767 5082 1782 5105 ,
1843 5051 1897 5097 et
1953 5051 2095 5097 tam-

506 5134 674 5192 quam
698 5120 767 5153 “°
797 5123 892 5193 qui
923 5124 1201 5182 Christum
1228 5142 1337 5182 non
1370 5130 1692 5200 susceperit,
1733 5148 1834 5188 nec
1878 5132 2095 5190 Domini

506 5210 734 5268 fratrem
766 5214 832 5246 ³⁸³
864 5218 1171 5287 suscepisse
1194 5219 1553 5290 judicabitur,
1590 5232 1647 5277 et
1687 5223 1810 5279 ideo
1838 5240 1941 5281 nec
1979 5228 2095 5299 ipse

506 5306 827 5376 suscipietui
880 5306 938 5362 in
972 5323 1141 5380 regno
1162 5310 1472 5366 'cnelorum.
1506 5332 1524 5362 ι
1569 5312 1674 5380 Qui
1712 5330 1880 5385 supra
1914 5316 1983 5347 ³⁸³
2025 5316 2093 5372 de

504 5397 777 5469 episcopis
811 5400 1041 5470 loquens
1076 5418 1088 5453 :
1131 5401 1256 5468 Qui,
1309 5403 1508 5474 inquit,
1552 5407 1823 5477 episcopos
1878 5421 2088 5477 vexant,

2225 323 2355 379 FLA
2367 322 2794 380 VlNlACENSlS
3232 330 3246 338 ’
3688 326 3780 386 5οι

2223 446 2314 490 aut
2352 453 2643 491 ammorere
2672 437 2752 491 vel
2784 437 3073 507 dampnare
3110 439 3384 505 nituntur,
3419 440 3588 509 ipsum
3616 440 3780 494 Domi-

2225 542 2350 579 num
2381 526 2670 596 dampnare
2691 544 2783 596 per
2801 528 3107 597 prophetam
3128 530 3392 595 videntur,
3421 539 3472 585 et
3498 529 3613 585 ideo
3640 544 3782 603 usque

2224 618 2295 670 ad
2320 617 2741 688 satisfactionem
2787 619 3062 689 dampnati
3105 630 3249 675 sunt.
3299 620 3367 677 Et
3400 631 3525 692 post
3573 638 3779 693 pauca:

2225 707 2351 776 Qui,
2377 710 2574 781 inquit,
2611 709 2695 764 his
2724 711 3081 778 resistit,.Deo
3117 714 3338 782 resistit,
3359 722 3410 768 et
3431 730 3522 785 qui
3560 717 3638 770 eis
3656 717 3780 785 inju-

2224 801 2362 855 riam
2383 801 2461 856 vel
2489 802 2863 857 contumeliam
2898 803 3051 873 facit,
3076 803 3187 859 Deo
3214 805 3365 875 cujus
3390 805 3650 876 legatione
3676 820 3784 877 jar:-

2222 904 2418 965 guntur
2445 894 2597 965 facit.
2634 892 2920 951 Suﬁiciunt
2945 896 3071 962 ista,
3103 913 3174 953 an
3211 898 3393 954 adhuc
3412 899 3484 955 ad
3510 898 3780 956 confutan-

2222 985 2349 1040 dam
2377 986 2623 1042 adversaa
2658 987 2831 1058 partis
2862 987 3123 1058 ineptiam
3165 989 3409 1059 pluriora
3451 990 3519 1045 de
3564 990 3782 1062 scriptu-

2222 1078 2301 1133 ris
2346 1076 2415 1110 ³⁸³
2459 1077 2741 1148 querimus
2775 1077 3123 1133 testimonia?
3170 1079 3403 1135 Accedat
3447 1088 3503 1136 et
3547 1078 3782 1136 Jheroni-

2223 1182 2368 1235 mus,
2396 1166 2542 1224 dicat
2573 1176 2626 1224 et
2658 1168 2775 1240 ipse
2800 1169 2932 1240 quid
2957 1179 3235 1227 mereatur
3254 1172 3349 1241 qui
3366 1171 3639 1243 judicium
3659 1174 3783 1229 sedis

2223 1260 2538 1331 apostolicae
2575 1261 3004 1333 reprehenderit.
3054 1262 3295 1319 Audiant
3342 1265 3586 1320 malivoli
3620 1275 3681 1321 ut
3710 1268 3782 1321 in-

2222 1361 2528 1422 struantur,
2549 1352 2686 1424 justi
2719 1362 2776 1410 et
2801 1354 3039 1417 benivoli
3070 1364 3129 1410 ut
3170 1355 3504 1413 roborentur
3525 1366 3585 1413 et
3610 1358 3666 1412 in
3697 1358 3786 1415 ﬁde

2222 1443 2493 1499 catholica
2510 1444 2938 1501 conﬁrmentur.
2967 1446 3059 1502 Ait
3084 1446 3227 1503 inter
3256 1457 3437 1505 cetera
3467 1449 3714 1506 scribens
3730 1452 3785 1506 ad

2223 1534 2520 1593 Damasum
2555 1555 2568 1591 ι
2608 1536 2721 1593 Hec
2742 1546 2820 1592 est
2846 1538 3001 1609 ﬁdes,
3037 1541 3337 1595 beatissime
3360 1558 3525 1612 papa,
3556 1557 3712 1613 quam
3740 1544 3784 1597 in

2221 1628 2740 1683 ecclesiacatltolica
2771 1630 3057 1686 didicimus
3075 1672 3091 1699 ,
3116 1648 3376 1704 quamque
3395 1649 3606 1703 semper
3634 1636 3785 1688 tenui-

2223 1738 2368 1788 mus,
2394 1722 2450 1776 in
2490 1738 2596 1792 qua
2636 1721 2684 1776 si
2719 1723 2894 1778 minus
2936 1724 3105 1793 perite
3144 1732 3240 1778 aut
3276 1741 3469 1795 parum
3492 1735 3651 1780 caute
3674 1727 3788 1796 forte

2152 1792 2191 1849 υ
2222 1810 2428 1882 aliquid
2451 1812 2684 1881 positum
2702 1822 2802 1879 est,
2833 1814 3102 1868 emendari
3127 1792 3369 1886 cupimus
3385 1833 3417 1868 a
3442 1824 3513 1883 te,
3546 1817 3640 1887 qui
3660 1792 3787 1871 Petri

2208 1912 2269 1956 et
2297 1903 2456 1973 ﬁdem
2478 1913 2526 1958 et
2554 1905 2727 1959 sedem
2751 1914 2912 1960 tenes.
2938 1903 3000 1960 Si
3025 1914 3203 1960 autem
3224 1906 3315 1960 hec
3338 1917 3525 1962 nostra
3550 1908 3787 1977 confessio

2219 1994 2552 2064 apostolatus
2590 1996 2667 2049 tui
2687 1996 2899 2066 judicio
2935 1997 3341 2067 comprobatur,
3373 1998 3692 2070 quicumque
3724 2015 3787 2050 ιιι

2218 2085 2436 2155 culpare
2478 2086 2724 2153 voluerit,
2774 2104 2828 2141 se
2870 2088 3174 2159 imperitum
3208 2088 3289 2143 vel
3338 2089 3683 2156 maliuolum,
3726 2090 3787 2143 rel

2216 2178 2380 2231 etiam
2409 2194 2514 2232 non
2544 2178 2808 2234 catholico
2847 2181 3055 2234 nomine
3094 2179 3383 2235 hereticum
3423 2182 3782 2252 comprobabis

2220 2266 2531 2324 Secundum
2558 2270 2657 2324 hee
2682 2286 2813 2341 ergo
2843 2271 3148 2327 beatissimi
3180 2271 3481 2328 Jheronimi
3507 2273 3678 2338 dicta,
3700 2289 3786 2343 quc

2218 2361 2405 2416 nullus
2448 2362 2690 2417 ﬁdelium
2733 2363 2960 2436 ambigit
3003 2364 3230 2419 veritate
3266 2365 3526 2431 subnixa,
3555 2366 3784 2436 quisquis

2212 2450 2421 2521 judicia
2448 2453 2798 2524 reprehendit
2824 2455 3165 2524 apostolica;
3185 2454 3422 2510 heretica
3465 2466 3690 2513 notatur
3715 2457 3782 2510 in-

2217 2542 2403 2598 famia.
2436 2546 2778 2616 Augustinus
2807 2562 3026 2617 quoque
3047 2547 3179 2602 dum
3205 2556 3461 2603 tractaret
3490 2550 3564 2604 de
3586 2549 3689 2615 his,
3708 2549 3783 2620 qui

2217 2644 2345 2691 sunt
2375 2636 2516 2691 inter
2545 2637 2816 2694 hereticos
2848 2638 3225 2708 computandi,
3272 2639 3356 2693 vel
3390 2640 3486 2711 qui
3536 2656 3680 2708 non,
3721 2642 3784 2696 sic

2217 2728 2293 2782 ait
2315 2727 2455 2784 inter
2478 2739 2659 2785 cetera
2686 2748 2699 2784 :
2740 2750 2757 2782 ι
2792 2730 2931 2785 Dicit
2952 2731 3249 2802 Apostolus
3274 2750 3286 2785 :
3308 2731 3621 2786 Hereticum
3646 2733 3785 2787 Itami-

2218 2836 2334 2875 nem
2373 2832 2489 2891 post
2518 2823 2749 2893 primam
2778 2832 2826 2877 et
2862 2823 3146 2877 secundam
3189 2825 3577 2895 correptiouem
3609 2826 3782 2879 derita.

2216 2914 2385 2968 sciens
2434 2915 2561 2986 quia
2603 2915 2880 2970 subversas
2912 2924 2989 2969 est
3027 2916 3307 2985 ejusmodi,
3346 2926 3395 2970 et
3416 2927 3604 2987 peccat
3634 2919 3685 2971 in
3715 2934 3783 2970 sc-

2216 3006 2437 3077 metipso
2466 3008 2788 3078 dampnatus
2820 3006 2951 3081 (Tit.
2983 3023 3079 3076 ιιι,
3119 3008 3232 3080 l0.)
3285 3006 3405 3077 Sed,
3447 3009 3550 3079 qui
3591 3018 3783 3065 senten-

2218 3100 2349 3154 tiam
2393 3116 2551 3155 suam
2583 3101 2836 3172 quamvis
2878 3100 3076 3157 falsam
3105 3111 3271 3174 atque
3306 3118 3628 3173 perversam
3658 3102 3782 3157 nulla

2212 3192 2480 3265 pertinaci
2524 3193 2874 3249 animositate
2922 3192 3221 3249 defendunt
3276 3195 3588 3267 praesertim
3638 3211 3783 3267 quam

2214 3298 2324 3338 non
2353 3284 2570 3339 audatia
2602 3300 2716 3341 sua:
2758 3285 3203 3356 praesumptionis
3230 3288 3602 3357 perceperint,
3641 3286 3726 3341 sed
3758 3301 3783 3338 a

2213 3376 2451 3432 seductis
2480 3385 2645 3448 atque
2669 3377 2725 3431 in
2756 3392 2999 3433 errorem
3030 3378 3199 3447 lapsis
3232 3379 3558 3449 parentibus
3586 3394 3783 3448 accepta»

2210 3478 2360 3536 runt,
2403 3479 2643 3540 querunt
2683 3478 2866 3526 autem
2903 3478 3062 3525 cauta
3092 3471 3459 3528 sollicitudine
3494 3473 3780 3531 veritatem.

2212 3560 2414 3633 corrigi
2444 3561 2619 3634 parati
2652 3577 2777 3617 cum
2818 3562 3143 3630 invenerint,
3176 3579 3527 3636 nequaquam
3556 3572 3683 3621 sunt
3713 3564 3782 3619 in-

2210 3665 2294 3712 ter
2320 3658 2590 3713 hereticos
2620 3658 2975 3729 computandi
3029 3678 3044 3711 ι
3084 3658 3297 3727 Quibus
3328 3661 3384 3715 in
3411 3662 3601 3717 verbis
3623 3669 3782 3732 aperte

2211 3752 2536 3819 ostenditur,
2564 3767 2660 3808 eos
2681 3754 2874 3824 procul
2899 3754 3066 3810 dubio
3097 3757 3239 3811 inter
3270 3756 3545 3813 hereticos
3578 3771 3781 3827 compa-

2204 3846 2427 3914 tandos,
2472 3848 2568 3918 qui
2603 3850 2931 3905 sententiam
2960 3865 3116 3906 suam
3157 3851 3362 3908 falsam
3392 3861 3447 3909 et
3485 3868 3780 3925 perversam

2208 3948 2264 3993 et
2301 3953 2547 3994 errorem
2580 3939 2774 3996 infami
2814 3951 2998 3998 mente
3033 3954 3369 4014 concretum,
3405 3945 3631 4002 audatia
3668 3962 3781 4018 prat-

2209 4029 2540 4099 sumptionis
2583 4031 2959 4100 adinventum,
3004 4035 3273 4104 pertinaci
3321 4036 3672 4093 animositate
3706 4036 3779 4092 de

2208 4118 2427 4177 fendere
2472 4123 2793 4191 moliuntur,
2825 4126 3112 4183 veritatem
3152 4136 3512 4198 respuentes,
3538 4145 3572 4185 ι
3594 4129 3777 4200 gremio

2208 4213 2402 4271 matris
2446 4215 2695 4271 ecclesiae
2738 4218 3056 4274 recedentes
3080 4261 3097 4286 ,
3148 4221 3415 4276 unitatem
3463 4222 3776 4281 scindentes.

2208 4320 2399 4361 sanam
2424 4306 2733 4363 doctrinam
2765 4309 3377 4383 abjicientes,_errorum
3393 4314 3573 4385 spinis
3583 4317 3775 4369 viscera

2208 4406 2455 4453 materna
2479 4400 2812 4469 scindentes,
2839 4411 2894 4457 et
2918 4412 3120 4473 praeter
3153 4404 3238 4471 id,
3270 4406 3418 4477 quod
3455 4406 3777 4478 evangeliu-

2204 4496 2321 4543 tum
2347 4499 2431 4545 est
2464 4491 2760 4548 universali
2807 4495 3075 4563 ecclesiae,
3111 4498 3261 4569 quod
3302 4507 3469 4565 tenet,
3504 4499 3651 4567 quod
3689 4498 3774 4552 de-

2202 4590 2310 4647 cet,
2348 4581 2527 4638 aliena
2555 4584 2803 4641 docendo
2842 4587 3208 4645 anathematis
3233 4591 3520 4661 apostolici
3548 4588 3776 4647 intermi-

2204 4675 2482 4729 nationem
2542 4691 2652 4732 non
2700 4687 2976 4746 verentur,
3021 4694 3261 4751 quorum
3318 4683 3426 4738 nisi
3466 4683 3775 4753 resipiscam

2204 4773 2388 4819 certus
2415 4775 2499 4820 est
2524 4766 2795 4825 interitus.
2824 4769 2929 4837 Qui
2960 4771 3008 4826 si
3033 4773 3273 4830 dixerint
3293 4774 3659 4830 obediendum
3686 4788 3771 4843 po-

2204 4859 2386 4913 testati
2422 4860 2681 4929 quoniam
2710 4876 2821 4916 non
2844 4874 2928 4918 est
2956 4873 3200 4934 potestas
3230 4867 3337 4922 nisi
3372 4882 3405 4922 a
3444 4865 3578 4934 Deo,
3610 4876 3665 4921 et
3694 4863 3770 4933 qui

2205 4950 2411 5006 resistit
2433 4953 2688 5029 potestati
2714 4952 2809 5009 Dei
2829 4955 3161 5013 ordinationi
3181 4959 3409 5026 resistit,
3423 4950 3767 5027 audiantqud

2206 5042 2347 5099 idem
2376 5044 2718 5117 Augustinus
2742 5046 2807 5102 ad
2841 5048 2943 5103 hee
2976 5052 3316 5122 respondens
3353 5052 3539 5108 dicat:
3574 5071 3593 5103 ι
3623 5047 3750 5116 Quid

2204 5133 2400 5204 inquit,
2448 5137 2658 5194 resistit
2709 5141 2986 5209 potestati,
3022 5140 3120 5198 Dei
3166 5143 3496 5199 ordinationi
3548 5142 3767 5197 resistit;

2202 5234 2300 5291 sed
2330 5236 2484 5305 quid,
2511 5238 2557 5292 si
2584 5238 2717 5293 illud
2739 5238 2951 5308 jubeat,
2976 5241 3124 5311 quod
3146 5258 3257 5296 non
3279 5243 3445 5299 debes
3472 5241 3668 5304 facere.
3696 5239 3769 5293 hic

2201 5339 2335 5382 sane
2362 5334 2708 5397 ‘contempne
2761 5337 3111 5400 potestatem,
3163 5331 3405 5390 timendo
3438 5339 3765 5404 potestatem.

2201 5416 2343 5489 (Fol.
2362 5416 2526 5488 l09‘.)
2547 5417 2700 5498 Ipsos
2726 5419 3092 5479 humanarum
3114 5424 3440 5495 dignitatum
3462 5424 3663 5498 gradus
3683 5420 3766 5477 ad-

1787 5539 2026 5599 VARUE
2062 5544 2464 5605 LECTIONES.

566 5645 855 5705 m-ilicite
894 5650 1134 5706 dilatum.
1214 5652 1281 5685 ³⁷³
1305 5653 1381 5710 De

1432 5656 1610 5726 gladio
1646 5657 1805 5732 (cfea:
1844 5661 1981 5727 conj.
2001 5657 2175 5732 suppl.

500 5716 573 5774 tri
601 5718 851 5788 deletum,
930 5723 997 5755 ³³⁰
1020 5753 1048 5764 -
1071 5739 1293 5794 mquam
1328 5716 1575 5781 deletum.
1654 5730 1719 5760 ³¹⁸¹
1762 5716 1959 5783 τιτι-θεῖε
1984 5716 2121 5803 σοιξί.
2153 5734 2325 5803 suppl.

2254 5664 2322 5743 "’_’
2349 5696 2374 5705 -
2398 5674 2580 5743 stores
2603 5668 2850 5743 deletum.
2930 5672 2999 5706 ³⁷⁸
3022 5675 3508 5743 perver-deletum.
3584 5674 3653 5708 ’τ’
3673 5673 3759 5727 Ρο-

2405 5737 2475 5770 su
2512 5754 2644 5809 ,νε-ει
2682 5740 2929 5797 άειειωῃ,
3010 5737 3080 5778 ἡθ
3107 5746 3215 5802 ~ris
3245 5747 3489 5802 deletum.
