3878 6310
114 416 209 472 305

113 538 250 583 verte.
287 522 343 578 Si
371 519 572 592 aliquid
598 519 827 590 jusserit
852 523 1196 589 procurator,
1235 526 1417 567 nonne
1446 508 1652 564 facien-
1685 514 1731 568 Α
1759 501 1944 559 omnia

111 623 218 674 dum
266 614 386 670 est?
435 611 638 666 Tamen
676 610 725 666 si
773 616 966 666 contra
1014 603 1401 678 proconsulem
1443 601 1669 671 iubeat,

114 726 201 764 non
228 706 399 775 utique
433 702 773 774 contempnis
816 709 1165 772 potestatem,
1207 697 1302 754 sed
1344 694 1502 766 eligis
1536 708 1655 746 ma-

109 800 194 870 iori
214 795 423 854 servire.
460 791 580 847 Non
621 793 751 848 hinc
778 791 936 847 debet
961 790 1141 845 minor
1169 787 1331 843 irasci
1382 786 1429 841 si
1475 783 1655 854 major

111 892 298 961 praelata
320 896 418 944 est.
455 886 698 943 Rursum
734 884 780 940 si
807 883 1012 955 aliquid
1038 880 1333 953 proconsul
1352 879 1542 950 iubeat
1559 918 1574 944 ,
1602 887 1655 935 et

112 983 233 1037 aliud
272 981 585 1050 imperator,
607 975 878 1048 numquid
903 974 1184 1031 dubitatur
1216 971 1308 1027 illo
1341 975 1655 1039 contempto

112 1077 174 1131 illi
202 1090 310 1131 esse
352 1070 740 1129 serviendum?
784 1069 928 1141 Ergo
971 1069 1017 1124 si
1064 1066 1212 1123 aliud
1240 1065 1559 1135 imperator,
1601 1069 1656 1115 et

112 1166 230 1223 aliud
253 1164 407 1231 Deus,
437 1161 570 1234 quid
587 1160 882 1233 iudicatis?
915 1158 1089 1230 Major
1116 1165 1356 1228 potestas
1386 1152 1656 1209 audienda

112 1266 193 1313 est.
222 1254 289 1310 Da
317 1234 550 1319 vetitam,
587 1261 643 1308 tu
680 1266 982 1317 carcerem,
1026 1248 1114 1304 ille
1144 1247 1450 1318 gehennam
1480 1243 1656 1298 mina-

114 1361 197 1405 tur.
222 1346 348 1403 Hinc
371 1346 487 1417 iam
520 1346 619 1400 tibi
644 1342 973 1401 assumenda
1002 1350 1087 1397 est
1113 1340 1244 1394 ﬁdes
1276 1346 1369 1393 tua
1396 1346 1657 1407 tanquam

112 1449 344 1507 secutum,
376 1439 430 1492 in
452 1455 566 1509 quo
595 1436 776 1508 possis
810 1433 996 1492 omnia
1033 1432 1218 1504 iacula
1246 1429 1453 1486 inimici
1489 1427 1655 1500 ignita

112 1535 367 1605 attingere.
387 1551 405 1583 ι

169 1622 259 1677 Sed
282 1621 514 1678 fortasse
545 1619 755 1676 domini
784 1627 839 1673 et
880 1616 1089 1673 utinam
1124 1613 1320 1670 fratres
1364 1611 1540 1667 nostri
1570 1610 1659 1664 de»

112 1727 232 1771 creta
257 1714 551 1786 apostolica
583 1722 638 1767 et
663 1710 958 1767 eanonicas
994 1707 1306 1765 sanctiones
1328 1711 1423 1759 aut
1452 1717 1560 1756 non
1587 1700 1658 1756 le-

113 1815 287 1879 gerant,
316 1814 409 1862 aut
455 1805 597 1860 lecta
626 1802 710 1858 vel
755 1800 941 1856 audita
988 1798 1153 1855 surda
1199 1810 1333 1851 aure
1371 1792 1650 1864 praeterie-

112 1908 229 1965 rant,
251 1906 338 1954 aut
375 1896 524 1969 quod
555 1909 711 1965 mage
739 1891 1070 1949 credendum
1093 1897 1198 1955 est,
1240 1895 1295 1942 et
1327 1885 1571 1957 legerant
1603 1890 1657 1937 et

114 1990 375 2058 audierant,
403 1998 458 2044 et
482 1989 625 2044 lecta
654 1985 742 2041 vel
772 1984 958 2040 audita
992 1981 1171 2038 tenaci
1200 1977 1480 2034 memoriae
1506 1991 1655 2032 com-

114 2081 411 2146 mendaram,
443 2079 543 2135 sed
571 2078 796 2134 domino
820 2090 921 2131 suo
943 2072 1258 2144 imperatori
1283 2070 1470 2125 ﬁdeles
1497 2068 1654 2139 adju-

115 2182 232 2228 tores
263 2182 313 2227 et
332 2182 720 2243 cooperatores
754 2168 946 2225 haberi
976 2166 1168 2222 volunt
1189 2164 1279 2221 cui
1308 2163 1654 2235 iuraverunt,

112 2264 182 2317 cui
202 2278 288 2333 per
327 2278 528 2319 manus
574 2268 629 2317 et
665 2267 1007 2316 sacramenta
1048 2255 1354 2313 hominium
1386 2252 1655 2310 fecerunt.

113 2354 363 2409 Attendant
407 2353 487 2408 hii
535 2350 632 2423 qui
661 2349 978 2423 huiusmodi
1007 2355 1156 2414 sunt,
1195 2346 1328 2417 quid
1355 2345 1421 2401 de
1468 2360 1656 2400 sacra-

114 2446 276 2501 mentis
304 2446 688 2516 episcoporum
722 2444 868 2500 dicat
911 2440 1199 2496 Cornelius
1246 2454 1405 2509 papa.
1446 2435 1656 2492 Corne—

113 2535 196 2590 lius
220 2537 500 2609 episcopus
536 2536 681 2591 Rufo
708 2536 966 2606 episcopo
994 2551 1006 2586 :
1041 2531 1448 2588 Sacramentum
1476 2531 1658 2585 hacte-

114 2642 191 2680 nus
213 2627 275 2660 ⁸⁸⁵
295 2646 325 2682 a
344 2630 570 2683 summis
598 2627 966 2683 sacerdotibus
993 2624 1071 2680 vel
1091 2624 1305 2695 reliquis
1329 2622 1575 2693 ﬁdelibus
1590 2621 1661 2654 ³⁸⁸

114 2726 229 2771 recta
259 2719 356 2788 ﬁde
384 2720 604 2773 minime
631 2719 988 2788 cognouimus,
1020 2717 1111 2771 sed
1140 2717 1209 2748 ³⁸⁸
1235 2724 1417 2786 sponte
1450 2731 1535 2769 eos
1563 2715 1659 2785 ju—

115 2823 231 2863 rasse
260 2812 625 2881 comperimus.
664 2808 1070 2866 Sacramentum
1103 2810 1171 2841 ³⁸⁷
1200 2810 1366 2879 igitur
1402 2810 1660 2879 episcopis

115 2902 332 2958 nescimus
353 2901 615 2970 oblatum,
638 2919 730 2958 nec
748 2920 780 2957 a
805 2918 1069 2974 quoquam
1093 2902 1161 2932 ³⁸⁸
1184 2901 1303 2973 ﬁeri
1331 2899 1500 2955 debet.
1531 2899 1662 2957 Pius

116 3009 295 3064 quoque
322 3011 458 3066 papa
486 2996 555 3051 de
584 2996 652 3028 ³⁸⁸
679 2994 1019 3053 multimodis
1039 2991 1368 3063 iuramentis
1396 2993 1658 3064 loquens:

117 3083 198 3148 Qui
227 3088 308 3156 ³⁸⁸,
329 3090 423 3155 ait,
452 3105 552 3160 per
576 3087 833 3159 capillum
862 3086 961 3141 Dei
986 3085 1063 3140 vel
1087 3094 1246 3156 caput
1270 3085 1536 3155 juraverit
1571 3085 1660 3152 3”,

1309 350 1727 451 (innoxium.
1758 420 1826 428 -
1855 385 1983 441 LIB.
2017 384 2081 438 ιι.

3236 363 3342 420 506

1993 497 2288 555 constituta
2342 500 2501 558 sunt,
2548 498 2605 545 et
2649 494 2836 544 contra
2886 483 3033 539 illius
3079 481 3340 537 beneﬁcia

1755 608 2002 665 pugnare
2032 590 2281 645 videatur
2324 602 2354 640 a
2397 599 2507 655 quo
2537 579 2815 653 propriam
2845 582 3218 646 consequutus
3256 580 3342 630 est

1755 663 2100 756 potestatem.
2127 677 2248 735 Non
2274 694 2304 733 a
2328 677 2540 748 legibus
2566 671 2823 744 publicis,
2859 684 2968 724 non
2993 684 3024 721 a
3049 663 3338 737 potestati-

1754 777 1859 832 bus
1881 773 2074 840 seculi,
2106 771 2201 827 sed
2227 786 2259 825 a
2286 766 2637 839 pontiﬁcibus
2661 772 2717 821 et
2755 759 3134 819 sacerdotibus
3159 756 3343 813 omni-s

1755 875 1952 938 potens
1986 864 2132 919 Deus
2156 860 2471 918 christiana:
2494 855 2776 927 religionis
2798 853 3039 910 clericos
3065 859 3122 907 et
3153 864 3338 906 sacer-

1755 959 1912 1015 dotes
1938 954 2113 1012 voluit
2143 952 2406 1018 ordinari,
2444 958 2499 1006 et
2541 948 2741 1005 discuti
2780 954 2836 1002 et
2860 944 3030 1014 recipi
3058 943 3129 999 de
3152 956 3342 998 errore

1758 1056 2086 1106 remeantes.
2133 1045 2496 1117 Imperatores
2543 1037 2827 1096 christiani
2876 1036 3108 1093 subdere
3142 1034 3343 1089 debent

1756 1141 2155 1213 exequutiones
2207 1153 2338 1194 suas
2402 1131 2790 1191 ecclesiasticis
2852 1126 3181 1200 praesulibus
3226 1141 3343 1182 non

1756 1233 2033 1307 praeferre.
2063 1230 2196 1298 Hec,
2226 1225 2686 1300 inquitGelasius,
2711 1223 2779 1278 de
2801 1220 3084 1293 privilegio
3110 1218 3342 1289 impera~

1760 1335 1939 1382 turum
1967 1332 2023 1380 et
2065 1322 2313 1381 omnium
2356 1320 2432 1377 ait
2482 1323 2686 1373 sanctae
2726 1313 2823 1370 Dei
2869 1312 3116 1370 ecclesia:
3157 1325 3343 1368 sacer-

1756 1420 1965 1475 dotum.
2000 1436 2020 1468 ι

1829 1531 2121 1588 Possemus
2155 1536 2212 1584 et
2248 1526 2314 1582 de
2356 1522 2715 1581 sacramentis
2742 1518 2960 1590 iniustis
2990 1518 3213 1572 minime
3239 1515 3342 1573 ob-

1759 1622 2041 1680 servandis
2080 1621 2311 1676 multam
2343 1616 2716 1688 exemplorum
2752 1611 2966 1683 cupiam
3007 1609 3073 1664 de
3121 1607 3341 1680 scriptis

1758 1728 1974 1789 patrum
2032 1712 2466 1769 orthodoxorum
2518 1706 2852 1780 Augustini,
2922 1702 3224 1759 Jheronimi
3286 1710 3343 1759 et

1761 1810 1933 1880 ipsius
1966 1806 2226 1863 Romanae
2251 1801 2576 1874 eloquentia
2604 1798 2774 1867 ﬁuvii,
2798 1795 2941 1853 beati
2975 1794 3181 1850 scilicet
3212 1795 3344 1848 Am-

1759 1899 1950 1968 brosii,
1996 1898 2284 1963 deﬁorare,
2320 1894 2468 1966 quod
2513 1907 2624 1947 non
2674 1904 2888 1960 semper
2921 1885 3179 1943 solvenda
3216 1892 3347 1940 sunt

1757 1993 2028 2065 promissa
2063 1990 2284 2058 omnia,
2336 1995 2527 2043 contra
2576 1999 2672 2039 eos
2710 1982 2804 2053 qui
2849 1981 3038 2036 dicunt
3082 1977 3344 2034 obedien-

1757 2086 1887 2141 dum
1906 2083 2145 2156 regibus,
2165 2077 2587 2152 imperatoribus
2611 2084 2665 2132 et
2683 2072 2922 2130 dominis
2944 2070 3200 2126 omnibus
3222 2067 3345 2138 qui-

1758 2173 1861 2234 bus
1893 2177 2140 2248 iuratum
2170 2181 2273 2239 est,
2305 2170 2571 2244 quidlibet
2604 2167 2790 2233 faciat,
2821 2163 3087 2236 quidlibet
3123 2162 3342 2233 iubeat;

1759 2269 1945 2324 ethoc
1986 2268 2056 2323 ad
2094 2265 2462 2338 patrocinium
2505 2262 2592 2318 sui
2620 2258 2825 2317 erroris
2850 2263 3159 2322 assumunt,
3198 2252 3346 2325 quod

1760 2360 1816 2417 in
1849 2359 1996 2415 Petri
2039 2358 2268 2431 epistola
2316 2355 2556 2428 positum
2593 2362 2677 2410 est
2711 2371 2724 2407 :
2757 2348 2927 2417 Servi,
2958 2347 3157 2402 subditi
3185 2344 3346 2400 estote

1760 2453 1816 2507 in
1851 2453 1994 2506 omni
2037 2453 2226 2506 timore
2274 2449 2526 2514 dominis,
2558 2462 2661 2499 non
2692 2452 2902 2498 tantum
2951 2440 3099 2495 bonis
3146 2446 3197 2493 et
3234 2452 3347 2490 mo-

1761 2544 1922 2598 destis
1948 2543 2038 2597 sed
2072 2544 2236 2597 etiam
2266 2540 2481 2596 discolis
2505 2538 2559 2612 (I
2588 2537 2737 2592 Petr.
2761 2552 2823 2603 ιι,
2854 2533 2964 2604 18).
2990 2531 3203 2600 Quibus
3224 2517 3348 2585 bre-

1762 2637 1900 2691 viter
1941 2634 2359 2706 respondemus,
2403 2631 2550 2703 quod
2578 2637 2634 2685 et
2662 2644 2764 2684 nos
2793 2625 3188 2697 subiectionem
3216 2638 3349 2678 con-

1762 2735 2032 2798 petentem
2079 2724 2302 2780 discolis
2332 2740 2438 2779 non
2470 2736 2755 2793 negamus,
2789 2718 2884 2774 sed
2921 2715 3125 2774 discola
3152 2713 3348 2768 iuben-

1762 2821 1909 2875 tibus
1954 2835 2060 2873 non
2107 2816 2411 2872 obedimus.
2454 2812 2592 2883 (Fol.
2622 2811 2767 2882 llO.)
2800 2809 2955 2877 Quod
2992 2821 3123 2863 vero
3148 2805 3347 2861 dicitur

1765 2912 1819 2965 in
1846 2910 1988 2964 omni
2012 2905 2417 2969 timoreyillum
2441 2902 2794 2972 intelligimus
2815 2900 3069 2954 timorem
3092 2896 3157 2951 de
3185 2893 3346 2965 cuius

1764 3016 2081 3075 possessore
2129 2999 2369 3056 dicitur:
2402 2996 2506 3062 Qui
2552 2996 2699 3049 timet
2748 2992 2941 3056 Deum,
2999 2990 3159 3060 faciet
3211 2986 3347 3040 bona

1767 3074 1958 3160 (Eccli.
1994 3106 2082 3156 xv,
2114 3089 2206 3160 i);
2257 3094 2311 3143 et
2349 3105 2362 3142 :
2397 3085 2596 3141 Beatus
2632 3084 2721 3155 qui
2758 3083 2903 3136 timet
2941 3078 3246 3144 Dominum,
3290 3074 3363 3129 in.

116 3176 176 3230 rel
203 3178 298 3233 alio
323 3179 840 3250 modoblasphemia
868 3187 1055 3234 contra
1082 3177 1252 3230 Deum
1292 3177 1562 3247 confessus
1593 3176 1661 3208 ³³³
1690 3198 1733 3261 C
1768 3180 2036 3233 mandatis
2065 3178 2178 3249 ejus
2199 3178 2345 3247 cupit
2366 3176 2525 3230 nimis
2551 3172 2726 3246 (Psal.
2745 3188 2855 3238 cxx,
2884 3170 2967 3242 l);
2997 3177 3052 3225 et
3080 3188 3093 3224 :
3121 3167 3348 3223 Initium

116 3268 265 3337 fuerit;
291 3273 336 3327 si
367 3281 446 3327 est
474 3288 544 3327 ea:
581 3271 961 3327 (ecclesiastico
997 3269 1180 3323 ordine
1207 3268 1300 3336 ³³³,
1346 3268 1662 3339 deponatur,

116 3361 151 3411 si
175 3361 340 3431 laicus,
372 3363 882 3419 anathematizetur.
922 3360 989 3415 Et
1030 3361 1077 3416 si
1112 3361 1230 3415 auis
1268 3377 1361 3429 per
1392 3369 1663 3416 creaturas

110 3449 330 3521 iuraverit
358 3457 445 3524 m,
484 3457 771 3509 accerrime
818 3454 1127 3525 castigatur,
1164 3462 1215 3507 et
1232 3452 1397 3522 juxta
1438 3452 1495 3507 id
1527 3453 1664 3524 quod

115 3547 305 3613 synodus
327 3548 705 3619 dijudicaverit
727 3549 984 3602 sustineat
1009 3545 1098 3599 ³³⁸.
1128 3543 1193 3600 Et
1215 3543 1501 3600 Cornelius
1524 3561 1665 3615 papa

115 3635 158 3690 in
179 3639 347 3695 eodem
378 3660 390 3696 :
428 3640 586 3709 Παῖς,
619 3641 717 3707 ait,
745 3648 867 3694 sunt
896 3638 966 3670 ³⁹⁶
993 3647 1299 3692 sanctorum
1334 3646 1547 3708 patrum
1576 3638 1663 3691 in-

116 3734 306 3799 stituta;
343 3751 462 3804 qua:
504 3735 552 3789 si
600 3734 717 3806 quis
753 3733 810 3787 in
848 3748 1041 3787 vanum
1079 3730 1292 3784 duxerit
1338 3729 1417 3785 vel
1467 3728 1664 3784 violare

113 3828 465 3896 prtesumpserit
496 3827 586 3893 ⁸³⁷,
620 3826 786 3881 hostis
826 3835 904 3881 est
936 3825 1130 3879 animm
1164 3840 1303 3893 sum,
1344 3806 1473 3894 quia
1513 3839 1663 3876 nemo

115 3925 265 3968 contra
286 3919 588 3989 prophetas,
622 3935 772 3973 nemo
816 3917 886 3950 ⁹⁹⁸
927 3928 1111 3971 contra
1153 3914 1482 3987 apostolum,
1516 3930 1664 3968 nemo

115 4017 266 4060 contra
291 4010 618 4082 evangelium
656 4011 790 4080 facit
823 4010 891 4045 ³⁹⁹
927 4008 1134 4080 aliquid
1172 4008 1366 4079 absque
1404 4006 1661 4077 periculo.

116 4095 314 4155 Audiam
356 4102 527 4174 igitur
560 4102 796 4157 ministri
846 4109 901 4157 et
941 4101 1253 4172 provisores
1294 4098 1664 4156 aacelesiarum

116 4190 191 4258 qui
231 4188 486 4250 Romana:
515 4193 760 4250 ecclesia:
793 4192 1174 4266 praeiudicium
1220 4190 1485 4257 fecerunt,
1533 4190 1664 4262 quid

117 4279 327 4342 Gelasius
353 4303 498 4358 papa
525 4286 771 4343 decernit
797 4287 863 4343 de
886 4285 1170 4357 privilegio
1197 4283 1591 4357 imperatorum
1612 4290 1666 4337 et

117 4377 325 4434 omnium
358 4389 567 4436 saneta:
590 4378 688 4435 Dei
714 4379 973 4436 mcclesite
1010 4378 1377 4435 sacerdotum.
1413 4397 1430 4429 ι
1466 4375 1544 4445 Si,
1582 4376 1666 4430 in-

118 4467 246 4536 quit,
288 4472 582 4543 imperator
626 4471 928 4529 catholicus
961 4480 1084 4537 est,
1117 4470 1267 4526 salva
1313 4486 1446 4541 pace
1492 4468 1664 4540 ipsius

1764 3272 2040 3343 sapientia:
2068 3272 2228 3325 timor
2271 3268 2487 3331 Domini
2516 3265 2690 3339 (Psal.
2727 3281 2784 3331 x,
2818 3263 2926 3333 10).
2960 3262 3026 3317 Et
3051 3262 3256 3317 Paulus
3289 3260 3346 3314 in

1763 3362 1992 3433 epistola
2031 3362 2100 3417 ad
2139 3359 2327 3415 Titum
2359 3377 2370 3412 :
2401 3357 2666 3422 Admone,
2704 3356 2912 3426 inquit,
2940 3352 3061 3407 illos
3091 3351 3350 3423 principi-

1765 3452 1860 3508 bus
1887 3460 1937 3507 et
1968 3449 2322 3522 potestatibus
2356 3447 2595 3503 subditos
2626 3462 2734 3501 esse
2772 3453 2821 3499 et
2851 3443 3057 3498 obedire
3096 3442 3165 3496 ad
3198 3456 3347 3496 omne

1764 3560 1892 3615 Opus
1940 3542 2133 3597 bonum
2178 3541 2313 3614 (Tit.
2362 3557 2458 3609 ιιι,
2495 3539 2568 3611 1).
2617 3537 2791 3605 Quem
2847 3537 3027 3592 locum
3072 3534 3348 3590 disserens

1762 3640 1955 3695 beatus
1982 3638 2336 3695 Jheronimus
2367 3635 2438 3691 ita
2469 3632 2742 3691 conclusit
2768 3651 2780 3686 :
2811 3630 2869 3686 Si
2902 3630 3091 3684 bonum
3121 3627 3350 3700 estquod

1762 3732 2002 3802 prwcipit
2033 3732 2326 3801 imperator
2358 3736 2408 3782 et
2435 3742 2658 3797 praeses,
2688 3724 2922 3794 jubentis
2957 3721 3233 3792 obsequere
3261 3737 3350 3773 rs-

1763 3821 1983 3878 luntati.
2032 3821 2090 3878 Si
2138 3836 2257 3877 vero
2301 3819 2505 3875 malum
2550 3824 2629 3873 est
2665 3825 2717 3871 et
2759 3823 2945 3870 contra
2991 3813 3155 3868 Deum
3186 3812 3349 3882 sapit,

1764 3916 2018 3987 responde
2058 3914 2195 3969 illud
2232 3913 2297 3968 de
2336 3911 2554 3966 Actibus
2596 3908 2954 3979 apostolorum
2995 3921 3012 3959 :
3060 3925 3077 3956 ι
3127 3902 3351 3960 Obedire

1764 4018 1964 4080 oportet
2004 4006 2113 4060 Deo
2146 4007 2315 4076 magis
2352 4020 2512 4075 quam
2541 4002 2839 4056 hominibus
2883 3999 3024 4071 (Act.
3066 4013 3118 4064 v,
3163 3994 3289 4068 29);
3323 4012 3345 4048 ι

1764 4110 1818 4155 ct
1845 4114 2011 4169 super
2036 4097 2325 4169 epistolam
2358 4094 2426 4149 ad
2452 4092 2637 4149 Titum
2664 4109 2676 4146 :
2715 4091 2863 4147 Servi
2893 4090 3094 4144 subditi
3118 4091 3225 4143 sint
3253 4088 3352 4141 do-

1765 4192 1922 4245 minis
1951 4190 2061 4244 suis
2088 4190 2145 4242 in
2178 4187 2420 4241 omnibus
2462 4201 2580 4256 qua:
2624 4199 2729 4239 non
2763 4181 3186 4257 sunt'contraria
3216 4179 3347 4246 Deo,

1765 4292 1821 4337 ut
1844 4284 1890 4337 si
1920 4282 2165 4335 dominus
2195 4295 2257 4334 ea
2270 4278 2421 4349 jubet
2446 4293 2564 4349 quae
2588 4291 2690 4329 non
2713 4283 2836 4329 sunt
2873 4265 3099 4329 adversa
3116 4274 3351 4343 scriptu-

1766 4376 1839 4429 ris
1861 4373 2083 4439 sanctis,
2116 4371 2438 4442 subjiciatur
2461 4368 2673 4423 domino
2701 4381 2911 4431 servus;
2941 4366 2988 4418 si
3019 4372 3196 4418 autem
3221 4379 3350 4418 con-

1768 4464 1939 4518 traria
1967 4462 2231 4533 prwcipit,
2263 4460 2434 4531 magis
2473 4457 2683 4514 obediat
2727 4455 2948 4528 spiritus
2977 4469 3135 4527 quam
3173 4454 3350 4508 carnis

120 4559 332 4635 dixerim,
362 4568 508 4625 ﬁlius
535 4576 641 4635 est,
673 4582 782 4623 non
816 4566 1018 4638 prmsul
1038 4565 1299 4621 ecclesiae.
1348 4563 1519 4620 Habet
1546 4564 1662 4635 pri-
1695 4560 1740 4615 D
1766 4558 1999 4613 domino.
2028 4553 2162 4611 item
2193 4555 2249 4609 in
2275 4554 2467 4609 eadem
2504 4550 2731 4623 pulchre
2762 4550 3039 4620 imperans
3069 4546 3241 4603 servis
3270 4545 3352 4600 uti

120 4656 281 4729 vilegia
307 4662 594 4732 potestatis
636 4677 752 4718 suae
785 4676 908 4732 quae
935 4658 1386 4715 administrandis
1434 4657 1668 4729 publicis

122 4749 257 4807 rebus
281 4754 540 4813 divinitus
588 4769 964 4825 consequutus
1009 4763 1113 4821 est,
1160 4751 1355 4823 eteius
1387 4750 1668 4807 beneﬁciis

122 4862 211 4903 non
246 4852 483 4924 ingratus
513 4864 705 4910 contra
731 4852 1141 4924 dispositionem
1173 4850 1410 4906 malestis
1460 4849 1669 4906 ordinis

122 4938 262 4996 nichil
285 4954 525 5017 usurpet.
551 4946 634 5000 Ad
659 4945 969 5003 sacerdotes
995 4943 1144 4999 enim
1172 4942 1317 4998 Deus
1349 4941 1522 4997 voluit
1548 4957 1669 5013 qua:

123 5033 333 5091 ecclesia:
365 5038 706 5109 disponenda
746 5044 875 5093 sunt
918 5030 1212 5107 pertinere,
1249 5051 1358 5090 non
1389 5035 1457 5093 ad
1501 5034 1669 5089 seculi

124 5133 406 5196 potestates,
431 5146 592 5201 quas,
615 5131 664 5186 si
695 5130 882 5187 ﬁdeles
910 5136 1059 5197 sunt,
1090 5129 1334 5185 ecclesiae
1363 5143 1478 5183 sua:
1505 5135 1558 5182 et
1583 5141 1671 5181 sa-

125 5217 404 5314 cerdotibus
444 5239 567 5279 esse
608 5222 780 5279 voluit
807 5223 1103 5294 subiectas.
1142 5220 1261 5276 Non
1301 5219 1407 5276 sibi
1435 5218 1672 5276 vindicet

126 5311 389 5379 imperator
416 5316 657 5375 alienum
687 5316 801 5387 ius,
832 5326 887 5372 et
926 5314 1292 5372 ministerium
1333 5313 1481 5384 quod
1511 5311 1667 5367 alteri

127 5398 411 5471 deputatum
448 5418 551 5479 est,
575 5425 644 5468 ne
673 5418 863 5469 contra
885 5424 1012 5465 eum
1038 5409 1270 5482 abrupte
1301 5406 1483 5463 tendat
1503 5421 1533 5459 a
1556 5419 1665 5476 quo

1769 4651 2026 4706 obediant
2079 4646 2341 4714 dominis,
2393 4644 2643 4701 addidit:
2677 4653 2948 4713 tamquam
2991 4637 3242 4706 Christo,
3286 4643 3354 4709 fut

1770 4739 1979 4796 scilicet
2008 4752 2119 4792 non
2149 4735 2336 4791 audiat
2382 4749 2573 4790 servus
2595 4732 2663 4787 ad
2700 4729 3007 4786 naturalem
3034 4727 3348 4795 dominum,
3373 4792 3377 4797 ,

1769 4831 1819 4893 si~
1847 4830 2123 4887 contraria
2150 4826 2436 4900 praeceptis
2463 4823 2682 4883 Domini
2708 4820 2941 4877 voluerit
2970 4820 3255 4890 imperare.

1844 4944 1953 5001 llec
1976 4944 2140 5016 igitur
2164 4950 2355 4999 contra
2377 4940 2500 4994 illos
2534 4937 2626 5011 qui
2651 4936 2915 4991 adversus
2942 4931 3116 4987 Deum
3145 4931 3352 4986 tumide

1776 5036 1954 5096 insani
1986 5035 2283 5105 desipiunt,
2320 5031 2414 5103 qui
2443 5027 2694 5100 clavigeri
2728 5026 2950 5082 :etherei
2980 5025 3246 5080 vicarium
3270 5022 3353 5079 di-

1774 5128 1979 5184 vinitus
2008 5128 2262 5192 electum,
2289 5123 2359 5178 ab
2386 5121 2535 5177 omni
2567 5117 2970 5175 christianitate
3013 5124 3377 5187 susceptum,

1773 5221 2063 5279 sanctitate
2109 5213 2538 5277 conversationis
2580 5209 2954 5283 perspicuum,
2995 5207 3352 5264 diuturnitate

1774 5308 2032 5379 temporis
2075 5306 2477 5369 conﬁrmatum,
2510 5301 2640 5373 quia
2681 5298 2839 5356 viciis
2868 5298 2984 5355 suis
3022 5297 3355 5354 concinnare

1771 5418 1878 5456 non
1910 5400 2110 5503 viderit,
2144 5398 2393 5469 deiicere,
2416 5410 2515 5468 pro
2547 5392 2749 5466 pudor!
2789 5392 2970 5447 conati
2993 5398 3138 5455 sunt,
3166 5386 3353 5459 paucis

1404 5542 1643 5599 VARUE
1682 5538 2087 5597 LECTIONES.

910 5661 979 5693 ⁸⁸⁸
1004 5659 1251 5714 ﬁdelibus
1287 5657 1537 5713 deletum.

934 5732 1003 5763 ³⁹⁰
1030 5729 1136 5796 Qui
1180 5730 1428 5783 deletum.

856 5803 922 5835 ³³³
939 5801 1148 5858 sustin-
1172 5800 1420 5854 deletum.

189 5654 249 5686 ’”
284 5660 541 5718 hactenus
582 5664 830 5717 deletum.

130 5721 293 5781 deleta.
386 5732 455 5764 ³⁸³
487 5733 553 5789 (le
582 5734 828 5788 deletum.

135 5802 245 5893 ξξιξηο
291 5801 381 5879 ,³⁸⁵
397 5803 488 5872 jur
508 5804 755 5858 deletum.

210 5865 327 5919 facit
356 5873 594 5919 (hirtum.

230 5873 327 5925 ςιυιι
356 5873 596 5929 deletum.

1646 5654 1715 5686 ³⁸⁸
1749 5653 1843 5709 Sed
1884 5649 2131 5704 deletum.

1530 5727 1595 5762 ³³⁸
1623 5723 1791 5778 -verit
1817 5721 2066 5776 deletum.

1536 5797 1605 5830 ³⁹⁶
1627 5794 1751 5850 lianc
1770 5794 1844 5849 ait
1858 5791 2049 5847 deleta.

2229 5646 2294 5678 ³⁸⁷
2340 5654 2579 5699 mentum
2618 5644 2869 5697 deletum.
2983 5640 3053 5673 ⁸⁸⁸
3078 5656 3107 5693 a
3137 5653 3354 5708 quoqua»

2161 5717 2228 5749 ³⁹²
2267 5715 2437 5770 Deum
2465 5713 2715 5770 coniess-
2749 5712 2943 5768 deleta.
2978 5709 3352 5780 ³³³ρηι-.ίίε·ιε·τ

2165 5787 2231 5819 ³9⁷
2247 5800 2510 5857 praesum-
2526 5783 2775 5838 deletum.
2891 5776 3096 5837 mnem
3124 5776 3369 5855 deletum,
