3878 6310
499 351 606 410 807

1510 353 1812 417 llUGONIS
1851 353 2144 410 ABBAT‘IS
2182 353 2749 417 FLAVINIACENSIS

3664 358 3772 414 508

486 471 647 528 'dicta
694 468 823 526 sint.
874 467 1120 536 Quorum
1149 476 1377 523 conatus
1405 467 1642 523 nefarios
1669 477 1723 524 et
1754 469 1918 538 impia
1957 484 2076 523 mo-
2109 472 2151 527 A
2181 469 2331 523 riret.
2355 467 2539 532 Nescit
2565 469 2711 524 enim
2737 467 2991 541 impietas
3017 468 3160 529 mala
3183 483 3305 540 quae
3339 466 3488 536 fecit,
3510 469 3620 526 nisi
3643 488 3777 532 cum

499 563 693 619 lin-tina
736 562 854 632 ipsa
890 561 1126 617 destruit
1147 561 1424 628 divinitas,
1457 575 1579 630 quae
1608 560 1752 630 regis
1782 559 1973 632 Egypti
2009 561 2078 615 si-

501 653 688 727 gnifici
711 653 841 709 dum
866 651 1067 707 virtute
1091 650 1188 706 Dei
1216 659 1427 721 patrata
1457 649 1573 705 suis
1599 648 1818 706 fallatiis
1839 651 2076 705 moliun-

499 727 593 803 tur
637 745 953 809 obscurare,
996 744 1125 800 dum
1155 743 1211 799 in
1237 743 1459 814 angelos
1503 741 1644 797 lucis
1688 732 1748 797 se
1777 743 2076 814 transfigu-

499 845 648 902 rant,
674 837 804 892 dum
834 835 1072 905 speciem
1094 834 1312 904 pietatis
1351 834 1694 904 praetendunt
1725 842 1780 896 et
1812 834 1932 904 ejus
1967 834 2075 888 vir-

497 935 673 984 tutem
709 928 998 998 abnegant,
1041 927 1284 996 corrupti
1312 936 1367 982 et
1400 927 1834 1000 aphominabiles
1860 926 1989 984 facti
2018 926 2073 980 in

495 1019 824 1077 vanitatibus
847 1019 984 1086 suis,
1019 1019 1318 1090 sepulcrum
1349 1029 1534 1090 patens
1564 1029 1642 1074 est
1683 1029 1865 1090 guttur
1892 1036 2072 1074 eorum

495 1129 744 1168 venenum
765 1113 1012 1182 aspidum
1047 1113 1142 1172 sub
1186 1111 1346 1166 labiis
1380 1127 1562 1174 eorum
1599 1111 1772 1182 (Rom.
1825 1128 1907 1177 ιιι,
1959 1112 2070 1183 15).

491 1204 576 1260 Ad
615 1205 881 1260 nichilum
915 1204 1204 1261 devenient
1252 1213 1536 1274 tamquam
1581 1219 1723 1284 aqua
1752 1204 2077 1274 decurrens,

490 1297 622 1368 quia
648 1314 746 1352 ova
773 1297 1024 1368 aspidum,
1049 1308 1300 1367 ruperunt
1321 1307 1371 1351 et
1395 1295 1526 1350 telas
1559 1313 1769 1354 aranea:
1796 1305 2070 1354 texuerunt

489 1387 628 1460 (Isa.
659 1403 771 1454 ux,
802 1388 880 1458 5),
912 1389 1114 1458 quibus
1142 1388 1339 1443 melius
1368 1387 1546 1442 fuerat
1569 1388 1931 1459 malignorum
1962 1388 2072 1458 spi-

489 1489 701 1538 rituum
737 1479 968 1535 consilia
998 1494 1106 1534 non
1151 1479 1391 1549 recipere
1420 1489 1518 1534 aut
1542 1479 1683 1536 intra
1709 1480 1952 1534 cordium
1977 1495 2071 1550 pe-

490 1569 723 1633 netralia
765 1578 1026 1639 concepta
1080 1570 1416 1636 abscondere
1439 1612 1458 1638 ,
1499 1585 1605 1640 que
1639 1570 1942 1642 figurantur
1973 1587 2070 1642 per

491 1661 747 1732 aspidum
770 1675 892 1727 ova,
919 1676 1084 1731 quam
1127 1676 1228 1735 pro
1264 1661 1429 1731 hujus
1457 1661 1647 1716 mundi
1674 1661 2070 1734 concupiscen-

488 1754 566 1818 tia
609 1753 928 1823 temporalia
973 1753 1211 1823 quelibet
1257 1753 1494 1824 operari,
1525 1768 1625 1808 nec
1661 1753 1765 1809 sibi
1805 1769 1906 1813 nec
1946 1753 2072 1812 aliis.

2179 576 2278 630 pro
2305 561 2510 616 eisdem
2536 561 2695 616 malis
2730 561 2935 639 ceperit
2956 559 3072 632 jam
3102 561 3305 639 puniri.
3343 559 3550 622 Omnes
3583 546 3773 631 etiam,

2178 652 2275 722 qui
2305 652 2356 706 ei
2372 651 2693 722 iuraverant
2723 652 2806 708 vel
2830 651 3068 722 juraturi
3101 661 3278 717 erant,
3302 666 3335 708 a
3367 652 3591 708 vinculo
3618 655 3775 724 iura-

2177 741 2347 796 menti
2377 749 2506 797 sunt
2534 741 2769 797 absoluti
2792 742 3012 800 licentia
3034 749 3089 796 et
3110 742 3438 806 auctoritate
3458 746 3780 814 apostolica

2175 833 2466 897 libertatis.
2491 831 2603 888 Hoc
2617 849 2717 889 cur
2733 843 2787 889 et
2802 833 3034 905 qualiter
3057 840 3240 888 actum
3263 833 3334 888 sit
3355 834 3425 889 ab
3446 837 3776 904 apostolico,

2174 921 2356 992 Agnes
2391 923 2726 1000 imperatrix,
2751 932 2927 978 mater
2953 923 3125 994 ipsius
3149 921 3412 990 Heinrici,
3436 925 3774 998 interrogata

2174 1011 2518 1081 respondeat.
2546 1011 2623 1068 Ita
2655 1013 2802 1068 enim
2843 1013 2975 1069 dicit
3003 1013 3250 1070 scribens
3279 1013 3582 1072 Altmannu
3611 1016 3777 1072 Pata-

2173 1101 2349 1157 viensi
2383 1103 2642 1174 episcopo
2685 1123 2697 1158 :

2250 1216 2269 1248 ι
2313 1195 2494 1268 Agnes
2519 1195 2618 1254 Dei
2641 1198 2814 1268 gratia
2841 1197 3104 1269 quidquid
3140 1209 3247 1266 est,
3287 1199 3588 1265 Altmanno
3608 1199 3777 1256 Pata-

2173 1288 2347 1344 viensi
2373 1287 2632 1368 episeopo
2661 1291 2890 1353 salutem
2931 1299 2985 1351 et
3022 1293 3367 1356 carissimam
3395 1292 3756 1358 dilectionem

2172 1377 2256 1434 Me
2294 1378 2552 1449 sospitem
2584 1378 2702 1435 Deo
2733 1380 3026 1450 adjuvante
3061 1381 3376 1452 paternitati
3408 1390 3523 1437 tua:
3545 1382 3777 1436 innote-

2171 1477 2309 1535 scat,
2339 1469 2433 1525 sed
2471 1471 2709 1526 maximo
2743 1471 2950 1526 alliciar
3003 1461 3237 1540 mer-ore,
3280 1472 3429 1544 quod
3462 1473 3776 1528 maximum

2170 1559 2892 1618 videoaacclesiaeimminere
2901 1563 3228 1633 periculum,
3247 1564 3361 1618 lilio
3382 1578 3510 1619 meo
3537 1563 3778 1618 nimium

2171 1654 2351 1710 verbis
2375 1655 2665 1710 stultorum
2689 1655 2931 1716 credulo.
2957 1655 3033 1710 Ea
3049 1671 3174 1726 quae
3191 1657 3355 1712 modo
3374 1663 3531 1728 gesta
3561 1665 3703 1711 sunt
3725 1657 3779 1710 in

2172 1743 2419 1803 Romana
2431 1745 2656 1816 synodo,
2680 1746 2942 1816 quoniam
2974 1753 3035 1800 ut
3057 1746 3154 1800 tibi
3186 1745 3447 1802 referrem
3469 1745 3779 1812 mandasti,

491 1843 797 1923 profutura,
827 1844 954 1915 quia
984 1846 1128 1903 nulla
1160 1845 1454 1912 stabilitate
1490 1845 1737 1912 fundam,
1784 1845 1933 1916 quod
1977 1861 2072 1900 εχ-
2101 1824 2146 1884 Β
2173 1833 2428 1898 referam.
2461 1833 2648 1907 Legati
2678 1835 2776 1890 filii
2803 1835 2910 1890 mei
2937 1835 3080 1906 regis
3107 1837 3372 1890 venerunt
3395 1836 3452 1890 in
3473 1835 3782 1906 synodum,

491 1936 750 2006 primitur
778 1952 875 2006 per
902 1951 1230 2002 aranearum
1264 1937 1416 2001 telas.
1445 1935 1649 1993 Verum
1678 1935 1807 2009 quia
1839 1937 1940 1996 sibi
1989 1937 2073 1991 ni-

491 2029 664 2085 mium
707 2029 936 2096 creduli,
981 2039 1040 2090 et,
1083 2031 1478 2101 scripturarum
1522 2032 1941 2098 auctoritatibus
1983 2032 2071 2087 in—

490 2121 732 2188 creduli,
769 2119 1016 2177 fecerunt
1063 2124 1212 2193 quod
1257 2139 1367 2180 non
1410 2124 1722 2198 oportebat,
1765 2125 1946 2180 evenit
1991 2125 2072 2187 eis

487 2213 634 2284 quod
660 2213 904 2274 docebat.
933 2213 1070 2269 Nam
1098 2216 1347 2286 sequitur
1371 2236 1382 2271 :
1420 2215 1524 2284 Qui
1555 2217 1839 2271 comederit
1869 2217 1933 2272 ab
1961 2219 2070 2272 ovis

485 2322 666 2372 eorum
693 2309 968 2375 morietur,
992 2310 1121 2379 quia
1155 2310 1249 2382 qui
1279 2326 1470 2366 eorum
1506 2311 1731 2375 consilia
1770 2313 2068 2383 receperit,

483 2397 660 2463 vitam
681 2398 738 2452 in
765 2413 824 2454 se
854 2399 1052 2466 animae
1090 2400 1344 2472 extingit.
1387 2399 1457 2454 Et
1501 2402 1640 2481 quod
1682 2402 1955 2457 conditum
1993 2413 2072 2458 est

483 2499 719 2561 erumpet
749 2491 816 2548 in.
834 2491 1093 2562 regulum,
1125 2492 1254 2564 quia
1293 2507 1391 2564 per
1422 2503 1677 2563 suscepta
1727 2502 1785 2550 et
1829 2495 2067 2550 enutrita

485 2581 798 2654 iniquitatis
832 2584 1064 2640 consilia
1109 2584 1166 2640 in
1201 2600 1404 2656 corpus
1436 2585 1747 2642 antichristi
1777 2587 2066 2654 adcrescit,

483 2676 580 2747 qui
600 2691 698 2748 per
718 2676 1012 2733 consilium
1043 2677 1399 2750 malignitatis
1436 2693 1628 2734 eorum
1665 2679 1828 2735 corde
1864 2687 2067 2735 tectum

483 2769 553 2832 ad
596 2769 815 2840 plenam
861 2769 1206 2841 iniquitatem
1237 2770 1534 2838 enutritur,
1583 2771 1650 2827 de
1686 2772 1888 2842 quibus
1922 2780 2068 2828 recte

481 2860 819 2930 subjicitur:
853 2859 1029 2932 Caput
1067 2861 1314 2932 aspidum
1343 2871 1597 2916 suxerunt
1647 2860 1770 2931 (Job
1817 2878 1909 2929 xx,
1958 2861 2064 2934 16),

480 2951 617 3022 quia
661 2951 916 3008 videlicet
969 2953 1200 3010 latentes
1245 2953 1625 3025 suggestiones
1673 2953 2062 3009 inmundorum

480 3041 775 3113 spirituum
798 3057 965 3117 prava
990 3043 1144 3113 prius
1169 3043 1524 3113 persuasione
1556 3053 1938 3115 susceperunt,
1970 3045 2066 3102 sed

479 3132 681 3190 occidit
710 3148 807 3190 eos
828 3133 945 3204 jam
974 3134 1159 3207 lingua
1202 3135 1422 3213 vipera},
1459 3135 1588 3206 quia
1615 3137 1761 3207 capti
1787 3137 1896 3192 leni
1927 3137 2060 3193 sub-
2089 3171 2133 3231 ε

479 3226 726 3296 reptione
774 3226 1107 3293 daemonum,
1153 3243 1375 3293 veneno,
1399 3228 1648 3291 violentae
1686 3230 2060 3300 temptationis

477 3317 694 3380 enecati
727 3325 884 3388 sunt,
908 3326 962 3372 et
997 3317 1130 3389 quid
1170 3318 1348 3373 dicam
1379 3319 1594 3380 enecati
1634 3320 1801 3375 sunt?
1829 3319 1948 3375 Jam
1975 3336 2062 3376 se-

476 3408 636 3480 pulti,
669 3410 786 3481 jam
820 3411 966 3466 mole
989 3411 1389 3484 desperationis
1414 3421 1760 3484 premuntur,
1789 3413 1905 3485 iam
1933 3429 2061 3485 pes-

477 3501 632 3564 simae
658 3502 1072 3569 consuetudinis
1100 3511 1156 3559 et
1182 3511 1459 3561 consueta:
1481 3505 1738 3577 nequitia:
1761 3521 1952 3569 eorum
1981 3505 2062 3562 fe-

477 3602 596 3655 tore
621 3592 808 3660 fideles
832 3601 1150 3665 gravantur,
1183 3593 1518 3666 quatridiani
1547 3596 1694 3660 enim
1726 3607 1854 3654 sunt
1875 3597 2059 3671 (Joan.

477 3685 696 3756 1:559).
723 3683 959 3752 Jamnon
984 3693 1196 3751 tantum
1223 3701 1467 3755 sorores,
1491 3687 1678 3747 afﬁnes
1699 3697 1754 3745 et
1782 3698 2058 3760 parentes,

477 3777 575 3838 sed
612 3786 668 3834 et
697 3785 872 3838 mater
920 3778 1152 3834 ecclesia
1200 3795 1322 3850 qua:
1364 3795 1460 3836 eos
1511 3781 1801 3850 parturivit
1833 3790 1888 3837 et
1919 3782 2061 3838 lacte

475 3869 611 3935 fidei
639 3869 892 3934 imbuens
924 3871 1219 3938 enutrivit,
1254 3860 1482 3928 "utinam
1522 3888 1639 3934 non
1681 3874 1750 3929 ad
1797 3874 2058 3944 pabulum

475 3961 620 4032 ignis
661 3961 880 4028 aeterni,
914 3960 1144 4019 fetorem
1179 3977 1372 4019 eorum
1415 3964 1669 4021 sustinet.
1717 3963 1824 4021 Sed
1866 3975 2060 4037 potens

473 4062 561 4116 est
586 4053 798 4121 Christi,
823 4053 1046 4111 dextera
1071 4064 1125 4111 et
1152 4057 1255 4112 hos
1291 4057 1578 4125 suscitare,
1624 4066 1679 4113 et
1704 4057 1866 4114 fidem
1892 4059 1950 4114 in
1980 4060 2061 4126 eis

473 4149 688 4203 ﬁrmam
719 4148 1114 4221 redintegrare,
1139 4165 1264 4225 qua:
1283 4159 1464 4220 potest
1486 4150 1554 4206 de
1575 4151 1849 4221 lapidibus
1877 4151 2059 4207 susei-

470 4247 589 4309 tare
617 4240 756 4305 ﬁlios
778 4241 1030 4304 Abrahae.
1074 4241 1213 4314 (F01,
1242 4241 1408 4314 110'.)
1431 4241 1677 4310 Quorum
1711 4243 2058 4319 dampnatio;

468 4347 596 4392 nem
626 4333 755 4405 quia
777 4343 952 4400 mater
972 4335 1217 4392 ecclesia
1240 4335 1511 4402 viscerum
1537 4353 1767 4401 suorum
1786 4338 2060 4402 torsiones

467 4434 523 4483 et
554 4425 924 4496 parricidales
938 4444 1137 4486 manus
1167 4431 1444 4500 quondam
1482 4431 1717 4495 filiorum
1741 4445 1851 4487 non
1887 4432 2059 4487 susti-

2172 1933 2229 1981 et
2255 1941 2442 1982 coram
2472 1927 2727 1992 omnibus
2771 1927 3026 1983 dixerunt
3055 1927 3354 2000 apostolico
3383 1943 3450 1984 ex
3478 1936 3648 1999 parte
3686 1926 3782 1982 ﬁlii

2172 2017 2302 2084 mei,
2333 2025 2395 2072 ut
2430 2025 2681 2089 surgeret
2712 2026 2768 2073 et
2811 2017 3115 2084 dimitteret
3154 2018 3342 2078 sedem
3385 2019 3780 2091 apostolicam,

2171 2124 2339 2184 quam
2371 2125 2478 2164 nou
2510 2109 2775 2174 canonice
2811 2111 2906 2166 sed
2952 2109 3145 2180 rapina
3185 2110 3418 2180 adeptus
3439 2121 3618 2168 esset.
3677 2112 3780 2180 Qui

2174 2199 2358 2252 statim
2383 2215 2413 2253 a
2441 2197 2704 2254 Romanis
2722 2198 2864 2269 capti
2887 2207 3034 2255 sunt.
3057 2197 3320 2254 Similiter
3341 2199 3782 2273 archiepiscopi,

2172 2289 2523 2359 Moguntinus
2561 2303 2864 2360 omnesque
2896 2289 3144 2360 epise0pi
3173 2289 3321 2346 illius
3364 2290 3566 2360 partis,
3617 2293 3783 2347 mise-

2171 2390 2302 2436 runt
2327 2397 2424 2452 per
2457 2382 2678 2437 eosdem
2707 2382 2912 2454 legatos
2932 2381 3173 2453 litteras,
3195 2398 3254 2438 se
3275 2382 3538 2453 deinceps
3564 2383 3778 2439 nullam

2170 2472 2538 2528 obedientiam
2560 2471 2864 2527 exibituros
2889 2471 3220 2542 apostolico;
3250 2472 3355 2527 hoc
3381 2470 3530 2525 idem
3555 2471 3778 2544 Lango-

2170 2561 2464 2616 bardorum
2491 2561 2731 2632 episcopi
2757 2560 3141 2632 jurejurando
3167 2562 3554 2617 decreverunt.
3587 2561 3780 2628 Quare

2168 2653 2425 2709 dominus
2453 2669 2590 2725 papa
2617 2667 2811 2710 omnes
2845 2653 2942 2724 qui
2971 2662 3165 2724 sponte
3190 2663 3629 2721 consenserunt,
3661 2655 3779 2710 olli-

2169 2745 2256 2801 cio
2288 2753 2344 2800 et
2377 2745 2765 2802 communione
2801 2746 3054 2817 privavit,
3094 2746 3287 2816 eisque
3322 2746 3417 2816 qui
3450 2749 3645 2802 coacti
3693 2765 3784 2804 as—.

2167 2853 2393 2894 sensum
2429 2837 2798 2908 praebuerunt,
2846 2853 3022 2908 usque
3065 2839 3134 2893 ad
3178 2836 3534 2894 festivitatem
3592 2843 3778 2896 sancti

2168 2929 2312 2984 Petri
2337 2930 2588 2986 inducias
2609 2930 2786 2998 dedit;
2809 2930 2983 2985 filium
3008 2945 3138 2986 vero
3159 2945 3342 2985 meum
3356 2947 3542 3002 regem
3558 2933 3643 2988 ob
3664 2934 3778 2989 hac

2165 3031 2220 3079 et
2241 3023 2370 3093 quia
2395 3021 2887 3078 excommunicatis
2917 3021 3312 3089 communicat,
3328 3031 3382 3076 et
3401 3021 3536 3093 quia
3559 3024 3639 3080 de
3658 3041 3781 3081 sce-

2165 3116 2371 3172 leribus
2410 3115 2525 3171 suis
2547 3114 2901 3186 penitentiam
2933 3130 3094 3186 agere
3127 3123 3368 3180 recusat,
3401 3116 3556 3188 regia
3584 3117 3775 3190 digni-

2165 3215 2276 3262 tate
2313 3206 2546 3276 privavit
2588 3215 2642 3260 et
2686 3206 3052 3261 anathematis
3106 3205 3287 3277 gladio
3329 3208 3617 3276 percussit
3654 3226 3774 3264 om-

2159 3311 2366 3366 nesque
2401 3295 2496 3368 qui
2532 3295 2635 3351 sibi
2661 3295 2983 3366 juraverant
3012 3294 3329 3365 juramento
3351 3295 3624 3358 absolvit.
3674 3297 3775 3354 τε.

2159 3385 2284 3443 lete.
2321 3406 2343 3450 s,

2231 3498 2370 3571 (Fel.
2406 3500 2553 3571 111.)
2582 3498 2722 3555 Ecce
2758 3500 3138 3559 testimonium
3172 3500 3366 3556 matris
3405 3501 3476 3559 de
3495 3519 3775 3574 presum—

2159 3591 2366 3662 ptione,
2391 3591 2683 3646 rebellione
2705 3599 2759 3646 et
2777 3591 3064 3661 iniquitate
3086 3592 3395 3658 filii,metus
3416 3593 3488 3648 de
3510 3596 3769 3664 periculo

2158 3668 2401 3739 ecclesia:
2423 3683 2750 3750 imminenti,
2775 3681 3080 3738 confutatio
3096 3692 3151 3738 et
3166 3685 3525 3754 exprobratio
3544 3686 3770 3749 illorum

2159 3791 2397 3857 quorum
2433 3773 2679 3830 factiosis
2705 3774 2824 3830 haec
2852 3784 2981 3831 sunt
3012 3775 3326 3831 machinata
3353 3785 3410 3832 et
3433 3786 3770 3850 attemptata

2159 3873 2439 3940 consiliis;
2468 3873 2600 3944 quid
2637 3872 2704 3927 ad
2737 3873 2856 3928 haec
2875 3873 3042 3937 dicta,
3071 3872 3205 3942 quid
3243 3873 3598 3942 responsuri,
3641 3874 3769 3945 quid

2158 3947 2423 4033 objecturi
2452 3971 2582 4018 sunt
2609 3964 2894 4019 catholica).
2912 3964 3087 4034 partis
3114 3963 3452 4018 adversarii?
3485 3964 3636 4021 Ecce
3658 3967 3769 4037 jam

2158 4072 2342 4129 regem
2374 4073 2559 4125 suum,
2593 4072 2756 4128 quem
2800 4072 2966 4126 super
3000 4056 3342 4111 altitudinem
3389 4057 3635 4113 nubium
3675 4074 3768 4113 cx-

2159 4151 2372 4216 tollere,
2407 4148 2586 4204 immo.
2608 4165 2772 4219 quem
2810 4159 3006 4209 contra
3046 4148 3344 4204 Dominum
3375 4158 3433 4204 et
3474 4148 3767 4206 Christum

2160 4241 2444 4314 insurgere
2466 4241 2793 4308 docuerunt,
2823 4241 2938 4312 jam
2974 4257 3084 4296 uon
3120 4257 3304 4314 regem
3340 4242 3440 4298 sed
3465 4251 3768 4315 tyrannum

2160 4335 2423 4403 affectata:
2456 4333 2713 4417 superbia
2755 4334 3041 4404 potestatis
3082 4343 3469 4412 susceperunt.
3515 4333 3595 4390 Ut
3621 4337 3767 4391 enim

2161 4427 2237 4480 ait
2259 4425 2526 4491 Ysidorus
2551 4425 2607 4494 in
2630 4423 3226 4493 libroSeutentiarum,
3243 4444 3333 4493 rea:
3353 4445 3386 4480 a
3403 4438 3543 4485 recte
3559 4430 3766 4500 agendo

465 4518 822 4589 nensgemit.
860 4519 1143 4576 videamus
1173 4521 1290 4592 jam
1321 4522 1453 4592 quid
1477 4523 1688 4580 amicus
1711 4521 1900 4593 sponsi
1927 4537 2055 4593 ego-
2085 4529 2134 4588 υ
2162 4527 2376 4571 vocatus
2396 4525 2495 4582 est.
2528 4516 2587 4571 Si
2614 4517 2735 4593 pie,
2748 4517 2897 4588 juste
2919 4525 2975 4572 et
3005 4517 3437 4577 misericorditer
3460 4519 3633 4590 regit,
3663 4535 3768 4574 me—

464 4609 558 4676 rit,
613 4609 900 4680 quomodo,
914 4610 984 4672 ab
1028 4625 1220 4671 eorum
1255 4611 1638 4668 communione
1683 4621 1740 4668 et
1777 4611 2056 4679 societatis

463 4697 885 4774 participatione
924 4698 1075 4762 filios,
1104 4700 1463 4770 prohibuerit,
1510 4710 1786 4772 postremo
1820 4702 2056 4773 qualiter

464 4788 579 4854 nisi
600 4788 931 4859 resipuerint
957 4789 1137 4862 gladio
1167 4791 1534 4857 anathematis
1574 4791 1836 4852 ultionem
1872 4791 2052 4850 noxiis

464 4879 933 4950 i_ntentaverit.,Ac
953 4882 1129 4952 primo
1152 4883 1373 4954 quidem
1404 4881 1651 4954 signiferi
1673 4883 1846 4954 ipsius
1877 4891 1932 4938 et
1969 4884 2053 4937 in-

463 4974 704 5038 centoris
739 4975 1014 5041 malorum
1045 4975 1343 5038 feriendam
1369 4975 1635 5044 judicavit
1669 4977 1943 5039 maliciam
1997 4987 2052 5033 et

461 5067 546 5123 sic
568 5066 624 5122 in
647 5068 1136 5138 corpusmalorum
1151 5068 1455 5133 acuendam
1470 5068 1634 5143 gladii
1657 5067 1830 5136 limati
1851 5077 1906 5125 et
1925 5085 2050 5136 eva-

461 5157 634 5230 ginati
657 5174 921 5220 mucrone
941 5160 1261 5225 vindictam.

529 5250 820 5316 Heinricus
843 5251 1028 5322 igitur,
1058 5253 1219 5324 cujus
1248 5261 1484 5308 mentem
1517 5261 1708 5324 torpor
1742 5252 2051 5324 iniquitatis

459 5344 884 5410 constrinxerat,
907 5345 1446 5412 causadissensionis
1469 5353 1525 5400 et
1552 5345 1909 5402 seminarium
1935 5363 2052 5402 ma-

457 5438 588 5495 litiae
616 5445 672 5494 et
690 5437 969 5508 nequitiae,
993 5437 1048 5491 in
1081 5435 1326 5494 Romana
1352 5437 1560 5509 synodo
1586 5453 1686 5508 pro
1709 5438 1825 5496 suis
1847 5437 2048 5508 iniqui-

455 5531 664 5588 tatibus
685 5546 716 5586 a
735 5528 1056 5587 beatissimo
1071 5546 1208 5602 papa
1225 5530 1735 5587 exeommunicatus
1753 5545 1878 5585 cum
1903 5546 2052 5588 com-

454 5621 692 5694 plicibus
715 5621 835 5680 suis
873 5630 1037 5693 atque
1070 5620 1380 5677 fautoribus
1398 5630 1453 5677 et
1480 5636 1511 5676 a
1533 5635 1709 5691 regno.
1727 5629 1813 5676 est
1829 5621 2050 5692 deposi-

455 5719 548 5778 tus
571 5711 753 5783 (Febr.
777 5713 900 5785 22),
932 5723 994 5769 ut
1025 5714 1140 5770 sola
1165 5715 1380 5769 vexatio
1401 5713 1731 5768 intellectum
1767 5711 1923 5767 daret
1951 5729 2049 5768 au-

449 5799 966 5889 idiluijbetnquorum
999 5808 1187 5864 oculos
1217 5807 1373 5880 culpa
1403 5806 1695 5869 clauserat,
1728 5818 1866 5873 pcna
1919 5822 2045 5878 ape—

2163 4609 2268 4664 rito
2289 4623 2384 4663 rex
2415 4592 2741 4690 appellatur.
2776 4606 2834 4670 Si
2873 4608 2960 4662 his
2986 4609 3227 4663 caruerit
3260 4623 3373 4663 non
3407 4625 3508 4664 rex
3541 4611 3644 4666 sed
3686 4621 3763 4682 ty.

2158 4717 2366 4769 rannus
2391 4710 2494 4757 est.
2527 4701 2593 4756 Et
2613 4710 2675 4758 ut
2698 4701 2841 4757 idem
2878 4701 3071 4758 scribit
3099 4702 3154 4769 in
3186 4702 3328 4758 libro
3357 4702 3762 4778 Ethimologia—

2158 4809 2282 4855 rum
2311 4811 2324 4847 :
2352 4791 2576 4864 Antiqui
2621 4809 2800 4847 omnes
2859 4810 3001 4864 reges
3045 4802 3298 4864 tyrannos
3341 4798 3644 4863 vocabant;
3674 4799 3760 4852 sed

2157 4891 2336 4952 postea
2379 4883 2461 4953 pie
2481 4869 2628 4953 juste
2663 4893 2715 4938 et
2748 4884 3162 4939 misericorditer
3199 4888 3423 4958 regendo
3460 4891 3604 4959 regis
3641 4900 3762 4944 aut

2159 4991 2345 5030 nomen
2374 4975 2574 5046 adepti.
2603 4974 2775 5046 Impie
2804 4993 2944 5043 vero,
2987 4976 3183 5046 injuste
3217 4987 3269 5032 et
3291 4979 3588 5035 crudeliter
3611 4983 3764 5051 prin--

2158 5071 2457 5142 cipantibus
2491 5089 2602 5126 non
2621 5071 2757 5143 regis
2785 5071 2887 5126 sed-
2916 5073 3250 5142 tyrannicum
3287 5081 3533 5143 aptatum
3554 5086 3639 5128 est
3671 5091 3761 5128 no—

2160 5181 2297 5230 men.
2327 5165 2440 5220 Rex
2465 5165 2632 5237 igitur
2655 5165 2782 5236 jure
2804 5166 3139 5236 vocatuqui
3164 5173 3274 5220 tam
3297 5181 3358 5221 se
3379 5166 3563 5236 ipsum
3591 5182 3757 5238 quam

2158 5268 2213 5312 et
2243 5258 2518 5328 subjectos
2546 5258 2686 5316 bene
2715 5273 2902 5330 regere
2923 5259 3072 5313 novit
3093 5265 3150 5314 et
3179 5259 3417 5331 regendo
3441 5260 3756 5330 paclficarc.

2160 5352 2253 5429 qui
2276 5352 2483 5407 cultum
2509 5351 2671 5422 regite
2699 5339 2984 5422 dignitatis
3008 5360 3212 5408 sancta:
3238 5352 3463 5421 subjicit
3483 5353 3752 5423 religioni,

2159 5446 2252 5514 qui
2279 5460 2454 5516 magis
2480 5445 2533 5498 in
2561 5443 2757 5499 timore
2786 5443 2990 5499 servire
3012 5442 3242 5499 Domino
3267 5458 3431 5514 quam
3457 5444 3513 5498 in
3540 5451 3757 5498 tumore

2157 5538 2459 5595 delectatur
2481 5537 2756 5592 dominari
2792 5536 3013 5606 populo,
3045 5535 3099 5589 in
3136 5551 3250 5606 quo
3296 5535 3497 5590 lenitas
3526 5536 3753 5590 iracun-

2156 5629 2301 5684 diam
2327 5629 2562 5695 mitigat.
2593 5636 2918 5698 potestatem
2948 5625 3257 5699 benignitas
3277 5635 3460 5692 ornat,
3490 5625 3588 5696 qui
3617 5625 3751 5682 sub-

2152 5723 2311 5791 jectis
2347 5723 2461 5778 salu
3055 5722 3058 5725 ’
3413 5717 3748 5790 diligendum

2154 5831 2317 5885 quam:
2350 5823 2460 5870 mct
3167 5829 3172 5834 ‘
3220 5816 3231 5820 “
3435 5826 3484 5867 tu
3516 5816 3670 5866 tenet
3694 5817 3751 5862 ιιι
