3878 6310
96 369 182 426 599

1303 360 1794 420 CHRONICON.-—
1816 361 1943 418 LIB".
1970 359 2031 417 ll.

96 476 488 541 misericordiam
511 492 620 533 non
641 476 939 548 relinquat,
967 477 1061 548 qui
1080 492 1137 532 se
1160 492 1271 548 prae
1292 477 1551 533 omnibus
1573 474 1647 531 ita
1681 478 1727 535 Α
1752 474 2007 530 mundari
2029 489 2137 528 non
2164 479 2373 544 potest;
2399 472 2528 544 quia
2550 489 2685 530 auro
2707 474 2860 530 locus
2883 474 3043 531 estin
3066 488 3176 547 quo
3202 494 3334 533 cou-

95 584 264 635 sancta‘.
288 571 529 629 ecclesiae
567 570 853 626 catholica:
885 570 1058 624 lilium
1105 569 1379 636 meminit,
1423 575 1485 623 ut
1527 567 1649 638 ejus

92 669 191 742 paci
237 675 393 735 atque
439 662 820 733 tranquillitati
868 676 968 732 per
1010 661 1331 716 universum
1380 658 1647 715 mundum

92 776 227 819 suum
255 756 508 831 prodesse
544 753 711 810 faciat
745 754 1137 826 principatum.
1184 751 1471 820 Quomodo
1499 752 1647 808 enim

94 866 222 923 reges
245 847 487 905 serviunt
520 844 753 901 Domino
781 845 836 899 in
866 844 1080 911 timore,
1117 833 1241 900 nisi
1261 860 1326 899 ea
1362 858 1495 914 quat
1511 857 1648 898 cou—

92 952 158 998 tra
183 939 385 996 Domini
419 938 581 1009 jussa
607 936 810 993 fuerint
841 936 1097 1008 religiosa
1139 935 1431 994 severitate
1457 933 1647 1006 prohi-

92 1032 240 1089 bendo
259 1038 420 1099 atque
453 1027 776 1099 plectendo?
810 1025 981 1083 Aliter
1012 1027 1161 1082 enim
1188 1026 1344 1097 juxta
1380 1024 1646 1096 Augusti—

93 1137 198 1178 num
218 1120 377 1176 servit
396 1119 526 1190 quia
556 1118 725 1174 homo
756 1126 863 1184 est,
890 1117 1048 1173 aliter
1077 1118 1205 1189 quia
1240 1133 1335 1173 rex
1366 1125 1473 1173 est.
1504 1115 1646 1183 Quia

90 1215 229 1269 homo
249 1217 350 1277 est,
387 1208 558 1266 servit
577 1208 810 1265 vivendo
835 1208 1102 1263 fideliter:
1133 1208 1262 1280 quia
1289 1224 1385 1263 rex
1404 1216 1508 1273 est,
1533 1221 1649 1262 ser-

92 1304 155 1357 vit
172 1303 306 1374 leges
335 1300 487 1372 justa
510 1299 890 1370 praecipientes
911 1308 967 1354 et
997 1298 1276 1354 contraria
1293 1297 1646 1370 prohibentes

90 1391 397 1449 convenieuti
435 1390 613 1463 vigori
665 1389 979 1446 sanciendo.
1031 1387 1227 1445 Omnes
1259 1388 1400 1442 enim
1440 1403 1544 1454 res,
1571 1385 1649 1443 ait

92 1483 180 1538 Leo
199 1498 327 1555 papa
351 1483 608 1539 scribens
634 1480 939 1537 Pulcheriaa
960 1488 1210 1552 augustae
1228 1495 1353 1551 cap.
1377 1478 1465 1547 l0,
1489 1479 1648 1533 aliter

90 1585 197 1631 tutae
214 1591 316 1631 esse
336 1591 441 1629 non
464 1582 706 1646 possunt,
729 1574 832 1628 nisi
859 1588 976 1645 quae
1000 1573 1073 1627 ad
1105 1572 1340 1627 divinam
1361 1572 1648 1643 confessio—

91 1683 183 1722 nem
198 1668 471 1739 pertinent,
500 1676 553 1721 et
576 1666 719 1738 regia
743 1673 996 1737 potestas,
1033 1673 1083 1720 et
1103 1663 1452 1719 sacerdotalis
1473 1664 1648 1735 defen-

89 1762 162 1813 dat
196 1761 507 1815 auctoritas.
546 1757 604 1815 Si
618 1747 799 1831 igitur
824 1757 1124 1830 imperator
1152 1767 1249 1813 aut
1278 1756 1561 1829 cognoscit
1587 1771 1645 1812 se

1751 566 1934 632 flatur,
1966 582 1997 620 a
2027 580 2138 636 quo
2163 564 2417 637 quisquis
2443 566 2751 634 recesserit,
2775 566 2878 623 etsi
2912 567 3112 634 luceat,
3138 584 3335 624 aurum

1752 665 1934 712 tamen
1961 671 2085 713 esse
2113 655 2296 721 desiit,
2322 671 2424 713 nec
2453 656 2707 714 clarescit
2730 657 2942 730 fulgore
2970 659 3336 731 pulchritudiz-

1749 751 1856 817 ni‘s,
1884 748 1991 805 nisi
2013 748 2416 820 redintegratus
2442 756 2498 805 et
2522 748 2905 821 incorporatus
2938 753 3214 820 ecclesiae,
3245 754 3338 811 hic

1750 841 1906 912 prius
1933 841 2132 896 arserit
2152 839 2207 896 in
2219 839 2435 897 olbcina
2461 840 2728 909 caritatis,
2754 843 2848 898 sed
2871 843 3047 900 uol'uit
3071 842 3338 903 Dominus

1751 946 1918 1002 opera
1941 930 2259 1001 impiorum,
2290 941 2346 987 et
2370 931 2576 987 idcirco
2601 932 2811 989 inducit
2840 926 3052 989 noctem
3070 943 3126 991 et
3156 945 3340 993 conte-

1729 1030 1940 1111 .rentur
1976 1021 2098 1095 (Job
2138 1037 2327 1089 χχχιιι,
2364 1022 2480 1094 25).
2505 1021 2565 1078 In
2592 1030 2752 1079 nocte
2773 1024 2919 1081 enim
2952 1025 3125 1096 iniqui
3152 1035 3339 1083 conte—

1748 1122 1976 1179 runtur,
2014 1128 2139 1168 cum
2173 1121 2526 1184 peccatorum
2556 1115 2977 1185 praecedentium
3013 1118 3340 1175 confusione

1748 1202 2135 1273 dampnantur.
2192 1202 2349 1271 Quod
2390 1219 2672 1275 exponens
2735 1205 2928 1263 beatus
2984 1207 3281 1281 Gregorius
3321 1227 3335 1263 :

1755 1315 1773 1346 ι
1819 1294 2013 1362 Omne,
2041 1295 2139 1365 ait,
2164 1304 2449 1366 peccatum
2473 1296 2619 1368 quod
2641 1305 2822 1353 tamen
2851 1299 3024 1356 cicius
3045 1300 3337 1371 pernitendo

1749 1402 1858 1443 non
1881 1387 2132 1459 tergitur,
2159 1397 2254 1444 aut
2282 1397 2569 1460 peccatum
2590 1398 2677 1446 est
2704 1397 2761 1445 et
2780 1392 3180 1465 causapeccati
3199 1435 3214 1459 ,
3239 1400 3337 1451 aut

1748 1490 2030 1551 peccatum
2066 1490 2125 1536 et
2147 1496 2285 1552 pena
2316 1481 2543 1551 peccati.
2566 1480 2860 1538 Peccatum
2890 1483 3034 1540 enim
3066 1486 3212 1556 quod
3243 1502 3338 1557 pe-

1750 1572 1980 1628 nitentia
2017 1586 2126 1628 non
2163 1572 2345 1639 diluit,
2372 1572 2493 1644 ipso
2528 1588 2635 1630 suo
2666 1573 2905 1644 pondere
2932 1591 3059 1630 mox
3092 1576 3160 1631 ad
3191 1576 3337 1633 aliud

1749 1671 2033 1733 peccatum
2064 1661 2252 1719 trahit.
2304 1661 2458 1719 Unde
2489 1662 2550 1719 lit
2587 1672 2649 1719 ut
2688 1678 2797 1720 non
2841 1664 3018 1721 solum
3053 1674 3340 1739 peccatum

1751 1755 1845 1823 sit,
1869 1755 1965 1811 sed
1994 1762 2049 1811 et
2077 1763 2362 1826 peccatum
2392 1764 2447 1811 et
2487 1769 2656 1815 causa
2692 1757 2920 1827 peccati.
2961 1755 3041 1811 Ex
3070 1755 3162 1812 illo
3191 1758 3340 1817 enim

90 1867 221 1906 orem
258 1867 376 1908 esse
419 1852 605 1924 gregis
635 1850 936 1919 dominici;
984 1850 1032 1906 si
1068 1851 1213 1906 inter
1255 1864 1415 1906 sacra
1462 1848 1652 1905 altaris
1685 1853 1725 1908 Β
1750 1847 1894 1904 vicio
1921 1847 2081 1918 culpa
2116 1847 2460 1918 subsequens
2491 1848 2688 1914 oritur,
2730 1864 2797 1903 ex
2838 1864 2953 1919 quo
3001 1864 3159 1905 mens
3198 1865 3345 1905 caeca

94 1958 197 1996 cum
218 1926 891 2014 venerationese-subjicit
915 1941 1171 1998 manibus
1195 1939 1573 2008 sacerdotum;
1603 1940 1651 1994 si

92 2031 513 2088 beatz~trinitatis
538 2032 747 2089 cultum
773 2032 885 2102 ﬁde.
903 2032 1122 2106 quidem
1145 2047 1245 2088 sua
1269 2030 1365 2088 sed
1388 2030 1648 2087 sacerdos

94 2124 442 2194 praedicatione
465 2134 680 2194 servat;
706 2125 754 2181 si
776 2141 886 2182 non
910 2135 1024 2182 tam
1047 2124 1325 2182 dominari
1341 2140 1403 2182 se
1424 2123 1650 2191 mundo,

94 2233 229 2287 quam
249 2217 525 2273 dominari
548 2217 653 2274 sibi
673 2217 956 2275 Christum
985 2218 1284 2291 gloriatur;
1317 2218 1365 2274 si
1390 2217 1654 2273 memine-

95 2311 193 2365 rita
222 2326 324 2381 quo
358 2309 545 2367 factus
581 2319 687 2379 est,
720 2318 776 2367 et
803 2326 915 2382 quo
955 2311 1237 2378 invitatur,
1260 2318 1527 2383 quantum
1549 2309 1653 2366 sibi

96 2403 360 2470 praestitum
390 2404 489 2472 sit,
518 2413 573 2460 et
596 2404 790 2476 quanti
808 2404 1059 2461 beneﬁcii
1082 2403 1195 2461 Deo
1223 2403 1437 2461 debitor
1456 2411 1568 2471 est;
1605 2402 1652 2459 si

98 2492 372 2551 misericors
397 2496 604 2551 terrori
632 2496 1132 2564 mansuetudinem,
1176 2496 1223 2552 si
1264 2504 1530 2568 temperat
1559 2511 1654 2565 spe

99 2582 282 2653 minas;
306 2586 352 2641 si
373 2601 604 2641 sursum
630 2601 846 2658 semper
866 2587 1115 2659 respicit;
1145 2587 1190 2645 si
1214 2587 1327 2643 Deo
1348 2588 1656 2643 misericor-

98 2674 214 2730 diam
226 2686 472 2749 generat;
500 2678 625 2735 dico
635 2694 764 2735 cum
774 2678 1415 2737 JohanneCrisosthomo
1435 2677 1655 2735 Christo

100 2776 378 2839 com-cgnat,
405 2768 593 2825 immo
607 2770 663 2824 in
682 2769 889 2826 Christi
918 2786 1090 2844 regno
1112 2787 1235 2840 qua:
1256 2779 1387 2827 sunt
1411 2771 1655 2825 humana

100 2857 358 2929 dispensat.
386 2858 596 2933 Regale
624 2876 756 2933 ergo
784 2870 869 2918 est
888 2863 1254 2919 ministerium
1276 2862 1371 2918 Dei
1392 2864 1653 2935 populum

101 2950 370 3019 gubernare
392 2961 450 3009 et
494 2953 549 3008 in
575 2953 791 3024 justitia
812 2961 873 3009 et
888 2954 1131 3025 equitate
1159 2969 1377 3027 regere;
1402 2954 1657 3011 defenso-

100 3056 193 3097 rem
210 3058 323 3100 esse
351 3044 740 3113 ecclesiarum,
772 3054 1009 3101 tutorem
1034 3045 1367 3117 pupillorum
1389 3055 1443 3103 et
1467 3046 1659 3103 vidua-

102 3148 218 3199 rum,
240 3134 464 3193 liberare
497 3144 793 3207 pauperem
824 3152 853 3192 a
878 3144 1100 3208 potente
1117 3145 1172 3193 et
1196 3138 1414 3209 inopem
1437 3139 1525 3195 cui
1546 3154 1656 3194 non

100 3233 168 3281 est
183 3226 415 3298 adjutor;
439 3201 655 3285 etcum
679 3229 841 3285 beato
858 3201 962 3287 iob
981 3230 1159 3285 molas
1179 3201 1352 3302 iniqui
1374 3239 1659 3288 conterere
1685 3201 1726 3260 α

103 3326 146 3370 rt
175 3318 488 3377 dedentibus
527 3321 678 3378 illius
718 3321 955 3392 praedam
1002 3321 1250 3391 auferre;
1295 3332 1506 3395 patrem
1541 3339 1663 3382 esse

106 3425 392 3483 pauperum,
427 3413 659 3471 oculum
698 3412 983 3470 caecorum"
1000 3422 1057 3470 et
1075 3415 1267 3486 pedem
1313 3416 1657 3472 claudorum.

106 3497 195 3556 Hec
218 3504 305 3573 qui
320 3502 540 3573 fecerit,
563 3504 714 3561 auris
741 3503 969 3561 audiens
989 3503 1322 3561 beatificabit
1342 3521 1491 3573 eum,
1520 3515 1573 3562 et
1606 3506 1660 3561 in

103 3607 156 3645 eo
173 3595 532 3652 consolabitur
546 3609 652 3652 cor
668 3628 669 3631 η
687 3595 884 3652 viduae.

160 3686 367 3744 Invenitr
392 3689 589 3760 itaque
624 3696 892 3763 tyrannus
935 3688 1025 3746 hic
1069 3687 1280 3745 foveam
1317 3691 1659 3762 dejectionis,

103 3777 209 3833 dum
245 3795 301 3835 se
334 3781 461 3852 plus
489 3796 637 3852 equo
677 3780 739 3853 [i.
778 3797 825 3835 e.
856 3779 1037 3853 aquo]
1061 3782 1284 3838 sustulit
1323 3782 1387 3838 in
1423 3784 1662 3841 culmine

103 3873 391 3942 pompaticae
428 3873 741 3943 potestatis.
790 3871 927 3928 Nam
959 3880 1023 3928 ut
1066 3874 1144 3929 ait
1184 3874 1513 3932 mitissimus
1558 3876 1659 3932 do.

103 3969 199 4017 αοε-
231 3963 527 4037 Gregorius
562 3983 576 4019 :
609 3958 882 4035 Apostata;
922 3964 1109 4037 angelo
1156 3966 1351 4021 similis
1400 3968 1622 4038 epit-itur
1644 4009 1659 4035 ,

103 4053 380 4111 dunttomo
411 4057 749 4112 hominiesse
770 4057 964 4112 similis
986 4057 1322 4129 dedignatur.
1356 4057 1543 4130 Neque
1557 4060 1662 4117 hoc

103 4144 310 4205 dicentes
326 4149 718 4223 impugnaruus
738 4148 943 4222 regiam
963 4151 1287 4221 potentiam,
1302 4152 1428 4222 quae
1441 4151 1658 4222 quidem

103 4238 264 4295 ordine
283 4257 393 4298 suo
408 4243 559 4297 bona
581 4249 686 4310 est,
709 4242 805 4298 sed
834 4251 994 4297 cauta
1023 4244 1267 4313 regentis
1301 4244 1505 4315 indiget
1525 4245 1656 4301 vita.

106 4324 228 4384 Bona
255 4341 354 4399 est,
382 4333 432 4389 si
455 4334 599 4390 sciat
627 4333 754 4404 quis
779 4348 999 4389 sumere
1038 4349 1107 4389 ex
1128 4334 1219 4389 illa
1242 4334 1390 4405 quod
1415 4334 1657 4405 adjuvat;

102 4434 381 4495 expugnare
406 4425 561 4498 quod
594 4433 840 4497 temptat.
887 4425 1114 4498 Semper
1150 4436 1333 4483 autem
1370 4437 1454 4484 est
1480 4430 1663 4486 amica

1752 1940 1995 2006 ducitur,
2023 1947 2084 1996 ut
2111 1939 2267 2011 pejus
2285 1955 2352 1996 ex
2375 1940 2486 2017 alia
2513 1940 2726 2012 ligetur.
2760 1939 2866 1997 Sed
2889 1949 3172 2011 peccatum
3196 1941 3345 2015 quod

1751 2048 1819 2088 ex
1843 2043 2066 2104 peccato
2093 2033 2290 2100 oritur,
2322 2048 2432 2088 non
2448 2033 2563 2104 jam
2608 2041 2893 2103 peccatum
2931 2032 3341 2100 tantummodo,
3418 2030 3431 2051 ”

1755 2125 1848 2181 sed
1873 2133 2158 2196 peccatum
2193 2134 2278 2181 est
2310 2133 2365 2181 et
2392 2140 2531 2197 pena
2556 2124 2786 2196 peccati,
2816 2125 2943 2197 quia
2963 2125 3115 2195 justo
3135 2125 3345 2197 judicio

1754 2216 2104 2288 omnipotens
2151 2215 2296 2273 Deus
2330 2232 2426 2272 cor
2463 2218 2743 2288 peccantis
2787 2217 3089 2285 obnubilat,
3120 2225 3181 2272 ut
3205 2232 3348 2290 pra:—

1754 2309 1999 2365 eedentis
2018 2309 2226 2379 peccati
2249 2310 2445 2365 merito
2465 2310 2630 2369 etiam
2659 2310 2713 2365 iu
2737 2311 2860 2368 aliis
2885 2312 3063 2369 cadat.
3088 2309 3247 2379 Quod
3268 2312 3347 2367 vi-

1754 2400 1952 2458 delicet
1981 2401 2162 2473 agitur
2192 2402 2447 2472 superius
2483 2401 2845 2473 dispositione
2893 2402 3165 2471 ordinata,
3205 2402 3345 2458 infe-

1756 2492 1874 2549 ruis
1903 2492 2191 2564 iniquitate
2211 2493 2464 2562 confusa,
2484 2502 2544 2549 ut
2565 2494 2723 2566 culpa
2741 2495 3058 2568 praecedens
3087 2495 3159 2551 sit
3179 2511 3348 2552 causa

1757 2584 2161 2656 subsequentis,
2202 2593 2257 2641 et
2293 2601 2521 2642 rursum
2544 2587 2704 2659 culpa
2742 2586 3083 2658 subsequens
3108 2588 3184 2647 sit
3210 2603 3347 2658 pena.

1756 2674 2130 2745 praecedentis.
2172 2694 2192 2728 ι
2228 2673 2384 2741 Quod
2410 2664 2585 2733 totum
2620 2675 2677 2731 in
2725 2676 2833 2731 hoc
2863 2675 3179 2749 iniquorum
3223 2691 3347 2735 om-

1758 2768 1911 2825 nium
1936 2767 2130 2838 capitis
2160 2767 2410 2824 membro
2440 2777 2496 2829 et
2526 2767 2888 2843 complicibus
2918 2769 3040 2839 ejus
3066 2769 3348 2824 advertere

1757 2874 2076 2930 possumus,
2108 2858 2355 2930 quiquia
2398 2867 2789 2932 cognoscentes
2834 2858 3028 2927 Deum,
3063 2869 3346 2932 peccatum

1760 2951 2029 3022 superbia:
2060 2950 2410 3024 intelligendo
2443 2952 2862 3019 commiserunt,
2898 2953 3086 3009 caecati
3117 2961 3245 3009 sunt
3280 2970 3351 3009 ne

1760 3043 2066 3116 intelligant
2110 3043 2258 3115 quod
2302 3045 2684 3113 committunt;
2734 3045 2918 3102 traditi
2953 3046 3007 3101 in
3054 3046 3353 3118 reprobum

1760 3151 2009 3203 sensum,
2037 3144 2099 3191 ut
2129 3145 2321 3209 putent
2354 3152 2413 3193 sc
2442 3151 2605 3207 posse
2629 3136 2827 3194 divinae
2854 3137 3199 3196 auctoritatis
3224 3138 3372 3210 jura-

1759 3225 2088 3293 convellere,
2110 3224 2342 3283 traditas
2372 3227 2442 3282 ab
2476 3227 2594 3297 ipso
2628 3225 2861 3282 Domino
2899 3228 3215 3285 sanctiones
3252 3229 3354 3285 de»

1760 3325 1996 3385 struere,
2031 3318 2275 3374 inaudita
2306 3335 2336 3374 a
2362 3319 2578 3375 saeculis
2608 3319 2688 3374 uti
2724 3320 3171 3391 praesumptione,
3211 3321 3355 3376 divi-

1761 3424 1892 3464 num
1938 3409 2072 3466 illud
2114 3410 2381 3482 quidquid
2424 3419 2509 3467 est
2552 3419 2958 3473 sacramentum
3007 3413 3355 3489 prophanare

1761 3502 2075 3558 subvertere
2098 3511 2155 3558 et
2172 3503 2427 3577 dejicere.
2454 3501 2515 3558 In
2536 3502 2737 3581 quibus
2759 3501 3004 3574 profecto
3032 3504 3137 3559 hoc
3151 3503 3352 3575 agitur,

1762 3602 1823 3649 ut
1842 3594 2018 3664 culpis
2045 3595 2204 3673 culpa
2228 3594 2478 3664 feriatur,
2502 3595 2761 3667 quatinus
2786 3596 3054 3671 supplicia
3076 3595 3210 3651 ﬁant
3228 3612 3354 3668 pec-

1760 3686 2024 3754 cantium,
2049 3687 2166 3759 ipsa
2189 3687 2525 3750 incrementa
2552 3688 2841 3745 vi‘ciorum.
2867 3686 3006 3750 Hinc
3025 3688 3092 3744 de
3121 3687 3355 3747 Domino

1760 3794 1857 3850 per
1877 3780 2217 3849 psalmistam
2238 3779 2441 3861 dicitur
2466 3799 2485 3836 :
2515 3779 2874 3839 Immissiones
2888 3798 2981 3857 per
3001 3782 3213 3853 angelos
3238 3800 3354 3841 ma-

1760 3872 1879 3939 l‘os,,
1910 3874 2051 3927 viam
2100 3872 2226 3944 fecit
2263 3874 2465 3933 semita:
2506 3874 2603 3931 itte
2643 3873 3193 3945 sure,(Psal.Lxxvu,
3236 3875 3350 3947 49}.

1761 3964 1939 4022 Corda
1966 3967 2114 4021 enim
2148 3980 2341 4025 eorum
2371 3966 2648 4038 prioribus
2673 3966 2883 4023 meritis
2912 3967 3227 4039 adgravata,
3259 3967 3353 4038 ju-

1763 4068 1846 4115 ste
1869 4059 2300 4136 permissasunt
2331 4058 2795 4129 subsequentibus
2830 4059 3199 4131 malignorum
3243 4060 3356 4130 spi-

1762 4151 1967 4207 rituum
2025 4151 2640 4223 persuasionibusfalli,
2703 4167 2826 4221 qua:
2884 4152 3015 4206 dum
3076 4152 3237 4222 digne
3300 4152 3355 4206 in

1762 4244 1980 4316 culpam
2026 4244 2339 4310 trahuntur,
2388 4250 2572 4298 reatus
2616 4258 2806 4298 earum
2865 4242 3105 4312 in.pcua
3157 4260 3359 4298 cumu-s

1762 4338 1923 4392 latur.

1833 4429 1973 4502 (Fel.
2002 4427 2150 4499 “2.)
2173 4428 2436 4499 Sep-arato
2466 4442 2599 4499 ergo
2625 4426 2880 4484 Heinrico
2912 4444 2942 4483 a
2969 4429 3358 4485 communione

107 4518 759 4590 potestatiimpatientiaet
778 4519 829 4573 ci
846 4519 987 4574 male
1009 4518 1268 4590 subjecta:
1285 4520 1452 4576 etiam
1479 4521 1654 4594 impe-
1689 4542 1733 4597 ι)
1759 4522 2007 4593 corporis
2035 4522 2279 4578 ecclesiae
2326 4530 2381 4578 et
2420 4520 2569 4592 regia
2610 4522 2872 4599 dignitate
2924 4522 3155 4593 privato,
3210 4522 3359 4592 quod

105 4615 189 4672 rat;
207 4608 327 4679 quia
343 4609 493 4680 quod
514 4608 634 4679 ipsa
652 4609 859 4676 sentit,
873 4617 1116 4680 potestas
1134 4611 1443 4683 exequitur.
1466 4611 1535 4669 Et
1559 4614 1667 4669 uti-

103 4711 209 4753 nam
217 4708 451 4770 pctestas
459 4701 566 4757 ista
575 4700 649 4755 ita
662 4715 913 4771 perversa
926 4701 1148 4774 egisset,
1162 4703 1353 4760 utaliis
1369 4720 1477 4761 non
1491 4706 1672 4777 propi-

102 4800 285 4859 nasset;
298 4793 511 4848 utinam
522 4806 676 4847 mors
686 4791 764 4846 illi
774 4808 874 4847 sua
885 4792 1213 4862 suﬂ'ecisset,
1225 4802 1397 4849 etnon
1428 4794 1669 4851 virulen-

102 4882 604 4951 tispersuasionibus
614 4884 777 4940 etiam
789 4884 1021 4940 aliorum
1030 4883 1198 4939 vitam
1211 4892 1483 4941 necasset:
1492 4884 1669 4957 Ipsam

102 4979 257 5029 tamen
278 4976 396 5045 ejus
416 4976 833 5047 perversitatem
865 4975 1101 5031 domnus
1124 4991 1263 5047 papa
1287 4977 1470 5032 studio
1508 4987 1670 5034 recta:

101 5068 443 5136 emutationis,
461 5083 573 5123 non
588 5067 706 5123 zelo
729 5067 935 5123 furoris
952 5067 1249 5125 insectatus
1263 5078 1367 5125 est.
1388 5067 1495 5124 Sed
1512 5069 1665 5141 juxta

100 5152 397 5217 lheremiam
409 5161 618 5233 frustra
627 5160 875 5230 conﬂavit
886 5160 1176 5230 conﬂator;
1188 5160 1417 5217 malicite
1424 5163 1563 5216 enim
1576 5163 1671 5217 im-

101 5248 279 5311 piorum
296 5270 399 5308 non
421 5263 545 5309 sunt
571 5252 1056 5325 consumptw~(ler.
1094 5270 1179 5322 vt,
1213 5253 1329 5325 29).
1360 5253 1500 5311 Ecce
1524 5255 1667 5310 enim

104 5336 222 5407 ignis
239 5346 826 5403 excommunicationis
847 5346 1161 5417 apostolicae
1171 5347 1413 5404 exterius
1424 5347 1669 5404 conﬂans

103 5430 535 5495 duratinustionis
556 5439 800 5495 admovit
822 5453 1042 5509 penam,
1058 5447 1114 5493 et
1131 5448 1314 5495 tamen
1339 5441 1545 5496 erroris
1558 5457 1667 5497 non

103 5532 292 5587 oreoxit
309 5534 547 5606 culpam.
567 5535 708 5609 (Fel.
731 5536 789 5591 ll
804 5536 898 5607 ι’.)
922 5537 1164 5592 Adustus
1185 5547 1271 5592 est
1292 5537 1415 5610 igne
1441 5539 1669 5596 anathe-

105 5622 261 5689 matis,
291 5637 606 5699 segregatus
626 5637 711 5685 est
731 5644 763 5683 a
786 5628 1067 5685 consortio
1084 5629 1399 5685 christiana:
1419 5646 1667 5688 commu-

108 5711 286 5781 nionis,
310 5719 404 5773 sed
428 5718 535 5774 nisi
561 5720 745 5777 redeat
766 5720 833 5776 ad
861 5722 1125 5776 unitatem
1160 5722 1352 5778 matris
1386 5725 1631 5780 ecclesia:
1650 5767 1664 5790 ,

108 5814 131 5852 ³
155 5817 252 5873 «ιηο
290 5822 477 5865 errore
505 5809 777 5867 scismatis
814 5810 1145 5878 deviavcrat,
1190 5813 1436 5869 comburi
1469 5821 1664 5884 potest,

1768 4630 1983 4684 semper
2005 4613 2273 4670 catholica
2294 4613 2539 4671 ecclesia
2563 4613 2757 4670 tenuit.
2783 4614 2930 4690 quod
2965 4613 3035 4670 ab
3077 4612 3243 4669 inicio
3265 4629 3359 4670 ce-

1770 4715 1875 4776 pta:
1909 4705 2327 4762 christianitatis
2363 4723 2537 4778 usque
2566 4708 2635 4763 ad
2665 4715 3027 4765 monstruosa.
3060 4706 3177 4761 haec
3222 4715 3360 4762 tem-

1773 4813 1906 4867 pora
1946 4798 2143 4853 stabile
2178 4806 2233 4853 et
2285 4798 2666 4857 inconvulsum
2704 4800 2967 4870 perstitit;
2992 4798 3199 4855 scilicet
3248 4813 3356 4853 non

1773 4904 1895 4945 esse
1917 4890 2438 4947 communicandum
2460 4890 2968 4957 excommunicatis,
2993 4906 3025 4951 a
3054 4889 3360 4947 fautoribus

1775 4991 1829 5037 et
1852 4982 2211 5052 complicibus
2244 4985 2361 5039 suis
2403 4984 2621 5039 sibimet
2648 4983 2921 5040 similibus
2957 4984 3218 5038 violatum
3253 4991 3355 5050 est,

1771 5083 1825 5128 et
1859 5074 2139 5144 impletum
2166 5084 2249 5130 est
2288 5075 2436 5145 quod
2470 5075 2528 5130 in
2575 5074 2851 5132 Danihelis
2899 5076 3175 5133 volumine
3223 5077 3358 5133 seri-

1773 5176 1926 5236 ptum
1960 5176 2063 5234 est,
2097 5168 2223 5237 quia
2260 5182 2468 5238 egressa
2498 5168 2752 5241 iniquitas
2776 5186 2808 5223 a
2832 5170 3124 5225 senioribus
3147 5178 3196 5225 et
3213 5169 3363 5239 judi:

1771 5255 1938 5328 ribus,
1973 5263 2064 5332 qui
2103 5261 2417 5316 ridebantur
2453 5278 2625 5334 regere
2652 5264 2903 5334 papulttm
2930 5263 3093 5336 (Dan.
3126 5279 3244 5331 xm,
3278 5264 3355 5334 5).

1776 5353 1859 5408 Ilii
1898 5353 2044 5409 enim
2084 5354 2179 5424 qui
2218 5353 2465 5409 veritatis
2507 5354 2764 5411 dicuntur
2813 5370 3112 5427 praecones,
3158 5356 3361 5426 quibus

1774 5447 1979 5503 credita
2004 5455 2133 5506 sunt
2157 5447 2375 5517 eloquia
2400 5446 2494 5502 Dei
2534 5448 2602 5503 ad
2627 5450 3109 5521 evangelizandum
3135 5450 3359 5520 populo,

1775 5539 2072 5595 inauditam
2142 5538 2527 5594 contritionem
2586 5540 2850 5597 mcclcsia:
2916 5541 3316 5598 adinvenerunt
3342 5583 3359 5608 ,

1773 5628 2232 5686 communicando
2269 5630 2385 5702 regi
2412 5632 2675 5687 scelerato
2702 5642 2758 5688 et
2795 5648 2895 5703 pro
2938 5633 3237 5689 sceleribus
3264 5646 3377 5687 ex-'

1772 5722 2196 5789 communicato,
2235 5730 2424 5777 contra
2456 5723 2675 5779 decreta
2722 5734 3038 5782 sanctorum
3087 5739 3363 5784 canonum

1773 5827 1828 5871 et
1855 5816 2349 5897 institutapatrum
2381 5818 2824 5891 prmecdentibm,
2856 5829 2907 5876 et
2938 5834 3046 5875 non
3077 5818 3363 5875 absttncn‘

3218 364 3324 419 510
3393 379 3418 400 ⁸
