3878 6310
484 292 586 351 3H
1514 288 1817 350 HUGONIS.
1849 288 2144 346 ABBATIS
2181 289 2752 354 FLAVINIACENSIS
3666 295 3766 353 312

482 405 618 461 dum
666 405 944 472 docendo,
989 413 1043 461 et
1082 406 1175 463 tali
1222 421 1281 462 se
1333 406 1759 478 prmerpitatione
1821 404 2065 477 voragini
2093 408 2143 466 A
2170 407 2377 473 iustitia
2402 413 2659 471 caruerit.
2680 428 2711 468 a
2738 413 2944 471 sanctis
2963 413 3208 485 patribus
3226 413 3393 473 etiam
3413 414 3766 484 latronum:

485 499 663 555 eidem
684 498 1074 574 immergendo,
1106 515 1214 555 non
1246 498 1604 570 intelligentes
1624 498 1773 569 quod
1792 497 1884 569 qui
1908 513 1942 553 a
1968 512 2064 553 ca-
2167 511 2250 557 est
2279 504 2633 572 appellatum.
2670 503 2761 559 Ait
2781 505 3001 576 quippe
3019 507 3212 563 beatus
3244 506 3593 579 Augustinus
3618 506 3681 560 in
3701 505 3766 561 li-

486 589 620 660 pite,
663 590 718 646 id
761 599 845 647 est
878 606 910 646 a
938 590 1065 647 sede
1093 590 1235 646 beati
1265 589 1430 658 Petri,
1454 588 1944 646 excommunicatis
1965 586 2064 642 ad-
2167 592 2272 647 bro
2307 604 2508 664 quarto
2541 594 2618 651 De
2658 595 2878 652 civitate
2914 595 3050 652 Dei:
3094 596 3277 655 Bonus
3300 598 3350 651 si
3390 596 3617 663 serviat,
3640 595 3771 650 liber

486 681 746 739 haerendo
779 682 1157 750 dissenserint,
1192 682 1350 752 juxta
1397 682 1709 739 sanctiones
1734 691 1953 752 patrum
1977 693 2066 734 or-
2164 694 2276 750 est;
2300 684 2471 739 malus
2500 686 2663 740 etiam
2690 689 2741 741 si
2765 695 2963 759 regnet,
2984 704 3159 743 servus
3179 697 3278 743 est.
3309 686 3377 743 Et
3403 687 3604 743 beatus
3640 686 3770 742 Am-

488 773 854 830 thodoxorum
900 773 1019 845 pari
1059 790 1186 830 cum
1224 775 1305 830 eis
1349 774 1736 846 dampnatione
1780 779 2069 830 teneantur

488 864 753 932 adstricti,
767 864 922 936 juxta
946 863 1074 921 illud
1104 862 1293 921 Niceni
1315 866 1535 922 concilii
1570 884 1587 921 :
1615 864 1837 933 Quodsi
1858 864 1975 936 quis
2003 861 2069 919 de

486 956 762 1026 episcopis,
795 955 1120 1027 presbiteris,
1142 957 1453 1013 diaconibus
1477 974 1568 1012 seu
1593 956 1812 1029 quilibet
1836 972 1902 1011 ea;
1928 954 2068 1011 clero

487 1047 833 1118 deprehensus
896 1049 1058 1120 fuerit
1115 1050 1586 1105 excommunicatis
1640 1048 2028 1105 communicare
2050 1056 2089 1116 ,'

486 1139 645 1194 etiam
680 1140 780 1194 iste
819 1142 1183 1196 communione
1206 1142 1461 1212 privetur,
1495 1149 1764 1212 tamquam
1794 1139 1895 1211 qui
1919 1155 2072 1211 regu-

484 1229 595 1284 lam
641 1232 921 1302 confundit
961 1232 1248 1299 a'cclesite;
1295 1231 1521 1288 Fabiani
1563 1247 1782 1305 quoque
1822 1247 1945 1302 cap.
1996 1230 2023 1285 1
2053 1248 2077 1288 :.

488 1319 643 1387 Quod
668 1323 717 1377 si
754 1325 872 1396 quis
916 1342 1035 1378 cum
1079 1325 1533 1379 excommunicato
1560 1322 1836 1379 avertendo
1862 1321 2072 1394 regulas

483 1417 713 1471 scienter
743 1415 926 1471 saltim
959 1418 1016 1471 in
1046 1416 1199 1471 domo
1232 1417 1480 1489 loquutus
1516 1417 1676 1488 fuerit
1706 1414 1785 1470 vel
1824 1414 2076 1481 oraverit,

485 1508 578 1563 ille
606 1510 969 1564 communione
1006 1510 1273 1579 privetur;
1304 1524 1415 1577 non
1448 1516 1754 1562 reverentes
1792 1505 1926 1561 illud
1962 1502 2074 1560 Au-

487 1600 695 1674 gustini
753 1601 883 1672 quia
946 1601 1179 1673 quisquis
1222 1618 1254 1654 a
1295 1601 1558 1656 catholica
1606 1600 1766 1671 fuerit
1798 1606 2075 1669 separatus

488 1687 755 1756 wcclesia,
805 1698 1063 1760 quantum
1105 1688 1451 1744 laudabiliter
1490 1706 1543 1744 se
1584 1690 1749 1744 vivere
1784 1687 2071 1751 existimet,

2168 773 2385 831 brosius
2410 793 2424 829 :
2457 775 2677 845 Misera,
2715 776 2811 845 ait,
2842 780 3068 833 seruitus
3094 787 3179 834 est
3210 778 3407 834 servire
3434 778 3702 850 peccatis,
3722 786 3771 832 et

2166 865 2352 920 servile
2377 874 2456 920 est
2483 882 2635 922 omne
2674 877 2969 938 peccatum,
3002 866 3173 923 libera
3217 877 3299 923 est
3342 867 3679 923 innocentia.
3708 865 3772 932 Ει

2168 958 2360 1013 beatus
2369 956 2708 1030 Augustinus
2722 959 2780 1016 in
2791 958 2985 1015 eodem
2997 958 3141 1016 libro
3157 966 3287 1030 post
3299 973 3478 1030 pauca
3494 977 3509 1013 :
3523 957 3769 1012 Remota.

2168 1048 2264 1114 ait,
2290 1047 2534 1118 justitia,
2564 1048 2694 1119 quid
2715 1057 2847 1103 sunt
2876 1065 3058 1120 regna,
3090 1049 3201 1104 nisi
3219 1065 3412 1120 magna
3438 1047 3773 1103 latrocinia!

2165 1137 2292 1210 quia
2301 1138 2642 1213 etlatrocima
2650 1140 2917 1212 quidsunt
2925 1139 3034 1196 nisi
3043 1157 3207 1212 manu
3225 1156 3383 1212 regna
3398 1141 3424 1197 .’
3438 1138 3587 1211 (Fel.
3609 1140 3771 1209 112⁸.)

2169 1229 2363 1289 Manus
2387 1240 2442 1288 et
2474 1231 2593 1303 ipsa
2615 1232 2902 1289 hominum
2943 1240 3050 1300 est,
3083 1232 3326 1303 imperio
3359 1231 3644 1302 principis
3688 1247 3770 1286 re-

2170 1322 2336 1394 gitur,
2366 1331 2526 1393 pacto
2555 1322 2832 1379 societatis
2856 1323 3209 1394 astringitur,
3236 1322 3423 1393 placiti
3444 1323 3573 1393 lege
3593 1322 3773 1392 prati

2171 1413 2449 1469 dividitur.
2493 1411 2610 1469 Hoc
2644 1413 2851 1469 malum
2878 1414 2926 1470 si
2972 1413 3038 1471 in.
3065 1422 3278 1469 tantum
3305 1413 3660 1484 perditorum
3684 1414 3775 1467 ho.

2174 1507 2385 1562 minam
2407 1506 2722 1571 accessibus
2746 1515 2979 1573 crescat,
3003 1514 3065 1562 ut
3093 1513 3149 1561 et
3194 1505 3316 1562 loca
3347 1513 3559 1572 teneat,
3587 1505 3771 1562 sedem

2174 1598 2488 1665 constituat,
2516 1597 2764 1655 civitates
2795 1606 3042 1669 occupet,
3067 1596 3302 1668 populos
3342 1596 3634 1668 subjuget,
3670 1596 3772 1652 evi-

2179 1691 2399 1748 dentius
2423 1691 2575 1765 regni
2605 1706 2804 1747 nomen
2830 1688 3082 1746 assumit.
3113 1687 3273 1756 Quod
3293 1689 3456 1745 etiam
3495 1690 3558 1743 in
3602 1689 3773 1744 mani-

488 1780 586 1834 lioc
620 1753 950 1836 solorscelere
992 1779 1131 1852 quod
1178 1798 1212 1835 a
1269 1780 1468 1836 Christi
1510 1782 1729 1836 veritate
1781 1778 2080 1848 disjunctus
2109 1753 2155 1812 Β
2186 1783 2325 1840 festo
2345 1753 2576 1851 main,
2607 1798 2718 1839 non
2748 1783 2969 1853 dempta
3014 1753 3435 1852 cupiditaSLsed
3464 1781 3669 1837 addita
3699 1781 3774 1834 in-

489 1880 591 1940 est,
630 1888 735 1926 non
788 1871 945 1928 habet
991 1874 1049 1927 in
1091 1889 1146 1929 se
1166 1874 1351 1942 vitam,
1377 1882 1459 1929 set
1476 1874 1563 1928 ira
1598 1872 1696 1928 Dei
1725 1879 1901 1926 manet
1929 1885 2086 1940 super

487 1980 627 2019 eum.
1405 2036 1407 2038 η

566 2054 681 2114 Hec
714 2057 880 2130 igitur
911 2067 997 2115 est
1026 2057 1264 2115 Heinrici
1295 2057 1575 2129 quondam
1604 2057 1749 2129 regis
1791 2055 2081 2127 depositio,

492 2148 611 2205 haec
642 2158 726 2205 est
756 2149 928 2220 ipsius
955 2151 1171 2222 tyranni
1197 2149 1584 2220 fautorumque
1614 2149 1734 2220 ejus
1762 2163 2083 2205 excommu-

494 2240 718 2297 uicatio.
761 2240 830 2297 Et
876 2242 1006 2312 quia
1061 2241 1362 2298 secundum
1416 2241 1561 2297 dicta
1610 2241 1927 2311 prophetica
1972 2254 2084 2295 non

495 2340 616 2388 erat
644 2331 795 2404 virga
817 2330 915 2388 Dei
937 2332 1006 2388 ad
1037 2332 1434 2389 correctionem
1480 2347 1645 2403 super
1671 2331 1791 2388 illos
1813 2329 1933 2403 (Job
1964 2347 2084 2400 xxI,

491 2424 571 2495 9),
602 2424 942 2498 dirigebatur
967 2425 1024 2481 in
1080 2441 1247 2481 manu
1284 2440 1477 2481 eorum
1519 2424 1699 2492 dolus,
1743 2424 1886 2479 sicut
1914 2432 1969 2480 et
2015 2422 2083 2479 de

494 2515 676 2586 capite
717 2516 965 2572 omnium
994 2516 1261 2587 scriptura
1288 2523 1519 2572 testatur
1542 2514 1670 2586 quia
1694 2514 1855 2585 faciet
1884 2522 1932 2569 et
1953 2530 2081 2586 pro-

490 2606 797 2678 sperabitur
824 2607 987 2681 (Dan.
1015 2624 1134 2676 vui,
1165 2604 1275 2679 l2).
1299 2605 1405 2675 Qui
1438 2615 1642 2678 quanto
1663 2606 1899 2678 amplius
1921 2605 2083 2663 malis

488 2701 871 2771 adhaerebant,
915 2711 1068 2759 tanto
1126 2702 1316 2760 minus.
1349 2700 1723 2775 intelligebant
1762 2700 1907 2755 bona
1958 2714 2082 2771 quae

2185 1877 2425 1948 punitas.
2447 1875 2946 1947 Coercendaigitur
2989 1873 3116 1945 quis
3156 1880 3317 1944 neget
3347 1872 3689 1929 latrocinia?
3720 1870 3771 1926 Si

2185 1977 2390 2024 remota
2415 1968 2631 2040 justitia
2657 1967 2824 2024 nichil
2848 1966 2996 2023 aliud
3037 1973 3171 2022 sunt
3204 1981 3379 2035 regna-
3410 1965 3525 2022 nisi
3576 1981 3777 2036 magn

2183 2059 2491 2127 latrocinia,
2515 2068 2571 2115 et
2591 2074 2789 2115 manus
2811 2059 2930 2130 ipsa
2961 2057 3408 2113 latrocinandum
3439 2056 3676 2112 videtur
3696 2071 3772 2112 re-

2183 2152 2237 2223 gi
2265 2150 2426 2222 quasi
2455 2151 2693 2222 imperio
2715 2149 2983 2221 principis
3014 2148 3357 2220 praesidentis
3397 2147 3468 2203 ad
3516 2147 3770 2212 scelera;

2182 2257 2316 2315 ergo
2341 2242 2677 2299 coercendus
2706 2249 2791 2297 est
2825 2239 3270 2297 latrocinandum
3292 2240 3583 2312 princeps,
3629 2253 3775 2293 coer-

2182 2334 2358 2391 cenda
2393 2333 2518 2406 ipsa
2558 2332 2867 2399 latrocinia,
2916 2339 2978 2386 ut
3009 2330 3306 2387 accedente
3335 2328 3557 2402 iustitia
3595 2329 3773 2399 dispo-

2182 2434 2385 2482 nantur
2405 2440 2696 2498 regnorum
2732 2424 2861 2496 jura
2901 2432 2957 2481 et
2977 2431 3197 2482 cessent
3233 2421 3550 2479 latrocinia.
3587 2420 3703 2477 Sed
3725 2431 3772 2476 et

2181 2518 2449 2591 numquid
2473 2534 2629 2593 reges
2653 2517 2865 2589 excepti
2884 2525 3041 2585 sunt,
3055 2516 3276 2588 quando
3298 2515 3414 2587 ipse
3434 2513 3558 2571 Rex
3586 2528 3773 2587 regum

2181 2611 2249 2668 de
2276 2612 2572 2684 disciplina.
2583 2610 2978 2668 ecclesiastica.
2991 2625 3160 2682 agens
3188 2608 3267 2666 ait
3285 2607 3523 2681 principi
3552 2619 3771 2679 aposto-

2179 2704 2358 2760 lorum
2385 2722 2400 2759 :
2434 2703 2810 2775 Quodcumque
2836 2702 3082 2774 ligaveris
3101 2718 3262 2773 super
3283 2709 3480 2756 terram
3500 2701 3613 2755 erit
3641 2699 3770 2769 liga-

444 2878 451 2885 ‘
487 2795 804 2868 perdebant.
840 2794 959 2851 Lux
978 2796 1125 2851 enim
1150 2794 1394 2851 veritatis
1420 2809 1530 2864 quo
1554 2793 1736 2848 habita
1764 2791 2077 2864 negligitur,
2182 2806 2296 2851 tum
2315 2805 2367 2852 et
2394 2797 2450 2851 in
2474 2795 2620 2852 cretis
2652 2793 3008 2867 (Matth..xv1,
3042 2793 3153 2865 l9),
3179 2800 3235 2849 et
3261 2792 3494 2863 reliqua.
3530 2789 3771 2847 Veran-

452 2890 455 2891 ⁷
487 2904 554 2944 eo
588 2888 854 2959 permittit
874 2887 1020 2945 Deus
1041 2896 1103 2944 ut
1126 2903 1228 2943 nec
1251 2886 1455 2943 amissa
1483 2885 1815 2955 requiratur,
1845 2891 1899 2939 et
1927 2881 2079 2955 pravi
2182 2896 2271 2944 t-ur
2297 2903 2430 2960 ergo
2447 2897 2502 2945 et
2522 2903 2678 2961 reges
2709 2887 2780 2943 ab
2806 2886 2896 2944 his
2916 2886 3078 2958 ligari
3111 2885 3169 2941 in
3195 2884 3356 2940 terris
3381 2898 3638 2955 quorum
3659 2898 3771 2940 sen-

488 2980 692 3051 quique
719 2988 871 3035 tanto
901 2995 961 3036 se
986 2978 1135 3035 inani
1155 2979 1341 3035 laetitia
1362 2977 1647 3043 extollunt,
1673 2983 1878 3047 quanto
1905 2974 2080 3047 magis
2180 2980 2406 3036 tentiam
2431 2979 2579 3038 Deus
2599 2980 2893 3037 conﬁrmat
2914 2980 2973 3035 in
2996 2978 3172 3037 cadis.
3199 2975 3558 3035 Meminerint
3580 2991 3771 3033 seesss

488 3072 557 3127 ad
600 3071 789 3143 pejora
845 3071 1254 3137 convalescunt,
1313 3066 1776 3140 quemadmodum
1816 3067 2077 3137 scriptum

488 3174 576 3221 est
612 3184 625 3219 :
655 3164 918 3220 Peccator
964 3180 1081 3218 cum
1119 3163 1315 3217 venerit
1361 3162 1418 3215 in
1445 3159 1764 3232 profundum
1794 3157 2077 3225 malorum,

491 3266 819 3330 rontempnet
846 3256 1027 3329 (Prov.
1079 3272 1237 3323 xvm,
1283 3254 1361 3325 5).
1391 3252 1668 3308 Pcrversze
1708 3251 1853 3308 enim
1883 3249 2083 3307 mentis

491 3359 576 3406 est
596 3349 830 3422 gaudere
855 3347 911 3403 in
933 3346 1312 3418 iniquitatibus
1333 3359 1471 3415 quas
1492 3342 1622 3398 ﬂere
1640 3341 1919 3397 debuerat.
1943 3338 2079 3395 Nam

488 3443 649 3499 bonae
676 3440 879 3497 mentis
912 3447 998 3496 est
1025 3438 1227 3494 vulnus
1260 3435 1462 3494 sentire
1493 3431 1720 3505 peccati.
1753 3429 1857 3499 Qui
1896 3439 2082 3487 autem

493 3531 736 3604 gaudent
762 3530 829 3586 ad
851 3529 1079 3597 scelera,
1111 3527 1339 3582 trahunt
1356 3539 1497 3611 quos
1518 3522 1700 3578 valent
1738 3522 1805 3577 ad
1827 3520 2077 3593 perditio-

493 3637 620 3679 nem
644 3638 821 3690 suam,
853 3629 910 3677 et
949 3620 1053 3677 sub
1082 3617 1322 3691 peccatis
1365 3631 1505 3683 esse,
1527 3614 1614 3671 vel
1665 3614 1841 3685 culpis
1893 3613 2085 3684 culpas

495 3715 714 3782 addere,
748 3713 977 3770 credunt
996 3727 1053 3768 se
1073 3712 1336 3765 virtutum
1375 3706 1651 3780 opulentia
1678 3704 1979 3772 cumulare,
2011 3703 2079 3760 de

495 3807 700 3879 quibus
732 3806 871 3862 bene
890 3820 988 3877 per
1019 3803 1338 3876 prophetam
1375 3800 1594 3867 dicitur,
1625 3798 1774 3871 quod
1810 3813 1933 3853 esse
1979 3795 2084 3852 sub

494 3898 744 3955 sentibus
785 3896 1010 3955 delicias
1058 3896 1319 3967 deputant
1347 3892 1482 3964 (Job
1521 3908 1648 3960 xxx,
1685 3890 1765 3962 7),
1789 3889 1929 3962 .quia
1962 3888 2087 3946 inde

492 4007 806 4065 perversam
830 3997 1067 4046 mentem
1093 3988 1158 4043 ad
1182 3985 1378 4059 gaudia
1410 3983 1714 4049 sublevant,
1736 3982 1879 4037 unde
1899 3981 2087 4052 spinas

497 4092 851 4157 peccatorum
880 4088 1117 4153 portant.
1140 4078 1600 4149 Contempnentes
1625 4075 1694 4108 ‘°°
1718 4075 1866 4131 enim
1891 4072 2084 4142 Deum,

500 4175 725 4232 minime
753 4175 844 4232 hic
866 4174 1111 4246 sentiunt
1143 4180 1410 4244 quantum
1436 4169 1508 4226 sit
1561 4168 1689 4224 mali
1716 4168 1865 4239 quod
1894 4174 2082 4239 agunt.

498 4264 718 4321 Manere
742 4265 844 4322 sub
883 4252 1129 4321 sentibus
1161 4260 1386 4319 delicias
1406 4261 1689 4331 deputant,
1721 4257 1850 4330 quia
1871 4266 1925 4314 et
1950 4258 2088 4314 dura

454 4374 458 4378 ‘
492 4374 561 4414 ex
598 4358 885 4429 praesentis
912 4357 1039 4412 vitae
1069 4369 1256 4412 amore
1284 4354 1547 4422 tolerant,
1582 4359 1638 4407 et
1680 4359 1863 4407 tamen
1890 4349 2088 4406 affectu

2107 3095 2151 3156 ρ
2182 3088 2294 3130 non
2315 3090 2485 3146 supra
2505 3074 2816 3132 accelesiam
2838 3075 2935 3131 sed
2981 3074 3125 3130 intra
3158 3071 3489 3137 ecclesiam,
3520 3071 3574 3128 si
3594 3080 3773 3126 tamen

2181 3182 2292 3222 non
2314 3182 2379 3221 ex
2403 3182 2469 3223 eo
2490 3167 2637 3238 quod
2659 3180 2819 3238 reges
2846 3165 3105 3222 dicuntur
3125 3164 3182 3220 in
3207 3163 3481 3235 gurgitem
3504 3162 3769 3218 vicies-nm

2181 3267 2279 3314 aut
2308 3259 2364 3315 in
2393 3258 2740 3331 tyrannidem
2758 3258 3122 3325 eli‘renantur,
3147 3256 3243 3313 sed
3263 3271 3334 3312 ex
3364 3270 3433 3312 eo
3454 3255 3615 3326 quod
3636 3254 3771 3311 chri-

2182 3352 2347 3407 stiani
2374 3351 2716 3424 appellantur
2753 3366 2851 3423 per
2890 3351 3022 3407 vitae
3057 3348 3355 3420 puritatem
3397 3355 3457 3403 et
3496 3347 3773 3418 regnantis

2182 3442 2659 3499 mansuetudinem
2691 3439 2973 3498 Christum
3002 3439 3324 3506 imitantur;
3360 3452 3533 3509 quem
3561 3436 3767 3507 utique,

2184 3534 2328 3590 sicut
2355 3534 2435 3589 ait
2456 3534 2650 3590 beatus
2677 3532 3040 3607 Augustinus,
3078 3548 3183 3586 non
3224 3530 3488 3603 sequitur,
3535 3529 3631 3601 qui
3676 3544 3771 3582 non

2182 3634 2472 3691 secundum
2522 3648 2700 3689 veram
2748 3632 2908 3703 ﬁdem
2961 3639 3014 3687 et
3051 3627 3377 3693 catholicam
3428 3625 3768 3696 disciplinain

2183 3725 2510 3781 christianus
2539 3732 2778 3780 uocatur.
2810 3721 2872 3779 Si
2898 3737 3030 3778 vero
3061 3720 3473 3776 subsannantes
3504 3732 3612 3774 nos
3649 3731 3769 3772 con-

2140 3875 2148 3883 ,
2184 3813 2371 3870 traria:
2413 3810 2586 3884 partis
2631 3808 2933 3867 adversarii
2974 3805 3336 3878 requisierint
3372 3803 3641 3876 quisnam
3665 3801 3769 3872 epi-

2188 3920 2480 3976 scoporum
2506 3919 2663 3976 reges
2690 3902 3052 3974 redarguerit,
3075 3899 3304 3958 audiant
3333 3898 3468 3969 quid
3502 3912 3645 3968 papa
3668 3895 3765 3950 Ge-

2187 3997 2363 4055 lasius
2409 3998 2559 4054 dicat
2606 3997 2666 4053 in
2713 3995 2944 4066 epistola
2992 4008 3162 4065 quam
3215 3991 3441 4061 scripsit
3490 3988 3775 4046 Dardania

2189 4090 2504 4162 episc0pis:
2545 4107 2564 4141 ι
2604 4085 2845 4155 Nathan,
2880 4086 3094 4158 inquit,
3142 4084 3410 4156 propheta
3450 4083 3637 4154 palam
3677 4097 3768 4151 pu-

2188 4181 2440 4252 bliceque
2465 4180 2523 4237 in
2569 4179 2711 4237 facie
2753 4179 2870 4251 regi
2903 4176 3074 4233 David
3091 4184 3147 4232 et
3168 4173 3533 4232 commissum
3566 4172 3767 4228 denun-

2190 4274 2357 4331 ciavit
2380 4287 2646 4341 errorem,
2678 4279 2737 4329 et.
2766 4271 2949 4342 ipsum
2971 4267 3322 4326 commisisse
3356 4280 3472 4323 non
3502 4263 3767 4329 tacuit,et

2191 4363 2538 4422 confessione
2562 4370 2872 4420 correctum
2892 4365 3297 4431 consequenter
3316 4356 3574 4413 absolvit.
3600 4354 3766 4410 Beata

496 4447 679 4504 nimiae
708 4447 1020 4518 cupiditatis
1041 4444 1291 4517 obligati,
1307 4444 1548 4499 laborem
1575 4441 1820 4514 ejusdem
1849 4441 2089 4498 toleran-
2119 4445 2167 4507 ι)
2191 4457 2475 4515 memoria,
2493 4455 2822 4511 Ambrosius
2866 4448 3288 4508 mediolanensis
3322 4447 3571 4504 ecclesia
3591 4459 3764 4502 επακ.

496 4539 585 4594 tite
607 4537 941 4608 voluptatem
961 4543 1176 4607 putant.

565 4650 901 4707 Fautoribus
948 4649 1114 4720 igitur
1142 4645 1359 4721 tyranni
1404 4643 1647 4702 Heinrici
1691 4644 1810 4716 ipsa
1843 4643 1964 4715 ejus
1991 4644 2090 4700 de—

497 4745 699 4818 positio
725 4754 781 4800 et
807 4740 1302 4799 excommunicatio
1332 4754 1488 4794 versa
1511 4748 1597 4794 est
1621 4737 1676 4792 in
1713 4737 2011 4805 canticum,
2036 4746 2091 4793 et

497 4839 734 4895 domnus
763 4852 901 4908 papa
924 4834 1102 4893 factus
1124 4841 1206 4889 est
1228 4833 1337 4887 illis
1360 4831 1414 4887 in
1445 4828 1813 4901 proverbium.
1835 4829 2089 4896 Quicum

499 4930 753 4987 audirent
775 4926 1311 4984 excommunicatum
1345 4938 1549 4994 regem,
1572 4937 1685 4992 prae
1728 4921 2092 4978 admiratione

495 5038 555 5079 se
577 5022 726 5093 ipsos
746 5036 857 5077 non
877 5020 1186 5092 capiebant,
1217 5015 1533 5088 inpossibile
1560 5014 1664 5071 hoc
1710 5029 1833 5071 esse
1872 5015 2091 5080 procla-

493 5116 741 5182 mabant,
763 5130 796 5169 a
825 5114 1008 5170 seculo
1039 5111 1345 5168 inauditum
1388 5106 1843 5180 pronunciabant.
1875 5105 2082 5163 Audia-

494 5223 621 5264 mus
646 5223 776 5280 ergo
798 5213 853 5262 et
870 5220 972 5261 nos
991 5205 1060 5261 ab
1108 5203 1188 5260 eis
1222 5201 1354 5258 illud
1399 5207 1613 5255 tantum
1657 5206 2083 5280 sacramentum,

494 5297 643 5370 quod
667 5270 763 5354 aut
788 5310 969 5367 regem
1014 5293 1216 5365 corrigi
1244 5291 1549 5364 prohibeat,
1583 5297 1677 5345 aut
1704 5270 2085 5345 contumacem

495 5390 759 5447 canonice
798 5387 974 5445 notari
1022 5402 1131 5441 non
1169 5383 1506 5449 consentiat.
1539 5381 1681 5450 Quid
1723 5380 2088 5468 ingerecunde

495 5480 670 5536 servis
705 5476 798 5535 Dei
826 5483 1111 5550 opponunt
1152 5472 1304 5548 regni
1348 5470 1588 5529 fastum?
1614 5469 1771 5539 Quod
1808 5470 1996 5543 utique
2040 5470 2087 5527 si

2191 4551 2293 4608 dos
2327 4551 2594 4622 majorem
2634 4546 3004 4605 Theodosium
3038 4544 3426 4615 imperatorem
3466 4556 3502 4599 a
3531 4553 3765 4597 commu-

2192 4642 2357 4700 nione
2379 4641 2596 4714 publice
2617 4639 2910 4711 palamque
2934 4635 3238 4707 suspendit,
3261 4641 3428 4704 atque
3447 4632 3519 4688 ad
3534 4629 3763 4703 peniten-

2194 4735 2326 4790 tiam
2372 4732 2580 4804 redegit
2622 4730 2829 4802 regiam
2870 4718 3218 4800 potestatem.
3276 4723 3459 4779 Beata:
3499 4719 3763 4777 memoria

2191 4839 2333 4896 papa
2367 4822 2478 4878 Leo
2499 4822 2884 4892 imperatorem
2916 4816 3285 4873 Theodosium
3301 4814 3583 4885 juniorem
3601 4809 3762 4879 Ephe-

2193 4915 2331 4972 sium
2351 4913 2545 4986 synodi
2565 4909 2855 4967 latrocinio
2894 4909 3067 4964 libere
3112 4905 3362 4978 coarguit
3400 4903 3757 4959 excedentem.

2196 5005 2411 5063 Sancta:
2443 5003 2725 5060 memoriae
2746 5017 2886 5073 papa
2923 4999 3181 5072 Hylarius
3215 4996 3571 5053 Anthemium
3600 4993 3736 5061 impe

2194 5108 2456 5166 ratorem,
2483 5113 2610 5156 cum
2656 5096 2940 5153 Filotheus
2975 5092 3408 5151 Macedonianus
3449 5090 3571 5161 ejus
3604 5085 3757 5141 lami-

2189 5192 2432 5249 liaritate
2456 5190 2714 5247 suﬂ‘ultus
2744 5189 3088 5246 diversarum
3110 5183 3477 5242 conciliabula
3499 5188 3756 5237 sectarum

2192 5287 2250 5341 in
2300 5284 2495 5340 urbem
2541 5283 2703 5337 vellet
2748 5281 3006 5337 inducere
3027 5320 3041 5344 ,
3091 5277 3236 5348 apud
3276 5276 3497 5332 beatum
3546 5266 3757 5326 Petrum

2195 5376 2501 5449 apostolum
2524 5372 2703 5445 palam
2726 5388 2795 5429 ne
2818 5371 2872 5427 id
2897 5372 3050 5427 ﬁeret
3082 5369 3241 5425 clara.
3263 5383 3405 5423 voce
3424 5360 3755 5423 constrinxit.

2195 5469 2253 5524 in
2278 5476 2492 5524 tantum
2537 5473 2599 5519 ut
2636 5479 2748 5521 non
2785 5478 2850 5519 ea
2897 5461 3143 5520 facienda
3189 5474 3317 5516 cum
3360 5453 3753 5526 interpositione

1804 5601 2034 5659 VARUS
2074 5598 2468 5659 LECTIONES.

568 5753 636 5789 W’
677 5751 1078 5825 Contcpnentes
1109 5768 1161 5811 τ.
