3878 6310
107 306 184 365 513

1277 283 1691 349 CiiRONlCON.
1720 284 1943 343 -——'LiB.
1976 289 2043 345 li.

3197 284 3300 359 δή

109 414 371 483 sacramenti
420 412 554 469 idem
607 408 951 482 promitteret
1012 407 1328 479 imperator.
1389 404 1607 460 Sancta:
1634 400 1684 461 Α
1709 398 2000 471 Pippinum
2024 403 2080 458 in
2111 404 2321 461 honore
2342 406 2494 478 regni
2521 408 2806 465 sublimari
2836 412 3138 469 constituit.
3175 416 3299 472 Ste-

110 509 325 572 memorize
359 516 564 576 quoque
603 497 940 569 Simplicius,
986 505 1041 554 et
1078 505 1202 569 post
1231 512 1356 552 eum
1407 504 1612 550 sanctae

111 600 326 662 memoriae
357 610 484 667 papa
507 591 656 647 Felix
696 607 808 645 non
847 590 1025 667 solum
1058 587 1383 645 Basiliscum
1423 594 1610 657 tyran—

111 709 230 757 num,
248 688 330 744 sed
354 665 505 740 etiam
543 665 931 752 imperatorem
971 678 1246 735 Zenonem
1275 692 1375 749 pro
1390 675 1612 732 l‘isdem

111 784 211 854 ipsis
230 775 515 847 excessibus
539 771 864 828 auctoritate
893 770 1064 826 libera
1091 768 1276 841 sepius
1300 768 1615 838 increpasse

112 880 369 937 noscuntur,
396 867 638 937 ﬂectique
667 860 958 938 potuisSet,
1002 863 1108 919 nisi
1147 860 1614 932 Constantinopo-

110 966 225 1021 litani
265 959 492 1035 przsulis
535 956 924 1014 accenderetur
965 954 1271 1023 instinctis,
1309 954 1405 1026 qui
1440 952 1614 1024 parti-

110 1073 203 1128 ceps
234 1062 443 1110 externa:
473 1049 877 1107 communionis
920 1047 1167 1115 ell'ectus,
1204 1045 1517 1102 necessario
1559 1044 1616 1099 in

110 1147 217 1220 quod
241 1144 480 1201 inciderat
501 1142 617 1214 jam
647 1141 886 1209 fovebat,
909 1141 1123 1196 malens
1155 1139 1212 1194 vi
1233 1154 1347 1195 sua:
1366 1135 1619 1209 praevari-

111 1237 290 1295 cationis
321 1235 596 1302 obsistere,
635 1248 800 1305 quam
826 1233 1101 1290 curandus
1139 1232 1208 1287 ad
1252 1228 1493 1287 salubria
1533 1244 1620 1284 re-

108 1347 263 1399 meare,
273 1330 400 1386 sicut
420 1329 532 1400 ipse
554 1341 742 1383 rerum
767 1326 1017 1397 probavit
1037 1332 1284 1381 eventus.
1311 1322 1450 1396 (Pol.
1470 1319 1617 1394 H3.)

111 1426 277 1481 Sanctae
294 1438 497 1495 quoque
529 1420 811 1487 memoriae
841 1418 1194 1477 Innocentius
1231 1434 1374 1491 papa
1411 1417 1621 1473 Archa—

108 1517 222 1571 dimn
252 1515 643 1584 imperatorem,
667 1511 799 1583 quia
835 1512 1118 1567 consensit
1150 1519 1214 1566 ut
1257 1515 1483 1565 sanctus
1523 1506 1620 1563 Jo-

112 1609 273 1662 hannes
297 1606 662 1662 Crisostomus
690 1604 759 1661 de
782 1603 1033 1661 aeeclesia
1059 1603 1370 1675 pelleretur,
1400 1614 1621 1656 excom-

107 1699 364 1756 municavit.
391 1698 524 1770 (Fel.
555 1698 723 1769 ιη’.)
745 1697 886 1755 Ecce
908 1713 1085 1769 nuper
1110 1695 1349 1754 Onorico
1379 1695 1621 1751 Wanda—

108 1791 243 1848 lorum
258 1790 357 1863 regi
378 1756 457 1845 vir
478 1804 677 1860 magnu
685 1756 717 1844 θ’
732 1798 789 1845 et
803 1756 1055 1862 egregius
1074 1787 1330 1844 sacerdos
1347 1784 1624 1857 Eugenius
1653 1756 1700 1817 Β

107 1882 490 1954 Carthaginensis
558 1879 852 1951 episcopus
914 1880 1184 1950 multique
1249 1893 1377 1934 cum
1432 1874 1625 1932 eodem

108 1974 309 2031 catholici
353 1974 659 2032 sacerdotes
706 1980 1023 2030 constanter
1064 1972 1314 2028 restitere
1359 1967 1624 2034 sevienti,

108 2078 354 2140 cunctaque
375 2077 616 2125 extrema
660 2069 975 2134 tolerantes,
1006 2064 1278 2136 hodieque
1319 2076 1625 2134 persequu-

107 2162 269 2217 toribus
287 2161 527 2218 resistere
549 2177 661 2216 non
696 2159 974 2217 omittunt.
1006 2156 1146 2231 (Fol.
1180 2154 1329 2225 11⁸5.)
1352 2151 1464 2208 Nos
1487 2166 1629 2224 quo-

106 2270 184 2325 que
206 2251 423 2311 Odoacro
452 2253 690 2309 barbaro
731 2251 971 2309 heretico
1013 2264 1242 2322 regnum
1280 2244 1450 2302 Italiae
1495 2254 1629 2319 tunc

107 2348 281 2415 tenenti,
305 2365 421 2404 cum
467 2349 653 2418 aliqua
701 2363 815 2403 non
869 2344 1116 2402 facienda
1145 2340 1486 2414 praeciperet,
1514 2338 1629 2395 Deo

107 2447 339 2507 praestante
390 2441 702 2496 nullatenus
753 2438 1006 2510 paruisse
1056 2433 1410 2492 manifestum
1452 2437 1555 2488 est.
1602 2448 1624 2483 s

108 2527 189 2585 llec
225 2531 469 2589 Gelasius.
530 2531 827 2603 Reliquum
882 2538 996 2595 est,
1045 2535 1187 2584 utet
1223 2542 1326 2582 nos
1380 2522 1628 2594 exempla

108 2624 405 2690 querentibus
429 2624 745 2682 testimonia
783 2622 862 2678 rei
906 2631 961 2677 et
994 2618 1224 2690 tempori
1273 2631 1517 2687 congrua
1560 2629 1631 2670 ex

109 2712 291 2771 decretis
316 2718 595 2774 canonicis
631 2726 686 2774 et
727 2713 1015 2787 scripturis
1051 2709 1343 2769 autenticis
1386 2705 1633 2779 profera-

108 2818 216 2873 mus,
237 2816 284 2862 ct
313 2808 364 2863 in
397 2809 560 2865 domo
589 2809 718 2877 Dei,
750 2808 798 2865 si
843 2823 1040 2863 aurum
1094 2812 1380 2876 argentum
1422 2798 1632 2870 lapides

108 2898 338 2965 pretiosos
358 2918 462 2958 non
491 2918 814 2973 possumus,
851 2901 1044 2958 saltem
1075 2898 1208 2971 quia
1234 2897 1317 2953 sic
1342 2894 1633 2951 nobiscum

109 2985 212 3041 bene
235 2990 415 3061 agitur,
445 2991 530 3047 vel
555 2991 696 3062 pilos
717 3006 1005 3061 caprarum
1029 2990 1345 3046 oﬁ'eramus.
1390 2984 1464 3042 Ut
1502 2999 1634 3054 ergo

108 3076 332 3147 aliquanto
383 3083 668 3153 superiora
723 3091 1035 3152 repetamus
1058 3124 1075 3149 ,
1131 3081 1305 3137 beata:
1352 3067 1634 3134 memoriae

108 3165 330 3228 Fabianus
377 3190 514 3245 papa
566 3174 881 3246 Philippum
927 3176 1347 3246 imperatorem,
1394 3172 1635 3245 primum

108 3260 303 3316 omnium
346 3264 741 3336 imperatorum
772 3266 1156 3334 christianum,
1199 3280 1329 3321 eum
1372 3264 1639 3322 voluisset

108 3350 149 3404 in
170 3354 488 3423 paschalibus
532 3352 689 3415 festis
729 3359 1140 3416 communicare
1190 3357 1421 3416 vivificis
1449 3359 1640 3414 mistc-

106 3444 199 3512 riis,
222 3449 347 3505 inter
373 3451 682 3521 penitentes
716 3462 865 3509 stare
906 3453 1182 3527 praecepit,
1210 3452 1391 3524 quoad
1425 3454 1639 3523 01111³³εά

107 3554 200 3607 ςυω
215 3542 271 3598 de
283 3560 343 3600 eo
363 3546 617 3617 plurimae
636 3544 972 3614 ferebantur,
988 3562 1086 3617 per
1106 3547 1421 3616 penitentia:
1439 3547 1643 3602 lamen—

108 3635 148 3685 ta
167 3632 560 3709 dilueret;quod
583 3644 637 3692 et
659 3635 1111 3708 religiosissimus
1132 3636 1391 3708 princeps
1402 3634 1647 3708 gratanti.

110 3722 255 3779 animo
287 3729 543 3800 suscepit.
583 3726 757 3799 Cujus
785 3724 1094 3796 humilitas,
1132 3736 1194 3783 ut
1209 3727 1323 3800 jam
1348 3727 1477 3783 alibi
1499 3726 1642 3785 dixr-

109 3829 228 3881 mus,
249 3826 390 3875 tanto
431 3822 752 3878 mordacius
781 3829 1056 3877 tumorem
1092 3836 1288 3891 regum
1323 3829 1640 3877 nostrorum

110 3904 299 3977 impetit,
323 3923 537 3983 quanto
573 3914 887 3986 religiosius
933 3914 1024 3969 ille
1060 3912 1408 3984 disciplinam
1452 3912 1644 3970 reccle-

108 3996 405 4062 siasticamin
429 4015 542 4061 tam
566 4021 693 4061 rara
705 4007 1021 4077 recentique
1041 4004 1646 4062 ehristianitatesusce-

110 4090 191 4157 νίι,
215 4109 365 4162 quam
386 4098 463 4153 bii
490 4099 549 4153 in
584 4098 702 4168 jam
736 4107 952 4155 matura
984 4106 1040 4155 et
1066 4098 1294 4155 dilatata
1314 4112 1417 4152 nec
1454 4095 1647 4152 audire

107 4191 432 4248 consentiunt.
447 4173 655 4248 Beatus
684 4191 1009 4248 Ambrosius
1025 4191 1327 4246 maximum
1351 4189 1646 4259 imperato-

110 4292 198 4336 rem
221 4297 249 4337 a
266 4284 651 4340 communione
674 4283 997 4356 segregavit,
1038 4283 1346 4339 admonens
1390 4288 1452 4337 ut
1487 4278 1647 4337 effusi

107 4369 347 4443 sanguinis
370 4375 584 4432 domini
612 4374 700 4430 sui
718 4374 1075 4446 penitentiam
1095 4380 1297 4446 ageret.
1341 4370 1647 4444 Eugenium

1713 495 1930 566 phanus
1977 512 2198 569 quoque
2227 497 2508 555 Romanus
2536 501 2801 571 pontifex,
2835 519 3123 562 successor
3158 509 3299 579 ejus,

1712 587 1965 643 eumdem
1994 587 2285 660 Pippinum
2334 591 2393 647 in
2440 604 2610 664 regno
2658 595 2962 663 constituit,
3007 605 3065 653 et
3109 600 3304 657 omnes

1713 677 2085 748 Francigenas
2118 698 2151 737 a
2184 682 2501 753 juramento
2541 683 2821 744 ﬁdelitatis
2848 690 3098 746 absolvit.
3139 690 3301 762 (Ann.

1715 768 1879 826 Fuld.
1914 788 1967 827 a.
1999 772 2150 845 854.)
2204 773 2514 833 Ludovicus
2555 778 2719 833 etiam
2762 778 2895 835 Pius
2918 780 3217 851 imperator
3248 783 3307 839 in
3398 832 3405 837 .

1715 859 2000 919 Elisatiam
2028 862 2331 935 profectus,
2357 868 2778 926 occurrentibus
2810 870 2861 925 ei
2896 870 2973 926 ibi
3024 872 3152 927 ﬁliis
3191 874 3308 929 suis

1716 969 1843 1009 cum
1879 952 2143 1027 Gregorio
2172 954 2241 1011 IV
2272 956 2518 1014 Romano
2548 959 2823 1029 pontiﬁce,
2853 961 3066 1032 judicio
3095 964 3308 1034 episco-

1715 1063 1914 1119 porum
1935 1065 2091 1105 arma
2111 1049 2385 1122 deposuit,
2429 1060 2486 1108 et
2528 1053 2596 1109 ad
2642 1054 2998 1124 penitentiam
3037 1057 3308 1128 agendam

1715 1141 2001 1213 aliquanto
2029 1150 2276 1214 tempore
2307 1143 2553 1214 privatus
2579 1154 2674 1200 aut
2694 1146 2837 1203 sicut
2859 1148 2916 1203 in
2938 1148 3105 1220 gestis
3131 1147 3310 1203 Fran-

1716 1249 1910 1290 corum
1929 1235 2127 1308 legitur
2145 1236 2394 1293 inclusus
2414 1237 2697 1293 victitavit.
2729 1238 2781 1309 (1
2786 1239 2919 1306 bid.,
2943 1256 2995 1295 a.
3017 1239 3142 1307 865,
3163 1240 3312 1310 sqq.)

1719 1325 1889 1398 Legat
1915 1328 2082 1384 etiam
2124 1329 2179 1385 in
2212 1329 2406 1385 eodem
2429 1330 2708 1386 volumine
2744 1332 2841 1401 qui
2888 1332 3029 1388 scire
3055 1333 3312 1399 voluerit,

1719 1420 1854 1491 quid
1885 1438 1919 1477 a
1946 1422 2108 1478 beato
2133 1421 2398 1479 Nicholao
2427 1439 2569 1494 papa
2593 1424 2855 1480 adversus
2874 1424 3196 1480 Lotharium
3221 1432 3313 1480 re-‘-

1721 1526 1843 1583 gem
1890 1520 1946 1567 et
1977 1513 2265 1583 “conplices
2309 1512 2660 1585 fautoresque
2704 1514 2825 1585 ejus
2870 1522 3051 1570 actum
3101 1515 3175 1571 sit
3217 1522 3317 1586 pro

1725 1602 2011 1676 Tietberga
2058 1606 2246 1678 regina
2290 1607 2594 1677 repudiata,
2631 1615 2688 1662 et
2735 1606 3030 1663 Waldrada
3074 1609 3318 1664 adultera

1725 1698 2163 1755 subintroducta.
2206 1692 2432 1755 Sanctae
2463 1684 2983 1772 memoriae'Tluoque
3011 1698 3321 1757 Germanus

1725 1789 2067 1847 Parisiorum
2088 1791 2380 1861 episcopus
2406 1789 2719 1846 Aribertum
2757 1806 2963 1863 regem,
2989 1793 3119 1862 quia
3150 1807 3323 1849 uxore

1725 1883 1972 1956 legitima
1995 1876 2254 1940 derelicta
2289 1884 2427 1940 duas
2465 1883 2571 1940 sibi
2599 1883 2654 1938 iu
2685 1884 3099 1939 matrimonium
3124 1885 3324 1955 junxe-

1725 1983 1834 2044 rat,
1856 1977 2383 2044 excommunicavit;
2423 1975 2520 2047 qui
2562 1975 2695 2047 quia
2731 1983 3013 2032 correctus
3057 1991 3167 2031 non
3216 1985 3322 2043 est,

1722 2068 1931 2141 judicio
1959 2068 2056 2124 Dei
2082 2084 2379 2139 percussus
2417 2077 2669 2125 mortuus
2695 2076 2800 2126 est.
2857 2067 3145 2125 Niceforus
3185 2084 3326 2139 quo-

1729 2176 1837 2232 que
1863 2161 2175 2233 patriarcha
2205 2161 2863 2231 Constantinopolitanus,
2888 2161 2972 2216 vir
2995 2161 3324 2226 catholicus,

1729 2253 2073 2311 considerata
2099 2253 2414 2310 difﬁcultate
2438 2262 2495 2309 et
2512 2253 2829 2310 incursione
2851 2253 3211 2332 barbarorum
3243 2254 3327 2307 in-
3433 2256 3451 2263 ‘

1729 2346 2021 2413 tolerabili,
2054 2347 2374 2405 Michaelem
2416 2347 2820 2418 imperatorem,
2865 2346 2995 2416 quia
3037 2345 3328 2415 aliquoties

1730 2455 2063 2512 congressus
2104 2456 2232 2496 cum
2270 2439 2524 2496 barbaris
2568 2438 2687 2495 sine
2745 2437 3025 2509 triumpho
3049 2506 3055 2512 .
3079 2452 3330 2494 reversus

1732 2530 1901 2588 fuerit
1924 2540 1980 2588 et
2004 2531 2294 2604 inglorius,
2334 2531 2609 2603 deposuit,
2644 2539 2701 2586 et
2750 2546 2861 2585 una
2896 2546 3022 2586 cum
3064 2530 3330 2600 PrOCOpia

1732 2633 1967 2697 augusta
1990 2624 2245 2695 natisque
2271 2623 2389 2680 suis
2428 2623 2736 2678 monastico
2779 2622 2957 2677 induit
2986 2621 3326 2676 indumento.

1735 2716 1873 2788 (Fol.
1902 2717 2068 2788 11’5’.)
2103 2715 2170 2770 Et
2197 2722 2258 2771 ut
2286 2714 2707 2771 innumerabilia
2744 2714 3223 2785 prmtermittamus
3248 2721 3332 2770 te-

1734 2809 2014 2876 stimonia,
2035 2809 2222 2865 dicant
2239 2807 2333 2878 qui
2359 2822 2515 2879 reges
2541 2807 2614 2862 ab
2639 2805 3023 2862 meclesiastica
3043 2805 3335 2875 disciplina

1733 2911 1790 2959 et
1814 2917 1915 2974 per
1935 2902 2042 2958 hoc
2061 2917 2095 2956 a
2123 2900 2237 2957 Deo
2256 2901 2448 2956 volunt
2480 2899 2741 2965 alienare,
2769 2906 2955 2952 utrum
2984 2897 3041 2951 in
3071 2896 3221 2952 Omni
3250 2895 3336 2952 di-

1734 2995 1991 3051 vinarum
2015 2992 2427 3065 Scripturar-um
2454 2991 2618 3059 serie,
2659 2991 2717 3046 in
2746 2990 2949 3062 quibus
2991 2990 3336 3069 diversarum

1662 3104 1704 3161 (ζ
1737 3096 2011 3146 sectarum
2034 3087 2259 3145 heretici
2280 3087 2540 3159 leguntur
2564 3084 2846 3154 dampnati
2864 3082 3058 3149 fuisse,
3098 3082 3336 3153 impera-

1738 3189 1886 3236 tores
1910 3180 2201 3237 videantur
2223 3179 2465 3249 excepti;
2489 3177 2643 3234 verbi
2665 3175 2860 3248 gratia,
2890 3183 2953 3231 ut
2970 3189 3097 3231 cum
3119 3169 3340 3229 Arriani

1728 3273 2128 3343 ,dampnantur,
2179 3271 2537 3327 Constantius
2586 3270 2908 3340 imperator,
2949 3276 3046 3324 aut
3086 3265 3339 3334 Walens,

1738 3374 1837 3422 aut
1857 3365 2058 3436 aliquis
2085 3380 2274 3435 regum
2302 3363 2539 3418 Arriano
2566 3376 2722 3418 caeno
2748 3361 3069 3417 sordentum
3097 3359 3343 3429 excipia-‘

1738 3457 1874 3513 tur?
1912 3455 2019 3512 Sed
2040 3455 2157 3527 jam
2178 3455 2296 3526 ipse
2314 3454 2553 3510 domnus
2575 3467 2735 3524 papa,
2758 3452 2855 3523 qui
2873 3452 3099 3507 menbra
3125 3451 3344 3521 putrida

1739 3557 1795 3605 et
1811 3554 2066 3604 emortua
2091 3547 2338 3619 praecidit
2359 3547 2432 3602 ab
2466 3534 2678 3601 unitate
2702 3544 2974 3616 corporis,
3006 3544 3250 3615 porrigat
3284 3553 3342 3600 et

1741 3640 2003 3696 obtendat
2028 3648 2223 3696 contra
2245 3639 2603 3709 obloquentes
2623 3644 2679 3694 et
2704 3637 3107 3693 subsannaan
3133 3644 3188 3690 et
3222 3651 3341 3690 ma—

1741 3723 1937 3790 ledicta
1960 3733 2229 3804 iacientes
2248 3732 2482 3804 clipeum
2507 3729 2861 3787 defensionis.
2889 3729 2980 3784 Ait
3001 3728 3187 3799 itaque
3207 3728 3348 3783 scri-
3390 3788 3391 3791 η
3434 3767 3441 3774 .

1741 3826 1880 3882 bens
1930 3825 2182 3882 ﬁdelibus
2236 3826 2295 3880 in
2345 3823 2812 3881 Theutonicorum
2870 3837 3041 3894 regno
3097 3835 3349 3876 commo-

1742 3918 1995 3974 rantibus
2045 3925 2103 3973 et
2141 3918 2210 3973 de
2262 3902 2835 3973 excommunicatione
2889 3913 3036 3985 regis
3090 3911 3350 3968 dubitan-

1743 4009 1934 4067 tibus:

1823 4124 1845 4158 t
1889 4104 2188 4175 Gregorius
2235 4098 2384 4173 (166)
2435 4099 2758 4170 episcopus,
2815 4110 3011 4168 servus
3062 4110 3372 4165 servorum,

1745 4197 1866 4264 Dei,
1896 4194 2155 4252 omnibus
2176 4191 2470 4263 episcopis,
2501 4189 2755 4253 ducibus,
2788 4186 3083 4243 comitibus
3125 4188 3361 4245 ceteris-'

1746 4305 1855 4362 que
1881 4286 2133 4344 ﬁdelibus
2155 4285 2213 4339 in
2249 4298 2418 4355 regno
2453 4281 2961 4337 Theuthonicorum
2989 4278 3361 4334 christianam‘

1748 4380 1913 4437 ﬁdem
1959 4374 2319 4448 diligentibus
2350 4372 2585 4432 salutem
2631 4378 2689 4427 et
2729 4368 3089 4441 apostolicam
3129 4366 3355 4421 benedi-

108 4477 288 4537 ’ἰυυφιο
316 4468 703 4541 imperatorem
729 4467 861 4540 quia
882 4468 948 4524 de
968 4467 1262 4538 repetenda
1291 4482 1387 4522 ara
1407 4465 1652 4523 victoriae
1682 4446 1728 4506 θ
1753 4472 2013 4530 ctionem.
2060 4446 2386 4525 itudivimus
2431 4466 2702 4539 quosdam
2745 4466 2889 4521 inter
2916 4479 3014 4520 vos
3039 4462 3108 4518 de
3131 4468 3371 4516 excom-’

107 4568 151 4608 se
169 4559 428 4634 sacrilegio
463 4554 708 4628 miscuit,
746 4560 892 4616 idem
925 4558 1251 4615 Ambrosius
1278 4573 1507 4614 munera
1533 4556 1657 4628 ejus

110 4649 273 4714 sprevit
295 4663 346 4708 et
372 4654 442 4709 ab
469 4653 716 4710 aecclesia
733 4668 861 4708 eum
887 4659 940 4708 et
967 4652 1260 4722 complices
1286 4651 1409 4722 ejus
1435 4650 1661 4722 abjecit.

110 4732 284 4798 Sancta:
320 4747 602 4802 memoriae
641 4760 861 4817 quoque
885 4760 1024 4815 papa
1051 4743 1348 4816 Gregorius
1374 4742 1443 4798 Ill
1470 4758 1657 4799 remo-

108 4828 168 4883 vit
190 4828 424 4905 Romam,
454 4846 513 4894 et
539 4836 771 4904 italiam,
802 4845 856 4892 et
901 4836 1088 4892 omnia
1135 4844 1249 4891 tam
1300 4836 1381 4891 rei
1428 4835 1659 4907 publica:

109 4933 239 4988 ‘luam
263 4928 658 4986 tecclesiasticae
697 4928 824 5001 jura
872 4928 928 4983 in
974 4927 1251 4999 Hesperiis
1296 4927 1545 4998 partibus
1591 4926 1661 4982 ab

113 5010 371 5073 obcdientia
396 5019 602 5076 Leonis
629 5019 977 5090 imperatoris
996 5027 1052 5076 et
1072 5018 1287 5090 imperii
1315 5019 1420 5074 sub
1439 5034 1507 5074 eo
1527 5034 1663 5075 con-

110 5102 269 5163 stituti.
306 5108 585 5168 Iohannes
606 5112 796 5182 etiam,
824 5131 936 5171 non
964 5130 1106 5186 papa
1143 5121 1238 5169 aut
1254 5112 1545 5184 episcopus
1566 5109 1661 5166 sed

112 5201 373 5258 monachus
398 5212 455 5260 et
474 5205 745 5275 presbiter
763 5201 1161 5273 Damascenus,
1183 5205 1375 5264 doctor
1401 5204 1660 5275 optimus.

110 5290 304 5349 eundem
331 5294 570 5352 Leonem
596 5314 723 5354 cum
746 5296 985 5356 Orientis
1026 5298 1299 5371 episcopis
1326 5296 1665 5353 anathemati

110 5379 332 5440 subdidit.
367 5386 550 5445 Beata
589 5392 870 5448 memoriae
906 5391 1202 5448 Zacharias
1249 5406 1390 5461 papa
1433 5388 1666 5444 Hilderi-

109 5484 209 5526 cum
236 5476 479 5535 ultimum
530 5482 597 5538 de
641 5484 812 5555 stirpe
838 5483 1275 5555 Merovingorum
1305 5498 1488 5554 regem
1512 5496 1543 5536 a
1578 5496 1665 5537 re-

114 5574 195 5623 ξῖλυ
218 5567 494 5641 deposuit,
524 5584 576 5631 et
599 5576 655 5631 in
684 5576 1077 5634 monasterium
1116 5576 1330 5632 detrudi
1373 5574 1561 5645 jussit,
1610 5586 1665 5631 et

1755 4564 2127 4622 municatione
2165 4575 2336 4632 quam
2376 4559 2433 4614 in
2473 4573 2657 4632 regem
2707 4556 2939 4614 fecimus
2992 4546 3284 4617 dubitare,
3330 4571 3349 4603 ι

1754 4666 1860 4714 etc.
1911 4655 2073 4728 (Vide
2128 4655 2267 4709 inter
2333 4652 2490 4725 epist.
2543 4649 2786 4722 Gregorii
2847 4645 2980 4714 VII,
3030 4643 3359 4714 Patrologice

1758 4759 1893 4808 tom.
1932 4748 2235 4822 cxcvru).
2403 4810 2417 4826 ,

1834 4844 2069 4915 Scripsit
2111 4851 2168 4898 et
2209 4842 2383 4897 aliam
2405 4839 2715 4910 epistolam,
2748 4833 2946 4889 intuitu
2985 4828 3376 4895 discretionis,‘

1762 4935 1985 5007 pietatis
2035 4942 2093 4989 et
2143 4930 2537 4988 misericordia
2591 4926 2878 4984 dulcedine
2928 4924 3144 4996 plenam
3172 4964 3187 4989 ,
3258 4935 3355 4991 pro

1761 5024 2206 5081 reconciliatione
2261 5020 2669 5094 quorumdam;
2720 5026 2782 5072 ut
2826 5016 2874 5071 si
2919 5015 3014 5087 qui
3066 5013 3136 5069 ad
3186 5010 3363 5067 Deum

1761 5118 1963 5174 reverti
2012 5118 2336 5182 voluissent,
2392 5114 2658 5169 haberent
2706 5118 2956 5181 paratum
3026 5121 3137 5178 prae
3185 5102 3379 5160 oculis'

1765 5212 2226 5268 medicamentum
2246 5205 2730 5271 reconciliationis,
2772 5218 2841 5259 ne
2871 5202 3034 5257 alicui
3056 5196 3375 5272 egritudine

1768 5308 2044 5372 praevento
2099 5299 2361 5371 obesset,
2437 5297 2587 5368 quod
2635 5295 2705 5350 ad
2753 5294 2937 5350 sedem
3008 5286 3375 5362 aposiolicam“

1768 5405 2057 5446 occurrere
2085 5404 2196 5445 non
2226 5395 2413 5459 posset
2438 5405 2452 5454 ;
2503 5396 2560 5442 et
2588 5395 2649 5441 ut
2689 5385 2835 5439 nulla
2889 5383 3183 5438 haberetur
3212 5394 3364 5436 com-

1770 5480 2048 5536 munionis
2069 5480 2304 5536 societas
2339 5494 2465 5534 cum
2499 5475 3027 5534 excommunicatis:

1846 5594 1864 5625 ι
1908 5571 2237 5643 Gregorius,
2276 5571 2567 5643 episcopus
2594 5613 2607 5637 ,
2671 5582 2861 5625 servus
2913 5578 3197 5622 servorum
3244 5561 3363 5628 Dei,

164 5744 296 5821 (H36)
333 5750 532 5808 Exstat
576 5761 631 5809 et
676 5771 732 5809 Ill
779 5754 964 5811 codice
1012 5753 1247 5811 Udalrici
1288 5756 1385 5811 “6
1427 5765 1480 5812 et
1527 5663 2148 5828 aptilogefnricdcnscm
2185 5768 2233 5807 c.
2260 5750 2344 5805 78.
2378 5748 2455 5823 K._
