3878 6310
503 335 611 394 διδ

1532 327 1836 387 HUGONIS
1873 328 2167 384 ABBA'HS
2207 328 2783 390 ηΑνιΝιλεΕΝδις

3694 343 3788 395 515

507 406 769 511 omnibus
802 451 860 509 in
887 450 1111 509 Christo
1133 448 1415 515 fratribus,
1446 447 1737 518 episcopis,
1784 446 2092 513 abbatibus,
2121 445 2171 505 Α
2198 455 2283 503 est
2332 447 2540 520 synodo
2581 449 2883 520 depositus,
2941 452 3304 523 responderit,
3355 454 3643 524 quomodo
3686 466 3790 511 tota

510 543 910 609 sacerdotibus,
931 543 1164 600 ducibus
1186 549 1244 596 et
1262 538 1598 611 principibus
1620 546 1786 609 atque
1807 538 2091 605 militibus,

2197 538 2468 609 Spiritum
2495 550 2748 598 sanctum
2777 552 2959 600 mente
2987 543 3305 616 concipiens
3327 546 3639 602 intonuerit
3665 549 3789 604 sub—

510 634 878 706 omnihusque
914 634 1268 691 christianum
1298 631 1460 687 ﬁdem
1483 638 1538 686 et
1558 631 1703 686 beati
1724 630 1884 686 .Petri
1915 632 2094 686 hono-
2195 630 2463 688 inferatur
2491 631 2799 707 (fol.116’):

512 741 630 782 rem
668 742 859 783 revera
904 725 1255 798 diligentibus
1288 723 1346 779 in
1376 722 1626 779 Romano
1675 724 1907 794 imperio
1935 722 2095 778 habi-

514 820 779 886 tantibus,
824 819 1055 880 salutem
1111 825 1166 874 et
1221 816 1579 886 apostolicam
1641 815 2093 871 benedictionem.

480 910 730 967 ~Gratias
757 925 969 982 agimus
994 915 1349 980 omnipotenti
1373 906 1513 974 .Deo,
1550 925 1572 960 ι
1609 915 1715 963 etc.
1753 904 1972 979 (Exstat
1993 903 2100 959 Re-

512 1002 667 1072 gistri
694 1000 790 1056 lib.
822 1015 895 1066 ιν,
929 1014 986 1056 tl.
1028 998 1106 1072 1).

581 1092 693 1151 Hec
716 1090 883 1164 igitur
909 1106 1011 1162 pro
1043 1089 1489 1148 reconciliatione
1510 1087 1658 1161 regis
1679 1095 1737 1144 et
1768 1086 2002 1143 aliorum
2032 1084 2103 1141 ah

510 1183 741 1239 ecclesia
766 1183 1130 1239 alienatorum
1157 1183 1283 1253 pius
1324 1189 1479 1253 pater
1496 1181 1662 1237 dabat
1689 1180 1944 1236 mandata
1971 1177 2103 1235 ﬁde-

508 1275 695 1343 libus;
751 1276 845 1330 cui
899 1283 1108 1333 tamtus
1128 1276 1198 1307 ⁸⁰¹
1229 1275 1407 1330 inerat
1446 1273 1675 1345 iustitiae
1717 1272 1995 1343 splendor,
2044 1281 2105 1327 ut

510 1383 668 1423 suam
693 1375 1048 1438 postponeret
1067 1367 1320 1435 salutem,
1351 1382 1462 1438 quo
1496 1365 1657 1422 matri
1695 1365 1941 1421 ecclesia
1962 1363 2104 1420 anti-

510 1475 676 1530 quam
706 1459 955 1515 redderet
989 1459 1316 1515 libertatem.
1341 1457 1460 1514 Non
1483 1458 1630 1514 enim
1651 1471 1778 1514 eum
1812 1456 2106 1512 movebant

512 1551 712 1608 salutis
766 1548 1011 1620 pericula
1067 1566 1167 1621 pro
1212 1550 1429 1621 iustitia
1482 1557 1737 1620 suscepta
1787 1548 1873 1611 vel
1923 1547 2095 1604 susci-

510 1642 733 1713 pienda.
761 1641 901 1714 (Fol.
931 1641 1076 1710 116).
1099 1642 1180 1699 Ita
1208 1643 1356 1698 enim
1381 1642 1627 1698 animum
1655 1657 1818 1698 suum
1841 1638 2077 1696 informa
2095 1669 2108 1680 -

454 1772 458 1777 »
511 1742 686 1803 verat,
728 1742 789 1791 ut
829 1751 1006 1807 neque
1039 1726 1297 1802 ﬁivitias,
1329 1750 1509 1806 neque
1550 1734 1880 1805 voluptates,
1927 1746 2106 1804 neque

512 1827 753 1888 honores
786 1828 842 1883 in
871 1828 1126 1886 maximis
1155 1828 1531 1896 constitueret,
1557 1842 1737 1898 neque
1764 1826 1821 1881 in
1867 1825 1953 1881 his
1988 1834 2108 1881 stn-

512 1919 667 1975 dium
718 1935 880 1977 suum
935 1935 1098 1977 omne
1154 1928 1492 1987 contereret,
1550 1918 1683 1991 quin
1730 1918 1913 1989 potius
1970 1917 2105 1974 illud

512 2010 773 2068 decorum
795 2020 850 2067 et
872 2012 1166 2069 honestum
1198 2011 1277 2067 ita
1311 2010 1417 2066 sibi
1440 2018 1823 2081 proposuerat,
1859 2017 1923 2064 ut
1945 2008 2107 2080 quid-

511 2103 647 2175 quid
670 2104 720 2159 ei
750 2104 1043 2164 accidisset
1062 2120 1177 2176 quo
1204 2102 1383 2175 frangi
1418 2102 1669 2159 homines
1707 2101 1904 2167 solent,
1947 2100 2109 2172 quasi

514 2195 765 2266 superior
811 2210 921 2252 non
970 2196 1216 2253 sentiret.
1275 2193 1556 2252 Sollicitus
1574 2195 1738 2250 etiam
1779 2200 1919 2259 erat,
1951 2192 2108 2263 juxta

512 2288 735 2349 beatum
762 2287 1140 2357 Ambrosium,
1177 2304 1247 2345 ne
1270 2287 1404 2360 quid
1444 2296 1649 2345 temere
1693 2295 1790 2343 aut
1834 2285 2110 2342 incuriose

514 2388 725 2452 ageret,
777 2396 846 2436 ex
893 2396 1006 2453 quo
1054 2381 1390 2452 probabilem
1449 2396 1559 2436 non
1607 2386 1797 2451 posset
1840 2378 2107 2434 rationem

515 2472 763 2529 reddere.
814 2471 1178 2530 Pretendebat
1229 2473 1417 2530 animo
1468 2480 1531 2528 ut
1566 2473 1744 2528 bonus
1780 2472 2110 2543 speculator,

515 2574 578 2626 ut
620 2565 892 2636 appetitus
918 2565 1121 2621 rationi
1173 2565 1293 2637 lege
1347 2574 1559 2621 natura:
1605 2564 1877 2632 subditus,
1936 2576 2113 2634 neque

515 2663 873 2730 praecurreret
896 2654 1165 2711 rationem
1195 2670 1375 2725 neque
1408 2655 1722 2719 desereret;
1759 2669 1827 2709 ne
1867 2668 2112 2723 praecur-

515 2745 689 2804 rendo
722 2747 1068 2818 perturbaret
1113 2762 1235 2805 eam
1284 2757 1450 2818 atque
1492 2745 1827 2813 excluderet,
1863 2754 1921 2800 et
1956 2744 2114 2800 dese-

514 2840 688 2900 rendo
712 2840 1051 2898 destitueret.
1109 2840 1310 2898 Verum
1352 2840 1596 2898 Heinrici
1620 2840 1932 2913 perturbata
1959 2853 2116 2895 mens

514 2930 690 2989 eluso
747 2933 1020 3004 appetitu,
1074 2942 1358 3004 tamquam
1398 2932 1633 2989 eﬂ'erato
1670 2933 1877 3002 impetu
1927 2934 2113 2988 frenos

515 3023 750 3085 rationis
781 3039 892 3081 non
916 3025 1266 3096 suscipiebat,
1295 3040 1397 3081 nec
1421 3025 1690 3081 sentiebat
1709 3022 1914 3095 aurigae
1932 3023 2117 3079 mode-

2274 743 2294 776 ι
2339 721 2633 796 Giegorius
2687 727 2981 799 episcopus
3007 770 3022 795 ,
3083 743 3299 784 servus-
3333 745 3628 786 servorum
3683 728 3793 798 Μ,

2199 817 2456 874 omnibus
2478 819 2573 890 qui
2601 820 2831 891 cupiunt
2856 821 3209 877 annumerari
3244 822 3387 877 inter
3410 838 3549 879 oves
3571 822 3793 891 Christi,

2200 925 2339 980 quas
2362 910 2524 967 beato
2551 911 2714 970 Petro
2742 913 3041 980 commisit,
3083 914 3315 969 salutem
3348 924 3404 971 et
3437 915 3793 987 apostolicam

2200 1002 2653 1059 benedictionem.
2677 1004 2945 1074 Audistis,
2973 1004 3170 1062 fratres
3193 1006 3321 1074 mei,
3343 1021 3553 1062 novam
3576 1016 3635 1062 et
3653 1006 3795 1062 inau-

2201 1093 2372 1151 ditam
2403 1096 2889 1169 praesumptionem
2949 1116 2969 1151 ι
3023 1106 3132 1156 etc.
3181 1096 3399 1170 (Exstat
3427 1098 3679 1173 chistri
3711 1098 3792 1154 lib.

2204 1205 2287 1257 ιιι,
2329 1205 2386 1245 η.
2417 1188 2495 1261 6).

2275 1323 2416 1397 (Fol.
2442 1325 2609 1399 116‘.)
2630 1329 2791 1384 Anno
2817 1327 2889 1384 ab
2917 1326 3027 1384 inc.
3056 1326 3212 1383 Dom.
3242 1326 3402 1392 1078,
3424 1326 3734 1383 indictione
3752 1328 3795 1392 l,

2203 1418 2558 1489 pontificatus
2594 1419 2716 1490 ejus
2742 1435 2890 1476 anno
2914 1420 2968 1487 5,
2998 1434 3189 1475 mense
3229 1417 3446 1485 Martio,
3506 1417 3799 1490 Gregorius

2200 1524 2344 1581 papa
2407 1509 2521 1580 Vl],
2568 1510 2832 1567 Romanae
2880 1511 3092 1584 synodo
3145 1511 3539 1583 episcoporum
3592 1522 3799 1567 centum

2179 1601 2528 1673 'praasidens,
2566 1603 2705 1659 dixit
2737 1612 2863 1674 post
2904 1603 3128 1674 aliqua:
3166 1602 3563 1658 Ordinatiosses
3595 1602 3799 1657 ἱιιοηιι

2205 1690 2298 1762 qui
2345 1689 2412 1745 ab
2468 1693 2940 1747 excommunicauit
2993 1701 3120 1747 sunt
3176 1692 3437 1760 ordinati,
3494 1700 3797 1747 sanctorum

2136 1792 2181 1848 Β
2207 1780 2435 1835 Patrum
2454 1792 2723 1854 sequentes
2736 1783 3133 1857 vestigia.etc.:(
3146 1782 3281 1842 Vide
3296 1783 3356 1839 in
3377 1782 3653 1857 Gregorio
3681 1782 3798 1849 VII,

2203 1873 2341 1930 Acta
2368 1874 2567 1943 synodi
2584 1874 2838 1932 Romam
2865 1890 2907 1931 ι.

2276 2006 2426 2078 (Fui.
2462 2008 2640 2081 116'.)
2680 2009 2849 2083 (Acta
2880 2007 3070 2064 consil.
3113 2008 3297 2083 1079.)
3327 2009 3493 2066 Anno
3518 2010 3596 2067 ab
3634 2010 3799 2069 incalt-

2206 2099 2429 2158 natione
2459 2097 2684 2157 Domini
2705 2101 2872 2168 1078,
2914 2117 3104 2159 mense
3136 2101 3471 2168 Februario,
3514 2102 3799 2159 indictione
3834 2132 3845 2137 -

2206 2190 2270 2255 2,
2308 2193 2657 2263 pontiﬁcatus
2693 2194 2879 2250 domui
2913 2210 3068 2265 papae
3116 2192 3369 2267 Gregorii
3403 2192 3522 2258 VII,
3563 2210 3711 2251 anno
3753 2194 3801 2257 6,

2208 2293 2566 2340 convocatnm
2599 2293 2684 2341 est
2704 2287 2998 2342 concilium
3027 2302 3091 2341 ex
3112 2287 3346 2343 diversis
3371 2287 3639 2358 partibus
3666 2287 3799 2343 orbis

2208 2386 2263 2433 et
2296 2377 2636 2437 omnibusin
2666 2378 2896 2437 ecclesia
2935 2378 3238 2437 Salvatoris
3279 2378 3469 2437 Romae
3506 2394 3797 2451 congrega—

2208 2468 2301 2536 tis,
2330 2469 2550 2525 habitus
2579 2478 2669 2524 est
2691 2485 2879 2525 sermo
2912 2471 2979 2526 de
3020 2486 3253 2542 corpore
3295 2479 3351 2527 et
3392 2472 3674 2543 sanguine
3706 2469 3798 2525 Do-

2211 2561 2345 2617 mini
2378 2561 2549 2634 (167).
2587 2544 2822 2617 Maxima
2855 2562 3124 2634 siquidem
3154 2577 3283 2634 pars
3313 2578 3519 2634 panem
3546 2573 3604 2619 et
3632 2564 3797 2620 vinum

2211 2668 2310 2724 per
2357 2668 2530 2709 sacra:
2575 2654 2842 2711 orationis
2884 2654 3050 2709 verba
3085 2662 3141 2710 et
3176 2654 3481 2711 sacerdotis
3527 2670 3799 2711 consecra-

2212 2746 2416 2801 tionem
2446 2744 2653 2817 Spiritu
2681 2755 2872 2803 sancto
2895 2745 3246 2802 invisibiliter
3271 2756 3545 2817 operante
3573 2747 3798 2803 converti

2215 2834 2652 2891 substantialiter
2681 2833 2735 2889 in
2768 2850 2970 2906 corpus
3008 2834 3345 2891 dominicum
3379 2836 3535 2906 quod
3571 2837 3627 2891 in
3658 2851 3799 2891 cruce

2218 2926 2492 2998 pependit,
2517 2934 2573 2983 et
2609 2927 2666 2981 in
2707 2929 3032 3000 sanguinem
3060 2927 3156 2999 qui
3181 2927 3249 2983 de
3278 2927 3401 2999 ejus
3433 2928 3614 2985 latere
3644 2928 3799 2991 ﬂuxit,

2215 3019 2495 3076 asserebat
2536 3038 2551 3075 :
2588 3018 2812 3090 quidam
2862 3033 2996 3075 vero
3038 3019 3284 3076 caecitate
3329 3020 3506 3076 nimia
3556 3020 3799 3092 perculsi,

518 3114 757 3207 ramina,
783 3115 1015 3187 ideoque
1045 3116 1189 3173 ﬂecti
1209 3132 1319 3173 non
1342 3125 1576 3188 poterat.
1609 3115 1721 3173 Nec
1759 3118 1987 3207 deerant
2015 3114 2110 3186 qui
2141 3143 2186 3207 Β
2218 3110 2451 3207 figuram
2489 3118 2702 3166 tantum
2745 3112 3091 3207 astruebant.
3145 3110 3343 3207 Verum
3391 3112 3490 3207 ubi
3540 3128 3635 3169 res
3678 3112 3801 3207 cepit

518 3205 721 3263 missas
741 3221 894 3278 papa:
924 3208 1188 3279 epistolas
1212 3208 1262 3265 ei
1294 3208 1624 3275 referebant,
1661 3207 1755 3264 sed
1782 3222 1906 3279 qua:
1934 3206 2115 3263 facere

460 3285 471 3291 ’
521 3296 879 3367 despiciebat,
901 3298 1070 3357 etiam
1095 3300 1235 3356 scire
1259 3299 1697 3370 contempnebat,
1741 3315 1811 3355 ex
1835 3299 1906 3332 m
1933 3298 2116 3355 verbis

520 3397 706 3449 tamen
762 3389 985 3459 pietatis
1055 3391 1424 3451 meditabatur
1498 3400 1709 3447 venena
1784 3389 2113 3462 iniquitatis,

517 3480 845 3555 Arrogantis
887 3483 1036 3543 enim
1082 3492 1169 3540 est
1211 3482 1497 3556 proprium
1541 3483 1611 3539 de
1634 3483 1763 3540 suis.
1784 3482 1946 3539 malis
1972 3482 2120 3538 bona

519 3665 627 3726 dus
674 3666 910 3724 actionis
962 3676 1174 3724 vertere
1228 3668 1284 3725 in
1344 3668 1616 3725 maculam
1668 3666 1938 3724 criminis.
1976 3665 2125 3722 Dum

435 3828 442 3835 .
518 3772 654 3829 ergo
703 3772 772 3813 ex
817 3758 1282 3815 condescensione
1332 3767 1389 3815 et
1433 3760 1815 3833 compassione
1872 3739 2121 3815 caiitatis

523 3847 886 3905 meditaretur
956 3865 1112 3913 arma
1178 3849 1385 3908 turoris
1413 3893 1429 3919 ,
1493 3851 1784 3907 audiamus
1843 3850 2120 3921 quomodo

520 3939 698 4009 patris
745 3941 922 4001 nostri
969 3942 1145 3998 virilis
1192 3943 1432 4011 animus,
1470 3937 1707 4000 astutia
1742 3944 2012 4015 serpentis
2064 3950 2129 3998 et

519 4031 835 4088 eolumbina
880 4033 1228 4105 simplicitate
1280 4035 1561 4107 praeditus,
1593 4035 1743 4091 velut
1782 4036 1851 4091 de
1898 4035 2133 4106 specula

523 4124 729 4185 urentis
780 4127 1108 4216 cogitatione
1171 4127 1399 4199 provida
1475 4128 1775 4186 obviaverit
1831 4129 2121 4190 conatibus

521 4216 645 4287 ejus
670 4217 895 4290 iniquis.
947 4219 1040 4275 Ait
1087 4221 1274 4292 itaque
1331 4221 1581 4279 scribens
1613 4221 1866 4278 ﬁdelibus
1908 4221 2129 4277 eisdem

523 4310 725 4384 quibus
747 4320 803 4368 et
825 4329 992 4385 supra
1023 4332 1037 4369 :

599 4426 620 4458 ι
666 4404 965 4480 Gregorius
1019 4407 1346 4479 episcopus,
1409 4422 1607 4463 servus
1660 4420 1947 4462 servorum
2000 4404 2118 4471 Dei,

2217 3202 2325 3276 agi,
2360 3202 2683 3275 priusquam
2709 3204 2868 3259 tertia
2894 3204 2983 3261 die
3011 3212 3235 3260 ventum
3264 3203 3407 3260 foret
3432 3203 3490 3261 in
3522 3206 3799 3279 synodum,

2216 3295 2417 3352 defecit
2453 3306 2644 3352 contra
2678 3297 2962 3352 veritatem
3010 3296 3112 3352 niti
3161 3313 3292 3375 pars
3327 3298 3526 3359 altera.
3576 3296 3800 3368 Denique

2216 3386 2620 3461 Berengarius,
2670 3388 2837 3460 hujus
2879 3388 3090 3449 erroris
3131 3390 3430 3462 magister,
3482 3398 3616 3462 post
3657 3390 3799 3461 longo

2169 3482 2173 3486 ’
2218 3489 2464 3552 tempore
2507 3481 2949 3554 dogmatizatam-
2977 3482 3311 3554 impietatem
3359 3497 3587 3538 errasse
3621 3496 3681 3537 se
3718 3495 3798 3536 eo—

517 3573 805 3641 estimare,
827 3575 895 3631 de
913 3575 1106 3633 alienis
1126 3576 1289 3634 bonis
1310 3577 1453 3633 bona
1475 3576 1697 3633 sentire.
1720 3583 1777 3631 et
1796 3575 1955 3631 bona:
1974 3589 2118 3646 pon-
2160 3622 2172 3633 .

2218 3588 2337 3629 ram
2396 3573 2630 3630 concilio
2685 3573 2975 3631 confessus
2997 3616 3014 3643 ,
3070 3574 3289 3631 veniam
3355 3573 3696 3646 postulatam
3744 3586 3799 3628 ex

2219 3665 2832 3736 apostolica-clementia
2861 3666 3081 3735 meruit,
3120 3666 3437 3738 juravitque
3469 3665 3559 3723 sic
3601 3685 3618 3721 :
3666 3663 3799 3735 «Ego

2219 3757 2584 3831 Berengarius
2645 3760 2809 3815 corde
2863 3758 3029 3815 credo
3067 3766 3123 3815 et
3166 3772 3263 3815 ore
3296 3757 3590 3826 conﬁteor,
3622 3770 3797 3829 panem

2219 3857 2283 3905 et
2303 3849 2513 3916 vinum,
2562 3867 2686 3922 quae
2730 3850 2786 3906 in
2821 3850 2983 3907 altari
3014 3861 3315 3922 ponuntur,
3359 3866 3457 3921 per
3494 3849 3796 3923 mysterium

2221 3956 2393 3998 sacrae
2438 3942 2706 3999 orationis
2738 3950 2794 3998 et
2836 3944 3004 3998 verba
3050 3943 3228 3998 nostri
3263 3941 3649 4014 Redemptoris
3687 3940 3798 3995 sub.

2222 4034 2548 4090 stantialiter
2578 4035 2824 4095 converti
2855 4035 2912 4092 in
2945 4049 3131 4093 veram
3177 4042 3233 4091 et
3267 4034 3550 4106 pmpriam
3582 4048 3647 4089 ac
3678 4031 3795 4085 viri—

2222 4125 2518 4183 ficatrlcem
2545 4143 2767 4189 carnem
2803 4136 2862 4184 et
2885 4127 3208 4200 sanguinem
3246 4126 3454 4184 domini
3484 4126 3663 4183 nostri
3687 4123 3795 4179 Iesu

2221 4218 2448 4288 Christi,
2484 4229 2540 4276 et
2572 4229 2699 4291 post
2722 4220 3193 4277 consecrationem
3237 4236 3360 4277 esse
3390 4234 3583 4277 verum
3619 4232 3797 4287 corpus

2222 4309 2446 4380 Christi,
2474 4313 2620 4388 quod
2665 4321 2856 4368 natum
2891 4320 2978 4369 est
3007 4313 3074 4369 de
3100 4310 3353 4387 Virgine,
3399 4318 3455 4368 et
3498 4325 3601 4383 pro
3644 4310 3797 4365 salute

2223 4404 2413 4460 mundi
2443 4405 2685 4460 oblatum
2717 4405 2769 4460 in
2799 4420 2961 4462 cruce
2989 4404 3264 4477 pependit,
3295 4413 3350 4460 et
3382 4405 3531 4476 quod
3563 4402 3708 4458 sedet
3739 4398 3796 4454 ad

520 4496 727 4554 eisdem
751 4498 1011 4553 omnibus
1035 4498 1267 4557 salutem
1290 4506 1347 4554 et
1387 4498 1747 4569 apostolicam
1780 4496 2120 4552 benedictio-
2150 4496 2197 4557 D
2222 4497 2500 4553 dexteram
2522 4495 2750 4558 ‘Patris:
2797 4506 2852 4554 et
2895 4514 3083 4554 verum
3117 4497 3442 4569 sanguinem
3486 4494 3690 4552 Christi
3716 4491 3793 4563 qui

522 4603 673 4647 nem.
703 4586 1005 4659 Postquam
1030 4588 1361 4645 fraternitati
1389 4597 1586 4646 vestras
1607 4588 1895 4659 epistolam
1921 4588 2131 4645 direxi-
2228 4588 2296 4645 de
2324 4589 2446 4660 ejus
2471 4589 2642 4645 latere
2672 4588 2829 4647 fusus
2852 4600 2957 4657 est,
2996 4605 3107 4645 non
3136 4597 3349 4649 tantum
3384 4604 3484 4665 per
3515 4588 3725 4660 signum
3750 4593 3794 4637 et

524 4694 674 4746 mus,
712 4698 733 4732 ι
765 4687 870 4735 etc.
902 4678 1066 4752 (Vide
1085 4682 1223 4736 inter
1242 4681 1494 4752 epistolas
1518 4680 1804 4752 Gregorii).
2229 4681 2486 4737 virtutem
2532 4681 2884 4749 sacramenti,
2931 4682 3026 4740 sed
3062 4681 3119 4741 in
3156 4680 3488 4754 proprietate
3523 4688 3724 4735 natura
3749 4685 3795 4729 et

598 4770 717 4827 Non
746 4771 965 4828 mireris
986 4788 1114 4829 eum
1134 4788 1317 4845 regem
1342 4772 1617 4857 nominari
1643 4772 1770 4829 licet
1788 4771 2119 4843 depositum,
2227 4773 2436 4830 unitate
2484 4773 2824 4842 substantiae,
2857 4773 3009 4830 sicut
3046 4774 3101 4828 in
3148 4772 3255 4829 hoc
3290 4772 3441 4828 brevi
3487 4771 3791 4828 continetur.

524 4879 652 4922 cum
696 4871 753 4921 et
794 4865 997 4920 mortui
1032 4865 1267 4936 pristino
1317 4865 1672 4921 nominentur
1698 4863 1986 4920 vocabulo.
2028 4862 2122 4920 Sic
2225 4874 2282 4921 et
2310 4880 2411 4938 ego
2439 4865 2566 4938 legi,
2591 4874 2647 4921 et
2674 4881 2775 4922 vos
2808 4865 3129 4937 intelligitis,
3161 4864 3243 4921 sic
3269 4864 3471 4921 credo:
3500 4880 3596 4919 nec
3625 4869 3793 4919 contra

526 4970 750 5026 quoque
778 4967 1004 5015 sanctus
1025 4958 1323 5032 Gregorius
1344 4957 1665 5029 episcopum
1684 4955 2121 5012 inrevocabiliter
2228 4959 2369 5014 hanc
2398 4957 2560 5013 ﬁdem
2588 4957 2819 5015 ulterius
2853 4957 3081 5014 docebo.
3129 4956 3223 5013 Sic
3265 4972 3355 5013 me
3404 4954 3551 5012 Deus
3574 4954 3797 5026 adjuvat

525 5046 837 5117 depositum
860 5059 1124 5121 usnrpato
1145 5050 1368 5109 nomine
1392 5049 1633 5122 episcopi
1654 5046 1914 5105 censebat
1939 5048 2120 5103 nomi-
2223 5058 2280 5104 et
2304 5050 2421 5106 haec
2454 5059 2806 5108 sacrosancta
2837 5048 3136 5122 evangelia.
3162 5068 3181 5103 ι
3219 5048 3373 5106 Tunc
3402 5050 3634 5106 domnus
3672 5059 3791 5117 papa

526 5138 672 5206 nari,
705 5140 792 5195 cui
820 5148 1005 5198 tamen
1036 5142 1204 5198 nichil
1232 5142 1494 5214 deposita:
1531 5141 1814 5214 dignitatis
1834 5139 2123 5196 restituere
2227 5141 2485 5213 praecepit
2520 5142 2850 5216 Berengario
2892 5143 3219 5199 auctoritate
3272 5142 3591 5214 apostolica,
3641 5150 3696 5194 ut
3736 5136 3791 5192 dc

528 5231 765 5288 volebat.
794 5231 936 5301 Quid
955 5235 1121 5293 etiam
1148 5235 1353 5293 beatus
1364 5248 1501 5306 papa
1532 5233 1602 5290 ad
1625 5233 1949 5304 legationem
1972 5232 2119 5287 illam
2228 5249 2455 5305 corpore
2485 5243 2542 5291 et
2565 5236 2833 5307 sanguine
2866 5235 3083 5291 Domini
3111 5251 3413 5307 numquam
3437 5234 3656 5290 ulterius
3682 5245 3788 5286 cum

528 5323 677 5397 regis
709 5340 769 5383 se
792 5325 1020 5385 minime
1055 5328 1315 5399 regentis,
1342 5342 1442 5399 pro
1472 5341 1580 5398 qua
1606 5325 1852 5381 etiamin
1874 5322 2125 5380 Romana
2230 5326 2415 5396 aliquo
2449 5326 2730 5399 disputare
2782 5327 2867 5385 vel
2912 5327 3108 5386 docere
3148 5336 3541 5399 praesumeret,
3588 5330 3797 5394 emrtua

1822 5458 2062 5517 VARIIE
2099 5458 2520 5521 LECTIONES.

605 5577 669 5607 ⁸⁸³
713 5576 789 5630 ita
817 5593 865 5632 c.
944 5576 1014 5611 ⁸⁰²
1049 5578 1102 5635 in
1135 5594 1297 5650 supra
1324 5580 1497 5650 posito
1528 5580 1607 5635 vel
1635 5593 1700 5665 es
1733 5576 1849 5631 cod.
2193 5613 2203 5621 .

2059 5686 2293 5745 NOTAE.

609 5776 754 5851 (167)
792 5776 925 5835 Acta
956 5780 1174 5837 concilii
1204 5780 1345 5850 apud
1381 5778 1555 5859 Μειρεί
1589 5778 1705 5846 XX,
1744 5779 1869 5839 515.
