3878 6310
121 343 196 402 317
1327 355 1750 418 CHBONICON.
1767 393 1832 402 —
1867 361 1995 418 LIB.
2023 363 2084 420 II.

3209 383 3315 438 5i8

118 473 250 514 causa
273 456 549 560 reducendi
581 459 647 514 ad
676 460 838 522 ﬁdem
870 478 986 531 eos,
1029 465 1124 543 qui
1152 482 1248 536 per
1273 468 1394 538 ejus
1423 469 1626 525 doctri-
1651 473 1706 533 Α
1730 473 1817 527 sui
1866 477 2133 546 propositi
2176 478 2395 534 tramite
2423 480 2642 537 animus
2672 493 2800 540 tuus
2833 499 3076 543 revocari
3119 504 3314 560 potest.

119 564 214 606 nam
241 549 302 605 ab
325 564 384 605 ea
416 560 765 607 recesserant.

168 665 281 732 (tot.
306 662 442 734 117.)
462 662 573 720 Hoc
598 680 742 724 anno
764 667 901 723 obiit
925 669 1240 728 Grimoldus
1264 673 1434 732 abbas
1459 676 1632 730 sancti

118 752 281 822 Vitoni,
304 752 424 808 dum
456 770 487 809 a
520 754 690 811 Roma
725 759 1121 829 regrederetur,
1160 770 1218 819 et
1259 766 1504 835 sepultus
1548 775 1634 821 est

113 843 298 900 Mantua:
323 845 372 899 in
395 847 634 910 ecclesia
663 850 838 904 sancti
880 850 1110 908 Andreae
1139 855 1369 924 apostoli
1403 857 1468 911 M
1519 856 1630 912 Ka-

112 935 258 998 lendas
278 934 416 1003 Julii,
463 952 586 992 cum
611 940 726 1009 jam
756 941 932 1012 ipsam
961 945 1246 1001 ecclesiam
1290 947 1450 1003 tertio
1486 963 1632 1004 anno

109 1036 274 1097 regeret
291 1026 515 1086 domnus
550 1030 820 1094 Rodulfus
855 1034 1045 1100 abbas,
1095 1037 1221 1108 ipso
1257 1037 1536 1094 Grimoldo
1564 1041 1631 1096 de

109 1119 368 1189 pralatione
397 1120 625 1185 abbatim
669 1135 950 1186 excusato.
1000 1126 1134 1190 Erat
1174 1129 1322 1185 enim
1367 1131 1630 1202 simplicis

109 1221 289 1266 natura}.

159 1300 249 1360 Hoc
273 1303 423 1365 etiam
450 1321 620 1373 anno,
643 1308 736 1377 qui
765 1310 976 1365 eratab
1003 1310 1380 1368 incarnatione
1411 1312 1627 1370 Domini

107 1391 228 1457 l078,
252 1395 474 1466 regimen
499 1398 832 1466 prmlationis
859 1401 1002 1471 apud
1026 1400 1225 1458 Casam
1249 1401 1343 1458 Dei
1368 1403 1628 1477 Siguinus

105 1485 325 1554 quondam
363 1485 740 1559 Lugdunensis
775 1493 1095 1560 canonicus,
1130 1495 1402 1573 natalibus
1423 1497 1627 1566 clarus,

105 1593 272 1632 morum
313 1580 573 1648 probitate
614 1597 900 1649 coruscus,
930 1601 1077 1640 nunc
1120 1585 1264 1642 felici
1294 1588 1484 1645 beatus
1528 1605 1626 1645 ex-

103 1683 223 1724 cessu
243 1669 321 1724 “'.
349 1669 458 1726 Sub
482 1688 595 1742 quo
625 1674 914 1731 ordinatus
955 1686 1038 1732 est
1079 1678 1249 1734 abbas
1277 1678 1628 1740 Fraxinensis

1732 563 2024 636 Propterea
2053 578 2303 632 metuens
2335 586 2402 627 ne
2449 571 2504 627 in
2545 574 2699 645 pejus
2736 576 3026 656 proficiant
3057 596 3121 637 ea
3153 585 3318 642 etiam

1731 671 1854 725 quae
1877 658 2021 714 bona
2049 661 2320 730 videntur,
2352 665 2552 722 melius
2583 667 2740 724 nobis
2769 669 2950 726 visum
2993 682 3080 728 est
3107 683 3167 730 ut
3195 691 3322 731 cur-

1732 765 1856 805 sum
1905 768 2066 808 suum
2112 765 2334 828 peragat
2379 759 2538 815 bona;
2574 761 2892 819 intentionis
2939 773 3048 822 tua:
3097 765 3316 834 ﬁuvius,

1730 857 1894 912 quam
1943 855 2132 902 contra
2170 848 2432 919 impetum
2480 869 2709 910 currens
2754 865 3016 927 perpetua
3064 859 3318 915 ariditate

1730 935 2074 1008 dampnetur.
2100 938 2458 999 Tolerabilius
2479 952 2565 999 est
2584 945 2730 1000 enim
2760 955 2822 1001 ut
2846 955 2902 1002 tu
2929 949 3080 1005 solus
3100 966 3314 1020 pereas,

1730 1043 1894 1098 quam
1923 1037 2101 1084 tecum
2133 1032 2338 1102 pariter
2364 1034 2508 1089 sicut
2533 1036 2798 1094 hactenus
2821 1054 3012 1096 omnes
3042 1041 3137 1096 tibi
3165 1059 3317 1098 com-

1729 1120 1930 1176 missos
1973 1121 2029 1176 in
2069 1122 2362 1178 discrimen
2412 1126 2673 1184 adducas.
2723 1129 2828 1184 Sed
2867 1132 3050 1187 tamen
3084 1133 3318 1189 conﬁdi-

1729 1223 1875 1277 mus,
1905 1211 2032 1282 quia
2059 1211 2258 1268 tribuet
2281 1213 2376 1268 tibi
2402 1213 2667 1272 Dominus
2695 1219 2996 1274 secundum
3020 1235 3116 1279 cor
3136 1229 3314 1290 tuum,

1728 1315 1889 1370 quem
1942 1317 2050 1356 non
2105 1303 2312 1359 invenit
2361 1305 2618 1361 idoneum
2673 1308 2741 1363 ad
2790 1311 3032 1381 regimen
3085 1314 3316 1369 aliorum

1728 1393 2028 1449 secundum
2071 1411 2166 1450 cor
2206 1413 2390 1452 suum.
2441 1397 2500 1454 Si
2546 1399 2731 1470 itaque
2770 1401 2876 1456 alia
2921 1404 3008 1458 via
3050 1405 3174 1470 plus
3217 1405 3319 1462 tibi

1726 1484 1924 1554 placet,
1952 1494 2140 1542 nostra
2167 1487 2384 1544 licentia
2423 1489 2635 1560 depone
2679 1493 2976 1560 sarcinam,
3008 1509 3171 1564 quam
3209 1496 3316 1550 im-

1726 1569 2040 1647 posuit’tihi
2069 1578 2183 1633 sola
2218 1579 2338 1636 sine
2366 1581 2594 1637 caritate
2639 1583 2959 1649 necessitas,
3009 1593 3064 1639 et
3113 1586 3318 1642 sanctis

1727 1667 2070 1725 orationibus
2099 1671 2210 1730 tuis
2242 1671 2438 1741 adjuva
2467 1689 2555 1728 me
2583 1673 2640 1728 in
2663 1674 2765 1730 alia
2799 1675 2922 1730 navi
2954 1676 3312 1730 laborantem.

103 1760 214 1828 (I68)
239 1763 464 1819 ecclesia;
491 1763 723 1822 Pontius
747 1782 778 1820 a
803 1767 1028 1826 domino
1054 1785 1197 1841 papa
1220 1769 1502 1843 Gregorio,
1531 1774 1621 1845 qui

1730 1757 1920 1816 Saluto
1947 1776 2045 1831 per
2082 1769 2135 1817 te
2176 1762 2438 1818 domuum
2481 1747 2902 1838 Lugduneﬁsem
2951 1766 3319 1832 archiepisco-

101 1861 192 1921 post
215 1853 401 1925 aliquot
427 1873 606 1915 annos
638 1858 986 1922 infestatione
1025 1860 1262 1920 Heiurici
1307 1863 1438 1920 dicti
1483 1866 1626 1938 regis
1655 1853 1704 1869 ”
1730 1867 1880 1923 Dum:
1911 1853 1957 1909 εί
1987 1862 2167 1910 tamen
2199 1855 2543 1912 rationabilis
2572 1859 2874 1915 ηθθθδείωε
2909 1875 2939 1914 ³
2973 1861 3140 1916 “nius
3167 1859 3323 1915 07““

99 1945 326 2001 thbaciam
358 1948 592 2018 dimisit,
635 1952 848 2020 quesita
882 1967 914 2009 a
957 1953 1166 2010 domno
1207 1955 1467 2012 Anselmo
1513 1957 1625 2018 Luo

99 2034 212 2088 censi
235 2036 474 2108 episcopo
503 2039 744 2105 licentia,
776 2049 832 2098 et
863 2052 1081 2118 optenta
1126 2059 1224 2116 per
1271 2045 1389 2102 haec
1415 2046 1580 2104 verba
1609 2066 1623 2104 :

102 2124 184 2181 «P.
219 2128 557 2187 dilectissimo
603 2132 658 2187 in
689 2132 912 2190 Christo
944 2134 1230 2205 confratri,
1271 2138 1336 2193 A.
1379 2139 1624 2199 omnium

97 2217 414 2292 episcoporum
449 2223 737 2292 minimus,
786 2227 1019 2282 salutem
1065 2227 1120 2284 in
1167 2227 1406 2290 Christo.
1450 2228 1626 2286 Tanto

95 2310 406 2381 diligentiores
451 2330 556 2372 nos
603 2324 659 2371 et
705 2317 1051 2375 sollicitiores
1083 2334 1182 2376 vos
1225 2336 1352 2392 erga
1395 2321 1624 2377 salutem

96 2401 248 2457 animae
283 2412 382 2460 tua:
412 2421 536 2463 esse
568 2407 846 2477 convenit,
893 2419 1100 2481 quanto
1139 2412 1315 2484 magis
1347 2413 1414 2468 de
1439 2422 1624 2470 nostra

96 2492 272 2550 caritate
310 2493 621 2555 fraternitas
665 2508 760 2555 tua
808 2502 1062 2569 conﬁdit;
1115 2520 1212 2571 ne,
1267 2505 1414 2576 quod
1459 2505 1623 2573 absit,

96 2592 236 2640 nostra
278 2588 596 2661 negligentia
641 2601 892 2648 sanctum
927 2592 1179 2651 desiderii
1230 2596 1309 2651 tui
1351 2595 1622 2653 fervorem

95 2674 339 2746 extinguat,
373 2689 426 2735 et
458 2682 782 2750 sanguinem
821 2693 974 2740 tuum
1009 2685 1065 2743 in
1109 2687 1358 2743 districto
1407 2704 1509 2744 suo
1535 2692 1625 2758 ju-

96 2764 202 2824 dicio
225 2780 554 2841 omnipotens
583 2771 850 2831 Dominus
891 2775 956 2832 de
998 2793 1163 2832 manu
1209 2793 1329 2833 mea
1360 2779 1620 2849 requirat.

95 2855 263 2916 Credidi
322 2862 505 2919 domni
563 2864 777 2922 abbatis
822 2875 878 2922 et
939 2879 1144 2925 sancta;
1189 2872 1624 2941 congregationis

93 2945 209 3004 Casa:
230 2950 334 3020 Dei,
362 2969 575 3011 necnon
602 2958 931 3015 venerabilis
960 2961 1132 3030 patris
1167 2963 1342 3018 nostri
1384 2961 1449 3018 Η.
1481 2963 1625 3036 Lug-

92 3036 302 3099 dunensis
354 3045 750 3118 archiepiscopi
799 3049 1160 3111 obedientiam
1185 3093 1201 3118 ,
1262 3069 1388 3113 cum
1453 3054 1620 3112 bene-

1726 1943 2097 2005 internecione
2121 1955 2367 2004 excusat.
2419 1947 2478 2004 Si
2522 1950 2672 2006 enim
2711 1959 2807 2007 aut
2846 1953 3063 2021 timore,
3096 1960 3192 2008 aut
3216 1968 3314 2010 ne-

1726 2037 2004 2109 gligentia,
2048 2048 2146 2095 aut
2185 2040 2384 2110 quietis
2431 2041 2610 2098 noxia:
2653 2056 2842 2098 amore
2884 2053 3112 2099 matrem
3157 2060 3314 2101 suam

1725 2129 1969 2196 visitare,
2017 2139 2072 2187 et
2111 2131 2342 2187 liberare
2386 2132 2456 2190 de
2496 2147 2662 2190 manu
2696 2133 2887 2190 mortis
2915 2134 3146 2202 distulit,
3187 2151 3316 2192 reus

1724 2222 1830 2278 erit
1867 2222 2098 2293 judicio,
2135 2223 2248 2278 nisi
2287 2223 2407 2283 sine
2442 2239 2602 2280 mora
2638 2225 2826 2280 venire
2866 2233 2924 2280 et
2969 2226 3024 2281 in
3060 2227 3317 2285 omnibus

1725 2315 1979 2369 auxiliari
2006 2315 2296 2371 studuerit.
2323 2335 2342 2368 ι

1798 2405 1940 2476 (Fol.
1985 2407 2158 2478 HT.)
2201 2407 2501 2464 Destinavnt
2533 2417 2715 2465 autem
2748 2407 3006 2480 praefatus
3060 2425 3198 2480 papa
3241 2410 3310 2464 ad

1723 2496 2028 2553 visitandos
2057 2506 2112 2552 et
2144 2498 2580 2556 corroborandos
2610 2499 2922 2555 christianum
2952 2498 3075 2553 ﬁdei
3106 2513 3310 2569 propuo

1723 2597 1981 2659 gnatores
2025 2589 2091 2643 ad
2157 2604 2387 2660 regnum
2443 2589 2909 2645 Teuthouicorum
2961 2588 3314 2654 descendere,

1724 2679 1870 2751 quod
1899 2689 1954 2735 et
1985 2680 2185 2734 abillis
2212 2681 2398 2736 missis
2427 2681 2494 2735 ad
2541 2696 2725 2736 meum
2768 2681 3005 2745 nunciis,
3035 2680 3314 2749 quesitum

1722 2780 1860 2839 erat,
1897 2782 1959 2826 ut
2002 2772 2055 2826 in
2101 2787 2202 2827 sua
2245 2772 2533 2842 praesentia
2579 2773 2754 2843 magis
2801 2771 3084 2842 magisque
3131 2769 3310 2826 mani-

1723 2871 2018 2918 testaretur
2057 2863 2280 2918 iustitiae
2323 2864 2539 2934 regula,
2573 2863 2821 2922 scribens
2854 2864 2922 2919 ad
2952 2877 3144 2919 omnes
3170 2861 3316 2918 beati

1723 2955 1869 3012 Petri
1899 2956 2084 3012 ﬁdetes
2140 2956 2195 3011 in
2226 2957 2342 3012 haec
2367 2964 2534 3012 verba
2563 2975 2578 3012 :

1801 3069 1819 3101 ς
1856 3048 2154 3121 Gregorius
2201 3049 2348 3120 (169)
2396 3049 2723 3120 episcopus,
2787 3065 2980 3105 servus
3031 3063 3314 3104 servorum

91 3129 277 3190 dictione
303 3139 599 3207 apostolica
627 3139 929 3197 beatissimi
962 3143 1137 3213 patris
1173 3145 1346 3201 nostri
1391 3145 1456 3201 G.
1505 3162 1624 3202 om-
1649 3149 1694 3209 C.
1727 3141 1842 3209 Dei,
1863 3141 2130 3216 omnibus
2175 3142 2627 3212 archiepiscopis,
2663 3141 2955 3211 episcopis,
3001 3140 3311 3206 abbatibus.

93 3222 215 3280 nibus
243 3227 614 3300 iniquitatibus
640 3231 905 3303 majorem
937 3250 1081 3302 esse,
1106 3243 1298 3293 etmon
1329 3237 1507 3294 solum
1551 3240 1621 3295 ad

90 3313 414 3391 detergendam
438 3339 661 3379 omnem
689 3326 960 3381 maculam
985 3327 1300 3400 iniquarum
1335 3331 1623 3404 cogitatio-

91 3423 210 3478 num,
232 3427 404 3475 verum
431 3415 603 3471 etiam
633 3415 700 3472 ad
731 3419 1146 3488 promerendam
1179 3411 1422 3492 requiem
1465 3432 1622 3482 aeter-

89 3513 183 3560 nam
206 3517 348 3572 posse
370 3505 644 3574 suﬁicere,
676 3507 784 3563 nisi
810 3517 868 3564 tu
893 3526 1004 3565 non
1033 3497 1305 3569 credendo
1339 3513 1620 3586 indignum

87 3586 297 3659 cfﬁceres,
323 3603 376 3650 et
397 3597 630 3667 gratiam
657 3597 753 3653 Dei
778 3598 833 3652 in
862 3615 1096 3656 vacuum
1121 3603 1410 3674 reciperes.
1447 3604 1622 3662 Omne

85 3677 196 3733 enim
221 3683 351 3752 quod
381 3701 490 3740 non
524 3696 610 3743 est
636 3703 702 3744 ex
738 3688 862 3756 ﬁde,
888 3701 1171 3760 peccatum
1213 3704 1316 3760 est,
1364 3697 1439 3751 ita
1473 3704 1534 3752 ut
1561 3697 1619 3753 in

87 3767 150 3860 liis
171 3772 314 3830 etiam
351 3777 442 3848 qui
482 3779 701 3834 tradere
744 3781 994 3838 videntur
1020 3799 1250 3856 corpora
1277 3803 1376 3844 sua
1400 3796 1620 3860 propter

86 3857 216 3924 Deum
246 3866 308 3920 ad
336 3869 624 3940 supplicia,
665 3887 814 3927 mors
855 3885 1128 3944 operetur,
1177 3894 1285 3934 non
1331 3857 1460 3947 vita,
1502 3857 1615 3936 vim

84 3963 131 4003 ex
169 3969 251 4008 sua
299 3956 592 4026 difﬁdentia
639 3962 1043 4031 quodammodo
1099 3969 1456 4039 omnipotenti
1505 3971 1618 4029 Deo

81 4044 398 4119 diﬁicultatem,
432 4055 750 4125 perﬁciendi
796 4057 1026 4128 ingerat,
1074 4059 1170 4130 qui
1215 4075 1407 4117 omnes
1435 4061 1618 4118 salvos

83 4133 168 4191 ﬁeri
192 4139 464 4213 desiderat,
494 4147 640 4206 sicut
673 4148 790 4218 ipse
824 4149 878 4204 in
904 4149 1195 4222 Evangelia
1218 4151 1350 4208 dicit
1379 4171 1392 4208 :
1421 4173 1440 4206 ‹
1467 4154 1616 4214 Gali-.-

80 4241 168 4282 cem
188 4247 349 4290 meum
371 4237 594 4306 bihetis,
617 4241 806 4296 sedere
826 4252 1007 4305 autem
1034 4243 1103 4304 ad
1130 4243 1410 4303 dexteram
1437 4261 1616 4302 meam

80 4316 141 4369 vel
163 4321 220 4374 ad
246 4323 544 4395 sinistram,
591 4343 703 4384 non
732 4338 816 4386 est
853 4347 1034 4386 meum
1063 4332 1194 4392 dare
1219 4333 1394 4390 vobis.
1427 4353 1446 4386 ι
1495 4333 1615 4394 Tibi

79 4402 221 4477 itaque
243 4413 528 4485 obedienti,
563 4418 656 4473 tibi
688 4418 917 4476 ﬁrmiter
947 4421 1217 4490 credenti,
1253 4423 1354 4488 tibi.
1394 4441 1611 4484 omnem

1721 3235 1976 3302 ducibus,
2006 3236 2435 3300 marchiouibus,
2461 3234 2752 3290 comitibus
2773 3234 3138 3304 omnibusque
3165 3232 3311 3287 chri-

1720 3331 1957 3386 stianam
1981 3339 2037 3386 et
2059 3330 2203 3386 beati
2231 3329 2377 3384 Petri
2408 3329 2568 3384 fidem
2601 3337 2656 3384 et
2680 3328 2984 3384 doctrinam
3013 3326 3313 3381 defenden-

1719 3423 1868 3478 tibus
1894 3431 1949 3479 et
1971 3422 2410 3488 observantibus,
2462 3421 2516 3475 in
2567 3421 2718 3476 omni
2764 3434 2934 3491 regno
2971 3417 3311 3473 Theutlioni-

1718 3531 1910 3572 eorum
1937 3513 2328 3580 habitantibus,
2371 3513 2602 3568 salutem
2633 3521 2688 3568 et
2713 3528 2810 3582 per
2837 3511 3122 3566 beatorum
3163 3507 3310 3564 Petri

1718 3617 1773 3662 et
1794 3607 1949 3662 Pauli
1975 3605 2408 3661 benedictionem
2439 3603 2686 3659 omnium
2715 3611 3062 3674 peccatorum
3090 3601 3312 3657 absolu-

1715 3698 1942 3754 tionem.
2004 3696 2117 3768 Ego
2159 3697 2578 3767 qualiscumque
2623 3695 2878 3751 sacerdos
2935 3693 3309 3766 apostolorum

1717 3789 2001 3864 principis,
2035 3807 2054 3840 ι
2100 3796 2204 3843 etc.

1787 3880 1996 3952 (1076.)
2031 3879 2223 3935 Plures
2261 3878 2446 3950 itaque
2487 3877 2726 3944 illorum,
2753 3892 2894 3947 quos
2927 3875 2982 3931 iu
3023 3876 3308 3948 apostolici

1716 3972 2058 4044 depositione
2083 3971 2389 4042 desipuisse
2415 3971 2676 4037 diximus,
2709 3971 2927 4041 cognito
2960 3977 3183 4040 peccato
3221 3970 3308 4024 in-

1716 4065 2055 4128 obedientiaa,
2093 4063 2393 4135 penitentia
2438 4063 2609 4130 ducti,
2653 4062 2721 4117 ad
2757 4061 2928 4118 Deum
2977 4071 3100 4132 post
3127 4072 3307 4122 errata

1716 4158 1923 4213 reversi
1954 4165 2104 4222 sunt,
2132 4157 2377 4212 levantes
2403 4156 2472 4210 ad
2494 4154 2666 4210 Deum
2690 4154 2882 4210 faciem
2906 4156 3110 4221 cordis,
3143 4171 3172 4210 a
3197 4172 3310 4227 quo

1716 4251 2058 4300 recesserant
2100 4241 2493 4298 consentiendo
2534 4241 2828 4311 iniquitati.
2877 4239 3207 4311 Replebatur
3245 4255 3310 4294 os

1715 4351 1908 4392 eorum
1945 4332 2441 4404 increpationibus,
2494 4340 2550 4387 et
2595 4331 2724 4386 dum
2773 4339 2964 4386 contra
3005 4347 3065 4386 se
3109 4331 3310 4386 subtile

1711 4423 2010 4495 iudicantis
2031 4422 2123 4478 Dei
2154 4437 2385 4479 examen
2409 4420 2937 4491 contemplabantur,
2967 4419 3157 4490 culpas
3176 4435 3309 4474 suas

80 4508 195 4564 spem
233 4510 371 4560 tuam
419 4507 477 4562 in
520 4508 722 4564 virtute
771 4520 973 4566 sauctze
1017 4512 1263 4575 ecclesiae
1329 4514 1615 4576 collocanti
1646 4511 1974 4576 Dlamentis
2017 4514 2468 4586 insequebantur,
2513 4529 2679 4584 seque
2717 4512 3008 4584 penitendo
3053 4511 3304 4580 increpa-

77 4595 299 4658 promissa
338 4609 422 4655 est
467 4602 660 4669 venia,
711 4601 806 4657 tibi
855 4619 982 4658 vero
1024 4603 1170 4666 aliud
1215 4606 1417 4677 agenti,
1465 4607 1612 4664 aliud

79 4681 328 4757 simulanti,
355 4693 504 4759 nulla
536 4693 863 4764 relinquitur
891 4694 1106 4763 ﬁducia,
1140 4696 1187 4753 si
1231 4713 1430 4768 corpus
1455 4707 1612 4764 tuum

77 4775 315 4837 tradideris
341 4783 414 4850 ita
449 4792 513 4840 ut
537 4785 750 4853 ardeat.
791 4785 913 4844 Scis
948 4787 1077 4858 quia
1121 4789 1397 4847 multoties
1423 4791 1477 4847 in
1508 4792 1612 4852 ﬁde

76 4878 165 4920 mea
204 4878 251 4925 te
287 4877 522 4946 suscepi,
568 4877 673 4940 hac
715 4886 898 4934 tamen
938 4879 1287 4949 condicione,
1332 4891 1393 4942 ut
1421 4899 1610 4941 curam

75 4959 307 5028 regiminis
357 4966 454 5022 tibi
509 4967 812 5038 injunctam
875 4985 1002 5025 cum
1053 4971 1204 5030 omni
1248 4972 1641 5035 sollicitudine.

71 5050 296 5123 cxiberes,
341 5076 444 5116 nec
491 5062 722 5119 ulterius
763 5063 961 5130 animae
1005 5071 1135 5130 tute,
1179 5065 1321 5120 sicut
1366 5074 1424 5127 tu
1470 5068 1611 5123 male

72 5142 306 5214 credebas,
351 5151 658 5207 custodiam
700 5152 982 5209 commissi
1023 5153 1122 5209 tibi
1158 5155 1342 5226 gregis.
1369 5157 1610 5213 necessi-

74 5232 239 5320 tatibus
275 5254 647 5320 preponeres;
691 5259 800 5297 non
850 5258 976 5314 qua
1015 5251 1109 5298 tua
1153 5252 1308 5314 sunt,
1351 5245 1446 5300 sed
1487 5262 1609 5317 qua:

72 5318 260 5381 aliorum
294 5318 624 5388 attenderes.
673 5332 778 5388 Sed
818 5344 877 5389 ut
918 5334 1104 5402 video,
1149 5335 1296 5391 nulla
1337 5337 1548 5394 ratione
1575 5355 1608 5394 a

1716 4610 1849 4665 bant
1871 4609 2062 4680 quales
2086 4607 2322 4672 fuerant,
2367 4623 2554 4664 amara
2580 4621 2640 4662 se
2665 4605 2975 4677 penitentiae
3002 4604 3308 4660 invectione

1715 4707 2126 4771 persequentes.
2177 4696 2479 4752 Penitentis
2518 4697 2664 4752 enim
2713 4705 2796 4752 est
2844 4696 3122 4766 proprium
3172 4703 3307 4751 tunc

1715 4791 1904 4866 culpas
1937 4789 2215 4860 plangere,
2260 4804 2385 4844 cum
2423 4787 2554 4859 quid
2587 4787 2756 4860 egerit
2792 4787 3019 4857 coeperit
3051 4802 3304 4856 pensare,

1714 4891 1768 4936 et
1821 4889 1951 4935 tunc
1985 4880 2240 4935 subtilius
2283 4895 2542 4950 pensare,
2585 4893 2710 4934 cum
2764 4877 3051 4933 sollicitius
3099 4879 3308 4948 ceperit

1713 4973 1988 5046 plangere.
2031 4969 2117 5027 Hii
2158 4986 2288 5042 ergo
2322 4969 2666 5025 absolutione
2694 4968 2923 5039 quaesita
2963 4976 3018 5023 et
3060 4969 3304 5036 obtenta,

1714 5063 2003 5119 consilium
2030 5063 2297 5118 dederunt
2320 5061 2455 5132 regi,
2485 5067 2546 5116 ut
2571 5061 2716 5116 sicut
2737 5058 2840 5130 ipsi
2865 5068 3024 5117 erant
3041 5061 3307 5126 absoluti,

1712 5155 1785 5210 ita
1817 5164 1872 5210 et
1907 5155 2025 5225 ipse
2071 5155 2316 5211 studeret
2361 5151 2570 5208 absolvi
2618 5152 2852 5209 vinculis
2898 5151 3308 5215 anathematis;

1711 5247 2060 5318 adjicientes,
2113 5245 2242 5317 quia
2293 5244 2342 5300 si
2395 5260 2573 5300 annus
2624 5245 2967 5301 clauderetur
3007 5252 3306 5314 antequam

1712 5339 2124 5404 absolveretur,
2174 5335 2325 5392 omni
2369 5351 2560 5393 eorum
2609 5337 2832 5393 servitio
2876 5337 3200 5408 privaretur,
3249 5349 3310 5400 et

1313 5471 1543 5530 VARIA‘J
1581 5469 1984 5528 LECTIONES.

1515 5613 1746 5670 ΝΟΤᾹΞ.

128 5529 186 5563 ⁵⁸³
221 5534 466 5617 Suscepit
493 5540 694 5608 supple.

148 5696 252 5764 i68)
286 5699 517 5756 Frainet.

147 5767 250 5840 169)
287 5768 504 5843 Legitur
529 5782 583 5828 et
611 5773 666 5828 in
693 5771 1069 5832 Bernriedensi
1115 5791 1160 5830 ς.
1201 5775 1287 5843 83,
1337 5778 1466 5833 etin
1500 5778 1683 5834 codice
1713 5779 1952 5836 Udalrici
1980 5779 2097 5835 146.
2145 5778 2490 5852 (Patrologia:
2519 5786 2649 5833 tom.
2681 5773 2991 5845 CXLVIII.)
