3878 6310
535 338 641 394 319

1570 331 1871 391 nucoms
1908 330 2201 388 aneane
2238 313 2816 417 FLAVINIAQENSIS‘
3703 323 3785 377 39.0

537 458 776 530 “niliius
801 471 903 527 1)το
926 470 1056 528 νεεδ
1084 469 1196 511 non
1222 453 1535 519 haberem?!
1566 453 1695 524 (ιιιὶει
1731 452 1787 506 in
1824 452 1944 522 eius
1970 464 2127 507 com‘
2156 453 2203 511 Α
2231 465 2547 538 desperati,
2590 463 2799 534 absque
2839 460 3030 517 domm
3074 475 3227 531 papa:
3272 459 3506 516 consilio
3553 458 3791 530 elegerunt

539 552 805 608 munione
822 549 912 605 vel
936 548 1156 605 servitio
1172 547 1310 603 certi
1334 553 1494 602 erant
1512 545 1579 601 de
1602 544 1909 602 imminenti
1933 543 2131 599 animae

540 641 806 715 periculo.
836 639 943 696 Sed
979 639 1072 710 qui
1102 638 1401 694 ﬁeditatem
1427 650 1544 691 sua:
1580 633 1919 690 inﬁrmitatis
1943 631 2129 688 cousi-

543 735 738 791 derare
766 732 1086 804 negiigebat,
1115 729 1213 786 sed
1239 744 1339 800 per
1366 726 1621 784 elationis
1649 725 1852 782 fastum
1878 723 2133 797 potentiae

545 840 663 882 suae
686 822 915 894 gloriam
939 820 1274 887 attendebat,
1318 818 1606 875 unde‘sibi
1651 816 1941 890 gloriosior
1976 804 2138 872 vide-4

545 918 729 982 batur,
761 915 886 970 inde
907 913 1290 980 descendebat,
1320 919 1376 966 et
1399 910 1546 966 unde
1570 925 1631 965 se
1655 908 1954 981 gloriosum
1988 906 2135 979 iudi-

546 1006 727 1071 cabat,
762 1003 888 1059 inde
920 1003 977 1058 in
1000 1003 1111 1058 ima
1151 1001 1395 1057 deterius
1420 998 1731 1056 corruebat.
1770 995 1844 1053 Ut
1880 996 2027 1052 enim
2061 995 2140 1050 ait

546 1097 692 1152 idem
711 1095 829 1165 ipse
852 1092 1143 1150 Heiuricus
1166 1094 1225 1149 in
1247 1092 1477 1166 epistola
1504 1091 1771 1148 Romanis
1789 1090 2015 1157 directa,
2042 1088 2136 1145 ubi

544 1204 673 1245 cum
714 1186 900 1242 omnia
939 1185 1198 1243 falsitatis
1222 1194 1278 1242 et
1300 1184 1572 1242 mendacii
1594 1185 1758 1258 plena
1786 1183 1917 1250 sint,
1952 1182 2007 1237 in
2034 1181 2140 1236 hoc

543 1296 658 1336 uno
700 1277 917 1336 veritati
950 1280 1079 1336 licet
1120 1280 1315 1335 nolens
1353 1278 1505 1346 favit,
1553 1278 1659 1335 sub
1701 1277 1883 1349 specie
1925 1274 2140 1331 timoris

544 1375 738 1444 divini,
765 1391 876 1431 non
901 1375 956 1429 in
995 1375 1227 1431 veritate
1247 1375 1531 1431 catholica:
1558 1373 1706 1444 pacis
1742 1369 1986 1428 consiliis
2022 1368 2142 1423 illo-

546 1483 669 1523 rum
697 1468 1053 1538 adquieswre
1091 1481 1153 1523 se
1193 1466 1366 1522 ﬁnxit.
1401 1465 1541 1537 (Fol.
1576 1463 1735 1534 118.)
1776 1460 1982 1534 Verum
2015 1472 2141 1526 nos,

546 1560 751 1629 quibus
788 1556 1041 1614 Christus
1072 1558 1228 1625 ﬁdes,
1269 1557 1524 1613 Christus
1561 1554 1856 1626 refugium,
1891 1551 2145 1607 Christus

548 1658 635 1707 est
658 1645 947 1716 solatium,
983 1650 1178 1705 uenias
1202 1649 1321 1719 ejus
1346 1648 1618 1704 diabolico
1652 1647 1721 1702 ab
1745 1658 1842 1701 ore
1877 1648 2145 1709 ructatas,

2233 559 2339 616 sibi
2362 554 2659 612 Rodulfnm
2681 552 2881 608 ducem
2904 551 2961 606 in
2985 565 3188 620 regem.

2305 647 2575 725 Rodulfus
2624 645 2792 716 igitur
2841 641 3172 698 festinanter
3200 641 3371 695 misso
3409 638 3642 707 uuncio,
3685 638 3791 697 indi-

2233 740 2376 799 cavit
2408 754 2467 795 se
2503 734 2726 809 quidem
2761 741 3014 799 coactum
3043 730 3604 803 regni'gubernacula
3640 745 3792 787 suate-

2231 832 2402 904 pisse,
2431 838 2617 884 tamen
2651 841 2713 881 se
2751 830 3006 895 paratum
3045 822 3251 877 domno
3278 834 3438 891 papae
3480 818 3538 873 in
3583 819 3794 876 omnibus

2235 922 2475 978 obedire.
2506 918 2571 972 Et
2597 916 2851 973 eumdem
2884 929 3101 985 semper
3133 913 3468 985 promittens
3506 925 3791 966 sermonem.

2235 1012 2434 1083 adiecit
2475 1011 2662 1076 etiam,
2690 1006 2803 1062 ﬁlio
2842 1020 2947 1062 suo
2986 1005 3115 1060 dato
3159 1001 3350 1058 obside
3381 1001 3629 1069 itemque
3661 1001 3793 1055 ﬁdeiis

2237 1105 2323 1163 sui
2364 1103 2522 1160 ducis
2569 1099 2813 1156 Bertaldi
2860 1098 3008 1165 ﬁiio,
3054 1096 3203 1167 quod
3249 1092 3610 1165 promittebat
3650 1109 3791 1147 sacra-

2238 1209 2425 1256 mento
2452 1197 2693 1252 ﬁrmare.
2724 1193 2936 1250 Interea
2962 1193 3128 1248 etiam
3179 1189 3475 1246 IIeinricus
3514 1189 3793 1259 precabatur

2238 1306 2364 1347 eum
2393 1333 2408 1356 ,
2469 1297 2528 1344 ut
2574 1290 2768 1343 contra
2823 1281 3121 1339 Rodulfum
3182 1296 3310 1336 eum
3369 1279 3672 1350 adiuvaret.
3720 1278 3792 1334 Cui

2240 1382 2478 1437 domnus
2498 1393 2637 1450 papa
2659 1373 2944 1447 respondit
2969 1389 3027 1430 se
3052 1372 3289 1428 libenter
3319 1369 3621 1433 facturum,
3654 1368 3793 1421 audita

2241 1472 2529 1541 utriusque
2555 1468 2729 1539 partis
2757 1464 2989 1532 ratione,
3017 1472 3080 1518 ut
3102 1462 3267 1518 sciret
3298 1461 3385 1517 cui
3425 1458 3639 1531 institia
3666 1459 3791 1527 magis

2244 1566 2469 1623 faveret.
2494 1563 2671 1631 Quam
2699 1559 3112 1632 responsionem
3140 1554 3473 1625 contempsit
3500 1551 3646 1611 inani
3665 1551 3793 1606 elatus

2246 1672 2489 1724 rumore,
2535 1664 2737 1725 putans
2775 1666 2903 1709 eum
2952 1650 3070 1707 suis
3118 1647 3423 1723 se'viribns
3460 1661 3623 1718 posse
3649 1644 3790 1700 devin-

551 1742 857 1813 iniquitatis
899 1724 1112 1798 calam'o
1151 1742 1414 1808 dictatas,
1455 1737 1801 1797 confusionis
1842 1741 2148 1792 atramento
2176 1802 2218 1816 _
2249 1765 2393 1807 cera
2426 1724 2582 1804 Μοιίε
2610 1746 2758 1803 enim
2786 1744 2909 1816 ejus
2955 1757 3066 1814 quo
3114 1738 3440 1811 procellosis
3476 1746 3685 1792 actuum
3712 1750 3794 1788 mo-

548 1834 815 1905 signatas,
849 1850 882 1890 a
922 1835 1187 1891 memoria
1223 1834 1495 1890 bonorum
1525 1832 1770 1888 omnium
1800 1827 2141 1899 repellentes,

2259 1844 2399 1902 tibus
2439 1802 2835 1908 concitabatur:
2868 1853 2935 1895 eo
2968 1837 3039 1893 ab
3075 1836 3306 1890 internae
3337 1831 3626 1903 sapientia:
3661 1828 3794 1901 quiete

550 1924 688 1997 quid
736 1926 935 1997 egerit,
979 1926 1254 1997 quomodo
1302 1924 1727 1991 absolutionem,
1769 1926 2035 1992 quantum
2074 1916 2143 1973 ad

550 2018 843 2075 exterioris
887 2018 1131 2076 hominis
1179 2016 1556 2075 habitudinem
1581 2059 1598 2084 ,
1644 2012 1964 2086 optinuerit,
2016 2025 2147 2066 cum

555 2126 715 2168 sacra
755 2112 1026 2183 scriptura
1066 2119 1320 2178 testatur,
1349 2110 1481 2182 quia
1519 2110 1615 2180 qui
1656 2109 1777 2164 ﬁcte
1805 2106 1978 2162 Deum
2011 2118 2146 2175 que-

553 2212 705 2272 runt,
736 2219 1040 2277 numquam
1068 2203 1314 2260 invenire
1340 2211 1642 2268 merentur,
1670 2216 1738 2257 ex
1767 2199 1948 2268 verbis
1973 2196 2148 2269 patris

554 2299 731 2354 nostri
763 2314 890 2368 sepe
908 2297 1013 2353 fari
1042 2298 1336 2354 audiamus
1361 2338 1375 2352 .

633 2406 653 2438 ι
687 2386 983 2459 Gregorius
1004 2388 1317 2471 episcopus,
1343 2401 1536 2443 servus
1562 2398 1846 2442 servorum
1878 2381 2001 2451 Dei,
2032 2396 2150 2438 om-

556 2476 722 2532 nibus
749 2476 1199 2547 archiepiscopis,
1230 2475 1503 2547 episcOpis
1554 2474 1809 2540 ducibus,
1858 2471 2148 2527 comitibus

555 2569 866 2640 ceterisque
910 2569 1196 2640 priucibus
1243 2568 1398 2641 regni
1437 2565 1943 2622 Theuthouicorum
1986 2561 2152 2617 Chri-

554 2659 792 2714 stianam
815 2658 976 2716 ﬁdem
992 2658 1428 2727 defendentibus,
1455 2658 1687 2714 salutem
1714 2663 1768 2711 et
1792 2654 2146 2726 apostolicam

554 2752 1006 2812 benedictionem.
1044 2755 1316 2823 Quoniam
1336 2770 1439 2827 pro
1470 2769 1659 2810 amore
1699 2753 1946 2824 iustitiae,
1979 2771 1997 2803 ι
2039 2759 2143 2805 etc.

565 2846 698 2903 Vide
759 2850 901 2903 inter
946 2848 1210 2920 epistolas
1291 2847 1537 2921 Gregorii
1613 2844 1725 2901 VII
1751 2888 1766 2913 ,
1837 2842 2144 2914 Pati-0109.,

559 2948 600 2995 t.
650 2939 930 2996 CXLVIII.

632 3030 792 3097 Quod
834 3043 1238 3087 sacramentum
1279 3045 1449 3103 quam
1490 3045 1687 3101 parum
1717 3043 1814 3083 rex
1846 3025 2155 3093 attenderit,

560 3122 682 3179 haec
704 3124 936 3193 epistola
962 3134 1119 3180 notat
1143 3143 1157 3179 :

641 3237 662 3272 ς
690 3218 991 3292 ϐτεεοινὶιιε
1016 3219 1330 3291 episcopus,
1362 3234 1554 3276 servus
1598 3230 1883 3273 servorum
1917 3214 2031 3281 Dei,
2070 3214 2155 3270 die

561 3312 878 3370 lectissimis
907 3312 963 3367 in
984 3299 1205 3369 Chﬁsto
1233 3311 1496 3368 fratribus
1524 3320 1578 3367 et
1604 3310 1750 3378 ﬁliis,
1792 3309 2159 3380 archiepisco-

563 3404 681 3476 pis,
739 3404 1013 3475 episcopis
1038 3444 1055 3469 ,
1121 3404 1353 3459 ducibus
1376 3445 1392 3471 ,
1452 3403 1745 3459 comitibus
1772 3445 1787 3470 ,
1839 3401 2159 3470 ceterisque

564 3496 927 3569 principibus,
965 3511 1093 3552 cum
1117 3496 1268 3553 omni
1299 3496 1503 3577 populo
1547 3496 1702 3567 regni
1728 3495 2159 3551 Teutonicorum

563 3588 941 3644 Christianam
997 3587 1161 3644 ﬁdem
1226 3596 1282 3645 et
1342 3588 1664 3661 religionem
1721 3587 2160 3656 defendentibus,

569 3680 800 3737 salutem
840 3687 896 3737 et
927 3681 1285 3752 apostolicam
1315 3682 1768 3739 benedictionem.

649 3792 667 3826 ι
698 3771 852 3828 Sicut
896 3772 952 3827 in
991 3773 1268 3844 prioribus
1305 3775 1500 3832 litteris
1544 3786 1599 3832 et
1639 3777 1943 3848 legatorum
1981 3773 2167 3831 verbis

567 3863 727 3920 vobis
756 3864 1206 3935 signiﬁcavimus,
1238 3886 1257 3918 ι
1303 3875 1409 3923 etc.
1467 3860 1616 3936 Vide,
1653 3868 1810 3935 ibid.,
1845 3886 1901 3924 n.
1933 3867 2021 3923 55.

641 3955 749 4024 Qui
777 3963 959 4012 autem
983 3954 1189 4039 fuerint
1215 3957 1293 4013 hii
1318 3958 1507 4014 domui
1532 3975 1687 4030 papa
1709 3959 1872 4030 legati
1899 3957 2071 4030 (-170),
2102 3970 2169 4012 ex

571 4048 755 4104 verbis
786 4046 930 4118 regis
970 4048 1305 4118 accepimus,
1345 4048 1643 4106 Paduanus
1684 4048 1894 4105 scilicet
1920 4057 1973 4105 et
2003 4046 2170 4103 Alba-

572 4154 681 4195 nus
726 4139 970 4212 episcopi
1011 4140 1255 4212 (171),.a
1299 4140 1503 4212 quibus
1542 4140 1708 4197 etiam
1747 4141 1803 4196 in
1844 4138 2173 4211 Wizeburge

573 4231 819 4304 synodus
845 4242 930 4290 est
964 4234 1168 4290 habita.
1218 4232 1353 4306 Regi
1396 4234 1584 4305 itaque
1625 4232 1853 4305 praefato
1890 4231 2169 4299 Heinrico,

575 4331 639 4379 ut
675 4324 732 4379 in
770 4326 956 4383 verbis
984 4326 1171 4383 domui
1208 4342 1363 4398 papae
1389 4326 1644 4398 colligere
1689 4341 2007 4397 possumus,
2057 4324 2174 4381 sola

573 4422 674 4471 est"
703 4417 1112 4474 communionis
1161 4418 1335 4489 gratia
1375 4418 1585 4474 reddita
1629 4417 1800 4491 (172),
1839 4431 1950 4472 non
1993 4425 2175 4472 tamen

575 4521 746 4579 regno
796 4508 1111 4566 restitutus.
1160 4523 1265 4564 nec
1305 4507 1540 4564 ﬁdelitas
1575 4507 1823 4564 omnium
1892 4507 1987 4578 qui
2012 4507 2061 4563 ei
2089 4507 2175 4564 vel

573 4600 896 4673 iuraverant
936 4603 1025 4657 vel
1071 4602 1312 4674 iuraturi
1364 4610 1552 4669 erant,
1602 4611 1662 4657 ut
1708 4602 1811 4657 sibi
1860 4611 2171 4658 servaretur

578 4702 910 4764 praeceptum
932 4702 1035 4750 est.
1068 4694 1209 4768 (Act.
1236 4696 1407 4766 conc.)
1434 4693 1590 4762 Quod
1622 4694 1743 4750 ideo
1771 4704 2040 4751 retentum
2068 4705 2171 4763 est,

584 4791 649 4838 ut
694 4783 838 4840 inter
882 4799 1011 4839 eum
1054 4794 1109 4841 et
1157 4785 1432 4857 principes
1480 4786 1936 4853 ultramontanos,
1983 4786 2078 4856 qui
2123 4784 2175 4840 ei

2247 1949 2412 2012 atque
2438 1934 2734 1994 stabilitate
2757 1931 3194 2004 disiungebatur.
3223 1927 3361 1995 Quia
3392 1925 3549 1980 enim
3574 1921 3791 1978 malicialn

2246 2011 2462 2102 tegebat
2497 2027 2553 2082 in
2590 2024 2776 2092 corde,
2810 2039 2908 2079 ore
2938 2030 3121 2078 autem
3158 2017 3539 2075 blandimenta
3578 2011 3792 2075 exibelnt,

2247 2122 2380 2194 quia
2405 2119 2763 2192 cegitationes
2793 2130 2924 2172 suas
2960 2112 3278 2184 duplicitate
3302 2107 3672 2172 obnubilabat,
3698 2105 3791 2194 quia

2246 2189 2503 2293 puritatis
2548 2214 2713 2271 verba
2749 2210 2911 2284 quasi
2955 2207 3260 2265 fatuitatem
3284 2203 3603 2276 indicabat,
3642 2209 3687 2256 et
3713 2189 3795 2253 via‘

2250 2290 2526 2382 simplices
2570 2302 2898 2361 innocentia:
2943 2298 3271 2364 declinabat,
3316 2295 3529 2350 idcirco
3572 2290 3791 2363 sapientia

2249 2398 2645 2469 tranquillitate
2672 2392 2879 2466 perfrui
2907 2404 3255 2461 nequaquam
3293 2391 3533 2457 poterat.

2321 2490 2492 2562 Igitur
2534 2489 2772 2544 domnus
2821 2499 2962 2555 papa
3010 2479 3161 2554 quod
3194 2486 3436 2550 coeperat
3466 2483 3531 2531 ut
3568 2472 3789 2547 perficeret

2255 2581 2589 2639 omnimodis
2638 2576 2980 2642 intendebat,
3016 2587 3255 2645 querens
3298 2570 3567 2624 ducatum
3618 2563 3793 2636 qualiter

2262 2671 2330 2729 ad
2356 2668 2860 2727 Theuthouicorum
2892 2676 3122 2736 regnum
3148 2659 3446 2724 transiret,
3481 2671 3537 2714 et
3566 2672 3627 2710 eo
3668 2653 3791 2723 magis

2265 2765 2610 2829 anxiabatur,
2656 2776 2768 2832 quo
2794 2758 2970 2831 magis
3006 2754 3160 2826 regni
3203 2762 3380 2808 status
3411 2749 3725 2806 turbabatnr.
3749 2744 3793 2797 Et

2266 2859 2525 2931 qaoniam
2570 2856 2755 2912 fideles
2797 2853 2890 2907 illo
2932 2852 3139 2921 legatos
3166 2845 3544 2902 destinaverat
3569 2842 3653 2913 qui
3679 2848 3787 2893 rutu-

2261 2928 2386 3006 rum
2421 2949 2541 3019 eius
2583 2961 2696 3001 non
2741 2956 2937 3014 segnes
2969 2946 3332 3009 cxequntores
3361 2941 3573 3001 essent,
3599 2928 3793 2988 misileis

2262 3039 2528 3110 speciales
2557 3052 2658 3109 pro
2705 3035 2811 3090 hoc
2861 3029 3091 3104 uegocio
3129 3028 3359 3093 litteras,
3391 3024 3637 3082 scribens
3660 3020 3722 3075 cis
3744 3019 3789 3072 ab
3830 3094 3831 3099 η

2184 3164 2230 3225 C
2262 3131 2455 3225 Italia}

2338 3245 2356 3276 ι
2401 3222 2700 3293 Gregorius
2751 3218 3083 3289 episcopus,
3135 3227 3329 3268 servus
3382 3224 3658 3265 servorum
3698 3200 3788 3261 Dei.

2257 3291 2541 3370 Bel-nardo
2571 3318 2777 3367 sancta:
2808 3307 3070 3363 Romana:
3102 3301 3346 3358 ecclesia:
3371 3294 3602 3354 diacono
3624 3303 3668 3349 et
3699 3291 3790 3344 Ber-

2261 3406 2432 3461 nardo
2484 3400 2811 3459 Massiliensi
2876 3397 3080 3463 abbati,
3113 3395 3347 3451 salmem
3400 3400 3458 3447 et
3507 3384 3788 3460 apostolicam

2262 3492 2717 3554 benedictionem.
2756 3487 3104 3547 Frateruitati
3128 3494 3325 3543 vestrm
3366 3492 3560 3538 notum
3581 3494 3697 3535 esse.
3718 3489 3789 3528 non

2264 3589 2615 3661 ambigimus,
2663 3605 2682 3637 ι
2725 3593 2829 3640 etc.
2869 3580 3068 3655 (1⁸75),·

2336 3678 2468 3734 Item
2499 3676 2569 3732 ad
2596 3677 2840 3746 reliquos
2870 3671 3059 3727 ﬁdeles
3089 3711 3100 3722 .

2345 3790 2363 3823 ε
2382 3768 2679 3840 Gregorius
2699 3765 3216 3836 episcopus,‘servus
3236 3763 3525 3815 servorum
3538 3750 3641 3817 Dei,
3662 3754 3790 3803 arem-

2266 3834 2560 3934 episcopis,
2581 3834 3162 3928 episcopis,iducibus,
3187 3847 3485 3905 comitibus
3509 3853 3560 3901 et
3587 3834 3789 3897 universis

2268 3931 2477 4010 Christi
2498 3949 2750 4006 ﬁdelibus
2773 3948 2828 4001 in
2851 3961 3020 4017 regno
3035 3942 3541 3997 Theuthouicorum
3558 3931 3789 3991 consisten-

2270 4045 2441 4112 tibus,
2465 4043 2699 4099 salutem
2722 4048 2776 4096 et
2797 4037 3152 4110 apostolicam
3181 4031 3629 4088 benedictionem.

2270 4108 2436 4195 vobis
2451 4135 2568 4192 ﬁeri
2594 4108 2877 4200 volumus,
2907 4129 3105 4185 fratres
3133 4123 3446 4190 karissimi,
3476 4142 3496 4175 ι
3534 4127 3629 4175 etc.
3662 4108 3787 4183 (lii).

2254 4230 2259 4234 ’
2345 4227 2557 4286 Interea
2602 4224 2891 4282 Heinricus
2912 4264 2926 4290 ,
2975 4220 3107 4292 quia
3164 4215 3435 4272 aﬂ'ectatis
3484 4202 3788 4281 iniquitatibus
3830 4204 3831 4207 “

2273 4323 2394 4394 eius
2423 4321 2764 4391 subsequens
2786 4313 3004 4371 favebat
3033 4310 3283 4377 effectus,
3298 4306 3465 4373 bella,
3481 4304 3645 4363 cedes,
3667 4292 3790 4351 homi-

2277 4391 2419 4473 cidia
2447 4428 2545 4486 per
2574 4425 2635 4468 se
2664 4422 2904 4480 suosque
2928 4412 3244 4478 perpetrare
3278 4415 3386 4455 non
3417 4391 3789 4486 desistebat,

2279 4476 2571 4566 clesiarum
2592 4476 3021 4559 destructionem
3044 4504 3098 4552 et
3117 4493 3279 4550 ovilis
3299 4487 3558 4547 dominici
3581 4476 3789 4556 penum-

2280 4601 2482 4656 tionem
2507 4596 2729 4662 siciens,
2760 4601 3009 4664 pastores
3044 4587 3113 4643 ab
3144 4583 3392 4641 :ecclesia
3414 4571 3787 4664 abigebat,

2281 4693 2349 4750 ad
2379 4689 2542 4746 ovilia
2587 4661 3076 4749 subintrodncens;
3101 4688 3156 4735 et
3191 4675 3552 4751 prosperitate
3577 4683 3661 4725 sua
3688 4661 3787 4756 deci-

2283 4784 2554 4857 piebatur,
2581 4778 2710 4850 quia
2735 4775 3068 4848 dirigebatur
3099 4772 3155 4826 iu
3188 4784 3357 4825 manu
3378 4765 3500 4838 eius
3520 4761 3673 4819 dolus.
3697 4750 3787 4816 Qu“

584 4887 752 4929 causa
788 4873 1057 4944 iussionis
1091 4874 1758 4946 apostolicaarestiterant,
1786 4851 2180 4947 iustitia-ﬁeret
2285 4851 2432 4931 enim
2469 4873 2592 4927 vitae
2641 4870 2784 4925 viam
2836 4867 3092 4923 deserens
3135 4863 3191 4918 in
3235 4867 3581 4932 peccatorum
3618 4864 3665 4905 se
3691 4851 3790 4947 lene:

584 4964 673 5020 vel
720 4979 827 5036 Pax
873 4975 1321 5037 componeretur,
1360 4968 1523 5024 'sicut
1567 4968 1683 5038 ipse
1725 4968 2041 5038 iuramento
2084 4983 2181 5037 per
2277 4968 2407 5023 bras
2453 4964 2757 5034 deiecerat,
2803 4958 3063 5029 voragine
3113 4951 3421 5027 iniquitatis
3452 4949 3722 5005 demersuS.
3754 4936 3787 5024 εξ

585 5032 737 5110 duos.
756 5032 1041 5127 episcopos
1065 5032 1414 5128 promiserat.
1446 5032 1791 5132 (Fol.-II9;.)
1819 5057 2018 5114 Verum
2045 5032 2184 5130 prae-
2282 5058 2426 5115 mole
2478 5032 2660 5127 pravae
2689 5048 3103 5109 consuetudinis
3126 5047 3380 5111 obrutus,
3414 5037 3632 5132 reprobi)
3661 5032 3786 5132 ξεξδεξ¹

587 5142 721 5199 dicti
763 5145 1007 5217 episcopi
1043 5156 1099 5203 et
1143 5149 1417 5221 principes
1451 5116 1862 5205 ‘ultramoutaui
1897 5116 2182 5206 audientes
2286 5159 2374 5207 est
2399 5116 2653 5213 tra‘ditus,
2677 5153 2739 5200 ut
2764 5143 3003 5197 nesciret
3024 5153 3257 5211 pensare
3286 5136 3430 5191 mala
3456 5146 3574 5204 qua:
3594 5116 3782 5181 faciebat

589 5235 744 5291 illum
784 5251 897 5292 non
946 5254 1165 5295 servare
1202 5241 1347 5311 quod
1396 5240 1758 5313 promiserat,
1803 5240 1961 5312 quasi
2003 5241 2069 5297 dc
2112 5256 2178 5298 eo

2286 5243 2380 5316 qui
2413 5240 2622 5296 utinam
2652 5236 2778 5292 vita:
2804 5234 3000 5291 itinera
3027 5246 3150 5302 qua:
3173 5229 3347 5286 uetuit
3368 5244 3465 5299 per
3484 5221 3778 5281 innocentum

2105 5399 2333 5455 NOTAE.
2465 5429 2486 5461 ι

671 5530 818 5605 (I70)
858 5532 1104 5605 Fuerunt
1126 5533 1474 5605 Bernhardus
1498 5534 1766 5590 diaconus
1809 5533 2107 5605 cardinalis
2133 5542 2189 5587 et

1254 5603 1644 5673 Massiliensis;
1716 5606 1839 5661 vide
1914 5603 2046 5674 Reg.
2103 5619 2187 5669 vr,

595 5602 951 5660 Bernhardus
1009 5606 1180 5662 abbas

595 5674 693 5740 25,
734 5675 825 5729 24.

2362 5528 2511 5599 (172)
2539 5526 2666 5583 SOla
2695 5522 3036 5646 εδι-Ιιοεεὶι
3066 5520 3336 5582 devincerc
3364 5532 3430 5572 ex
3460 5513 3596 5571 Actis
3630 5494 3781 5562 contilii

2362 5599 2525 5646 mmni
2559 5616 2610 5646 ει.
2645 5594 2803 5646 1080.
2837 5592 2867 5646 L
2891 5592 3009 5646 ansi
3034 5589 3154 5646 XX.
3186 5590 3311 5644 554.
3698 5638 3723 5646 _

2295 5589 2525 5678 “(fieri
2548 5616 2610 5678 s-
2634 5594 2803 5678 ,ωερ-
2837 5589 3009 5678 “ensi
3034 5589 3354 5678 “siit
3490 5656 3502 5678 ε

2370 5638 2525 5739 {fisi
2548 5638 3461 5739 ὗξιιὲζῈεὶιοῖίῆἱῐέιεῖξῇῌεξλυρίῑ,
3490 5638 3782 5715 ind.15,B¢i-

867 5746 931 5803 III
965 5762 1110 5803 anno
1147 5747 1367 5803 demum
1415 5746 1553 5802 l079
1592 5748 1659 5801 ad
1695 5745 2008 5802 Ilcinricum
2040 5742 2194 5799 missi
2299 5728 2594 5817 1v;_9._3_.:
2630 5728 2981 5817 (Patrol'ogia:
3008 5728 3377 5817 ILCXDVIII.)

608 5815 757 5876 sunt.
782 5815 1056 5876 Bcrtholdi
1080 5821 1223 5875 Ann.
1255 5836 1308 5887 p.
1337 5818 1463 5872 518.

2374 5799 2520 5882 (174)
2550 5799 2683 5864 Data
2711 5814 2771 5863 nt
2801 5799 2986 5876 supra.
3029 5802 3266 5873 Iiegistr.
3293 5814 3367 5870 tv,
3403 5799 3493 5853 24.
