3878 6310
34 356 110 421 at
754 326 766 336 “
1234 342 1565 401 cunomcc

1817 341 1883 397 .B.
1912 341 1976 396 ιι.
2711 368 2715 372 '
3132 351 3241 409 32$
3337 410 3348 421 ,

39 477 201 530 teneret
239 466 409 524 saltim
462 481 558 536 per
605 462 1002 535 paenitentiam.
1041 461 1183 534 (Act.
1235 461 1409 531 conc.)
1454 459 1555 515 llic
1584 467 1628 523 Α
1654 461 1735 515 sia
1758 459 1976 530 publice
2003 459 2367 529 precidentes,
2387 461 2537 531 quod
2557 463 2789 518 omnino
2806 465 3023 523 veritati
3040 467 3237 524 adver-

41 566 181 633 itaque
196 568 367 617 contra
379 556 670 614 Bodulfum
691 555 853 611 tertio
872 568 1225 627 congressus,
1258 562 1553 624 postquam
1655 548 1900 616 sabatur,
1917 549 2205 620 episcopos
2226 565 2447 621 quoque
2468 552 2805 611 simoniacos
2822 556 3239 626 continuantes,

40 651 256 726 persensit
293 664 348 705 se
393 646 541 719 quod
580 656 894 718 speraverat
920 660 1035 700 non
1078 658 1242 715 posse
1270 657 1550 714 peragere,
1655 640 1752 712 qui
1778 639 2069 698 manifeste
2094 639 2465 700 Heinricianis
2509 647 2999 705 communicabant
3047 667 3062 705 :
3108 665 3238 707 cum

42 745 143 799 duos
164 740 424 811 episcopos
450 737 521 793 de
562 735 944 793 consentaneis
992 734 1130 801 suis,
1155 733 1555 791 Virdunensem
1656 731 1843 789 ﬁdeles
1869 732 1949 787 rei
1980 733 2209 797 veritate
2240 735 2426 792 minus
2456 736 2703 807 inspecta
2734 753 2767 793 a
2800 739 2935 796 sede
2968 741 3241 813 hocapo-

42 844 76 888 et
98 830 522 900 Obseburgensem
552 826 622 858 ⁸⁸⁵
643 824 873 903 Romam
895 824 1047 881 misit
1074 823 1280 895 (1078),
1311 832 1371 879 et
1395 823 1547 878 dom-
1657 824 1850 880 stolica
1896 825 1972 881 ita
2005 827 2348 896 processisse
2379 829 2667 885 crederent
2701 840 2759 886 et
2801 831 3140 903 dubitarent,
3185 843 3242 891 et

43 942 138 983 nam
164 936 337 995 papam
379 922 436 976 in
477 921 687 993 synodo
735 928 800 975 ut
826 919 879 974 ei
902 918 1177 990 justitiam
1213 915 1420 972 faceret
1460 930 1559 986 per
1658 929 1839 977 sermo
1868 916 2213 973 titubationis
2251 918 2472 974 illorum
2521 919 2591 975 ad
2643 936 2808 977 aures
2856 923 3030 992 patris
3065 924 3244 983 nostri

42 1033 112 1072 eos
138 1015 347 1086 rogavit;
388 1013 537 1084 quod
561 1021 615 1068 et
634 1011 823 1068 nuncii
844 1010 1094 1077 Rodulfi,
1131 1009 1228 1080 qui
1260 1015 1558 1079 praesentes
1656 1008 1919 1075 venisset,
1949 1009 2161 1067 litteras
2187 1010 2272 1066 eis
2303 1011 2476 1077 misit,
2501 1011 2557 1067 in
2583 1013 2788 1082 quibus
2816 1024 2873 1070 et
2913 1016 3063 1086 quod
3098 1018 3244 1073 male

44 1109 232 1175 aderant,
254 1105 362 1161 ﬁeri
398 1104 776 1161 laudaverunt.
810 1101 959 1175 (Fol.
990 1099 1138 1173 121.)
1177 1098 1455 1156 Statutum
1474 1107 1560 1154 est
1658 1106 1844 1154 actum
1880 1098 2059 1155 fuerat
2099 1101 2492 1171 reprehendit,
2538 1104 2799 1177 quodque
2848 1120 2911 1162 se
2954 1108 3244 1178 ignoratae

46 1201 182 1269 itaque
203 1199 253 1252 in
281 1197 463 1252 eadem
492 1194 722 1267 synodo,
763 1194 819 1249 in
848 1193 1098 1264 partibus
1137 1190 1560 1247 ultramontanis
1659 1188 1864 1247 factum
1899 1199 2046 1247 esset
2067 1191 2309 1258 edocuit,
2339 1201 2394 1249 et
2426 1201 2487 1248 ut
2508 1193 2565 1248 in
2596 1194 2703 1251 fide
2726 1203 2876 1253 recta
2913 1196 3243 1255 inconcussa

44 1289 130 1344 ﬁeri
148 1287 471 1361 colloquium,
496 1285 639 1342 sicut
660 1301 728 1341 ex
747 1285 929 1341 verbis
950 1283 1139 1340 domui
1164 1296 1320 1354 papae
1345 1281 1560 1354 plenius
1659 1296 1756 1352 spe
1777 1290 2210 1353 perseverarent,
2236 1283 2518 1340 evidenter
2536 1286 2864 1353 ammonuit,
2895 1288 3144 1344 scribens
3165 1288 3248 1343 eis

44 1381 218 1450 quilibet
239 1387 406 1450 potest
439 1384 722 1433 advertere
755 1395 770 1432 :
1660 1371 1718 1428 in
1751 1373 1870 1428 haec
1903 1372 2068 1429 verba
2095 1390 2111 1428 :

96 1490 113 1520 ‹
146 1468 412 1542 Gregorius
458 1468 753 1539 episcopus
773 1507 791 1536 ,
846 1481 1042 1524 servus
1087 1478 1375 1520 servorum
1440 1460 1559 1529 Dei,
1739 1484 1759 1519 ι
1797 1464 2098 1536 Gregorius
2115 1466 2432 1538 episcopus,
2462 1482 2656 1523 servus
2679 1482 2964 1524 servorum
2993 1466 3111 1537 Dei,
3132 1483 3250 1525 om-

47 1562 420 1633 arcbiepiscopis,
446 1560 711 1628 ducibus,
727 1560 1091 1632 principibus,
1123 1559 1559 1625 marcbionibus,
1661 1557 1825 1615 uibus
1856 1558 2108 1613 ﬁdelibus
2155 1560 2334 1614 sancti
2375 1557 2524 1621 Petri
2567 1559 2625 1614 in
2656 1557 3041 1617 Theutbonico
3080 1574 3251 1630 regno

46 1654 342 1724 omnibusque
373 1652 678 1723 majoribus
721 1659 888 1725 atque
922 1650 1230 1707 minoribus
1275 1651 1333 1707 in
1380 1649 1564 1705 Tbeu-
1661 1651 2133 1708 commoranttbus
2162 1652 2396 1709 salutem
2424 1660 2482 1709 et
2520 1652 2881 1722 apostolicam
2914 1651 3250 1709 benedictio—

48 1746 218 1802 thonico
246 1761 401 1816 regno
429 1744 769 1811 constitutis,
791 1743 1033 1815 exceptis
1060 1742 1151 1797 his
1169 1740 1268 1815 qui
1292 1741 1562 1798 canonica
1597 1811 1629 1816 μ
1663 1757 1813 1799 nem.
1840 1740 2099 1799 Pervenit
2125 1743 2194 1799 ad
2217 1758 2321 1800 nos
2348 1744 2497 1814 quod
2521 1743 2746 1814 quidam
2775 1758 2845 1800 ex
2870 1743 3028 1801 vobis
3059 1743 3129 1799 de
3152 1757 3252 1798 no-

48 1811 543 1893 eicommunicatione
558 1844 836 1901 tenentur,
865 1811 1097 1891 salutem
1133 1811 1564 1905 etvapostolicam
1597 1811 1639 1871 Β
1664 1834 1751 1892 bis
1775 1835 2047 1903 dubitant,
2093 1811 2384 1906 tamquam
2401 1836 2457 1891 in
2480 1811 2710 1893 instanti
2735 1836 2899 1893 modo
2924 1834 3254 1892 necessitate

50 1929 428 1986 benedictionem.
472 1928 678 1985 Notum
711 1928 868 1985 vobis
905 1927 1024 1984 fieri
1048 1926 1324 1994 volumus,
1368 1925 1566 1982 fratres
1667 1943 1806 1985 usus
1831 1929 1938 1985 sim
1964 1928 2203 1986 seculari
2227 1929 2478 1996 levitate,
2504 1948 2522 1980 ι
2554 1938 2658 1984 etc.
2711 1928 2882 1999 (l79).

49 2020 282 2088 larissimi,
311 2042 328 2075 ι
353 2030 460 2077 etc.
492 2021 669 2095 (175).
1734 2019 2083 2091 Celloquium
2103 2020 2288 2092 itaque
2309 2020 2443 2077 illud
2480 2021 2716 2091 qualiter
2738 2020 2826 2076 vel
2851 2036 2884 2077 a
2906 2019 3108 2090 quibus
3127 2034 3254 2090 per-

102 2115 210 2185 (ποι.
238 2115 389 2187 121’.)
418 2113 572 2171 Misit
602 2114 768 2171 etiam
789 2128 890 2184 pro
908 2112 1016 2169 hoc
1048 2112 1277 2185 negocio
1305 2110 1569 2183 speciales
1667 2113 1822 2170 sonis
1863 2112 2031 2169 fuerit
2072 2113 2423 2184 impeditum,
2468 2114 2523 2169 in
2552 2113 2735 2169 verbis
2765 2110 3254 2183 praecellentissimi

46 2202 209 2263 litteras
224 2204 522 2263 Trevirensi
568 2205 1004 2277 archiepiscopo,
1061 2219 1204 2276 quas
1260 2203 1353 2258 hic
1402 2203 1567 2260 etiam
1667 2206 1840 2277 patris
1862 2207 2038 2263 nostri
2064 2215 2283 2263 constat
2307 2216 2581 2277 apertum.
2609 2204 2753 2273 Quia
2776 2205 2926 2261 enim
2961 2204 3257 2260 Heinricus

54 2298 300 2356 subnectert
332 2316 439 2355 non
459 2298 669 2371 pigebit
696 2317 709 2354 :
738 2317 758 2351 ι
788 2297 1086 2369 Gregorius
1113 2297 1428 2368 episcopus,
1461 2312 1571 2353 ser—
1665 2298 1887 2369 abjecto
1920 2297 2057 2370 jugo
2099 2299 2420 2357 obedientia:
2439 2341 2454 2367 ,
2488 2299 2671 2370 ipsum
2721 2296 3057 2368 colloquium
3084 2295 3258 2365 impe—

54 2406 125 2445 tus
141 2407 387 2446 servorum
415 2391 536 2459 Dei,
569 2389 750 2448 Udoni
778 2389 1090 2446 Trevirensi
1117 2390 1376 2461 episcopo
1416 2391 1569 2447 salu-
1669 2390 1906 2459 diendo,
1946 2393 2570 2449 excommunicationem
2638 2393 2963 2449 intentatam
3019 2404 3131 2447 non
3174 2398 3259 2446 est

54 2490 132 2536 tem
158 2490 203 2537 et
237 2484 583 2554 apostolicam
620 2482 1078 2539 benedictionem.
1136 2482 1352 2549 Quanta
1409 2482 1571 2537 nobis
1673 2485 1881 2541 veritus
1922 2485 2226 2555 incurrere,
2270 2501 2372 2557 pro
2409 2486 2519 2553 his,
2559 2488 2809 2558 inquam,
2840 2495 2899 2543 et
2929 2484 3061 2541 aliis.
3093 2485 3260 2540 innu-

57 2575 321 2643 sollicitndo,
354 2595 373 2628 ι
403 2585 508 2634 etc.
548 2574 725 2648 (176).
1672 2576 2031 2635 merabilibus
2058 2577 2242 2645 malis,
2266 2578 2604 2643 homicidiis,
2636 2577 2917 2648 perjuriis,
2946 2576 3256 2642 adulteriis,

104 2663 196 2722 Udo
217 2667 366 2740 igitur
403 2666 729 2725 Treviorum
782 2665 1229 2737 archiepiscopus
1254 2680 1363 2719 non
1399 2664 1573 2719 multo
1674 2668 2152 2736 mriiicationibus,
2181 2670 2452 2741 symonia,
2484 2669 2856 2725 ecclesiarum
2899 2681 3121 2738 quoque
3164 2666 3260 2722 de-

55 2767 143 2827 post
178 2760 317 2818 beato
358 2762 464 2817 line
515 2760 752 2833 quievit,
801 2768 857 2815 et
878 2759 926 2815 si
953 2758 1231 2830 negotium
1262 2756 1575 2829 apostolica:
1675 2760 1984 2817 structione
2022 2776 2131 2816 non
2160 2760 2411 2826 minima,
2435 2759 2493 2815 in
2520 2760 2768 2817 Romana
2798 2758 3009 2831 synodo
3033 2757 3263 2813 anathe-

58 2846 278 2922 lrgationis
318 2854 696 2909 intermissum
751 2861 855 2908 est.
921 2850 1290 2919 Quamobrem
1338 2850 1575 2906 domnus
1675 2852 1968 2909 matizatus
1985 2860 2073 2908 est
2091 2860 2147 2909 et
2169 2852 2639 2922 dampnatus,eta
2662 2866 2833 2922 regno
2853 2848 3261 2918 inrecuperahi-

59 2954 158 3011 papa
180 2960 264 3014 pro
287 2945 385 3001 hoc
410 2946 610 3002 eodem
638 2944 860 3016 negotio
890 2941 1213 3014 exequendo
1244 2942 1385 2997 alios
1423 2941 1575 3013 lega-
1676 2944 1800 2999 liter
1825 2944 2108 3013 depositus
2137 2942 2320 3016 (1080,
2352 2942 2513 2998 Mart.
2544 2942 2620 3015 7).
2644 2942 2822 3010 Quam
2846 2942 2967 3012 ejus
2990 2942 3261 3013 dampna-

60 3036 311 3092 tosmittere
333 3038 540 3107 statuit,
565 3036 814 3093 scribens
840 3034 1094 3091 fidelibus
1114 3033 1372 3090 omnibus
1399 3032 1455 3088 in
1477 3033 1577 3090 hec
1677 3037 1882 3093 tionem
1906 3037 1996 3093 hic
2020 3037 2345 3093 subnectere
2371 3037 2597 3108 dignum
2621 3037 3033 3108 indicavimus:

60 3127 330 3222 veritati?!)
359 3149 375 3205 ς
434 3220 439 3222 Α
561 3220 586 3222 Δ
760 3219 769 3222 Α
955 3217 966 3222 Δ
1602 3161 1647 3222 C
1751 3128 1889 3222 (F_ol.
1907 3128 2075 3222 ηεξ.)
2105 3128 2304 3222 rBeate
2332 3128 2493 3185 Petre
2513 3129 2767 3222 princeps
2788 3128 3185 3222 apostolorum,
3208 3135 3265 3184 et

109 3218 254 3287 (1079,
276 3220 452 3293 Febr.)
493 3241 513 3274 ι
543 3219 847 3293 Gregorius
884 3217 1198 3289 episcopus,
1230 3232 1425 3273 servus
1459 3232 1575 3273 ser-
1613 3217 1643 3222 “
1676 3228 1759 3286 tu,
1804 3220 1960 3276 beate
1987 3218 2154 3276 Paule
2182 3221 2375 3276 doctor
2414 3220 2682 3291 gentium,
2712 3218 3040 3294 dignamini,
3066 3234 3264 3291 quesu,

60 3321 204 3365 verum
246 3310 352 3380 Dei,
381 3313 644 3368 omnibus
688 3310 1139 3381 archiepiscopis,
1174 3302 1480 3381 episcopis,
1516 3309 1575 3364 in
1677 3326 1839 3365 aures
1891 3319 2104 3368 vestras
2159 3312 2228 3368 ad
2273 3328 2362 3368 me
2418 3314 2705 3381 inclinare,
2735 3328 2932 3384 meque
2970 3313 3267 3370 clementer

61 3398 329 3461 l‘neutonico
354 3404 423 3437 ⁸⁰⁸
450 3419 626 3478 regno
648 3404 1120 3460 commorantibus
1145 3402 1236 3468 ‘°‘,
1270 3401 1316 3458 si
1349 3402 1576 3458 obedire
1677 3403 1959 3461 exaudire.
1992 3401 2129 3472 Quia
2159 3405 2405 3462 veritatis
2431 3407 2567 3463 estis
2609 3406 2843 3478 apostoli
2875 3415 2929 3461 et
2970 3415 3264 3471 amatores,

61 3494 266 3552 voluerint
287 3540 303 3566 ,
338 3499 571 3555 salutem
621 3507 676 3552 et
721 3494 1080 3567 apostolicam
1116 3494 1572 3551 benedictionem.
1677 3494 1930 3566 adjuvate
1955 3504 2017 3552 ut
2039 3497 2326 3552 veritatem
2350 3498 2529 3554 dicam
2553 3497 2731 3565 vobis,
2755 3497 2905 3553 omni
2932 3505 3139 3551 remota
3167 3495 3269 3549 fal-

61 3582 268 3648 Quoniam
293 3591 469 3646 exlite
492 3598 549 3645 et
576 3589 952 3653 dissensione,
987 3606 1005 3637 ι
1041 3596 1145 3642 etc.
1678 3588 1860 3655 sitatc,
1899 3604 2067 3658 quam
2113 3588 2340 3647 omnino
2389 3590 2768 3657 detestamini;
2814 3597 2876 3644 ut
2932 3587 3129 3644 fratres
3158 3587 3268 3642 mci

111 3676 374 3736 Secundum
398 3698 529 3754 ergo
554 3682 718 3737 tidem
749 3681 1023 3737 dictorum
1055 3678 1211 3735 missi
1243 3685 1373 3734 sunt
1413 3676 1577 3749 legati
1678 3678 1815 3734 mihi
1871 3679 2071 3734 melius
2122 3680 2512 3751 adquiescunt,
2539 3689 2593 3736 et
2633 3681 2812 3736 sciant
2846 3686 2900 3735 ct
2935 3677 3264 3745 intelligant,

64 3782 83 3818 a
108 3769 238 3828 latere
273 3775 409 3830 sedis
443 3774 791 3845 apostolicae,
829 3772 898 3827 de
945 3771 1149 3843 quibus
1206 3785 1334 3825 cum
1392 3770 1578 3839 aliqua
1679 3772 1808 3843 quia
1831 3787 1904 3826 ex
1925 3780 2107 3827 vestra
2145 3772 2345 3827 fiducia
2375 3782 2500 3844 post
2543 3771 2717 3828 Deum
2761 3780 2818 3829 et
2864 3781 3095 3827 matrem
3149 3772 3270 3842 ejus

64 3860 232 3920 sinistra
264 3866 595 3927 referrentur
618 3908 635 3934 ,
674 3866 911 3922 domnus
945 3880 1086 3937 papa
1137 3864 1239 3920 has
1287 3864 1368 3919 eis
1426 3863 1580 3918 misit
1682 3879 1901 3935 semper
1934 3860 2219 3939 Virginem
2246 3862 2475 3919 Mariam
2507 3865 2693 3935 pravis
2723 3873 2779 3920 ct
2817 3863 3023 3935 iniquis
3047 3864 3268 3930 resisto,

65 3947 217 4010 litteras
244 3956 379 4030 (178)
402 3958 471 4014 ab
497 3958 635 4014 urbe
665 3956 838 4012 Roma
879 3974 891 4011 ς
1679 3956 1878 4012 vestris
1903 3963 2087 4011 autem
2121 3954 2375 4015 fidelibus
2401 3956 2667 4013 auxilium
2696 3968 2919 4028 praesto.
2945 3954 3059 4012 Vos
3085 3964 3269 4012 autem

120 4064 134 4094 ι
160 4046 422 4121 Gregorius
442 4051 761 4123 episcopus,
789 4064 983 4106 servus
1012 4063 1297 4105 servorum
1326 4046 1447 4114 Dei,
1491 4047 1579 4103 di-
1681 4046 1855 4113 scitis,
1888 4047 2019 4117 quia
2047 4063 2158 4103 non
2186 4047 2420 4104 libenter
2434 4048 2502 4103 ad
2524 4064 2741 4104 sacrum
2765 4047 3015 4105 ordinem
3034 4046 3267 4115 accessi,
3316 4088 3321 4092 .

66 4134 179 4193 lectis
213 4141 261 4195 in
312 4144 526 4200 Christo
575 4142 842 4199 fratribus
883 4150 939 4198 et
994 4141 1355 4212 coepiscopis,
1420 4139 1581 4194 Petro
1681 4146 1736 4193 et
1760 4138 1966 4192 invitus
1990 4139 2131 4194 ultra
2161 4149 2376 4195 montes
2404 4155 2531 4195 cum
2557 4139 2782 4195 domino
2806 4155 2929 4195 meo
2960 4155 3101 4211 papa
3130 4138 3271 4195 Gre-

67 4226 294 4287 zllbanensi
313 4243 365 4290 et
391 4234 644 4291 Odelrico
668 4232 1001 4301 Pataviensi,
1026 4218 1335 4287 salutem'ct
1359 4239 1582 4301 aposto—
1684 4228 1840 4311 gorio
1866 4226 1996 4295 abii,
2024 4227 2120 4283 sed
2158 4229 2333 4301 magis
2359 4230 2565 4286 invitus
2591 4246 2716 4285 cum
2742 4229 2967 4285 domino
2990 4245 3112 4284 meo
3133 4245 3272 4301 papa

68 4316 184 4375 licam
202 4323 636 4383 benedictionem.
665 4325 805 4381 Sunt
834 4325 1229 4397 multi,quibus
1262 4332 1444 4379 tamen
1473 4340 1582 4381 non
1684 4320 1866 4377 Leone
1887 4320 1954 4377 ad
1975 4331 2212 4377 vestram
2242 4322 2533 4392 specialem
2558 4322 2861 4379 recclesiam
2890 4321 3047 4389 redii,
3079 4322 3135 4375 in
3164 4337 3273 4392 qua

69 4414 299 4484 credimus,
332 4438 350 4470 ι
387 4428 475 4475 etc
1134 4409 1142 4416 ’
1685 4421 1983 4483 utcumque
2003 4413 2161 4471 vobis
2190 4414 2481 4470 dcservivi.
2509 4414 2716 4471 Deinde
2737 4414 2894 4470 valde
2918 4414 3122 4470 invitus
3147 4428 3273 4469 cum

120 4502 193 4561 His
222 4511 440 4582 acceptis
460 4511 680 4567 litteris.
715 4510 845 4582 quia
888 4510 1134 4581 corrupti
1182 4509 1507 4565 muneribus
1549 4524 1581 4563 a
1614 4540 1664 4600 υ
1687 4504 1862 4562 multo
1887 4505 2074 4563 dolore
2095 4515 2150 4563 et
2183 4506 2386 4580 gemitu
2415 4515 2470 4562 et
2502 4508 2722 4579 planctu
2767 4507 2823 4562 in
2864 4508 3065 4562 throno
3095 4513 3277 4560 vestro

72 4601 275 4652 sententia
306 4610 357 4656 et
382 4610 665 4673 proposrto
689 4601 974 4673 gravitatis
990 4599 1304 4671 apostolicae
1322 4598 1581 4655 deviave-
1614 4595 1651 4600 '
1689 4597 1846 4653 valde
1875 4596 2134 4670 indignus
2173 4615 2296 4655 sum
2341 4600 2662 4656 collocatus.
2689 4597 2801 4655 liec
2821 4599 2944 4655 ideo
2968 4597 3113 4664 dico,
3143 4595 3276 4667 quia

73 4694 179 4751 runt,
204 4688 331 4746 aliud
356 4709 520 4763 quam
552 4692 699 4764 quod
740 4692 822 4747 eis
864 4690 1184 4761 impositum
1212 4686 1392 4742 fuerat
1412 4702 1580 4760 agen-
1687 4704 1797 4743 non
1824 4704 1926 4759 ego
1955 4706 2075 4757 vos,
2110 4692 2205 4747 sed
2232 4708 2331 4747 vos
2359 4692 2601 4763 elegistis
2640 4708 2749 4760 me,
2800 4701 2855 4747 et
2887 4690 3273 4764 gravissimum

73 4782 144 4840 19$,
167 4775 452 4840 Heinricum
472 4785 725 4841 videlicet
761 4784 817 4838 in
848 4797 1078 4854 regnum
1115 4779 1482 4836 reformantes
1524 4787 1580 4833 et
1684 4779 1900 4847 pondus
1929 4781 2173 4838 ecclesia:
2203 4791 2397 4838 vestra:
2428 4798 2594 4855 super
2620 4798 2708 4837 me
2737 4781 3031 4852 posuistis;
3061 4788 3115 4833 et
3143 4779 3273 4850 quia

76 4861 303 4929 Rodull‘um
320 4890 669 4946 pervasorem
689 4885 743 4932 et
770 4876 1079 4931 invasorem
1106 4870 1277 4926 reani.
1295 4870 1365 4924 ab
1387 4869 1577 4925 :eccle-
1684 4885 1854 4942 super
1876 4884 2116 4929 montem
2148 4877 2425 4932 excelsum
2458 4892 2546 4931 me
2573 4874 2817 4946 iussistis
2843 4872 3138 4929 ascendere
3162 4913 3178 4941 ,
3220 4881 3277 4929 et

1313 5006 1545 5064 VARUS
1578 5005 1979 5067 LECTIONES.

135 5124 287 5203 “‘ita
313 5149 357 5187 c.
428 5133 500 5166 ⁸⁸⁸
540 5142 704 5203 atque
753 5132 810 5186 in
837 5129 1139 5203 Saxonico
1187 5132 1396 5203 canunt
1426 5135 1566 5179 Ann.
1605 5129 1735 5181 bar.
1768 5135 1820 5181 ct
1860 5133 2037 5203 Pcw.
2069 5128 2349 5203 Bernried.
2416 5129 2495 5203 ﬁ“
2538 5127 2906 5203 omnibusque
2933 5121 3277 5203 principibus

77 5200 330 5273 metisque
358 5195 658 5275 majoribus
689 5211 746 5259 et
776 5200 1086 5256 minoribus
1111 5198 1209 5269 qui
1234 5212 1348 5252 non
1371 5205 1505 5251 sunt
1534 5200 1996 5254 excommunicati
2017 5201 2206 5255 habent
2227 5202 2365 5255 Ann.
2406 5197 2537 5255 Sex.
2567 5208 2616 5253 et
2653 5195 3129 5253 PauliBernried.

130 5418 264 5545 (1:15))
277 5424 404 5484 Data
442 5427 625 5511 Roma;
647 5444 723 5482 vri
765 5426 843 5482 Id.
874 5424 1078 5490 Martii,
1106 5422 1221 5477 ind.
1253 5422 1307 5490 l,
1332 5421 1573 5494 Registr.
1755 5412 1911 5508 5178)
1941 5424 2001 5480 In
2028 5423 2284 5496 Registro
2321 5423 2723 5507 desiderantur.
2753 5420 2818 5476 Κ.
2854 5420 2987 5475 Vide
3033 5418 3274 5503 Gregorii

139 5490 204 5543 is.
266 5498 413 5545 auius
437 5498 714 5545 Bernned-
755 5497 877 5545 100-
1684 5496 1937 5545 enrslolas
1996 5505 2149 5545 extra
2209 5495 2512 5545 Remstrum
2559 5503 2808 5545 vacantes
2841 5490 3194 5545 (Patrolaata:
3232 5500 3273 5545 t.

79 5490 877 5568 '.l_:'5_.‘PaulusBernried.100.
910 5565 954 5568 η
1053 5565 1083 5568 __
1142 5565 1151 5568 _
1213 5563 1229 5568 _
1292 5563 1304 5568 Δ
1523 5563 1536 5568 _
1684 5490 1940 5568 epistolas
1970 5490 2149 5568 extre
2208 5495 2512 5568 Registrum
2559 5503 2808 5566 vagantes
2841 5490 3194 5566 (Patrolqgt‘az
3232 5500 3273 5546 t.

131 5560 246 5633 i176)
271 5563 395 5623 Data
424 5567 610 5625 Roma:
638 5585 713 5624 vu
754 5567 882 5624 ldus
906 5565 1111 5634 Martii,
1140 5563 1253 5620 ind.
1284 5563 1335 5619 1.
1364 5562 1501 5619 Vide
1521 5563 1576 5618 in
1684 5560 1960 5620 CXLVIII.

81 5624 133 5677 Gr
212 5624 282 5690 rio
312 5636 416 5694 vu.
594 5624 601 5625 ί
782 5639 794 5652 ·
1097 5624 1109 5634 ’
1760 5636 1909 5709 (179)
1950 5624 2085 5691 Data
2115 5632 2305 5692 Romae
2325 5634 2587 5694 Kalendis
2615 5632 2893 5702 Octobris,
2927 5632 3041 5687 ind.
3062 5630 3129 5701 τι,
3156 5628 3275 5686 Re-

132 5646 247 5763 m)“
274 5704 453 5763 Exstat
473 5717 526 5763 et
538 5709 680 5763 anud
705 5708 963 5763 annalist.
989 5705 1119 5763 Sax.
1151 5717 1204 5763 et
1228 5704 1383 5763 Paul.
1408 5703 1580 5761 Bcrn-
1690 5707 1845 5763 aistr.
1877 5720 1975 5763 vn.
2001 5708 2053 5761 3.
2083 5704 2146 5760 Κ.

105 5703 260 5782 ,(1Τῇ
272 5704 453 5782 Exstat
473 5717 526 5765 et
538 5709 680 5782 apud
705 5705 1119 5782 annalist._‘S_as.
1151 5717 1204 5763 et
1228 5704 1383 5763 Paul.
1408 5703 1580 5761 Bcrn-
1690 5703 1845 5781 gistr.
1877 5703 1975 5775 vn,
2001 5708 2053 5761 3.
2083 5704 2146 5760 Κ.

83 5771 180 5823 na.
214 5775 315 5832 105.
340 5771 679 5855 (Pairoto'gia:
715 5791 754 5837 ι.
792 5778 1098 5850 CXLXill.)
1691 5771 1720 5781 '
1814 5798 1821 5803 -
