3878 6310
605 323 712 383 523

1603 318 1906 385 IIUGONIS
1943 323 2234 385 ABBA'I'IS
2275 330 2406 387 FLA
2419 327 2845 395 VINIAIIENSIS

3755 343 3838 409 sil

601 440 840 496 clamare
857 441 1279 497 et-annu'nciare
1313 443 1516 512 populo
1538 440 1632 498 Dei
1658 446 1866 498 scelera
1889 459 2103 511 eorum,
2132 455 2187 498 et
2215 453 2263 508 Α
2292 457 2645 519 statueretur,
2678 465 2774 509 aut
2794 458 2884 512 cui
2909 457 3128 528 jastitia
3159 459 3368 518 faveret
3398 455 3642 535 amplius
3678 483 3841 538 εοευοέ

601 534 730 589 ﬁliis
751 535 996 591 ecclesia:
1019 542 1239 606 peccata
1271 549 1484 599 eorum.
1517 535 1744 590 mcnbra
1769 535 1972 591 diaboli
1995 546 2185 592 contra

600 642 690 681 me
738 635 1024 696 cmperunt
1081 627 1384 698 insurgere,
1441 637 1496 682 et
1532 643 1708 698 usque
1743 627 1815 682 ad
1863 629 2184 700 sanguinem

598 726 1068 788 praesumpserunt
1115 718 1170 772 in
1221 733 1309 773 me
1357 735 1556 775 manus
1596 719 1846 790 injicere.
1884 720 2188 776 Astiterunt

598 824 755 878 rcges
785 817 950 864 teme
974 818 1027 864 ct
1063 809 1339 880 principes
1385 812 1663 867 seculares
1696 820 1751 866 et
1788 811 2181 879 aecclesiastici,

597 902 760 956 aulici
790 903 952 956 etiam
1003 911 1056 955 et
1095 903 1350 975 vulgares
1393 912 1769 958 convenerunt
1803 904 1859 958 in
1889 916 2061 960 unum
2088 905 2184 959 ad-

595 1007 785 1047 versus
813 991 1126 1060 Dominum»,
1155 1002 1210 1049 et
1233 995 1498 1050 adversus
1523 1003 1621 1050 Vos
1649 995 1890 1050 christos
1923 995 2045 1066 ejus
2090 995 2179 1050 di—

594 1089 816 1136 centes:
847 1099 866 1132 (
902 1081 1319 1153 Disrumpamus
1345 1083 1562 1139 vincula
1587 1099 1813 1152 eorum,
1837 1093 1890 1139 et
1917 1084 2180 1155 projicia-a

591 1188 716 1227 mus
751 1187 784 1228 a
831 1173 990 1228 nobis
1015 1174 1211 1245 jugum
1237 1175 1503 1246 ipsorum.
1536 1195 1556 1228 ι
1611 1175 1680 1231 Et
1724 1185 1786 1230 ut
1828 1191 1916 1230 me
1953 1176 2180 1230 omnino

590 1273 766 1318 morte
790 1263 876 1318 vel
919 1264 1086 1320 exilio
1119 1263 1553 1334 confunderent,
1588 1267 1776 1323 multis
1799 1267 1979 1323 modis
2006 1268 2061 1322 in
2089 1283 2178 1324 me

587 1353 771 1408 conati
795 1363 926 1409 sunt
954 1355 1258 1426 insurgere.
1294 1355 1442 1412 Inter
1482 1374 1622 1428 quos
1652 1359 1961 1430 specialiter
2010 1359 2178 1415 lleina-

588 1448 740 1503 ricus
759 1463 926 1518 quem
947 1449 1140 1504 dicunt
1155 1465 1360 1520 regem,
1377 1448 1614 1507 Hcinrici
1638 1452 1984 1524 imperatoris
2007 1453 2173 1522 ﬁlius,

587 1549 780 1595 contra
804 1549 1042 1595 vestram
1075 1542 1392 1597 calcaneum
1441 1544 1614 1598 erexit
1661 1545 1996 1610 recelcsiam,
2028 1545 2172 1602 facta

587 1646 714 1687 cum
756 1631 944 1688 multis
967 1633 1242 1704 episcopis
1273 1634 1698 1693 ultramontanis
1727 1645 1782 1691 et
1807 1635 2009 1695 Italicis
2035 1653 2172 1694 con-

587 1723 910 1793 spiratione,
934 1725 1186 1781 adnitens
1215 1742 1303 1782 me
1343 1727 1648 1798 dejicienth
1678 1743 1798 1784 eam
1842 1731 1947 1792 sibi
1976 1732 2172 1802 subju-

589 1831 736 1887 gnre.
762 1815 933 1887 Cujus
961 1819 1230 1889 superbiae
1250 1831 1430 1876 vestra
1458 1821 1659 1877 restitit
1678 1823 1998 1889 auctoritas,
2021 1839 2177 1878 eum-

586 1924 695 1977 que
721 1918 903 1964 vestra
924 1909 1193 1966 destruxit
1225 1922 1486 1982 potestas.
1511 1912 1614 1980 Qui
1639 1914 1907 1972 confusus
1920 1924 1975 1971 et
1995 1915 2172 1971 humi~

589 1999 779 2067 liatus,
823 2002 890 2056 ad
923 2018 1012 2058 me
1040 2003 1094 2057 in
1114 2003 1552 2076 Langobardiam
1575 2007 1743 2075 venit,
1773 2009 2176 2064 absolutionem

585 2092 656 2147 ab
689 2095 1258 2152 excommunicatione
1287 2098 1546 2168 quesivit.
1611 2098 1785 2166 Quem
1837 2116 1939 2172 ego
1983 2101 2174 2157 videns

585 2185 959 2255 liuiniliatum,
989 2189 1182 2244 multis
1217 2190 1288 2244 ab
1331 2206 1398 2247 eo
1441 2192 1904 2262 promissionibus
1933 2194 2174 2264 acceptis

585 2277 654 2332 de
678 2278 804 2333 vitae
845 2294 962 2335 suae
989 2281 1406 2350 melioratione,
1445 2284 1618 2339 solam
1653 2285 1702 2339 ei
1729 2286 2172 2342 communionem

585 2368 827 2438 reddidi;
861 2385 970 2425 non
994 2382 1176 2427 tamen
1199 2389 1324 2428 eum
1349 2373 1403 2428 in
1428 2390 1617 2447 regno,
1645 2392 1676 2431 a
1701 2393 1812 2447 quo
1844 2377 1899 2431 in
1926 2376 2173 2432 Romana

584 2463 798 2534 synodo
841 2463 1224 2534 deposueram,
1289 2468 1638 2536 restauravi;
1701 2484 1804 2524 nec
1854 2469 2171 2525 ﬁdelitatem

581 2558 834 2611 omnium
855 2557 951 2627 qui
971 2557 1018 2612 ei
1042 2558 1371 2627 juraverunt
1393 2560 1477 2616 vel
1492 2560 1733 2630 juraturi
1759 2569 1938 2630 erant,
1982 2577 2015 2618 a
2059 2578 2172 2632 quo

580 2663 776 2704 names
819 2649 876 2703 in
919 2650 1111 2705 eadem
1148 2652 1357 2724 synodo
1377 2652 1610 2721 absolvi,
1643 2662 1705 2708 ut
1725 2653 1829 2710 sibi
1859 2663 2172 2710 servaretur

577 2743 830 2814 praecepi.
862 2742 929 2798 Et
954 2744 1076 2800 ideo
1111 2745 1214 2802 hec
1237 2745 1467 2815 detinui,
1501 2755 1564 2802 ut
1601 2747 1745 2804 inter
1769 2762 1897 2804 eum
1933 2757 1989 2804 et
2017 2749 2171 2819 prius

576 2835 724 2905 cipes
755 2835 1212 2906 ultramontanos,
1237 2840 1331 2910 qui
1353 2839 1402 2894 ei
1427 2855 1596 2896 causa
1625 2848 1681 2896 et
1702 2841 1972 2912 jussionis
1999 2832 2170 2897 eccle-

577 2931 675 2987 size
722 2942 919 2989 vestrae
977 2935 1328 3003 restiterant,
1360 2936 1635 3007 justitiam
1693 2937 1930 2994 facerem
1957 2939 2050 3007 δυ,
2084 2939 2168 2995 vel

580 3041 773 3097 pacem
804 3042 1220 3099 componerem,
1249 3030 1394 3086 sicut
1419 3039 1474 3086 et
1514 3032 1632 3101 ipse
1678 3029 1971 3090 Heinricus
2010 3033 2168 3105 jura-

2290 551 2538 598 sceretur
2570 545 2664 600 ηδ.
2705 544 2771 602 Ει
2798 549 2929 618 quia
2971 553 3232 621 putabam
3267 557 3417 626 quod
3454 557 3711 629 injustior
3743 576 3842 630 pars

2288 631 2622 702 colloquium
2664 635 2835 692 nollet
2862 639 2981 693 ﬁeri
3004 640 3096 696 ubi
3119 642 3333 713 justitia
3364 645 3552 700 locum
3585 663 3738 702 suurn
3757 664 3844 704 ser-

2289 730 2470 790 varet,
2495 727 2969 785 excommunicavi
2997 739 3053 787 et
3077 735 3429 792 anathemate
3478 737 3716 810 obligavi
3753 755 3842 795 om-

2289 825 2385 866 nes
2409 827 2674 882 personas
2709 817 2827 872 sive
2852 820 3020 891 regis,
3060 822 3177 878 sive
3203 824 3383 891 ducis,
3441 827 3561 882 sive
3606 829 3838 900 episcopi.

2287 911 2382 994 aut
2413 903 2650 990 alicujus
2671 907 2934 978 hominis,
2961 913 3056 984 qui
3085 915 3420 986 colloquium
3445 919 3636 990 aliquo
3667 922 3844 994 ingenio

2285 993 2574 1065 impediret
2604 1010 2672 1055 ne
2694 999 2867 1069 ﬁeret.
2905 1002 3190 1063 Predictus
3218 1019 3402 1064 autem
3442 1009 3732 1069 Heinricus
3748 1029 3840 1070 cum

2284 1089 2402 1144 suis
2437 1089 2749 1151 fautoribus
2773 1112 2886 1153 non
2909 1098 3111 1156 timens
3136 1101 3444 1170 periculum
3474 1105 3842 1170 inobedient'nr.

2283 1184 2432 1253 quod
2479 1194 2565 1241 est
2594 1187 2774 1245 scelus
2825 1190 3484 1266 idolatrixe,colliu1uium
3536 1198 3842 1270 impediendo

2282 1280 2906 1339 excommunicationem
2941 1285 3205 1354 incurrit,
3242 1299 3298 1344 ct
3323 1305 3381 1344 se
3419 1290 3602 1360 ipsum
3650 1293 3842 1348 anathe-

2282 1369 2447 1425 matis
2474 1371 2694 1428 vinculo
2721 1373 3012 1447 obligavit;
3059 1393 3427 1451 magnamque
3470 1383 3842 1440 multitudinea

2281 1459 2713 1520 christianorum
2742 1467 2910 1522 merti
2937 1469 3077 1524 tradi
3105 1511 3121 1537 ,
3161 1481 3216 1526 et
3241 1473 3528 1530 :ccclesias
3561 1473 3694 1530 fecit
3718 1476 3842 1533 dissi-

2279 1554 2421 1623 pari,
2457 1564 2512 1610 et
2534 1571 2672 1626 pene
2707 1565 2884 1614 totum
2908 1559 3419 1620 Theutbonicorum
3452 1582 3690 1638 regnum
3718 1571 3843 1625 deso-

2278 1647 2470 1703 lationi
2512 1651 2679 1706 dedit.
2709 1651 3057 1724 QuaprOpter
3104 1657 3390 1713 conlidens
3448 1659 3518 1714 de
3551 1660 3758 1730 judicio
3803 1671 3842 1717 et

2282 1740 2660 1797 misericordia
2689 1742 2809 1812 Dei,
2839 1745 3071 1816 ejusque
3104 1748 3371 1818 piissimae
3422 1753 3623 1807 matris
3666 1767 3843 1823 semper

2285 1829 2524 1905 Virginis
2550 1833 2756 1903 Maria,
2778 1847 2962 1894 vestra
2984 1838 3157 1897 fultus
3180 1843 3512 1899 auctoritate
3541 1857 3676 1916 sepe
3697 1847 3841 1900 nomi-

2281 1935 2473 1982 natum
2504 1926 2846 1998 Heinricum,
2876 1946 3040 2002 quem
3071 1933 3265 1989 dicunt
3311 1950 3522 2007 regem,
3571 1947 3842 2007 Omnesque

2280 2016 2526 2075 fautores
2547 2021 2689 2090 ejus,
2710 2024 3271 2080 excommunicationi
3306 2027 3570 2098 subjicid,
3595 2038 3652 2084 et
3682 2031 3841 2084 iterum

2281 2123 2511 2180 regnum
2541 2109 3051 2169 Tlicutlionicorum
3079 2125 3133 2171 et
3161 2115 3331 2172 Italize
3361 2134 3428 2173 ex
3477 2120 3842 2191 omnipotentis

2277 2197 2376 2255 Dei
2397 2210 2553 2272 parte
2579 2211 2635 2258 et
2657 2212 2840 2260 vestra
2875 2205 3210 2263 interdiccns
3239 2208 3291 2264 ei
3309 2251 3326 2277 ,
3371 2225 3601 2267 omnem
3631 2224 3842 2284 potesta-

2281 2301 2388 2348 tem
2416 2302 2473 2350 et
2496 2294 2818 2366 dignitatem
2847 2299 3054 2370 regiam
3073 2299 3152 2354 illi
3176 2303 3332 2370 tollo,
3353 2312 3412 2358 et
3439 2311 3502 2359 ut
3518 2304 3708 2360 nullus
3726 2305 3842 2360 chri-

2278 2387 2491 2444 stianus
2517 2390 2568 2444 ei
2603 2389 2748 2446 sicut
2777 2392 2893 2463 regi
2922 2392 3144 2448 obediat
3169 2395 3443 2452 interdico
3472 2396 3566 2452 ιδ’.
3619 2397 3737 2469 Ipse
3767 2415 3842 2452 an-

2276 2489 2384 2537 tem
2416 2481 2708 2539 IIeinricus
2737 2501 2860 2540 cuin
2886 2487 3002 2542 suis
3025 2485 3336 2544 fautoribus
3361 2490 3419 2546 in
3440 2491 3594 2546 omni
3615 2507 3841 2563 congres-

2275 2577 2435 2634 sione
2465 2577 2593 2633 belli
2615 2579 2797 2634 nullas
2817 2580 2984 2647 vires,
3012 2581 3329 2652 nullamque
3355 2583 3411 2637 in
3432 2584 3548 2639 vita
3571 2599 3676 2639 sua
3703 2585 3842 2638 victo-

2273 2671 2415 2726 riam
2444 2671 2706 2742 optineat.
2760 2671 2830 2728 Ut
2880 2683 3065 2729 autem
3116 2672 3389 2731 Rodulqu
3426 2691 3662 2747 regnum
3691 2675 3842 2730 Theu-

2272 2762 2623 2818 tbonicorum
2655 2775 2808 2835 regat
2837 2773 2893 2820 et
2939 2763 3219 2833 defendat,
3277 2782 3444 2837 quem
3498 2766 3838 2822 Theutbonici

2269 2855 2553 2926 elegerunt
2587 2854 2693 2911 sibi
2720 2857 2776 2910 in
2806 2872 3024 2928 regem,
3055 2859 3124 2914 ad
3170 2868 3412 2914 vestram
3443 2858 3764 2915 ﬁdelitatem
3791 2874 3838 2913 ex

2269 2957 2427 3019 parte
2454 2958 2635 3005 vestra
2661 2951 2830 3018 dono,
2862 2951 3065 3024 largior
3089 2961 3146 3007 et
3165 2954 3410 3009 concedo
3427 2996 3442 3021 ,
3493 2955 3841 3024 omnibusque

2269 3041 2377 3096 sibi
2424 3041 2656 3100 fideliter
2694 3045 3088 3101 adberentibus
3145 3046 3552 3102 absolutionem
3616 3049 3837 3103 omnium

576 3136 765 3180 mento
793 3141 890 3196 per
913 3126 1052 3183 duos
1073 3127 1363 3198 episcopos
1415 3129 1552 3184 mihi
1603 3130 1876 3200 promisit.
1927 3130 2162 3190 Predicti
2191 3138 2235 3202 ρ
2269 3141 2619 3201 peccatorum
2656 3128 3009 3207 vestramque
3051 3137 3491 3195 benedictionem
3522 3139 3579 3194 in
3621 3140 3727 3194 bac
3752 3140 3839 3192 vita

573 3231 758 3278 autem
791 3222 1032 3296 episcopi
1055 3232 1109 3279 et
1132 3225 1406 3297 principes
1424 3225 1840 3296 ultramontani,
1876 3229 2162 3288 audientes

571 3319 727 3375 illum
763 3334 873 3376 non
905 3335 1124 3376 servare
1147 3322 1293 3392 quod
1327 3323 1680 3394 promiserat,
1701 3325 1863 3396 quasi
1885 3325 2160 3397 desperati

569 3414 638 3470 de
666 3427 752 3480 eo,
783 3412 940 3468 vobis
964 3413 1219 3480 testibus,
1243 3414 1527 3486 elegerunt
1571 3415 1676 3471 sibi
1723 3415 2019 3474 Rodulfum
2050 3419 2158 3476 du-

569 3521 690 3561 cem
724 3505 781 3559 in
807 3520 1012 3576 regem.
1053 3502 1158 3572 Qui
1197 3522 1293 3561 rex
1316 3505 1585 3563 Rodulqu
1623 3507 1944 3565 festinanter
1969 3510 2039 3567 ad
2069 3525 2158 3568 me

567 3598 743 3653 misso
772 3599 998 3666 nuncio,
1030 3598 1294 3654 indicavit
1321 3613 1380 3654 se
1408 3607 1660 3654 coactum
1706 3601 1860 3672 regni
1887 3602 2161 3672 guberna-

567 3690 692 3744 cula
727 3691 1057 3761 suscepisse,
1087 3698 1268 3746 tamen
1292 3707 1350 3748 se
1379 3701 1630 3762 paratum
1659 3693 1795 3747 mihi
1825 3690 2004 3750 modis
2035 3710 2159 3751 om-

569 3784 734 3840 nibus
761 3784 1001 3840 obedire.
1027 3779 1096 3840 Et
1116 3802 1182 3840 ex
1210 3801 1280 3842 eo
1304 3796 1550 3858 tempore
1575 3787 1829 3842 eumdem
1851 3789 1986 3842 mihi
2013 3805 2160 3844 sem-

569 3889 669 3945 per
691 3874 844 3930 misit
865 3890 1211 3944 sermonem;
1239 3873 1506 3947 adjiciens
1529 3878 1718 3944 etiam,
1750 3877 1861 3934 ﬁlio
1885 3893 1988 3934 suo
2028 3879 2158 3936 dato

565 3965 757 4021 obside
783 3974 838 4022 et
866 3965 1040 4023 ﬁdelis
1061 3967 1146 4022 sui
1172 3967 1330 4023 ducis
1354 3967 1770 4040 Bertaldigquod
1797 3970 2152 4040 promittebat

567 4065 918 4113 sacramento
939 4057 1180 4115 ﬁrmare.
1212 4057 1422 4115 Interea
1449 4059 1741 4116 Heinricus
1761 4061 1906 4132 cepit
1929 4078 2017 4118 me
2038 4079 2158 4134 pre-

563 4150 700 4217 cari,
731 4157 792 4206 ut
817 4149 971 4205 illum
999 4160 1190 4206 contra
1229 4152 1550 4222 praedictum
1584 4151 1883 4210 Rodulfum
1919 4155 2152 4226 adjuva-

562 4253 701 4295 rcm.
727 4238 828 4294 Cui
851 4240 1131 4311 respondi,
1161 4257 1248 4297 me
1270 4242 1503 4300 libenter
1525 4243 1724 4313 facere,
1743 4247 1928 4302 audita
1947 4245 2157 4304 utrius-

560 4347 668 4404 que
702 4332 874 4403 partis
932 4332 1165 4401 ratiOne,
1223 4343 1284 4389 ut
1333 4335 1532 4392 scirem
1593 4338 1682 4394 cui
1725 4337 1939 4410 justitia
1975 4343 2150 4413 magis

561 4422 786 4480 faveret.
817 4422 912 4478 Ille
931 4439 1062 4478 vero
1083 4433 1283 4494 putans
1303 4440 1428 4482 eum
1461 4429 1580 4486 suis
1612 4430 1824 4487 viribus
1853 4447 2018 4502 posse
2045 4433 2140 4488 de-

559 4517 798 4583 vincere,
822 4530 1001 4570 meam
1020 4516 1347 4586 contempsit
1369 4521 1807 4589 responsionem.
1829 4523 1968 4595 (Fol.
1991 4525 2139 4598 124.)

559 4607 860 4680 Postquam
897 4616 1082 4662 autem
1111 4609 1382 4678 persensit
1422 4625 1482 4666 se
1508 4625 1616 4668 non
1645 4629 1808 4684 posse
1841 4617 1985 4673 sicut
2013 4634 2141 4690 spe-

558 4701 702 4778 ravit
729 4715 909 4772 agere,
939 4699 1050 4755 duo
1080 4699 1324 4771 episcopi
1345 4716 1413 4756 ex
1434 4705 1818 4762 consentaneis
1845 4709 1982 4776 suis,
2018 4705 2142 4766 Vir-

559 4792 825 4848 dunensis
886 4791 1094 4847 scilicet
1143 4785 1493 4860 Teodericus,
1557 4801 1612 4849 et
1666 4792 2139 4871 Obseburgensis,

560 4881 790 4937 Romam
814 4889 1100 4950 venerunt,
1125 4891 1181 4938 et
1199 4882 1254 4937 in
1280 4884 1490 4957 synodo
1517 4899 1584 4940 ex
1612 4895 1764 4956 parte
1785 4887 2023 4948 Heinrici
2052 4908 2140 4950 me

560 4983 621 5029 ut
641 4975 691 5029 ei
712 4975 985 5044 justitiam
1021 4975 1259 5033 facerem
1286 4989 1648 5049 rogaverunt,
1677 4984 1825 5052 quod
1859 4994 1912 5041 et
1953 4988 2140 5044 nuncii
2203 5011 2208 5018 ·

559 5063 776 5119 Rodulﬁ
820 5065 938 5120 ﬁeri
975 5066 1354 5124 laudaverunt.
1402 5067 1662 5126 Tamdem
1693 5074 1968 5144 aspirante
2005 5077 2137 5148 Deo,

558 5156 704 5211 sicut
729 5155 914 5223 credo,
947 5159 1110 5213 statui
1141 5160 1219 5214 in‘
1240 5161 1431 5216 eadem
1481 5163 1692 5233 synodo
1717 5207 1731 5231 ,
1787 5165 1842 5220 in
1890 5171 2141 5238 partibus

557 5247 983 5306 ultramontanis
1038 5251 1157 5307 ﬁeri
1197 5254 1564 5325 colloquium,
1605 5267 1666 5312 ut
1721 5259 1834 5316 illic
1883 5272 1980 5319 aut
2030 5283 2135 5337 pax

2265 3231 2320 3277 et
2341 3222 2398 3278 in
2412 3225 2618 3294 futura,
2643 3234 2826 3282 vestra
2849 3225 3022 3283 fretus
3049 3228 3270 3293 ﬁducia,
3288 3229 3516 3302 largior.
3535 3229 3696 3286 Sicut
3715 3232 3837 3284 enim

2265 3311 2558 3371 Heinricus
2587 3331 2689 3388 pro
2725 3332 2824 3373 sua
2847 3319 3105 3389 superbia
3139 3328 3194 3375 et
3221 3320 3596 3376 inobcdientta
3627 3330 3683 3376 et
3707 3319 3840 3375 falsi-

2265 3414 2376 3463 tate
2400 3423 2431 3462 a
2451 3409 2606 3480 regni
2635 3409 2900 3480 dignitate
2915 3411 3066 3482 justc
3088 3413 3364 3484 abjicitur,
3393 3413 3470 3468 ita
3494 3412 3765 3470 Rodulqu
3785 3414 3839 3443 ⁸⁸⁸

2264 3513 2366 3568 pro
2395 3515 2495 3555 sua
2531 3500 2859 3570 humilitate,
2898 3503 3208 3558 obedientia
3235 3515 3291 3559 et
3327 3504 3582 3572 veritate,
3619 3514 3840 3576 potestas

2261 3601 2317 3654 et
2343 3591 2581 3663 dignitas
2611 3594 2764 3664 regni
2789 3595 3128 3650 conceditur.
3154 3595 3311 3667 Agite
3334 3613 3502 3664 nunc,
3528 3613 3732 3668 qucso,
3759 3613 3839 3666 pa-

2263 3693 2374 3741 tres
2409 3693 2464 3740 et
2505 3685 2783 3756 principes
2831 3688 3193 3757 sanctissimi,
3258 3699 3319 3744 ut
3378 3689 3564 3746 omnis
3621 3675 3839 3745 mundus

2263 3775 2532 3849 intelligat
2559 3788 2615 3835 et
2635 3789 2955 3853 cognoscat,
2993 3782 3125 3854 quia
3153 3782 3200 3838 si
3231 3783 3465 3853 potestis
3509 3783 3568 3838 in
3626 3783 3763 3839 CCBIO
3786 3782 3838 3834 Ii-

2263 3885 2391 3942 gare
2411 3880 2467 3926 et
2492 3873 2725 3941 solvere,
2767 3874 2998 3945 potestis
3029 3873 3086 3929 in
3126 3884 3273 3930 terra
3326 3890 3518 3947 regna,
3582 3875 3837 3948 imperia.

2261 3963 2623 4038 principatus,
2679 3967 2934 4036 ducatus,
2967 3969 3266 4037 marcbias,
3297 3969 3623 4036 comitatus,
3655 3979 3709 4024 et
3733 3984 3835 4023 om-

2262 4061 2416 4116 nium
2448 4061 2737 4116 heminum
2765 4062 3145 4132 possessiones
3182 4077 3282 4133 pro
3307 4062 3519 4118 inci-itis
3566 4063 3756 4117 tollere
3795 4071 3836 4113 et

2261 4151 2583 4208 concedere.
2654 4150 2766 4208 Vos
2827 4154 3257 4224 patriarcliatus,
3317 4154 3833 4226 archiepiscopatus.

2261 4245 2551 4315 primatus,
2579 4247 2929 4318 episcopatus
2972 4247 3290 4318 frequenter
3337 4250 3546 4306 tulistis
3583 4251 3766 4321 pravis
3792 4258 3834 4301 et

2259 4329 2522 4410 indignis,
2553 4347 2610 4394 et
2632 4340 2904 4412 religiosis
2931 4342 3067 4398 viris
3088 4343 3335 4399 dedistis.
3384 4341 3442 4398 Si
3484 4345 3636 4399 enim
3686 4343 3833 4414 spiri-

2277 4430 2425 4486 ualia
2449 4431 2733 4504 judicatis,
2761 4433 2894 4504 quid
2915 4435 2984 4490 de
3014 4436 3360 4491 secularibus
3389 4437 3663 4506 potestis?
3705 4435 3764 4489 Et
3797 4431 3834 4487 si

2245 4523 2494 4596 tangelos
2515 4524 2859 4582 dominantes
2904 4527 3163 4584 omnibus
3199 4529 3450 4599 superbis
3481 4528 3830 4600 principibus,

2250 4615 2385 4687 quid
2430 4617 2499 4673 de
2546 4617 2769 4673 illorum
2809 4620 2982 4676 servis
3027 4618 3208 4677 facere
3255 4622 3518 4692 potestis?
3549 4623 3830 4678 Addisrant

2250 4724 2398 4767 nunc
2421 4724 2576 4782 reges
2599 4720 2759 4766 terra:
2788 4720 2842 4767 et
2870 4725 3064 4770 omnes
3111 4714 3280 4770 seculi
3323 4715 3623 4786 principes,
3653 4713 3830 4787 quanti

2249 4819 2349 4860 vos
2387 4805 2545 4872 estis,
2595 4802 2729 4875 quid
2763 4804 3032 4874 potestis,
3079 4810 3134 4862 et
3181 4807 3409 4862 timeant
3448 4808 3830 4878 parvipenden?

2244 4893 2554 4965 jussionem
2598 4899 2842 4955 ecclesia:
2877 4907 3100 4968 vestrae,
3130 4909 3184 4955 et
3214 4899 3269 4954 in
3294 4901 3558 4972 praedicto
3585 4899 3830 4956 Heinrico

2242 4997 2356 5045 tam
2384 4990 2496 5045 cito
2509 4990 2782 5060 judicium
2801 4999 3044 5048 vestrum
3069 5001 3340 5061 exercete,
3354 5002 3412 5048 ut
3431 5009 3620 5049 omnes
3640 4994 3825 5050 sciant.

2241 5083 2372 5152 quia
2402 5098 2515 5138 non
2552 5082 2802 5150 fortuitu,
2832 5083 2927 5139 sed
2952 5092 3134 5140 vestra
3160 5094 3431 5156 potestate
3449 5085 3604 5141 cadet
3627 5094 3688 5140 et
3708 5100 3820 5139 con-

2240 5173 2521 5242 fundetur,
2544 5176 2756 5231 utinam
2785 5176 2852 5232 ad
2879 5177 3266 5246 penitentiam!
3305 5186 3368 5232 ut
3392 5177 3619 5248 spiritus
3651 5180 3828 5232 salvus

2243 5268 2316 5326 sit
2349 5268 2404 5324 in
2435 5267 2525 5324 die
2548 5266 2788 5322 Domini.
2815 5266 2951 5322 Data
2981 5265 3172 5323 Romae
3189 5266 3331 5322 Non.
3365 5268 3565 5323 Martii.
3592 5286 3615 5319 ι

1833 5397 1922 5455 VA
1931 5399 2068 5458 NE
2102 5403 2505 5462 LECTIONES.

638 5495 710 5530 δον
743 5493 925 5582 facere
948 5514 995 5554 c.
1076 5497 1294 5584 “'oligo
1318 5503 1486 5586 enim,
1513 5504 1657 5562 sicut
1687 5523 1786 5565 vos
1809 5509 1948 5565 mihi
1977 5504 2143 5570 testes
2187 5516 2344 5583 estis,
2375 5523 2562 5586 patres
2605 5525 2660 5572 et
2704 5516 2934 5584 domini,
2964 5534 3032 5574 us
3071 5535 3142 5575 ue
3173 5519 3340 5575 hodie
3369 5519 3571 5576 nullam
3639 5531 3813 5575 artem

641 5583 809 5643 posui
836 5569 1220 5643 adjuvaregmst
1249 5588 1371 5628 eam
1397 5590 1486 5629 cui
1505 5576 1628 5643 plus
1644 5579 1860 5643 iustitia
1889 5578 2096 5640 faveret
2115 5587 2338 5641 additur
2361 5587 2418 5640 in
2441 5586 2591 5640 Actis
2613 5585 2829 5642 concilii
2851 5535 3178 5643 ΜαηδὶῚΥΧ.
3206 5590 3333 5643 555.
3351 5602 3400 5643 et
3423 5593 3558 5643 apud
3580 5535 3813 5643 Βαειιη

552 5567 810 5649 disposui
836 5567 1371 5649 adjuvargnisi'eam
1393 5567 1486 5649 cui
1505 5576 1628 5649 plus
1644 5579 1860 5649 justitia
1889 5567 2344 5641 faveret'ndc—litit'i:
2361 5567 2591 5640 inicit—is
2611 5567 3028 5643 concilii-ﬁmi;

3641 5592 3818 5645 ualui:

3163 5631 3178 5656 ,
3206 5590 3333 5657 555,
3351 5602 3400 5645 et
3423 5593 3558 5660 apud

551 5639 1361 5732 passagmigggaw
1466 5639 1930 5732 codicc'Udalrici
1947 5639 2100 5732 1501Δ
2135 5639 3817 5732 *m'sanesquealiarogitantiurjnassa;agiagi;

551 5711 946 5793 dominatione,
986 5729 1016 5767 a
1049 5713 1344 5784 juramenti
1383 5717 1744 5786 promissione
1781 5723 2022 5781 absolvo.
2065 5727 2202 5782 Acta
2251 5711 2504 5784 conciti.
2529 5711 3813 5793 ’λιῦέοῂὲῖῨίΡᾶἇὶῘ-ΕεῖηῂνῖεᾶΪ-ἷῖὁᾶ.⁷ῖτᾶἶῇὶέ

554 5784 592 5835 ι.
632 5782 670 5836 ι.
749 5784 820 5817 ’⁵³⁸
860 5784 938 5838 ita
987 5782 1058 5842 c..
