3878 6310
59 374 136 435 δίε,
1269 353 1573 420 ΟῊΒΟΝΙΟ

1681 393 1759 419 ,.——
1785 356 1914 416 LIB.
1942 359 2000 415 ιι.

3167 352 3276 424 326

111 480 624 558 (Fol.12t‘.)Preerat
655 489 784 537 tunc
805 479 1066 550 temporis
1087 478 1262 551 (179')
1284 477 1576 532 Medioma-
1618 482 1663 540 Α
1695 476 2010 546 religiosum
2060 473 2262 531 virum.
2304 474 2373 531 de
2402 474 2562 544 c'ujus
2591 475 2701 532 ﬁde
2733 486 2789 532 et
2828 478 3279 549 magnanimitate

61 580 212 633 uicum
232 575 342 630 urbi
373 574 458 629 vir
484 574 754 646 egregius,
800 582 861 628 et
889 573 1030 628 inter
1051 571 1354 642 pracipuos
1388 571 1580 625 catho-

60 672 146 724 lica
168 667 272 722 ﬁdei
290 675 710 738 propugnatores
729 681 986 736 magnum
1003 664 1296 734 patientia,
1307 662 1583 734 religionis

59 759 301 830 etjustitia
347 757 757 824 documentum,
786 758 1025 812 domnus
1056 754 1426 810 Herimannus
1461 755 1579 824 epi—

58 866 230 921 scopus,
280 849 589 904 Leodtensis
656 847 918 904 acclesia
949 845 1116 913 ﬁlius,
1166 845 1269 916 pia
1303 844 1582 899 memoria

58 940 352 998 Adalbcronis
375 940 613 1011 episcopi
640 938 925 995 Mettensis
947 950 1234 993 successor
1252 951 1284 990 a
1313 933 1424 990 Deo
1448 949 1583 1004 pra-

58 1035 303 1089 destinatus
329 1041 381 1088 et
424 1032 694 1099 donatus;
737 1031 833 1101 qui
875 1030 932 1084 in
984 1029 1228 1099 primevo
1277 1026 1580 1098 juventutis

57 1126 170 1191 llore,
191 1123 516 1194 temporibus
537 1122 788 1179 Annonis
808 1121 1134 1177 venerabilis
1166 1119 1577 1175 Coloniensium

58 1215 630 1287 archiepiscopi,tutoris
674 1222 729 1270 et
767 1213 1134 1270 moderatoris
1176 1210 1352 1283 regni,
1392 1209 1578 1281 palatii

58 1306 355 1377 frequentiam
378 1314 639 1374 nanctus,
666 1305 810 1377 regis
842 1305 992 1362 illius
1031 1319 1169 1374 pene
1198 1303 1453 1358 universa
1475 1317 1568 1356 no-

58 1409 187 1466 verat,
208 1399 257 1453 in
283 1407 486 1453 tantum
510 1397 758 1454 utetiam
783 1405 916 1452 ante
945 1404 1255 1467 perceptam
1287 1394 1576 1465 episc0pa~

58 1499 124 1542 tus
148 1488 346 1559 gratiam
373 1503 472 1558 pro
497 1487 620 1558 ejus
650 1486 941 1543 insolentia
991 1502 1022 1540 a
1051 1485 1219 1541 curia
1245 1501 1307 1540 se
1333 1485 1576 1554 plerum-

56 1598 134 1652 que
152 1580 592 1636 administratione
643 1579 1010 1646 subtraheret,
1051 1587 1108 1634 et
1157 1577 1333 1649 magis
1355 1577 1577 1648 eligeret

58 1682 335 1743 contemptus
357 1689 480 1730 esse
503 1672 876 1729 mediocritate
895 1687 1018 1737 sua,
1045 1686 1213 1742 quam
1234 1686 1301 1725 ex
1323 1669 1576 1740 inquina—

58 1763 168 1818 tione
184 1764 438 1820 societatis
472 1763 833 1820 factiosorum
859 1779 1080 1834 sperare
1110 1762 1321 1833 majora
1355 1762 1573 1816 :maxi-

1683 567 1996 634 conﬁderet,
2029 567 2353 622 absolveret.
2391 567 2461 623 At
2511 567 2602 623 ille
2627 568 2800 624 vicem
2824 570 3148 628 obedientia
3168 572 3277 628 im-

1681 675 1894 731 ponens
1915 659 2098 715 abbati
2123 658 2470 716 Divionensis
2499 660 2759 727 canobii,
2787 661 2994 718 Mettim
3041 679 3168 719 eum
3187 665 3276 720 di-

1682 753 1844 819 rexit,
1868 767 1898 806 a
1924 767 2036 822 quo
2066 751 2351 808 absolutus
2379 761 2465 808 est
2521 752 2639 823 ipsa
2675 752 2861 824 vigilia
2908 755 3108 812 natalis
3161 754 3277 811 Do—

1683 845 1837 900 mini.

1754 935 1895 1007 (Fol.
1923 935 2072 1007 125.)
2095 935 2233 990 Cum
2255 949 2387 1007 ergo
2405 935 2536 992 totis
2560 937 2814 994 medullis
2841 938 3024 995 cordis
3042 939 3273 997 adhere-

1681 1036 1766 1084 ret
1798 1028 2084 1099 praceptis
2123 1027 2461 1098 apostolicis,
2518 1037 2574 1084 et
2599 1043 2632 1084 e
2675 1030 2956 1085 contrario
2993 1032 3182 1088 omnia
3221 1029 3274 1091 ei

1681 1121 1974 1176 intentaret
1991 1119 2223 1176 adversa
2246 1119 2550 1192 indignatio
2578 1121 2746 1192 regia,
2774 1130 2829 1177 et
2857 1121 3022 1178 fallax
3045 1124 3277 1180 adulan-

1681 1212 1818 1266 tium
1850 1212 1899 1266 ei
1916 1211 2124 1283 lingua,
2158 1212 2616 1282 conquerentium
2639 1229 2748 1268 non
2783 1229 2944 1284 posse
2973 1216 3273 1272 auctorita-

1680 1313 1788 1359 tem
1835 1311 2041 1359 sancta
2085 1302 2344 1358 Romana
2391 1303 2653 1359 acciesia
2693 1321 2876 1376 regem
2923 1307 3274 1378 imperatoris

1679 1395 1852 1450 ﬁlium
1882 1410 1912 1450 a
1950 1395 2062 1450 Deo
2090 1395 2324 1450 electum
2356 1404 2412 1450 et
2442 1397 2794 1463 honoratum,
2837 1409 3085 1455 sanctam
3120 1401 3271 1456 illam

1677 1488 1841 1558 regia
1867 1488 2172 1559 majestatis
2195 1488 2515 1560 dignitatem
2539 1505 2569 1544 a
2604 1490 2806 1546 seculis
2836 1491 3160 1548 honoratam
3186 1494 3270 1549 de

1677 1593 1899 1648 ponere,
1941 1588 1998 1634 et
2040 1595 2071 1634 a
2103 1580 2312 1651 gremio
2347 1573 2544 1637 matris
2586 1581 2836 1638 ecclesia
2871 1597 3181 1655 segregare,
3217 1595 3274 1641 et

1677 1685 1937 1726 concessa
1959 1671 2176 1740 privare
2208 1679 2506 1742 potestate,
2549 1689 2674 1728 cum
2713 1690 2824 1729 non
2855 1684 3002 1731 esset
3032 1686 3274 1747 potestas

1678 1760 1785 1816 nisi
1809 1777 1840 1816 a
1866 1760 1998 1829 Deo,
2028 1777 2151 1832 qua
2187 1770 2374 1817 autem
2402 1772 2532 1819 sunt
2560 1780 2593 1819 a
2635 1763 2768 1832 Deo,
2803 1767 3056 1822 ordinata
3095 1777 3226 1825 sunt
3254 1787 3271 1826 :

58 1867 118 1906 me
137 1868 240 1907 cum
260 1853 452 1910 videret
475 1854 764 1925 prafatum
785 1854 1095 1910 reverenda
1107 1853 1385 1908 memoria
1400 1853 1576 1908 virum
1612 1839 1654 1899 Β
1681 1862 1736 1908 et
1754 1852 1844 1908 ille
1865 1868 1896 1908 a
1919 1853 2048 1909 sede
2071 1855 2373 1924 apostolica
2399 1864 2590 1911 contra
2633 1858 2842 1912 rabiem
2881 1860 3273 1918 oblatrantium

57 1943 278 2000 Annonem
314 1946 492 2002 dolere
545 1955 602 2004 et
641 1961 858 2019 gemere
908 1946 1180 2017 frequenti
1233 1937 1575 2011 contritione,

57 2035 298 2092 desolatum
322 2039 421 2094 sub
459 2039 555 2094 tali
605 2039 853 2112 principe
897 2048 1101 2095 statum
1128 2039 1302 2112 regni,
1333 2040 1581 2095 incurva-

58 2135 140 2180 tum
154 2129 230 2198 jus
247 2131 471 2201 imperii,
501 2132 801 2188 contritum
823 2147 1000 2188 cornu
1061 2131 1312 2199 dominii,
1363 2132 1421 2187 in
1465 2147 1578 2204 quo

57 2227 160 2271 esset
177 2219 274 2274 sola
289 2236 408 2290 spes
451 2222 777 2292 dejectionis
823 2221 1242 2290 acclcsiastica,
1276 2231 1331 2278 et
1357 2233 1576 2292 pertur-

57 2301 165 2359 batio
181 2309 311 2376 pacis
337 2310 639 2377 catholica,
667 2309 923 2367 confusio
951 2320 1006 2367 et
1033 2313 1248 2380 horror,
1289 2313 1504 2369 vanitas
1522 2322 1576 2368 et

58 2401 340 2483 contritio,et
374 2405 561 2460 omnia
623 2407 989 2476 pessumdatus
1032 2407 1286 2478 superba,
1341 2409 1572 2474 lubrica,

59 2505 175 2559 tuna,
193 2492 485 2552 inconstans
525 2505 694 2568 atque
744 2498 1028 2558 immunda
1064 2501 1429 2571 presumptio.
1470 2501 1572 2558 Ubi

59 2599 150 2638 vero
173 2587 485 2660 episcopatus
513 2589 754 2646 oﬁicium
785 2592 1014 2663 adeptus
1039 2602 1145 2660 est,
1171 2595 1308 2650 satis
1337 2595 1574 2665 penituit

57 2671 102 2726 de
116 2690 247 2731 manu
263 2680 394 2750 regis
420 2680 574 2738 illius
596 2681 978 2738 investituram
997 2684 1346 2754 pontiﬁcatus
1369 2703 1428 2742 se
1449 2703 1573 2743 sus-

59 2765 242 2834 cepisse,
269 2770 396 2827 adeo
442 2781 501 2828 ut
548 2773 714 2828 etiam
747 2774 1058 2845 impositam
1089 2776 1424 2846 pralationis
1454 2795 1573 2834 sar-

58 2857 187 2913 cinam
206 2860 359 2920 libens
385 2865 655 2937 rejecerit,
686 2867 875 2923 volens
922 2867 1258 2938 deposuerit,
1288 2877 1401 2924 toto
1427 2885 1485 2925 se
1501 2869 1572 2924 ab

57 2964 100 3003 ea
117 2953 212 3008 nisu
235 2959 586 3027 excusaverit,
621 2959 668 3015 si
684 2975 975 3015 assensum
1006 2960 1350 3031 prastitissct
1381 2971 1571 3016 aucto-

58 3040 152 3098 ritas
172 3043 374 3104 Romani
397 3050 695 3120 pontiﬁcis,
739 3052 883 3122 apud
929 3068 1093 3123 quem
1128 3069 1230 3123 pro
1250 3055 1568 3112 excessibus

57 3132 154 3199 suis,
171 3134 215 3188 id
233 3147 306 3193 est
328 3139 545 3198 incaute
570 3152 832 3213 usurpata
857 3143 1050 3199 eadem
1081 3145 1422 3213 investitura,
1447 3162 1570 3217 qua

57 3231 115 3276 est
133 3237 288 3284 contra
329 3241 580 3289 instituta
629 3235 917 3302 canonica,
970 3237 1187 3307 culpam
1247 3238 1406 3294 fateri
1459 3256 1567 3294 non

57 3315 234 3385 erubuit,
265 3322 498 3394 satisque
539 3326 685 3381 cavit
712 3325 768 3380 in
789 3335 1072 3396 posterum
1103 3344 1135 3384 a
1184 3331 1571 3386 communione

56 3403 140 3471 eius
161 3419 203 3463 et
220 3409 476 3471 fautorum
496 3416 642 3487 ejus,
667 3427 891 3489 propter
924 3419 1072 3490 quod
1097 3430 1152 3476 et
1191 3431 1344 3477 tanta
1373 3438 1571 3492 passus

56 3505 127 3562 est,
150 3509 197 3555 ut
214 3512 259 3558 et
276 3505 339 3561 de
363 3507 453 3563 illo
471 3509 685 3565 dictum
707 3511 884 3580 possit
901 3511 1074 3567 videri
1105 3533 1120 3569 :
1151 3512 1266 3585 Ego
1297 3515 1571 3568 ostendant

55 3585 112 3640 illi
133 3605 297 3660 quanta
328 3609 565 3669 oporteat
590 3618 710 3657 eum
737 3619 833 3673 pro
880 3605 1090 3660 nomine
1135 3622 1248 3660 meo
1278 3608 1392 3677 pati
1429 3607 1568 3677 (Act.

57 3691 107 3770 u,
131 3683 286 3754 l6).ln
320 3691 494 3762 primo
538 3709 673 3750 sane
703 3709 1006 3766 congressu
1051 3713 1250 3768 passus
1301 3708 1386 3755 est
1423 3699 1572 3770 quod

57 3764 127 3823 fuit
148 3772 374 3848 hominis,
405 3794 463 3840 ut
485 3785 725 3841 disceret
741 3764 858 3858 jam
887 3785 945 3841 in
976 3764 1240 3855 secundo,
1263 3789 1358 3859 qui
1388 3764 1572 3846 ei‘fuit

53 3859 154 3926 lueis
170 3878 212 3922 et
237 3883 541 3940 perpetuus.
564 3877 639 3932 de
677 3876 788 3934 Deo
820 3894 1154 3948 prasumere
1214 3896 1326 3935 non
1371 3882 1439 3938 de
1489 3898 1568 3937 se.

56 3954 212 4025 Lapsus
234 3976 307 4021 est
335 3970 478 4024 enim
509 3977 574 4024 ut
626 3969 813 4037 homo,
839 3966 1093 4027 titubavit
1136 3981 1198 4028 ut
1225 3973 1410 4040 homo,
1442 3975 1571 4044 quia

56 4057 333 4124 Prasumpsit
362 4069 422 4114 ut
443 4063 636 4118 homo.
667 4061 1119 4120 Sedevacuatum
1147 4075 1233 4121 est
1249 4066 1362 4136 jam
1394 4067 1449 4122 in
1477 4067 1572 4123 illo

57 4141 305 4202 scandalum
331 4151 632 4222 obprobrii,
654 4155 784 4225 quia
813 4155 868 4210 in
907 4156 1152 4222 bonitate
1179 4157 1304 4213 vita
1330 4173 1444 4214 sua
1471 4159 1571 4214 ab-

57 4229 208 4319 scisum
229 4244 462 4311 estquod
505 4245 929 4303 conturbaverat
963 4248 1138 4315 illum;
1166 4257 1222 4304 et
1264 4264 1362 4319 per
1416 4245 1570 4305 illum

57 4316 180 4380 b(mos
200 4343 390 4401 omnes,
419 4345 470 4391 et
492 4335 830 4393 obscuritate
874 4348 1190 4395 rarescente
1233 4341 1434 4396 reluxit
1467 4357 1569 4396 au-

58 4424 158 4481 rum,
181 4419 383 4480 invaluit
411 4428 566 4483 color
599 4429 861 4500 optimus,
900 4431 1239 4502 resplenduit
1287 4433 1342 4488 in
1378 4431 1570 4488 diale--

1680 1944 1984 2000 curationis
2043 1955 2320 2015 expeteret
2350 1946 2679 2015 antidotum,
2708 1957 2769 2003 ut
2795 1965 2923 2020 erga
2942 1965 3138 2006 eorum
3164 1952 3272 2008 int-

1680 2044 1838 2106 petus
1871 2035 2092 2106 scriptis
2133 2035 2449 2107 apostolicis
2493 2038 2654 2108 quasi
2698 2039 2889 2111 clypeo
2936 2041 3274 2100 defensionis

1679 2126 2008 2194 muniretur,
2033 2127 2176 2183 hanc
2206 2127 2257 2182 ei
2301 2128 2372 2184 ab
2424 2129 2557 2184 urbe
2593 2129 2922 2187 mitissimus
2953 2133 3144 2189 doctor
3169 2136 3272 2190 mi-

1678 2218 1752 2273 sit
1779 2217 1962 2290 (1081)
1984 2218 2274 2289 epistolam
2315 2235 2412 2291 per
2449 2219 2748 2278 Rodultum
2783 2224 3036 2281 abbatem
3067 2225 3271 2283 Virdu-

1677 2309 1866 2365 nensis
1897 2311 2238 2378 monasterii,
2273 2311 2348 2367 ita
2397 2313 2817 2372 auctoritatibus
2855 2315 3267 2389 Scripturarum

1675 2400 1988 2458 divinarum
2044 2405 2315 2460 munitam
2376 2414 2542 2478 atque
2587 2407 2846 2464 refertam
2899 2411 3272 2484 doctrinaque

1675 2495 1993 2579 apostolica
2031 2498 2148 2554 sale
2188 2497 2488 2567 conditam,
2508 2508 2567 2554 ut
2603 2499 2706 2556 hec
2733 2501 2849 2557 sola
2873 2503 3108 2560 suﬂiciat
3137 2507 3270 2562 iide-

1675 2587 1819 2643 libus
1845 2589 1915 2644 ad
1954 2588 2352 2647 confutandam
2383 2591 2829 2649 adversariorum
2857 2594 3098 2666 ineptam
3130 2598 3270 2653 stul-

1675 2680 1848 2735 titiam
1878 2699 1892 2737 :

1745 2775 2049 2848 (Fol.125.,
2075 2797 2094 2828 ι
2107 2775 2404 2849 Gregorius
2424 2776 2737 2847 episcopus,
2769 2792 2963 2833 servus
2983 2792 3268 2834 servorum

1674 2865 1788 2932 Dei,
1820 2867 2020 2923 dilecto
2042 2867 2098 2922 in
2130 2865 2356 2922 Christo
2409 2865 2568 2921 fratri
2610 2867 2681 2898 ⁸³⁸
2705 2865 2957 2923 Mettensi
2987 2867 3269 2938 episcopo,

1673 2958 1907 3013 salutem
1951 2967 2008 3014 et
2079 2957 2443 3029 apostolicam
2487 2957 2948 3014 benedictionem.
3011 2956 3168 3025 Quod
3203 2957 3276 3013 ad

1672 3051 2024 3123 perferendos
2047 3051 2262 3108 labores
2297 3059 2352 3108 et
2388 3051 2630 3122 pericula
2652 3066 2754 3121 pro
2786 3049 3104 3108 defensione
3125 3051 3272 3106 veri-

1674 3143 1805 3200 tatis
1834 3153 1886 3198 te
1921 3152 2176 3216 paratum
2217 3141 2596 3213 intelligimus,
2637 3141 2812 3197 divini
2869 3142 3118 3200 muneris
3148 3157 3274 3200 esse

1675 3249 1785 3288 non
1809 3233 2150 3299 dubitamus,
2182 3250 2202 3283 ι
2237 3241 2342 3288 etc.
2371 3231 2542 3304 (180).

1749 3323 1890 3395 (Fol.
1912 3323 2060 3395 128.)
2085 3322 2238 3378 Hanc
2258 3322 2427 3395 igitur
2446 3322 2732 3394 epistolam
2759 3320 3042 3380 Mettensis
3062 3323 3278 3396 episcoa

1673 3431 1776 3486 pus
1802 3415 2131 3485 suscipiens,
2159 3415 2457 3486 plurimum
2470 3413 2812 3471 confortatus
2826 3422 2912 3470 est
2931 3414 2986 3469 in
3011 3413 3266 3472 Domino.

1678 3505 1879 3562 Verum
1903 3523 2004 3568 nos
2029 3507 2135 3563 hac
2153 3507 2388 3564 decursa
2417 3507 2486 3563 ad
2527 3506 2774 3564 historia
2813 3507 3064 3564 ordinem
3088 3509 3250 3566 redea

1675 3615 1728 3653 Ill
1735 3615 1818 3653 IIS.

1748 3689 1850 3744 Ubi
1874 3690 1942 3746 ad
1964 3705 2126 3746 aures
2145 3687 2386 3746 Heinrici
2412 3690 2558 3762 regis
2578 3699 2632 3746 et
2665 3688 2942 3747 fautorum
2983 3705 3107 3762 ejus
3138 3707 3271 3747 ana-

1672 3783 1914 3838 themata
1938 3781 2165 3837 domino
2204 3796 2344 3852 papa
2386 3780 2590 3837 factum
2635 3783 2943 3854 personuit,
2987 3782 3270 3840 infremuit

1674 3883 1960 3946 tyrannus,
1985 3871 2340 3928 factiosorum
2371 3873 2632 3942 strepitus
2674 3873 2730 3927 in
2770 3871 2916 3928 beati
2958 3871 3105 3929 Petri
3127 3873 3272 3928 vica-

1675 3968 1818 4022 rium
1841 3964 2021 4036 turpia
2044 3973 2099 4019 et
2139 3961 2373 4019 nefanda
2415 3978 2754 4034 concrepans
2797 3963 3056 4032 intonuit,
3079 3963 3268 4019 dicen-

1672 4059 1812 4114 tium
1833 4072 2055 4129 magum
2087 4071 2216 4112 eum
2254 4070 2381 4112 esse
2419 4064 2477 4111 et
2523 4055 2904 4126 impostorem,
2938 4054 3266 4124 bereticum,

1674 4147 2028 4215 homicidam,
2053 4145 2435 4213 fornicarium,
2478 4154 2532 4200 et
2573 4145 2620 4202 si
2655 4144 2788 4216 quid
2811 4145 2960 4201 aliud
2981 4155 3268 4201 aversatur

1673 4255 1824 4296 sana
1861 4237 2140 4294 doctrina.
2185 4233 2304 4290 Non
2343 4235 2543 4290 debere
2583 4249 2789 4304 regem,
2833 4235 3182 4304 imperatoris
3203 4235 3267 4289 il-

1673 4332 1828 4399 lium,
1852 4331 1949 4403 qui
1971 4346 2081 4385 non
2105 4329 2225 4386 sine
2264 4343 2433 4384 causa
2474 4327 2716 4400 gladium
2762 4334 3022 4397 portaret,
3043 4327 3139 4398 qui
3161 4325 3269 4383 Ro-

1672 4441 1850 4481 mana
1894 4424 1975 4480 rei
2021 4423 2255 4495 publica
2306 4421 2574 4492 patricius
2615 4429 2762 4476 tutor
2783 4430 2838 4476 et
2865 4418 3120 4476 defensor
3139 4435 3266 4476 esse

57 4512 160 4558 male
188 4513 311 4582 regis
337 4518 508 4573 eterni
539 4517 679 4588 lapis
707 4520 1028 4575 sanctuarii.
1069 4519 1168 4576 ilic
1201 4521 1369 4594 igitur
1405 4521 1461 4576 in
1493 4522 1570 4592 ip-
1597 4529 1644 4589 Ι)
1671 4519 1911 4584 deberet,
1947 4525 2154 4572 tantam
2178 4515 2288 4586 pati
2315 4523 2519 4570 sancta
2558 4513 2652 4570 Dei
2675 4513 2938 4570 acclesia
2973 4514 3264 4570 conculca-

58 4599 256 4664 ιορτίωο
291 4623 386 4663 suo
413 4610 687 4681 ingressu,
757 4613 1074 4684 apostolica
1129 4614 1392 4670 doctrina
1437 4630 1570 4671 exe-

59 4697 208 4750 quutor
226 4693 406 4766 factus,
428 4717 556 4756 cum
578 4703 928 4772 postmodum
953 4705 1422 4761 communicasset
1456 4705 1570 4777 regi

60 4780 260 4842 salerato
277 4799 327 4846 et
354 4808 452 4862 pro
503 4795 801 4851 sceleribus
822 4797 1317 4864 excommunicato,
1355 4812 1386 4852 a
1411 4797 1570 4868 cujus

60 4879 113 4933 Sc.
135 4884 182 4928 ut
219 4878 404 4938 dictum
451 4895 558 4952 est,
600 4886 716 4957 jam
772 4903 870 4958 per
908 4888 1252 4958 aliquantum
1310 4889 1570 4959 temporis

61 4971 370 5030 communione
418 4979 799 5048 suspendarat,
848 4980 1016 5036 doluit
1051 4991 1112 5036 ut
1136 4981 1490 5051 praediximus
1511 4997 1570 5038 se

60 5051 306 5131 dccelilnm;
329 5068 642 5140 viribusque
665 5073 982 5142 resumptis,
1015 5089 1047 5127 a
1072 5073 1276 5128 domno
1312 5088 1452 5144 papa
1473 5074 1567 5128 ab-

61 5145 319 5211 solutionem
342 5161 572 5230 quesivit
599 5164 786 5218 errati.
813 5162 918 5230 Qui
947 5165 1112 5220 etiam
1137 5165 1391 5235 pracepti
1421 5166 1570 5220 dom-

62 5248 109 5330 Ito
132 5237 281 5330 υἱεηεί
304 5251 574 5323 episcopo,
605 5264 665 5310 ut
704 5271 831 5310 eum
857 5255 975 5311 vice
1004 5272 1105 5312 sua
1131 5266 1226 5311 aut
1253 5272 1351 5327 per
1372 5273 1451 5324 se,
1475 5267 1592 5318 aut.

61 5327 92 5374 si
115 5327 270 5391 timore
297 5341 435 5411 regis
482 5352 762 5400 vereretur
795 5345 889 5401 illo
911 5345 1164 5412 transire,
1197 5361 1296 5418 per
1329 5347 1566 5417 aliquem

1671 4611 1896 4676 tionem,
1919 4619 1980 4664 ut
2001 4609 2167 4664 homo
2189 4608 2436 4664 omnium
2476 4607 2795 4678 peripsima,
2833 4623 2934 4678 pro
2956 4607 3074 4664 suis
3095 4606 3266 4663 scele-

1672 4703 1826 4758 ribus
1843 4701 1993 4773 juste
2021 4701 2354 4772 puniendus,
2381 4710 2437 4758 et
2461 4701 2659 4758 merito
2702 4701 2773 4756 ab
2794 4701 3044 4757 acclesia
3071 4710 3264 4756 extur—

1672 4795 1906 4860 bandus,
1930 4810 2203 4850 summam
2253 4794 2400 4849 illam
2449 4795 2586 4866 regii
2629 4793 2868 4850 nominis
2918 4793 3261 4863 majestatcm

1673 4887 2020 4958 inpugnaret.
2045 4886 2392 4942 Maledictum
2435 4885 2640 4942 frustra
2670 4886 2961 4957 prolatum,
2978 4885 3036 4940 in
3057 4899 3207 4951 eum,
3231 4901 3263 4941 a

1672 4995 1784 5049 quo
1817 4989 2180 5050 processerat,
2227 4980 2653 5050 retorquendum
2679 4998 2692 5033 :
2718 4979 2894 5049 utqui
2917 4977 3141 5034 domino
3162 4994 3266 5035 suo

1672 5078 1728 5126 et
1761 5069 1873 5140 regi
1907 5068 2118 5125 foveam
2172 5080 2461 5141 paraverat
2482 5071 2903 5139 maledictionis,
2954 5086 3023 5128 eo
3049 5072 3263 5129 inmuni

1673 5169 2013 5227 remanente,
2067 5160 2176 5227 ille,
2223 5161 2316 5230 qui
2347 5169 2511 5233 caput
2537 5169 2594 5216 et
2612 5175 2780 5216 causa
2802 5161 2931 5215 mali
2951 5170 3089 5230 erat,
3113 5163 3268 5234 prior

1673 5253 1938 5309 incideret
1989 5255 2047 5308 in
2093 5269 2236 5308 eam.
2261 5254 2400 5308 Cum
2440 5254 2496 5308 in
2541 5254 2647 5310 hoc
2687 5254 2870 5310 omnis
2901 5263 3267 5326 perstreperet

1674 5346 1820 5413 aula,
1842 5346 2125 5403 decretum
2147 5355 2232 5403 est
2261 5347 2542 5404 communi
2584 5348 2837 5420 consilio,
2859 5359 2921 5406 ut
2950 5350 3040 5406 ille
3061 5349 3156 5420 qui
3179 5365 3267 5404 re-

1266 5457 1502 5516 VAllIIE
1539 5459 1922 5517 LECTIONES

105 5534 160 5598 i”
180 5536 481 5605 llerimanno
503 5550 868 5621 supplendum.

1484 5641 1715 5700 NOTE.

112 5715 249 5788 (ΠΨ)
270 5721 406 5782 Obiit
424 5744 473 5783 a.
501 5730 636 5785 1090

116 5786 414 5860 (‘30)Exstat
439 5801 490 5854 in
517 5799 764 5874 chesto,
791 5802 884 5858 lib.
911 5818 1026 5870 vm,
1051 5816 1135 5873 ep.
1163 5801 1252 5869 21,
1277 5801 1405 5856 etin
1448 5801 1569 5862 cod.

1686 5731 1921 5821 illlallriei
1963 5749 2016 5821 ρ.
2047 5734 2353 5821 15‘ﬁ,apud‘
2695 5737 2761 5806 11,
2809 5738 2912 5795 158
2943 5755 3062 5811 sqq.
3116 5733 3264 5811 Διςὶο-

1683 5804 1948 5874 graplium
1976 5806 2078 5862 hoc
2099 5805 2160 5860 V.
2203 5804 2282 5861 Cl.
2312 5806 2528 5865 Urlicbs
2558 5804 2829 5866 iebemus.
