3878 6310
588 343 694 404 321

1614 334 1915 393 HUGONIS
1954 328 2245 388 ABBATIS
2286 326 2857 384 FLAVINIACENSIS
3721 331 3791 389 ἃς

583 457 880 518 verendam
926 473 958 512 a
980 456 1181 514 seculis
1238 454 1443 526 regiam
1476 452 1814 522 maiestatem
1838 451 1907 505 ab
1941 447 2173 505 ecclesia
2208 449 2252 508 Α
2281 444 2557 509 omnibus,
2607 443 2681 499 ita
2714 453 2772 498 ut
2809 441 3171 498 Virdunensis
3195 483 3209 508 ,
3257 458 3418 512 quem
3463 442 3595 498 clam
3625 446 3790 504 absces—

585 562 864 610 extorrem
913 549 1388 620 pronunciaverat,
1431 545 1501 601 ab
1545 544 1808 600 ecclesiae
1828 557 2060 612 corpore
2095 555 2184 596 se-

587 650 929 715 gregaretur,
951 649 1005 698 et
1023 640 1280 696 Romanae
1304 637 1563 694 aacclesize
1594 634 1860 707 pontifex,
1887 635 1981 706 qui
2017 649 2182 703 supra

590 749 784 790 omnes
806 740 913 798 est,
967 731 1037 785 ab
1077 730 1161 784 bis
1201 728 1294 798 qui
1315 726 1367 782 ei
1394 727 1623 783 subesse
1644 725 1936 792 debebant,
1964 737 2185 779 excom-

592 823 952 882 municationi
980 821 1323 892 adjudicatus
1358 827 1460 874 est.
1489 817 1627 890 (F01.
1646 816 1812 888 128’.)
1843 815 1887 871 Ο
1913 815 2184 871 dementia

592 915 1074 986 imcomparabilis,
1106 911 1624 982 furortinedicibilis,
1651 909 1864 966 insania
1886 908 2181 964 mirabilis!

597 1010 756 1078 Quis.
799 1022 954 1077 rogo,
1031 1005 1444 1074 imperatorum,
1493 1001 1618 1072 quis
1663 1016 1854 1073 regum
1875 1000 1943 1055 ad
1980 1007 2185 1054 tantam

518 1103 520 1110 '
597 1099 846 1170 prosilire
867 1111 1040 1152 ausus
1080 1104 1165 1150 est
1210 1102 1521 1164 protervam
1562 1092 1832 1148 insaniam
1871 1091 2188 1146 insanamve

593 1196 923 1260 protemam
1008 1193 1069 1240 ut
1117 1182 1374 1253 clavigeri
1415 1182 1654 1237 caelestis
1700 1181 1988 1247 vicarium,
2030 1181 2190 1250 cujus

593 1283 780 1352 lingua
802 1279 973 1336 clavis
995 1277 1122 1334 cceli
1158 1283 1261 1344 est,
1315 1276 1580 1331 canonice
1626 1274 1882 1342 electum,
1937 1274 2006 1328 ab
2041 1273 2189 1328 omni

590 1373 991 1430 christianitate
1011 1379 1348 1439 susceptum,
1398 1369 1537 1424 bene
1571 1368 1864 1434 viventem,
1893 1376 2043 1422 recta
2086 1366 2189 1420 do-

593 1475 828 1532 centem,
872 1465 942 1520 ab
989 1463 1220 1519 ecclesia
1283 1461 1633 1516 alienandum
1703 1458 2192 1530 pronunciaverit?

595 1558 919 1614 Conventus
941 1556 1034 1611 hic
1059 1555 1202 1626 apud
1243 1553 1485 1610 Ulterius
1511 1554 1820 1625 Trajectum
1847 1553 2066 1608 habitus
2087 1559 2190 1618 est,

599 1649 694 1705 ubi
729 1657 919 1705 contra
957 1647 1128 1704 Deum
1163 1657 1216 1703 et
1249 1646 1542 1702 Dominum
1581 1647 2041 1716 disputatum-est.
2067 1644 2194 1700 Dies

598 1749 718 1796 crat
753 1740 986 1806 sabbati,
1011 1749 1067 1796 et
1093 1755 1318 1811 vespere
1340 1739 1552 1796 sabbati
1582 1739 1701 1810 ipsa
1729 1749 1887 1794 nocte
1905 1737 2193 1794 dominicae

597 1831 708 1888 dici
738 1833 1136 1900 illuscescente,
1181 1833 1237 1888 in
1278 1831 1512 1889 concilio
1538 1831 1952 1904 malignantium
1985 1831 2193 1887 consti-

599 1931 780 1978 tutum
820 1934 904 1980 est
931 1934 984 1979 et
1011 1924 1371 1995 deliberatum
1413 1932 1474 1978 ut
1505 1922 1562 1978 in
1595 1923 1838 1980 crastino
1885 1923 1953 1978 ad
1993 1921 2194 1978 missas

600 2016 658 2071 in
687 2032 935 2072 omnium
959 2016 1234 2074 audientia
1262 2001 1410 2087 papa
1449 2025 2040 2082 excommumcaretur,
2063 2017 2194 2086 quia

599 2124 773 2165 ausus
803 2109 1000 2166 fuisset
1029 2125 1209 2180 regem
1231 2117 1286 2164 et
1325 2108 1610 2164 dominum
1635 2125 1795 2164 suum
1817 2107 2194 2164 excommuni-

577 2216 730 2263 care
755 2220 770 2268 ;
789 2202 996 2272 justam
1056 2202 1200 2258 hanc
1233 2217 1358 2258 esse
1390 2202 1740 2269 sententiam,
1762 2211 1823 2256 ut
1854 2202 1911 2256 in
1934 2217 2044 2272 quo
2065 2215 2194 2272 pec-

603 2304 844 2361 caverat,
893 2294 1200 2365 puniretur.
1246 2293 1448 2349 Aderat
1504 2293 1560 2348 in
1605 2309 1867 2349 consessu
1891 2294 1984 2348 illo
2007 2293 2195 2364 iniqua

604 2384 911 2459 gerentium
958 2383 1317 2440 Virdunensis
1349 2384 1720 2441 Theodericus
1747 2393 1801 2440 et
1823 2384 1956 2440 Pibo
1977 2384 2199 2441 Tullen-

603 2477 704 2541 sis,
729 2484 784 2530 et
816 2475 1002 2546 plures
1043 2473 1160 2540 alii,
1183 2474 1278 2545 qui
1319 2475 1424 2530 etsi
1442 2474 1698 2531 favebant
1730 2475 1895 2546 regiis
1935 2477 2196 2548 negociis,

601 2570 707 2625 hoc
736 2578 938 2635 tamen,
965 2569 1096 2638 quia
1116 2579 1430 2624 sanctorum
1456 2569 1941 2638 patrumobviabat
1968 2569 2200 2627 decretis

604 2672 660 2715 et
685 2659 1063 2716 sanctionibus
1086 2659 1427 2729 repugnabat
1447 2659 1752 2726 canonicis,
1789 2660 2023 2716 aversati
2049 2671 2196 2716 sunt.

604 2750 672 2818 Et
693 2751 917 2823 quidem
943 2749 1186 2807 Tullensi
1233 2751 1284 2806 id
1329 2750 1491 2806 oﬂicii
1533 2752 2052 2824 impositumarcge
2076 2753 2200 2819 fuit,

604 2854 674 2896 eo
693 2840 842 2911 quod
867 2850 1018 2897 esset
1039 2842 1241 2897 mentis
1283 2842 1486 2898 timidm
1507 2851 1562 2897 et
1596 2843 1780 2899 multae
1800 2844 2200 2912 inconstantiae,

607 2941 668 2986 ut
694 2932 984 3000 negocium
1028 2931 1081 2987 id
1137 2945 1499 3002 exequeretur
1523 2952 1537 3000 ;
1564 2935 1659 2989 sed
1683 2934 1774 2988 ille
1795 2935 1926 2990 dum
1956 2942 2114 3005 pavet
2134 2934 2205 2990 ad

607 3024 826 3094 singula
846 3039 948 3079 nec
970 3024 1134 3079 audet
1161 3026 1346 3092 reniti,
1387 3035 1552 3080 noctu
1575 3042 1700 3081 cum
1739 3025 2069 3082 Virdunensi
2107 3043 2204 3083 as-

2287 537 2426 592 sisse
2453 539 2794 605 notavimus,
2835 539 2957 594 urbi
3005 552 3120 594 suae
3167 538 3618 608 apnropinquans,
3643 556 3791 598 exeun-

2284 630 2433 686 tibus
2485 630 2588 685 sibi
2635 630 2853 686 obviam
2908 629 3126 686 clericis
3175 629 3294 685 suis
3341 645 3471 685 cum
3523 632 3738 687 crucibus
3759 645 3794 688 et

2284 719 2480 786 cereis,
2531 728 2594 774 ut
2637 721 2810 777 moris
2862 729 2968 787 est,
3014 719 3422 791 processionem
3468 720 3633 789 palam
3678 721 3793 779 inter-

2284 813 2501 880 dixerit,
2527 821 2582 868 et
2602 813 3141 870 excommunicatum
3181 828 3242 869 se
3278 813 3409 882 quia
3431 813 3500 870 ad
3531 813 3694 868 horam
3716 832 3794 870 ees-

2286 906 2450 962 sisset
2489 906 2954 976 pronunciaverit,
3000 906 3244 975 satisque
3289 914 3424 960 tunc
3473 906 3724 974 penituerit
3758 908 3792 962 in

2285 998 2854 1054 excommunicatione
2883 997 3093 1054 domini
3133 1013 3289 1068 papae
3328 1011 3392 1054 se
3435 996 3664 1054 factiosis
3694 1015 3795 1054 com-

2287 1078 2630 1157 municasse;
2657 1091 2733 1145 ita
2776 1099 2837 1145 ut
2882 1091 3063 1161 palam
3107 1098 3538 1160 protestantur,
3578 1091 3688 1162 quia
3727 1094 3794 1148 nisi

2287 1180 2470 1236 divina
2523 1182 2602 1238 illi
2653 1183 3028 1253 prospexisset
3072 1183 3459 1239 misericordia
3508 1192 3561 1239 et
3599 1184 3794 1239 bonurn

2287 1273 2534 1328 virorum
2565 1275 2770 1341 oratio,
2803 1291 2998 1345 penam
3040 1289 3210 1345 quam
3241 1273 3550 1330 Willelmus
3579 1291 3795 1346 perpessus

2287 1374 2424 1431 erat,
2451 1365 2570 1436 ipse
2614 1367 2952 1437 pertulisset.
2998 1365 3367 1433 Quamobrem
3395 1367 3560 1422 etiam
3599 1383 3721 1437 papa:
3745 1370 3796 1421 di-

2290 1461 2477 1517 missis
2499 1461 2738 1528 nunciis,
2781 1462 2978 1518 abbate
3007 1461 3262 1517 videlicet
3282 1457 3525 1516 Rodulio

2291 1564 2416 1604 cum
2449 1565 2508 1606 se
2541 1550 2768 1606 omnino
2797 1567 2898 1622 pro
2943 1552 3329 1608 communione
3365 1551 3464 1607 illa
3503 1553 3796 1607 excommuni-

2292 1653 2475 1699 catum
2523 1643 2838 1709 aﬂirmaret,
2881 1652 2937 1700 et
2960 1644 3032 1700 ob
3067 1645 3122 1700 id
3146 1644 3224 1700 ab
3266 1643 3448 1700 cilicio
3491 1645 3794 1709 cessasset,in

2293 1752 2461 1790 manu
2503 1736 2624 1806 ejus
2678 1751 2777 1806 per
2820 1737 3034 1792 litteras
3093 1736 3242 1808 (184)
3297 1737 3500 1792 stolam
3549 1736 3735 1792 reddidit
3763 1747 3796 1790 et

2295 1829 2542 1884 anulum.
2596 1827 2663 1883 Et
2707 1844 2834 1884 cum
2877 1844 2937 1884 se
2971 1827 3054 1884 sic
3091 1829 3210 1900 ipse
3252 1829 3607 1900 dampnaret,
3641 1828 3795 1898 parebat

2293 1929 2478 1975 tamen
2537 1921 2672 1989 regi,
2701 1920 2832 1991 quia
2886 1920 2988 1976 hec
3020 1929 3142 1977 erat
3175 1922 3309 1982 hora
3347 1921 3494 1991 ejus,
3543 1930 3592 1975 et
3629 1929 3796 1991 potestas

2296 2011 2666 2066 tenebrarum.
2705 2009 2842 2066 Nam
2878 2010 3236 2067 inveteratam
3268 2012 3397 2082 ejus
3441 2012 3796 2079 maliciam,qua

2297 2103 2679 2169 obduraverat,
2729 2119 2840 2159 non
2890 2103 3217 2176 frangebant
3261 2105 3566 2171 miracula;
3599 2113 3652 2159 ut
3680 2105 3797 2158 intre

2298 2205 2481 2252 menta
2540 2196 2811 2252 viciorum
2873 2205 3140 2267 parerent.
3181 2196 3234 2252 ei
3299 2197 3473 2252 etiam
3525 2197 3797 2252 additamenta

2298 2297 2720 2344 tormentorum.
2770 2287 2926 2344 Unde
2972 2298 3030 2344 et
3073 2288 3360 2360 impletum
3408 2297 3495 2344 est
3536 2287 3588 2342 in
3622 2303 3676 2341 eo
3707 2287 3796 2356 quo]

2300 2381 2565 2451 scriptum
2616 2390 2746 2437 est:
2797 2381 2970 2436 Multo
3020 2381 3201 2435 labore
3241 2380 3502 2435 sudatum
3550 2388 3705 2445 est,“
3736 2395 3798 2430 nos

2299 2475 2460 2528 exivit
2479 2473 2544 2529 de
2571 2491 2630 2530 eo
2661 2475 2829 2529 nimia
2854 2475 3039 2546 rubigo
3062 2474 3176 2544 ejus
3208 2490 3301 2528 nec
3335 2491 3434 2544 per
3458 2471 3794 2544 ignem.(Emt.

2302 2565 2597 2638 xxiv,12.)
2640 2564 2788 2638 Ignis
2836 2566 2985 2621 enim
3031 2566 3088 2622 ei
3133 2565 3512 2622 tribulationis
3547 2566 3799 2620 circumstre-

2302 2658 2484 2728 pebat,
2537 2657 2634 2729 qui
2668 2658 2938 2714 viciorum
2987 2659 3296 2731 rubiginem
3341 2665 3624 2729 purgaret;
3653 2656 3721 2712 sed
3740 2669 3800 2709 nec

2301 2767 2402 2822 per
2429 2752 2612 2822 ignem
2655 2751 2962 2822 rubiginem
2997 2752 3204 2818 amisit,
3245 2752 3346 2822 qui
3394 2767 3501 2806 nec
3542 2766 3627 2821 per
3664 2748 3798 2819 ﬂagelli

2305 2851 2584 2900 correctus
2608 2850 2713 2909 est,
2737 2843 2868 2913 quia
2902 2843 3120 2898 malicia
3168 2842 3291 2913 ejus
3341 2858 3376 2897 a
3423 2840 3688 2898 conﬂatore
3715 2853 3799 2892 cca-

2309 2936 2454 2992 sumi
2485 2951 2595 2991 non
2627 2935 2824 3005 potuit.

2379 3027 2519 3099 (Fol.
2552 3028 2720 3097 499’.)
2742 3027 2903 3082 Anno
2925 3025 3324 3082 incarnationis
3351 3026 3513 3094 1087,
3537 3024 3653 3081 obiit
3668 3020 3802 3078 Wilki-

611 3115 847 3185 sumptis
869 3115 1035 3170 sociis
1058 3113 1200 3187 fuga:
1230 3131 1289 3171 se
1317 3116 1490 3172 credit
1530 3117 1761 3174 consilio
1806 3135 1820 3184 ;
1848 3119 2204 3188 quamobrem
2236 3142 2282 3204 ρ
2311 3135 2437 3174 mus
2458 3119 2761 3190 Anglorum
2786 3134 2903 3174 rex.

597 3217 667 3262 et
722 3208 778 3262 in
800 3207 1102 3263 crastinum
1145 3209 1424 3279 aliquanto
1467 3209 1741 3265 morosius
1782 3211 2106 3281 prolongata
2126 3220 2213 3267 est

615 3299 855 3370 negotiis
893 3299 1057 3369 hujus
1106 3300 1401 3370 exequutio
1473 3299 1640 3371 (181).
1703 3299 1864 3357 Solus
1906 3301 2212 3360 Willelmus

614 3389 1267 3462 Trajectensisinventus
1314 3402 1418 3459 est,
1448 3393 1544 3464 qui
1585 3393 1716 3449 dum
1760 3394 2075 3450 hesternam
2118 3413 2214 3450 ru-

615 3492 690 3540 ct<
709 3492 730 3538 t
752 3484 1056 3554 crapulam,
1078 3484 1262 3554 posuit
1311 3484 1366 3539 in
1410 3486 1612 3542 caelum
1644 3502 1708 3543 os
1729 3502 1914 3554 suum,
1944 3497 1999 3546 et
2025 3489 2211 3559 lingua

616 3574 739 3644 chs
761 3574 815 3627 in
839 3573 1124 3628 dominum
1145 3585 1197 3630 ct
1223 3575 1549 3646 magistrum
1603 3591 1767 3632 suum
1811 3577 2212 3648 maledictionis

618 3665 839 3720 intorsit
882 3665 1128 3736 jaculum
1176 3667 1346 3739 (182).
1375 3666 1482 3724 Sed
1527 3684 1636 3724 non
1663 3669 1886 3740 inpune.-
1920 3668 2059 3725 Nam
2085 3686 2210 3726 cum

618 3757 726 3813 hoc
749 3757 893 3812 inter
931 3774 1087 3814 sacra
1130 3759 1424 3814 missarum
1462 3762 1759 3833 peregisset
1800 3763 2124 3833 solempnia,
2161 3773 2216 3833 et

618 3857 842 3920 peracto
867 3850 1074 3906 scelere
1091 3851 1252 3906 datus
1283 3851 1336 3905 in
1359 3853 1650 3922 rcprobum
1675 3865 1898 3910 sensum
1923 3855 1990 3910 ad
2023 3855 2214 3910 eadem

620 3941 986 4013 perexplenda
1009 3944 1404 4015 accingeretur,
1430 3960 1499 4000 ne
1528 3947 1614 4002 vel
1635 3946 1695 4001 in
1725 3947 1831 4003 hoc
1853 3963 1884 4001 a
1915 3945 2069 4002 Judze
2083 3963 2215 4017 pro-

619 4034 815 4092 ditoris
835 4036 1116 4091 consortio
1139 4045 1194 4092 et
1247 4037 1442 4092 merito
1485 4030 1852 4109 separaretur,
1877 4039 1972 4095 ubi
2011 4055 2216 4110 corpus

621 4126 982 4194 dominicum,
1030 4127 1086 4182 in
1128 4129 1274 4200 quod
1297 4139 1634 4200 peccaverat,
1658 4133 1800 4188 male
1821 4132 1926 4188 sibi
1958 4134 2216 4188 conscius

621 4219 878 4289 sumpsit.
905 4220 1042 4276 ultio
1069 4220 1254 4276 divina
1279 4221 1626 4279 manifestata
1656 4236 1759 4280 est.
1803 4224 2108 4282 Percussus
2135 4235 2219 4281 est

622 4311 771 4366 enim
825 4328 858 4368 a
881 4312 994 4369 Deo
1022 4314 1176 4385 plaga
1219 4314 1534 4384 insanabili,
1559 4317 1633 4371 ita
1655 4327 1714 4372 ut
1736 4334 1861 4374 cum
1897 4319 2122 4374 horrore
2165 4327 2219 4374 et

621 4412 848 4474 stupore
871 4406 1106 4461 mirabili
1132 4406 1396 4462 clamaret
1419 4423 1431 4459 :
1457 4407 1631 4462 Ardea
1651 4407 1672 4460 .'
1684 4415 1689 4419 ‘
1706 4410 1865 4463 ardeo
1880 4409 1899 4461 .'
1925 4411 2054 4479 quia
2095 4426 2218 4466 cor-

620 4511 727 4566 pus
749 4498 897 4566 quod
918 4497 1175 4564 vivificat,
1225 4498 1538 4553 incendium
1570 4500 1650 4554 illi
1678 4516 2009 4572 poenamque
2033 4518 2216 4572 parie-
2249 4488 2296 4543 D

622 4586 737 4653 bat,
761 4587 910 4656 quod
947 4596 1229 4642 exarserat
1273 4588 1417 4644 ineo
1465 4589 1610 4644 sicut
1657 4588 1801 4660 ignis
1824 4590 1878 4644 in
1921 4589 2116 4660 spinis,
2160 4601 2220 4647 ut

627 4676 923 4733 manifesta
947 4677 1003 4732 in
1026 4693 1093 4733 eo
1123 4678 1275 4734 ﬁeret
1298 4679 1424 4734 ultit
1479 4678 1715 4734 Domini.
1755 4679 1870 4736 Nec
1914 4680 2103 4736 datum
2137 4692 2223 4738 cst

633 4767 709 4827 illi
730 4772 948 4841 tempus
981 4782 1044 4826 ut
1072 4771 1354 4841 peniteret,
1377 4771 1471 4827 sed
1497 4785 1625 4826 mox
1652 4780 1715 4827 ut
1747 4773 1921 4829 sensit
1941 4774 2123 4844 ignem
2165 4775 2221 4829 in

630 4877 690 4918 se
711 4871 1076 4934 grassantem,
1109 4862 1164 4917 in
1207 4863 1334 4918 sede
1375 4879 1604 4934 corpore
1642 4865 1937 4932 reclinato,
1960 4866 2089 4921 dum
2113 4867 2225 4922 cla-

630 4965 832 5011 masset
845 4976 857 5011 :
871 4954 1073 5011 Sancta
1088 4955 1268 5010 Maria
1282 4957 1303 5010 .'
1311 4956 1567 5013 miseram
1585 4957 1751 5012 vitam
1769 4958 2065 5015 miserabili
2079 4976 2227 5015 mor-

628 5051 687 5101 te
719 5046 894 5102 finivit
915 5048 1085 5118 (185).
1115 5047 1191 5104 De
1217 5064 1328 5120 quo
1361 5059 1572 5105 certum
1617 5059 1721 5118 est,
1751 5051 1882 5120 quia
1927 5052 2090 5108 nobis
2121 5052 2226 5108 ista

633 5136 792 5204 vidit,
826 5140 983 5194 nobis
1012 5142 1118 5195 hoc
1157 5151 1522 5197 monstratum
1574 5151 1687 5207 cst,
1733 5153 1791 5197 ut
1836 5144 2098 5213 prodesse
2137 5145 2224 5198 in-

636 5226 844 5298 ciperet
865 5230 1024 5286 nobis
1043 5246 1183 5300 pena
1203 5232 1344 5302 ejus.
1378 5232 1612 5288 Grandis
1638 5232 1769 5288 hinc
1801 5235 2026 5290 inolevit
2049 5244 2226 5291 terror

2387 3207 2572 3280 (-1080,
2599 3207 2718 3264 Oct.
2756 3208 2869 3279 15.)
2906 3208 3069 3262 Anno
3099 3207 3266 3280 igitur
3289 3207 3364 3263 ab
3389 3205 3719 3262 incarnatione
3738 3199 3802 3254 De

2316 3301 2454 3356 mini
2485 3301 2641 3368 1079,
2685 3300 2891 3357 factum
2921 3309 3006 3356 est
3028 3300 3276 3372 praelium
3303 3300 3365 3356 in
3405 3299 3652 3362 Saxonis,
3682 3297 3721 3350 in
3739 3308 3802 3363 quo

2317 3392 2588 3450 Rodulfus
2633 3409 2730 3448 rex
2761 3393 2976 3460 cecidit,
3006 3402 3063 3448 et
3115 3392 3414 3449 Ileinricus
3449 3391 3675 3465 fugiendo
3693 3388 3803 3441 victus

2315 3494 2419 3542 ut.
2446 3485 2562 3542 Hoc
2587 3487 2779 3542 eodem
2815 3501 2962 3541 anno
2986 3485 3130 3542 facta
3161 3495 3293 3542 sunt
3330 3487 3566 3541 tonitrua
3600 3482 3801 3550 etfulgun

2318 3593 2374 3631 in
2420 3575 2706 3644 Januario,
2747 3585 2803 3632 et
2848 3578 2980 3633 luna
3023 3578 3179 3648 nigra
3222 3585 3279 3632 et
3324 3575 3704 3649 sanguinolenta
3735 3570 3803 3621 visa

2317 3676 2402 3723 cst
2440 3669 2474 3722 ὅ
2506 3668 2628 3724 Kal.
2663 3669 2822 3725 Febr.
2849 3668 2917 3726 Et
2937 3669 3190 3740 sequenti
3211 3685 3362 3724 anno
3386 3669 3662 3724 Witbertus
3680 3662 3804 3719 invasi!

2318 3760 2501 3814 sedem
2529 3761 2912 3831 apostolicam,
2933 3778 2963 3817 a
2989 3762 3304 3834 dampnatis
3342 3770 3401 3817 et
3425 3752 3804 3817 excommunicatis

2319 3853 2518 3923 suique
2547 3853 2823 3910 similibus
2872 3855 2929 3910 in
2955 3856 3350 3925 apostaticum,
3391 3870 3502 3911 non
3543 3849 3802 3924 apostolicum

2318 3947 2544 4003 electus.
2595 3946 2776 4019 (Legg.
2831 3964 2891 4014 ιι,
2941 3948 3056 4018 51.)
3103 3946 3237 4015 Quae
3292 3946 3616 4018 conspiratio
3647 3941 3803 4012 primum

2319 4045 2462 4096 tacta
2491 4049 2577 4096 est
2597 4042 2743 4112 apud
2765 4041 3027 4108 Brixiam,
3053 4041 3148 4097 ubi
3175 4041 3493 4114 congregati
3512 4037 3657 4109 aliqui
3667 4033 3802 4104 epim-

2320 4149 2514 4204 porum
2566 4133 2634 4189 de
2683 4134 2944 4206 sinagoga
2977 4143 3218 4201 satanas,
3263 4133 3452 4190 traditi
3505 4133 3557 4186 in
3603 4124 3801 4198 replum

2321 4240 2567 4291 sensum,
2597 4233 2790 4282 contra
2823 4226 3007 4292 ﬁdem,
3039 4241 3166 4296 quae
3205 4233 3292 4280 est
3331 4223 3598 4281 confessio
3620 4216 3745 4278 Petri.
3773 4219 3804 4262 ⁸

2321 4325 2571 4372 sanctam
2599 4317 2782 4372 sedem
2812 4317 2934 4388 ejus
2961 4316 3271 4372 Romanam
3304 4317 3598 4373 aecelesiam
3618 4307 3746 4378 turpia
3774 4313 3804 4352 σι

2323 4408 2561 4464 nefanda
2605 4409 2893 4478 jacientes,
2925 4409 2994 4464 ad
3046 4409 3448 4479 plenitudinem
3506 4394 3804 4473 dampnationit

2321 4515 2436 4555 suae
2495 4499 2778 4571 elegerunt
2835 4499 3166 4555 Witbertum
3223 4499 3615 4557 heresiareham
3645 4493 3696 4548 de
3735 4486 3804 4542 suis

2322 4590 2617 4657 similibus,
2653 4599 2708 4646 et
2750 4590 3038 4662 desperata
3079 4592 3337 4662 superbia
3387 4589 3703 4662 apostolicum
3727 4590 3802 4635 eum

2323 4692 2606 4750 vocantes,
2637 4692 2963 4754 apostatam,
3014 4699 3126 4739 non
3174 4684 3536 4755 apostolicum
3580 4678 3801 4735 eiecerunt

2325 4773 2431 4842 Qui
2460 4775 2668 4831 idcirco
2695 4777 2943 4830 omnium
2966 4777 3208 4832 tidelium
3237 4776 3366 4830 odio
3401 4773 3604 4846 dignior
3625 4777 3704 4832 est,
3727 4760 3802 4832 qui!

2326 4882 2455 4922 cum
2504 4881 2538 4922 a
2579 4868 2938 4938 principibus,
2971 4867 3230 4924 Heinrico
3250 4868 3460 4924 scilicet
3501 4878 3614 4935 rege
3641 4853 3804 4927 deposito

2325 4966 2382 5014 et
2433 4959 2646 5014 caeteris
2692 4960 2858 5030 hujus
2911 4960 3235 5031 perditionis
3275 4959 3563 5025 ministris,
3616 4949 3801 5024 quesilum

2325 5060 2491 5119 esset,
2515 5053 2640 5124 quis
2661 5052 2730 5108 ad
2753 5053 3188 5126 impugnandum
3216 5061 3466 5109 sanctum
3490 5052 3663 5109 virum.
3679 5049 3802 5112 11³1³³³³

2322 5145 2577 5202 videlicet
2603 5145 2950 5218 Gregorium,
2982 5146 3238 5202 falsitatis
3286 5146 3538 5201 vexillum
3577 5135 3801 5204 suscipe!“

2323 5251 2487 5292 nemo
2533 5237 2780 5292 omnium
2824 5246 2938 5291 tam
2974 5237 3176 5304 audax,
3205 5247 3318 5292 tam
3371 5239 3706 5307 pmsumptor,
3737 5229 3801 5271 lam

2189 5369 2417 5428 NOTAE.

716 5471 864 5548 (181)
886 5470 1059 5548 Paulo
1090 5482 1216 5531 ante
1237 5476 1454 5548 _scripta
1485 5477 1702 5548 videtur
1721 5478 1948 5548 epistola
1978 5481 2227 5548 Gregorii

716 5500 864 5545 μοι)
888 5500 1059 5528 rerum
1090 5500 1216 5531 iulw
1252 5500 1454 5547 scripta
1488 5500 1702 5533 vruetur
1721 5500 1948 5548 eplswta
1978 5500 2083 5538 UI‘C
2122 5500 2227 5537 Ol‘ll

642 5543 732 5628 Ill,
764 5543 852 5612 l2,
877 5543 946 5599 ad
969 5543 1212 5628 Udonem
1236 5545 1636 5628 Trevirensem,
1661 5547 2057 5628 Theodericum
2087 5500 2227 5607 ξίν-

646 5617 952 5673 dunensem
977 5626 1031 5672 et
1053 5615 1441 5672 Herimannum
1467 5617 1806 5674 MettenSem.
1833 5620 1896 5676 K.

721 5687 876 5760 (182)
901 5686 1014 5760 Hoc
1035 5703 1087 5743 a.
1116 5687 1284 5760 1076_
1290 5690 1542 5760 paschali
1584 5699 1826 5760 tempore
1849 5691 2050 5748 factum
2104 5710 2230 5750 esse

642 5757 1219 5827 narratLambcrtus;
1263 5757 1545 5832 Hugoncm
1590 5757 1994 5819 Wormaticnse
2041 5766 2228 5820 conci-

2326 5482 2463 5556 lim"
2516 5498 2646 5556 cum,
2680 5482 3004 5556 Moguntina
3047 5498 3097 5537 a.
3147 5481 3284 5538 1080
3337 5481 3626 5539 confudissc
3665 5469 3801 5527 ωοίλωι

2333 5553 2547 5608 Stenzel
2572 5553 2612 5615 l,
2637 5553 2761 5608 587.
2786 5553 2852 5607 Κ.

2405 5624 2551 5694 (185)
2591 5623 2737 5678 Obiit
2757 5641 2807 5678 ει.
2843 5623 3015 5692 1076;
3043 5623 3113 5679 cf.
3143 5615 3797 5686 Bertholdum,Lambem1mi

2331 5695 2665 5761 Brunoncm,
2698 5695 3045 5749 Bcrnoldum.
3650 5720 3654 5724 -

2407 5766 2556 5837 (184)
2598 5765 2654 5819 ln
2688 5764 2943 5838 Registro
2968 5765 3362 5822 desiderantur.
