3878 6310
104 385 188 444 529

104 498 375 569 desperatus
393 497 475 554 vel
497 497 737 569 perditus
758 501 1009 587 inventus
1034 515 1138 576 est,
1162 509 1256 580 qui
1278 512 1621 586 naufragium
1654 527 1698 582 Α
1727 520 1907 577 omnis
1935 522 2294 597 Christianus,

102 591 198 646 fidei
222 590 386 646 subire
407 590 676 662 deligeret,
698 604 880 663 preter
897 612 1024 652 eum
1048 600 1246 656 solum.
1267 601 1370 670 Qui
1394 606 1619 675 ideirco,

58 726 65 735 .
100 681 344 748 credimus,
367 682 667 739 antichristi
699 687 988 757 negocium
1016 694 1278 763 suscepit,
1306 705 1368 751 ut
1402 699 1618 756 ruinam

97 772 537 842 archiepiscopatus
576 773 973 846 Ravennensis,
1023 797 1186 853 quem
1222 802 1322 856 pro
1358 789 1474 845 suis
1507 791 1620 846 cri-

96 863 289 917 minibus
310 865 491 919 eodem
525 863 789 937 Gregorio
824 872 1150 939 prasidente
1177 879 1425 948 synodali
1462 882 1615 952 judi-

93 954 158 1008 cio
177 953 479 1023 perdiderat,
506 957 852 1030 susceptione
880 962 1048 1020 oblati
1095 968 1323 1038 periculi
1359 987 1617 1043 compen-

94 1055 221 1101 taret.
244 1046 431 1101 Aderat
460 1049 512 1102 in
534 1061 807 1107 conventu
849 1054 943 1110 illo
975 1058 1390 1131 malignantium
1409 1066 1615 1123 multus

91 1150 306 1191 numerus
348 1136 765 1208 dampnatorum
791 1186 807 1212 ,
853 1161 995 1216 quos
1052 1150 1120 1207 ad
1173 1158 1610 1226 persequendum

88 1237 334 1282 amatorem
359 1227 583 1298 justitia
603 1236 1029 1295 communicatio
1059 1239 1350 1300 criminum
1379 1258 1432 1303 et
1455 1265 1612 1305 amor

85 1318 298 1389 principis
347 1319 618 1390 illexerat,
666 1340 792 1383 eum
851 1330 1031 1387 solum
1088 1332 1296 1392 invehit
1358 1338 1609 1398 diabolus

84 1410 434 1480 promptiorem,
458 1413 548 1468 cui
581 1416 816 1473 malicia
854 1434 969 1476 sua
993 1437 1211 1480 omnem
1239 1428 1606 1501 principatum

83 1502 403 1558 committeret.
441 1504 693 1577 Suscepit
733 1508 921 1581 itaque
956 1514 1153 1593 sedem
1185 1528 1410 1588 satana,
1458 1534 1510 1578 et
1547 1524 1603 1579 in

80 1591 251 1646 catedra
274 1595 588 1663 pestilentia
609 1599 956 1671 sublimatus,
985 1604 1278 1676 impiorum
1301 1623 1509 1670 mentes
1533 1615 1604 1671 ad

78 1682 435 1752 expugnandum
498 1702 702 1746 nomen
755 1690 973 1749 Domini
1032 1700 1368 1769 exacuebat,
1420 1702 1601 1762 factus

76 1773 279 1830 omnibus
318 1774 472 1835 fovea
517 1783 801 1850 peccandi.
840 1784 975 1852 Qua
1030 1799 1215 1846 autem
1266 1792 1431 1849 fuerit
1477 1796 1599 1865 ejus

75 1866 292 1932 promotio
312 1884 404 1925 seu
426 1871 803 1943 intronizatio,
833 1880 1113 1948 quomodo
1140 1884 1206 1939 ad
1241 1885 1384 1941 hanc
1410 1887 1590 1958 dejec-

74 1956 230 2012 tionem
246 1971 295 2015 et
315 1977 472 2032 quam
488 1967 892 2037 praecipitanter
912 1974 1239 2043 ascenderit,
1257 1986 1311 2033 et
1336 1993 1369 2033 a
1388 1956 1589 2050 quibus

72 2060 301 2108 execratus
323 2053 411 2121 sit,
430 2072 623 2127 quaeve
646 2074 835 2116 eorum
885 2062 1053 2120 fuerit
1100 2066 1211 2123 vita
1238 2069 1323 2125 vel
1357 2087 1588 2128 conver-

71 2142 192 2206 satio,
221 2151 269 2197 et
297 2146 419 2215 quid
457 2148 529 2204 de
580 2151 830 2207 ordinato
867 2155 952 2209 vel
1004 2158 1411 2219 ordinatoribus
1467 2165 1588 2234 ejus

72 2232 352 2291 sentiendum
379 2237 468 2305 sit,
493 2239 846 2300 Gevehardus
893 2245 1338 2320 Salzeburgensis
1374 2232 1587 2325 episco-

69 2335 160 2391 pus,
193 2327 333 2397 cujus
368 2329 478 2385 vita
528 2334 813 2402 speculum
844 2348 962 2391 erat
1008 2338 1301 2409 bonorum,
1357 2344 1586 2402 interro-

70 2423 187 2481 gatus
210 2417 386 2475 edicat.
414 2421 505 2478 Ait
528 2424 675 2479 enim
701 2426 948 2483 scribens
979 2427 1313 2489 Herimanno
1333 2434 1581 2495 Mettensi

67 2505 266 2578 episcopo
291 2529 303 2564 :

118 2614 135 2647 ί
168 2598 221 2653 G.
260 2600 699 2677 Salzeburgensis
733 2608 1027 2682 episcopus
1073 2612 1139 2669 li.
1180 2614 1430 2673 Mettensi
1466 2621 1581 2689 epi-

66 2700 191 2757 scopo
237 2694 473 2751 salutem.
516 2697 799 2756 Wibertus
835 2702 1115 2772 quondam
1163 2705 1450 2764 Ravennae
1492 2725 1581 2764 ar-

64 2777 380 2854 chiepiscopus
429 2804 558 2844 cum
609 2791 1003 2862 obedientiam,
1053 2812 1217 2866 quam
1268 2801 1579 2870 apostolica

64 2867 146 2922 sedi
185 2870 471 2941 iuramento
530 2872 900 2951 promiserat,
967 2900 1076 2940 non
1131 2867 1430 2957 attendere,
1481 2892 1576 2948 sed

62 2968 206 3017 contra
230 2964 389 3035 ipsam
430 2971 770 3028 omnimodis
817 2977 1101 3046 superbire
1148 2980 1468 3050 studuisset,
1518 2983 1574 3039 in

61 3041 249 3108 Romana
272 3059 470 3128 synodo
493 3041 1000 3133 inrecuperabiliter
1035 3068 1313 3140 depositus
1358 3083 1412 3128 et
1440 3041 1574 3130 ana-

59 3134 377 3203 thematizatus
403 3157 487 3204 est
511 3151 587 3206 ab
609 3154 911 3222 apostolica
935 3158 1064 3214 sede
1104 3134 1161 3215 et
1186 3161 1257 3217 ab
1284 3163 1570 3236 episcopis

57 3226 184 3285 mlius
204 3235 480 3307 ecclesia;
513 3256 619 3297 nec
643 3243 750 3300 hoc
771 3246 940 3302 semel
976 3247 1033 3302 in
1063 3266 1173 3305 una
1203 3226 1441 3324 synodo,
1474 3226 1569 3311 sed
1597 3231 1638 3290 Ο

54 3310 96 3366 in
120 3321 335 3381 omnibus
359 3329 605 3399 synodis,
634 3324 902 3404 quotquot
928 3336 1043 3406 jam
1071 3310 1353 3409 septennia
1382 3310 1570 3401 Romae

53 3404 278 3470 michnta
297 3426 441 3473 sunt.
462 3417 567 3475 Hic
588 3421 754 3492 igitur
774 3425 849 3479 ita
878 3404 943 3480 in
954 3428 1067 3498 perj
1076 3404 1208 3485 uriis
1236 3431 1567 3491 inveteratus

52 3504 91 3549 α
120 3505 410 3568 procisdem
454 3511 964 3584 inrecuperabiliter
1009 3519 1288 3590 depositus
1335 3532 1389 3579 et
1432 3542 1566 3582 ana-

52 3583 388 3666 lbematizatns,
425 3602 614 3659 sedem
664 3583 898 3662 Romani
951 3583 1255 3680 pontiﬁcis,
1302 3614 1393 3671 cui
1433 3617 1565 3673 obe-

44 3673 252 3738 dientiam
288 3687 511 3757 jnravit,
568 3707 664 3761 per
709 3708 908 3751 manus
951 3673 1560 3773 anathematizatorum,

49 3771 185 3833 utpote
212 3774 291 3830 sui
316 3778 602 3848 similium,
630 3782 850 3852 invasit,
880 3785 1122 3858 legitimo
1141 3803 1359 3859 pastore
1380 3771 1560 3851 adhuc

46 3853 176 3915 eidem
212 3866 318 3921 sedi
355 3871 702 3938 praesidente.
743 3853 1211 3948 (1085jvlpsoru-m
1249 3892 1433 3938 autem
1458 3900 1556 3940 ex-

46 3954 505 4015 eommunieatorum
543 3963 727 4020 nullus
752 3980 879 4021 eum
901 3982 1244 4040 consecrare,
1261 3974 1344 4029 vel
1371 3976 1555 4045 potius

43 4049 239 4101 tractare
266 4053 635 4124 praesumpsit,
677 4065 876 4125 prater
923 4058 1287 4118 Mutinensem
1333 4073 1386 4119 et
1425 4065 1553 4120 Ari-

43 4126 202 4190 thinuin
224 4143 592 4215 exepiscopos,
620 4147 716 4216 qui
735 4148 902 4205 ambo
939 4166 1040 4221 pro
1067 4153 1184 4210 suis
1228 4154 1551 4214 criminibus

39 4216 116 4284 iam
136 4229 269 4286 annis
291 4234 460 4292 tribus
481 4236 661 4293 oﬂicio
712 4248 770 4295 et
810 4244 1197 4301 communione
1236 4257 1546 4305 earuerant.

43 4306 115 4366 Sed
132 4316 189 4371 hii
209 4322 358 4380 etiam
387 4326 434 4384 si
458 4328 700 4388 otiicium
724 4341 779 4389 et
799 4338 1239 4394 communionem
1263 4340 1545 4411 haberent,

37 4406 75 4451 et
102 4399 309 4468 Romana
349 4418 508 4475 sedes
546 4430 765 4489 pastore
806 4435 1046 4494 vacaret,
1097 4430 1308 4484 nullum
1362 4439 1544 4489 tamen

39 4488 163 4547 tidem
184 4500 284 4554 sedi
306 4488 616 4573 pontiﬁcem
640 4512 891 4569 ordinare
918 4527 1161 4586 possent.
1194 4518 1368 4591 Hujus
1395 4523 1539 4579 enim

38 4579 325 4648 ordinationis
360 4597 704 4670 privilegium
727 4603 858 4658 solis
882 4579 1250 4664 cardinalibus
1270 4579 1539 4684 episcopis
1572 4607 1616 4662 Ι)

36 4666 280 4747 Albanensi,
307 4666 915 4760 Ostiensi,vPortuensi,
959 4709 992 4751 a
1040 4696 1245 4753 sanctis
1292 4701 1535 4770 patribus

34 4767 90 4811 est
121 4778 429 4832 concessum.
482 4777 627 4849 Ergo
651 4780 974 4859 Mutinensis
1000 4795 1054 4842 et
1094 4787 1381 4848 Aritbinus
1417 4792 1534 4863 epi-

34 4854 138 4919 scopi
157 4857 293 4925 juxta
316 4868 692 4926 testimonium
724 4854 1053 4933 sanctissimi
1086 4896 1241 4951 papa
1271 4882 1536 4940 Innocen-

34 4938 72 4991 [ὗ
105 4959 190 5002 non
227 4952 671 5030 benedictionem,
720 4966 818 5021 sed
868 4968 1311 5039 dampnationem
1365 4991 1529 5046 quam

34 5025 46 5046 ι
80 5032 87 5046 .

658 5025 666 5030 ,
997 5025 1014 5039 .
1134 5025 1311 5029 κέν-ττ-
1370 5025 1529 5046 1“""

33 5025 267 5099 habuerunt
301 5063 399 5103 suo
420 5050 723 5111 Ravennati
747 5056 1024 5129 imponere
1078 5073 1397 5134 potuerunt;
1429 5083 1530 5124 nec

33 5117 136 5220 ilium
166 5130 214 5187 in
254 5134 556 5200 Romanum
590 5117 987 5221 patriarcham,
1031 5156 1127 5211 sed
1170 5156 1225 5210 in
1272 5159 1526 5227 perditis-

33 5210 173 5276 SiIntuli
206 5210 607 5293 beresiarcham-
655 5256 1062 5313 promoverunt.
1113 5246 1316 5304 Caveat
1362 5249 1527 5321 igitur

258 5370 259 5373 η
1444 5370 1485 5399 n

214 5423 283 5493 xv.
303 5410 532 5493 lialend.
563 5418 1005 5493 Maiidepositio
1047 5427 1100 5482 d.
1149 5427 1379 5488 Gebuini
1434 5370 1524 5491 ar‘:

73 5458 86 5473 ε
174 5458 182 5471 ,
220 5458 273 5461 ἡ-
307 5458 532 5471 -....ν..ι..
563 5458 686 5474 ...μυ
738 5458 1005 5493 υιγυθιιιυ
1047 5458 1100 5482 υ.
1149 5458 1379 5488 ucuuuu
1434 5458 1523 5491 ar-

303 5481 681 5571 Lugdun'ensis
706 5492 900 5565 legitur
918 5496 972 5549 in
993 5495 1316 5571 Necrologio
1340 5502 1395 5558 S.
1428 5504 1523 5561 Be-

34 5538 133 5613 ngnj
147 5538 481 5613 Divionensis.
497 5538 585 5613 Ἐξ

69 5606 195 5703 ρξθχ
216 5606 491 5703 {niuei};
514 5606 745 5703 ἰξὲείειιι.
779 5631 870 5700 ix,
904 5635 991 5703 is,
1030 5654 1085 5692 ιι
1132 5638 1359 5699 Kalend.
1406 5643 1519 5702 No-

342 5676 373 5678 n
438 5676 490 5682 ,-
514 5676 590 5684 --ν
628 5676 745 5686 ...,-..
779 5676 846 5686 --ι
909 5676 970 5691 ιν
1030 5676 1085 5692 ιιι
1134 5676 1359 5699 “Iuntl.
1406 5676 1517 5702 ηυ-

33 5676 249 5773 ﬁgit-Vad-
275 5676 555 5773 Hugonem
590 5676 730 5757 datis
772 5676 1287 5773 mo’net’Gregorius
1321 5729 1391 5770 ne
1430 5731 1517 5773 re-

33 5750 150 5805 i‘mt'n
202 5750 569 5832 Lugddnensis
593 5750 900 5831 "Ecclesia
969 5750 1226 5837 accede“:

268 5854 537 5920 Parnm.
554 5861 776 5927 .CLlV.

1284 5784 1511 5843 dubitet.

1284 394 1687 470 CHRONICOH.
1718 433 1791 445 -
1826 402 1955 463 LIB.
1996 406 2060 464 Il.

3193 436 3306 496 3'50

2325 542 2489 603 caput
2508 536 2831 601 antichristo
2871 542 3157 620 inclinare,
3185 561 3302 609 sta-

1725 617 1874 665 tuam
1897 628 2063 683 quam
2084 615 2591 683 Nabuchodonosor
2624 633 2797 689 erexit
2833 636 3082 710 adorare,
3110 644 3303 716 sicque

1723 716 1782 756 se
1809 700 1983 772 ipsius
2034 707 2392 771 heresiarcha
2441 720 2910 789 perniciosissimo
2963 736 3301 795 anathemati

1722 788 2007 852 innodare.
2041 796 2177 856 Nam
2202 788 2532 880 quicumque
2559 812 2633 868 illi
2681 817 2966 890 obedierit,

1727 898 1746 932 ‹
1786 879 1993 941 Ponam
2017 890 2200 969 sedem
2225 910 2402 953 meam
2429 879 2497 955 ad
2523 904 2854 977 aquilonem,
2882 920 2936 967 et
2973 928 3069 971 ero
3099 915 3297 977 similis

1716 969 2021 1041 Altissimo,
2065 997 2084 1031 ι
2117 965 2427 1042 certissime
2448 990 2505 1044 in
2549 1003 2809 1053 aternam
2851 999 3294 1073 dampnationem

1715 1062 1815 1119 ibit
1838 1081 1963 1123 cum
1988 1069 2140 1140 ipsis.
2171 1074 2368 1132 Amen.
2415 1099 2435 1133 ι
3020 1122 3025 1129 ·

1786 1154 1898 1214 Hec
1933 1173 2062 1219 sunt
2090 1165 2156 1221 de
2184 1163 2455 1228 Witberto
2480 1171 2784 1236 Gevehardi
2817 1181 3287 1262 Salzeburgensis,

1714 1245 1812 1303 viri
1848 1251 2039 1323 utique
2061 1256 2366 1316 doctissimi
2389 1273 2442 1319 et
2466 1271 2745 1341 autentici,
2793 1277 2991 1348 scripta
3030 1282 3286 1353 veridica,

1710 1342 1913 1409 quibus
1935 1346 2120 1418 utique
2148 1353 2331 1410 nullus
2351 1371 2479 1413 cum
2507 1359 2722 1430 justitia
2750 1342 2970 1428 obvia—re
3010 1377 3284 1444 pravalet.

1709 1433 1906 1493 Extant
1951 1451 2006 1496 et
2027 1444 2134 1527 alia
2162 1447 2282 1518 ejus
2336 1453 2541 1524 scripta
2595 1462 2919 1521 auctoritate
2974 1478 3029 1524 et
3056 1474 3286 1532 veritate

1708 1522 1961 1598 subnixa,
1990 1522 2112 1619 qua
2142 1554 2242 1609 pro
2286 1543 2390 1598 viri
2437 1549 2633 1606 merito
2676 1569 2987 1616 reverenter
3039 1564 3281 1627 ﬁdelium

1708 1617 1944 1678 honorat
1972 1612 2041 1681 et.
2060 1632 2399 1701 amplexatur
2422 1642 2688 1699 acclesia.
2716 1647 2878 1718 (1084
2892 1612 2923 1719 ,V
2937 1612 3144 1714 vblart:
3163 1661 3225 1716 51

1715 1709 1739 1735 Δ
1756 1711 1785 1735 ι.
1845 1714 1873 1735 ι
1893 1731 1910 1735 -
1932 1733 1945 1735 -
2015 1718 2045 1735 ο.
2240 1724 2346 1735 -----

1703 1709 1789 1766 Ab
1845 1714 1951 1772 hoc
2012 1718 2196 1792 itaque
2240 1724 2516 1798 Wiberto,
2583 1709 2948 1814 sale'utique
2990 1709 3278 1822 infatuato:

1706 1799 1813 1822 ηε
1877 1807 1888 1818 ι

2857 1799 2873 1814 ι
2927 1799 2940 1800 ί
2991 1799 3278 1822 --------·-νν

1704 1799 1994 1864 Heinricus
2027 1826 2285 1870 coronam
2310 1824 2553 1893 suscepit
2593 1827 2829 1900 imperii,
2878 1834 3056 1894 factus
3091 1840 3278 1901 infelix

2456 1876 2497 1893 ,I
2514 1876 2521 1877 γ
2537 1876 2549 1878 -
2594 1876 2758 1899 ----ινν-
2772 1876 2829 1900 ιι,
2878 1876 3056 1894 ισυιυσ
3091 1876 3278 1901 ιιιιυιιλ

1624 1876 1666 1931 Β
1694 1897 2000 1954 membrum
2029 1901 2177 1961 illius
2210 1908 2305 1979 qui
2334 1921 2419 1966 est
2446 1928 2539 1969 rex
2567 1932 2730 1989 super
2751 1937 2943 1983 omnes
2988 1930 3130 1989 filios
3183 1950 3278 1990 su-

1694 1989 1917 2058 perbia,
1945 1996 2253 2067 suscipiens
2289 2002 2360 2057 ab
2383 2004 2477 2061 illo
2522 2011 2960 2075 maledictionem
2988 2037 3086 2093 pro
3110 2025 3277 2085 bene-

1687 2078 1961 2152 dictione;
1990 2096 2045 2142 et
2063 2091 2283 2159 quidem
2315 2097 2451 2153 satis
2475 2114 2732 2174 congrue.
2760 2106 2896 2166 Nam
2912 2078 3109 2186 dignus
3133 2130 3270 2188 erat,

1686 2182 1741 2228 et
1762 2189 1861 2244 pro
1896 2180 2105 2237 meritis
2130 2195 2252 2242 acta
2276 2203 2366 2245 res
2389 2202 2494 2259 est,
2522 2207 2582 2250 ut
2608 2198 2732 2254 talis
2764 2217 2859 2258 rex
2883 2180 3042 2262 talem
3073 2225 3270 2281 papam

1685 2263 2015 2338 institueret,
2048 2284 2101 2330 et
2143 2277 2213 2333 ab
2249 2280 2441 2337 eodem
2488 2285 2603 2356 ipse
2653 2306 2914 2351 coronam
2957 2299 3271 2372 ignominia

1682 2368 1737 2413 et
1756 2372 2035 2433 sceptrum
2066 2366 2351 2429 dedecoris
2377 2377 2701 2448 susciperet.

1752 2449 1870 2523 (fol.
1910 2454 2057 2528 129⁸)
2091 2457 2358 2519 Defuncto
2384 2481 2483 2536 per
2511 2468 2567 2525 id
2604 2475 2866 2544 temporis
2910 2476 3265 2553 Lugdunensi

1679 2543 2092 2619 archiepiscopo
2117 2549 2353 2610 Gibuino
2376 2556 2546 2632 (185),
2574 2577 2701 2618 cum
2722 2543 2874 2623 varia
2895 2543 3262 2641 quorumdam

1677 2644 1824 2688 esset
1872 2639 2100 2708 electio,
2163 2643 2401 2703 domnus
2473 2648 2630 2724 Hugo
2686 2654 2903 2716 Diensis
2970 2665 3260 2736 episcopus

1677 2720 1942 2780 electione
1989 2729 2120 2784 cleri
2161 2741 2217 2786 et
2267 2738 2475 2806 populi,
2517 2720 2845 2803 auctoritate
2887 2760 2942 2805 et
2986 2720 3259 2826 praecepto

1678 2808 1905 2867 Romani
1935 2819 2209 2886 pontiﬁcis
2235 2823 2290 2877 in
2315 2827 2786 2904 archiepiscopum
2835 2837 3254 2912 Lugdunensem

1673 2915 1956 2972 promotus
1976 2918 2060 2965 est
2080 2928 2225 2968 anno
2250 2915 2644 2980 incarnationis
2673 2926 2890 2985 Domini
2914 2934 3052 2989 1082
3080 2937 3253 3010 (186).

1673 2990 1865 3049 Adhuc
1886 2996 2031 3052 enim
2062 2998 2322 3060 Romana
2345 3007 2466 3063 urbi
2496 3010 2733 3070 domnus
2753 3015 3047 3091 Gregorius

1671 3090 1784 3148 rat,
1845 3100 2180 3161 quamquam
2236 3092 2680 3159 Wibcrtistarum
2734 3090 3047 3178 jamiesset
3083 3090 3252 3176 -facta

1670 3173 2026 3246 conspiratio,
2058 3195 2166 3235 non
2188 3191 2369 3243 tamen
2396 3193 2689 3260 promotio.
2725 3173 2829 3254 Ubi
2858 3217 2988 3259 vero
3018 3215 3073 3262 et
3115 3224 3249 3280 pro-

1672 3264 1843 3320 motio
1887 3268 2007 3339 ejus
2056 3278 2403 3335 execratione
2436 3298 2536 3338 sua
2571 3285 2662 3342 illa
2723 3293 2881 3361 quasi
2914 3299 3246 3359 auctorizata

1668 3360 1772 3419 est,
1801 3363 1855 3410 et
1869 3356 2178 3426 judicatum
2205 3374 2290 3420 est
2333 3369 2401 3426 ab
2457 3371 2639 3444 impiis
2692 3356 2756 3434 et
2785 3384 3023 3454 perjuris
3060 3390 3242 3448 hostili

1666 3456 1833 3499 manu
1872 3445 2103 3508 Romam
2147 3460 2590 3534 aggrediendam,
2617 3478 2678 3525 ut
2722 3445 3009 3548 papa,'qni
3057 3445 3247 3554 populi

1664 3533 1930 3606 obsequio
1974 3550 2030 3598 et
2071 3560 2260 3605 amore
2301 3567 2428 3611 cum
2476 3558 2650 3627 gratia
2700 3533 2808 3618 Dei
2835 3533 3241 3644 pro-tegebatur,

1662 3637 1788 3680 cum
1814 3625 2015 3703 injuria
2045 3644 2100 3690 et
2114 3637 2381 3699 dedecore
2406 3661 2437 3699 a
2455 3625 2582 3704 sede
2603 3625 3025 3724 propellereturu:

1660 3731 1902 3791 eousque
1922 3740 2016 3780 rex
2040 3727 2274 3800 devenit,
2300 3744 2359 3790 ut
2384 3752 2475 3793 rex
2523 3756 2648 3797 cum
2671 3760 2809 3817 papa
2846 3764 2951 3807 suo
2998 3744 3239 3813 exercitu

1654 3911 1922 3975 quotquot
1942 3920 2159 3980 poterat
2183 3917 2251 3974 ad
2307 3921 2638 3984 adorandam
2686 3940 2948 4004 statuam,
2977 3948 3032 3994 et
3062 3940 3114 3996 in
3169 3954 3236 4000 ea

1654 3990 1948 4068 imaginem
1999 4005 2188 4065 bestia
2241 4018 2615 4087 compellebat.
2653 4021 2758 4080 Sed
2789 3990 2953 4085 modo

1652 4096 1763 4153 quo
1791 4089 1913 4157 plus
1947 4094 2015 4149 ad
2045 4099 2365 4169 explendam
2418 4108 2663 4177 profana
2705 4118 2904 4175 mentis
2950 4089 3229 4182 vesaniam

1649 4173 1944 4249 ferebatur,
1991 4200 2059 4241 eo
2099 4193 2318 4261 gravius
2372 4173 2707 4261 deiciebatur
2728 4217 2783 4264 et
2828 4212 3228 4275 dehonestaba-

1649 4274 1758 4323 tur.
1806 4271 2116 4345 Aliquando
2166 4283 2312 4339 enim
2347 4303 2605 4361 magnum
2637 4308 2753 4355 erat
2787 4302 2833 4358 si
2855 4304 2980 4375 quis
3014 4309 3223 4381 regium

1652 4360 1887 4381 “___,,_M
2095 4371 2109 4381 .

2450 4360 2459 4361 ί
2871 4360 2890 4375 ,
2965 4360 2971 4361 ,
3016 4360 3223 4381 "an---

1647 4360 1898 4418 osculum
1942 4371 2276 4443 merebatur,
2318 4390 2534 4451 gratum
2577 4385 2624 4441 si
2655 4390 2780 4459 quis
2818 4394 3041 4467 vestigia
3071 4414 3223 4469 papa

1645 4451 2004 4513 oscularetur.
2056 4457 2212 4520 Nunc
2258 4483 2413 4525 versa
2457 4472 2575 4531 vice
2625 4494 2844 4551 rerum,
2887 4485 3222 4560 quicumque

1642 4539 1897 4603 inventus
1935 4547 2149 4622 fuisset,
2177 4560 2483 4631 tenebatur,
2510 4582 2610 4624 nec
2635 4579 2794 4628 antea
2821 4539 3217 4647 dimittebatur,
3242 4638 3249 4641 _

1633 4816 1963 4887 equipartita
2018 4826 2258 4899 injuria,
2311 4851 2499 4894 verum
2569 4844 2709 4916 regis
2761 4857 2914 4906 tanto
2967 4857 3213 4927 gravior,

1634 4915 1840 4973 quanto
1884 4909 1972 4967 hic
2000 4916 2158 4984 cuju$
2193 4922 2422 4989 pedibus
2463 4909 2848 5003 inclinabatur,
2903 4909 3022 4997 erat
3065 4909 3214 5006 dcte:

1633 4990 1767 5047 rior.
1802 4993 1934 5062 Qua
1961 5002 2106 5059 enim
2154 5010 2333 5080 major
2379 5029 2500 5071 esse
2536 5030 2714 5088 potest
2766 5025 3000 5097 insania,
3043 5050 3210 5105 quam

1634 5081 1810 5139 virum
1839 5087 2034 5148 litteris
2059 5096 2302 5166 adprime
2338 5081 2635 5179 eruditum,
2672 5114 2977 5188 disciplinis
3018 5081 3210 5184 acele-

1632 5172 1867 5234 siasticis
1915 5181 2223 5257 imbutum,
2284 5197 2585 5256 sanctionis
2647 5207 3044 5272 aeclesiastica
3100 5234 3208 5275 non

1633 5445 1844 5549 Scripta
1891 5459 2249 5549 estuepistola
2292 5478 2323 5520 a
2369 5462 2527 5549 1082,
2561 5469 2605 5524 si
2654 5471 2806 5549 Hugo
2860 5495 2913 5535 a.
2962 5482 3101 5539 1083
3151 5498 3205 5544 et

2120 5515 2248 5519 η-κη
2294 5515 2323 5520 ν-
2374 5515 2527 5534 —~v—,
2561 5515 2604 5524 -ι-
2654 5515 2732 5528 --υ
2772 5515 2806 5532 υ
2897 5520 2913 5535 ο
2967 5515 3101 5539 ιυῠυ
3168 5515 3181 5524 ⁵

1629 5515 1850 5625 ilqeuliite
1909 5515 2128 5609 quidem
2165 5547 2552 5625 Jconsecratus
2611 5555 2698 5625 est
2738 5515 3204 5625 barchiepiscopd;

1662 5618 1668 5625 λ
1714 5604 1745 5625 Π
1782 5607 2004 5625 Ιιηιιηηιη
2053 5616 2153 5625 η---
2243 5621 2261 5625 Α
2314 5618 2396 5625 _,,.

1927 5582 1944 5595 .
1990 5582 1993 5583 ,
2018 5582 2128 5586 ρ-..-
2198 5582 2552 5595 mnuum-un“,
2612 5582 2698 5599 νσι
2763 5582 2812 5602 al
2827 5582 3203 5625 uuacpmuupus

1626 5582 2027 5711 Lugdunensis,
2050 5605 2191 5670 quod
2235 5621 2266 5661 e
2313 5611 2481 5664 veteri
2538 5616 2772 5681 quadam
2820 5621 3008 5678 charta
3056 5637 3203 5683 recte

1625 5658 1708 5711 C01
1731 5674 1909 5711 elisse
1943 5668 2195 5711 νιδρηιιιρ
2216 5688 2465 5711 villain-ano
2490 5680 2608 5711 1“-“
2668 5685 2853 5711 {‘I.._:-a
2945 5702 2981 5711 ιΔ
3018 5709 3043 5711 μ
3109 5695 3176 5711 11⁷

1626 5661 1909 5785 ῗίόἓθεῖῗδε
1943 5661 2195 5730 videntur
2214 5661 3197 5765 auctore—svGdlliﬁhris‘trltbum:Vw:

2758 5916 2826 5976 11
