3878 6310
119 405 206 460 333.

107 786 289 858 laqueus
304 790 553 860 juvenum
579 813 793 868 omnes,
821 808 1065 864 utetiam
1092 813 1299 885 absque
1340 823 1632 894 synagogis

105 876 298 934 facerent
320 897 408 937 eos
427 885 519 954 qui
541 903 650 943 non
674 898 1158 958 communicabant
1172 908 1428 976 operibus
1442 928 1630 970 eorum

102 971 143 1024 in
189 975 613 1034 communicando
662 991 1169 1064 excommunicatis,
1219 997 1273 1052 in
1326 1001 1629 1072 abjectione

101 1061 318 1134 Gregorii,
342 1065 394 1120 in
425 1071 727 1130 assertione
760 1074 1012 1137 Wiberti.
1056 1081 1176 1141 Jam
1219 1104 1350 1146 vero
1403 1093 1450 1148 si
1503 1097 1627 1165 quis

98 1160 208 1205 esset
233 1151 315 1221 qui
348 1152 604 1227 Gregorio
627 1167 1077 1240 communicaret,
1101 1175 1191 1231 hic
1235 1179 1450 1247 publice
1489 1200 1624 1240 con-

97 1243 214 1297 viciis
243 1248 600 1320 appetebatur,
629 1253 717 1310 hic
753 1257 1052 1332 hereticus,
1098 1243 1408 1328 destructor
1448 1280 1620 1348 regni,

94 1343 284 1388 assertor
309 1339 451 1405 mali,
476 1342 569 1410 qui
594 1360 693 1400 nec
723 1348 829 1403 vita
855 1351 1053 1422 dignus
1077 1369 1242 1426 esset,
1270 1363 1364 1432 qui
1393 1367 1623 1434 publica:

93 1421 422 1493 indignationis
446 1431 710 1490 offensam
735 1443 1081 1501 contraheret
1108 1451 1384 1523 perjurus,
1410 1467 1463 1512 et
1490 1473 1622 1529 quo-

91 1513 182 1568 dam
204 1517 544 1578 adinventicio
579 1529 801 1584 nomine
834 1529 1121 1594 Paterinus
1165 1537 1466 1603 dicebatur.
1510 1552 1618 1608 Ad-

89 1621 296 1665 venerant
322 1622 561 1686 tempora
595 1623 924 1694 periculosa,
955 1631 1270 1692 obnubilata
1297 1649 1414 1696 erat
1448 1641 1616 1703 facies

86 1699 307 1770 (ecclesiae,
329 1721 431 1760 non
456 1714 789 1778 agnoscebat
818 1733 957 1787 quos
992 1737 1256 1793 genuerat
1295 1732 1458 1800 filios,
1485 1737 1613 1806 quia

83 1791 330 1856 patiebatur
364 1798 611 1870 infestos,
644 1821 745 1862 nec
792 1809 893 1879 ipsi
939 1823 1170 1872 matrem
1221 1827 1606 1897 agnoscebant,

83 1893 206 1948 quam
235 1902 344 1942 cum
377 1892 563 1949 multis
584 1905 637 1951 et
658 1899 814 1956 miris
852 1906 1030 1962 modis
1059 1892 1357 1982 affligerent
1385 1926 1438 1972 et
1469 1919 1608 1977 inse—
1640 1895 1682 1950 Β
1708 1908 1956 1988 Ριέεεοθρί,

83 1983 321 2046 ctarentur,
345 1982 515 2039 vicem
559 1987 678 2057 ejus
709 1991 892 2050 dolere
945 2013 1056 2054 non
1106 2016 1391 2062 noverant.
1449 2009 1603 2068 Beati

80 2065 216 2132 quiin
241 2070 332 2127 hac
358 2085 558 2133 sanctae
604 2079 697 2136 Dei
745 2086 988 2144 ecclesiae
1034 2095 1442 2156 conculcatione
1492 2118 1602 2160 non

81 2153 436 2224 inquinaverunt
464 2171 791 2230 vestimenta
814 2192 943 2248 sua;
983 2183 1339 2245 ambulabunt
1358 2191 1413 2247 in
1438 2195 1598 2266 albis,

79 2248 172 2314 quia
193 2250 321 2324 digni
347 2269 488 2314 sunt.

126 2337 213 2396 Nec
233 2349 465 2406 mutabat
497 2355 704 2423 pardus
749 2361 1040 2423 varietates
1101 2385 1254 2440 suas,
1308 2372 1594 2437 Heinricus

77 2426 234 2485 scilicet
252 2439 521 2507 nequicias
558 2460 718 2513 suas,
751 2451 844 2519 qui
895 2452 1065 2510 immo
1122 2457 1309 2518 Romae
1358 2438 1618 2538 positus,i

75 2532 284 2591 quotquot
329 2539 540 2600 poterat
582 2538 768 2606 minis,
810 2547 1132 2617 terroribus,
1186 2532 1588 2630 blandimentis,

74 2617 298 2676 promissis
324 2623 423 2679 sibi
451 2630 809 2701 conciliabat;
855 2636 1014 2706 bella,
1064 2644 1244 2712 cedes,
1297 2649 1591 2710 homicidia

72 2717 141 2770 per
168 2723 216 2762 sc
241 2726 465 2785 suosque
487 2718 720 2790 faciens,
748 2735 801 2780 et
833 2730 962 2785 totis
985 2733 1187 2802 quibus
1209 2749 1420 2808 poterat
1451 2746 1587 2801 nisi-

73 2793 144 2849 bus
161 2798 398 2871 iniquitati
440 2808 653 2880 favens,
699 2818 916 2873 veritati
963 2824 1245 2896 resistens,
1270 2840 1324 2885 et
1365 2833 1588 2906 insuper

71 2887 344 2950 suislitteras
367 2899 611 2970 mittens,
644 2907 846 2975 quibus
887 2926 946 2966 se
986 2912 1215 2972 Romam
1260 2923 1581 2996 optinuisse,

70 2989 214 3045 papam
245 2984 513 3058 dejeeisse,
566 3004 621 3049 et
670 3000 925 3058 omnibus
971 3007 1196 3063 omnino
1237 3017 1584 3081 praevaluisse

67 3072 336 3132 mendaciter
355 3085 715 3156 contingebat.
744 3091 812 3145 At
833 3109 962 3149 vero
985 3072 1257 3158 Mathildis
1280 3108 1579 3180 eomitissa,

68 3153 185 3180 ομ,
424 3174 436 3180 _
506 3177 517 3180 _
646 3179 649 3180 ν

1286 427 1700 486 CIIRONICON.
1733 464 1794 474 -
1830 437 1958 496 LIB.
1998 441 2060 498 II.

116 519 280 574 electos
309 535 432 577 suos
460 524 561 581 etsi
607 526 900 598 aliquando
949 538 1213 604 permittit
1262 546 1502 615 concuti,
1531 563 1639 601 non
1669 547 1715 605 Α

113 609 215 663 sinit
240 619 400 666 tamen
423 614 635 684 penitus
659 618 998 680 labefactari.
1031 627 1168 697 (Fol.
1200 631 1344 705 150.)
1367 609 1499 690 Non.
1522 639 1637 693 suf-

110 698 282 754 ﬁciebat
331 705 696 765 sacerdotibus
741 712 828 766 vel
866 716 1014 772 solos
1033 734 1290 791 peccare;
1329 725 1456 782 facti
1481 742 1636 788 erant

3216 474 3323 532 δδι

1818 573 1836 604 α
1875 554 2168 629 Gregorius
2189 564 2496 636 episcopus,
2530 586 2720 631 servus
2742 593 3021 640 servorum
3066 585 3192 658 Dei,
3235 594 3322 650 di-

1738 639 1888 698 lecta:
1909 643 1966 699 in
1986 646 2202 706 Christo
2222 653 2346 709 filite
2365 655 2607 717 Matiiildi
2631 666 2860 724 salutem
2889 682 2943 728 et
2961 639 3317 746 apostolicam

1736 730 2187 796 benedictionem.
2227 744 2439 810 Quanta
2501 753 2571 808 sit
2621 758 2755 813 mihi
2805 777 2956 832 cura,
3003 783 3317 846 quantaque

1736 823 1926 846 -AIIEA'a
1958 845 1963 846 ν
1992 831 2005 846 ι
2090 831 2104 846 ‘
2173 843 2181 846 Α
2252 845 2256 846 ⁷

1734 823 2044 885 sollicitudo
2073 831 2139 887 de
2169 843 2220 889 te
2242 845 2444 910 tuaque
2466 846 2658 914 salute,
2685 851 2800 920 ipse
2825 857 2976 914 solus
3005 823 3099 930 qui
3129 823 3313 926 cordis

1731 917 1970 974 archana
2008 923 2236 980 rimatur
2261 928 2527 1006 intelligit,
2553 947 2606 992 et
2636 917 2806 999 multo
2833 950 3024 1008 melius
3068 969 3155 1012 me
3189 960 3309 1030 ipso

1729 1012 2026 1079 c0gnoscit.
2056 1014 2136 1071 Tu
2175 1027 2357 1077 tamen
2413 1027 2460 1082 si
2502 1044 2731 1098 pensare
2781 1053 2891 1093 non
2948 1045 3196 1120 negligis,
3249 1063 3310 1110 ut

1728 1112 1853 1152 reor
1897 1103 2296 1166 animadvertes
2324 1114 2448 1183 quia
2486 1133 2584 1186 pro
2629 1126 2793 1181 tantis
2842 1145 2929 1186 me
2983 1136 3060 1190 tui
3113 1153 3304 1200 curam

1725 1187 1924 1247 habere
1951 1206 2179 1266 oportet,
2210 1217 2309 1271 pro
2337 1210 2555 1275 quantis
2590 1221 2641 1267 te
2669 1219 2912 1278 caritatis
2941 1229 3134 1287 studiis
3161 1233 3302 1290 deti-

1723 1280 1839 1347 nui,
1862 1298 1930 1337 ne
1957 1285 2078 1342 illos
2103 1289 2399 1359 desereres,
2430 1307 2489 1353 ut
2538 1309 2645 1358 tuae
2693 1308 2864 1367 solius
2909 1317 3069 1372 saluti
3105 1325 3303 1383 animae

1721 1370 2050 1444 invigilares.
2097 1380 2314 1442 Karitas
2341 1390 2507 1459 enim,
2533 1405 2593 1450 ut
2621 1412 2748 1468 sepe
2775 1403 2882 1458 dixi
2906 1416 2959 1462 et
2987 1411 3184 1482 dicam,
3209 1435 3298 1475 se-

1719 1475 1894 1530 quens
1919 1467 2171 1526 celestem
2207 1476 2412 1545 tubam,
2445 1497 2553 1538 non
2600 1491 2779 1556 querit
2831 1511 2953 1563 qua:
3005 1516 3102 1557 sua
3145 1519 3292 1564 sunt.

1721 1547 1824 1604 Sed
1852 1555 1978 1622 quia
2009 1557 2150 1615 inter
2167 1573 2345 1622 cetera
2377 1585 2499 1638 qua:
2521 1575 2617 1630 tibi
2646 1588 2834 1636 contra
2863 1590 3051 1644 mundi
3094 1575 3298 1662 princi-

1721 1653 1833 1662 ...μμ
1886 1642 1954 1662 ru
2050 1657 2059 1662 -
2134 1649 2171 1662 "

3009 1642 3050 1644 ,_
3094 1642 3268 1662 ,_---v.

1714 1653 1858 1708 pem,
1885 1642 2096 1704 favente
2133 1649 2265 1721 Deo,
2294 1671 2446 1714 arma
2491 1666 2714 1736 contuli,
2761 1674 2906 1740 quod
2948 1680 3291 1744 potissimum

1713 1740 1827 1799 est,
1859 1744 1919 1791 ut
1957 1755 2156 1811 corpus
2179 1744 2518 1810 Dominicum
2543 1761 2841 1833 acciperes,
2873 1769 3128 1842 iudicavi,
3156 1787 3209 1834 et
3234 1791 3295 1838 ut

1711 1835 1870 1882 certae
1897 1828 2109 1889 fiducia:
2137 1841 2326 1897 matris
2355 1842 2571 1902 Domini
2604 1859 2654 1906 te
2675 1858 2900 1914 omnino
2923 1869 3291 1930 committeres

1995 1924 2126 1992 quid
2167 1926 2293 1986 inde
2344 1932 2536 1993 beatus
2579 1939 2920 2017 Ambrosius,
2943 1924 3290 2020 videlicet-de

1706 2011 1974 2066 sumendo
1997 2029 2226 2086 corpore
2255 2031 2308 2076 et
2347 2029 2612 2098 sanguine
2651 2031 2867 2092 Domini
2893 2041 3056 2113 dicat,
3095 2049 3185 2104 hic
3227 2053 3284 2110 in

1703 2096 1896 2156 litteris
1934 2103 2199 2165 intimavi.
2229 2111 2322 2168 Ait
2353 2096 2497 2174 enim
2524 2121 2579 2177 in
2605 2123 2746 2182 libro
2774 2130 2808 2184 4
2830 2131 2896 2188 de
2925 2145 3283 2204 sacramentis

1701 2187 1842 2245 inter
1871 2205 2046 2252 cetera
2077 2217 2091 2254 ε
2123 2199 2184 2255 Si
2215 2216 2434 2262 mortem
2481 2211 2699 2272 Domini
2743 2228 3150 2301 annunciamns,
3178 2253 3280 2291 an-

2409 2371 2415 2373 ,
2870 2371 2884 2387 ι
2940 2371 3277 2399 """"""l“"

1697 2371 2177 2453 funditur'sangnis
2205 2385 2440 2460 Domini,
2478 2395 2531 2450 in
2562 2401 2918 2462 remissionem
2945 2426 3277 2480 peccatorum

1694 2463 1957 2536 funditur,
2003 2473 2159 2530 debeo
2215 2479 2368 2536 illum
2413 2501 2614 2558 semper
2676 2497 2928 2568 accipere,
2979 2515 3036 2557 ut
3073 2523 3278 2581 semper

1694 2555 1821 2581 ικέιέ
1866 2573 2041 2581 μ--,Α,
2143 2567 2176 2581 ιο
2239 2570 2296 2581 ομ
2530 2577 2550 2581 -

2521 2555 2529 2558 -
2789 2555 2800 2567 σ
2915 2555 2927 2568 1
2986 2555 3030 2557 Νὴ
3075 2555 3264 2581 ""'l""

1693 2555 1821 2610 mihi
1862 2573 2077 2628 peccata
2119 2567 2478 2630 dimittantur.
2514 2577 2618 2643 Qui
2639 2599 2840 2655 semper
2869 2607 3044 2662 pecco,
3073 2613 3276 2669 semper

1695 2645 1843 2669 J-L--
1875 2649 1894 2669 ι
1946 2652 1958 2669 Ι
2199 2660 2231 2669 ⁸·
2271 2663 2282 2669 ⁸
2451 2667 2457 2669 “

1690 2645 1847 2701 debeo
1867 2649 2056 2708 habere
2093 2660 2409 2718 medicinam
2438 2667 2607 2742 (187).
2637 2645 2769 2732 Item
2821 2645 2881 2736 ili
2931 2645 3272 2750 libtfoﬂg‘rde

1689 2745 2046 2800 sacramentis
2073 2746 2144 2780 ⁸η
2171 2769 2183 2804 :
2217 2770 2236 2804 ι
2399 2781 2401 2783 ί

1763 2829 1900 2898 (Fol.
1940 2835 2105 2908 150’.)
2137 2841 2431 2915 Gregorius
2474 2850 2639 2923 igitur
2673 2857 2729 2913 in
2770 2868 2920 2920 turre
2955 2864 3264 2932 Crescentis

1685 2935 1845 2978 muro
1871 2925 2111 2998 clausus,
2139 2933 2346 3004 legatos
2388 2942 2536 2998 misit
2583 2949 2650 3002 ad
2708 2949 3006 3014 Robertum
3053 2963 3265 3033 Apulia:

2008 3019 2020 3031 -
2061 3030 2068 3033 μ
2216 3026 2236 3033 -

3053 3010 3265 3033 __,........

1683 3010 1898 3083 ducem,
1929 3019 2023 3089 qui
2053 3030 2184 3080 tunc
2209 3026 2348 3085 forte
2372 3033 2546 3090 classe
2568 3037 2833 3099 instructa
2858 3063 3009 3105 mare
3031 3059 3265 3114 transire

1681 3107 1926 3175 parabat,
1952 3121 2012 3166 ut
2038 3117 2242 3173 veniret
2265 3129 2319 3176 et
2343 3123 2682 3186 obsidionem
2707 3136 2956 3195 solveret.
2980 3141 3108 3202 Erat
3135 3157 3264 3206 tunc

1142 3153 1254 3158 ψη
1284 3153 1579 3180 "unum",
1682 3153 1926 3175 ..η-...κη
1955 3153 2012 3166 ι.-
2048 3153 2242 3173 νυιιιιυι
2265 3153 2319 3176 υι
2343 3153 2682 3186 υυδιωυιιυιιι
2707 3153 2956 3195 sou'eret.
2980 3153 3108 3202 Erat
3135 3157 3264 3206 tunc

66 3153 267 3221 Romam
315 3174 574 3233 aecclesiae
624 3179 756 3248 ﬁlia,
798 3185 969 3242 virilis
1009 3190 1177 3247 animi
1214 3202 1576 3258 constantiam
1605 3231 1646 3289 ρ
1681 3198 1820 3257 forte
1853 3203 2041 3262 Roma
2092 3211 2262 3269 abbas
2312 3215 2656 3281 Divionensis
2701 3228 2922 3287 domino
2969 3252 3122 3308 papae
3165 3259 3264 3312 per

66 3255 402 3312 [909115.t2n10
439 3267 486 3312 ei
536 3268 732 3312 fnrlinc
782 3277 1065 3312 raciclalma
1138 3297 1340 3312 ....-.....
1404 3307 1482 3312 ..μ
1533 3295 1563 3312 ’ν
1685 3307 1761 3312 -—~
1814 3296 1825 3308 '
1895 3297 1959 3312 "'
1997 3301 2030 3312 "
2097 3303 2108 3312 ⁸

63 3255 226 3321 tenens,
261 3267 402 3318 tanto
439 3267 489 3322 ei
533 3268 732 3328 fortius
782 3277 1088 3348 resistebat,
1137 3297 1344 3354 quanto
1404 3295 1578 3364 magis

63 3335 179 3364 ι...τ---
215 3363 219 3364 ν
263 3360 271 3364 -
320 3353 349 3364 -·

1075 3335 1087 3348 ,
1143 3335 1340 3354 rm---
1404 3335 1577 3364 .....,,..,

62 3335 182 3408 huius
206 3353 413 3412 astutias
451 3369 507 3414 et
544 3376 699 3431 papae
743 3365 1111 3427 innocentiam
1157 3390 1400 3436 noverat.
1450 3382 1577 3440 Sola

59 3431 165 3489 enim
185 3447 295 3498 tunc
322 3453 579 3519 temporis
606 3451 840 3520 inventa,
866 3469 949 3516 est
984 3463 1125 3519 inter
1165 3467 1417 3542 feminas,
1453 3493 1575 3546 quae

59 3527 163 3592 τθὲἱε
211 3541 488 3602 potentiam
547 3559 838 3616 aspernata
889 3553 980 3621 sit,
1022 3573 1144 3627 quae
1186 3564 1574 3627 calliditatibus

56 3613 141 3679 ejus
160 3629 204 3674 et
235 3632 477 3694 potentia:
509 3613 676 3690 etiam
707 3639 900 3697 bellico
921 3613 1221 3706 certamine
1248 3654 1568 3728 obviaverit,

55 3713 270 3770 Inmerito
292 3723 602 3782 nominetur
624 3729 834 3804 virago,
849 3751 970 3806 qua:
987 3738 1184 3797 virtute
1209 3746 1374 3801 animi
1402 3751 1568 3807 etiam

55 3795 159 3856 viros
175 3808 395 3874 praaibat.
418 3815 646 3887 Adesto,
677 3838 890 3882 summe
913 3827 1076 3899 Deus,
1102 3843 1157 3888 et
1183 3839 1440 3896 {ecclesiae
1462 3852 1568 3899 tuae

53 3900 224 3958 rsgnum
254 3911 304 3956 et
328 3908 726 3970 :ecclesiasticae
766 3920 1172 3980 constitutionis
1199 3929 1385 3997 robur,
1419 3933 1564 4002 quod

53 3974 172 4002 ρης.

955 3974 959 3975 ν
1199 3974 1385 3997 --μη
1421 3974 1561 4002 νυν

52 3974 206 4049 SPiritu
229 4007 406 4053 saneto
447 4009 546 4058 tuo
590 4007 875 4066 ordinante
926 4013 1262 4088 firmaveras,
1299 4036 1408 4076 non
1461 4040 1561 4093 pa-

1101 4070 1262 4088 ν
1299 4070 1408 4076 _----
1461 4070 1529 4093 ν..

49 4070 158 4131 tiaris
177 4081 232 4136 de
257 4089 485 4148 culmine
523 4095 711 4166 gloriae
733 4115 846 4156 suae
873 4103 1060 4173 dilabi,
1089 4125 1190 4164 nec
1225 4112 1374 4168 sinas
1396 4116 1561 4172 tantis

47 4165 266 4236 svbjacere
301 4165 576 4249 periculis.
624 4187 734 4246 Hec
763 4203 846 4248 est
881 4165 1076 4252 mulier
1102 4200 1213 4267 illa,
1241 4203 1306 4257 de
1341 4220 1448 4274 qua
1490 4208 1560 4263 ab

45 4264 415 4330 Oltreetatoribus
440 4276 510 4309 ⁵⁸³
537 4278 661 4336 fidei
703 4293 756 4338 et
801 4289 1274 4349 conculcatur-ibus
1304 4297 1557 4366 veritatis

43 4347 194 4409 crimen
214 4359 439 4426 incestus
462 4384 654 4429 sancto
675 4379 916 4445 pontifici
941 4382 1316 4453 objiciebatur.
1363 4389 1464 4445 Cui
1508 4393 1554 4447 si

42 4436 233 4505 deessent
260 4461 574 4518 meritorum
619 4467 827 4537 laudes,
865 4472 970 4529 hoc
1023 4477 1200 4532 solum
1248 4483 1382 4538 satis
1430 4501 1550 4542 eam

42 4541 453 4606 commendabilem
491 4557 758 4626 redderet,
785 4565 930 4632 quod
971 4583 1095 4622 cum
1124 4571 1215 4624 tali
1241 4573 1389 4642 viro,
1419 4576 1547 4632 dum
1583 4602 1624 4656 ι)

42 4628 328 4664 “nimium!”—
387 4642 507 4664 λη--
550 4662 592 4664 γ,
929 4656 940 4664 .
985 4657 996 4664 .
1096 4659 1109 4664 _
1240 4663 1247 4664 ,

39 4628 345 4705 "Probratur,
383 4642 515 4699 dum
540 4649 773 4705 convitia
797 4656 1042 4725 suscipit,
1079 4659 1208 4714 dum
1237 4663 1546 4736 inproperia

40 4713 141 4736 nudi.
336 4731 349 4736 -

947 4713 962 4725 ι
1031 4713 1042 4724 ι
1162 4713 1206 4714 πί
1238 4713 1544 4736 —"r"r"'““

39 4713 160 4781 audit,
185 4731 517 4803 approbatur,
547 4738 868 4812 honoratur,
893 4747 1164 4806 laudatur.
1217 4752 1350 4820 Quae
1397 4760 1544 4815 enim

37 4804 179 4864 “haec
199 4830 287 4882 pro
310 4820 557 4884 Romana
604 4832 899 4892 decertavit
949 4842 1238 4898 secelesia?
1293 4846 1436 4914 Quot
1491 4862 1546 4907 et

37 4904 185 4999 ﬂuenta
205 4923 352 4976 passa
379 4928 482 4984 est,
513 4931 572 4976 ut
607 4924 696 4980 illa
732 4927 911 4984 debita
946 4933 1192 4990 libertate
1235 4936 1543 4999 frueretur?

688 4978 694 4980 Ἴ
740 4978 911 4984 νη---
946 4978 1192 4990 _-.,-.......
1235 4978 1495 4996 ..μωνυιιι
1524 4978 1536 4999 ι

36 4978 178 5048 Ellam
203 5003 260 5056 ad
288 5022 404 5063 eam
433 5013 618 5081 plures
652 5018 895 5087 epistolae
932 5040 1111 5096 papae;
1172 5045 1405 5098 quarum
1451 5035 1540 5092 hic

34 5084 151 5169 imam
170 5104 264 5148 non
285 5099 483 5170 pigebit
509 5106 750 5166 inserere
769 5155 782 5180 ,
810 5121 867 5169 ut
896 5128 1254 5187 agnoscatur,
1283 5139 1390 5193 qua
1433 5126 1535 5182 sibi

770 5173 780 5180 .
931 5173 960 5186 υ
1242 5173 1254 5187 ν
1289 5173 1390 5193 ἰ“““
1434 5173 1534 5182 "‘"'

34 5173 202 5234 "ilicem
226 5191 414 5249 unione
433 5211 853 5272 ,connectantur,
880 5217 940 5262 ut
976 5225 1138 5266 omne
1164 5229 1226 5269 os
1248 5215 1392 5286 loqui
1426 5218 1534 5272 ini-

33 5272 103 5367 illi:
123 5275 381 5340 volentium
411 5291 748 5362 obstruatur,
781 5309 835 5354 et
873 5311 931 5356 ut
971 5303 1206 5360 benivoli
1253 5307 1530 5367 instruan-

33 5353 162 5420 ίυτνει
194 5372 460 5447 maliloqui
507 5385 829 5444 erubescant
858 5399 912 5445 et
939 5391 1341 5452 confundantur
1375 5418 1387 5452 :

1680 3296 1862 3350 omnia
1890 3297 2258 3374 fidelissimus,
2284 3324 2446 3378 quem
2480 3328 2580 3383 pro
2617 3317 2856 3390 ingenita
2883 3325 2985 3382 sibi
3016 3329 3260 3391 bonitate

1676 3394 1730 3439 et
1757 3387 2064 3448 obedientia
2101 3395 2284 3454 debita
2333 3400 2493 3459 beato
2543 3387 2724 3477 Petro,
2781 3413 3100 3477 dulcissimo
3147 3439 3259 3479 am-

1673 3478 2010 3547 plectebatur
2038 3486 2252 3557 affectu,
2280 3491 2416 3548 adeo
2438 3504 2498 3551 ut
2522 3503 2900 3572 concaptivum
2936 3524 3097 3567 suum
3127 3530 3253 3572 eum
3273 3587 3298 3612 '

1673 3581 1921 3612 vnnarpl-
1962 3577 2087 3612 ηιιῖη
2129 3595 2236 3612 nn“
2274 3597 2397 3612 ιιι-..νη
2439 3589 2724 3612 ...λ---ι-μ-
2781 3608 2792 3612 -
2837 3597 2850 3612 ι
2899 3600 2930 3612 -.
3110 3605 3121 3612 .
3201 3608 3214 3612 Α

1672 3581 1922 3640 vocaret;
1962 3577 2090 3645 quia
2129 3595 2240 3635 non
2273 3597 2399 3638 eum
2437 3589 2728 3649 movebant
2771 3597 2964 3656 salutis
3008 3605 3253 3672 pericula

1670 3676 1768 3731 pro
1796 3663 2009 3734 justitia
2032 3682 2300 3742 suscepta.
2335 3673 2491 3734 Hunc
2522 3695 2650 3752 ergo
2679 3685 2746 3739 ad
2775 3694 3114 3750 evocandum
3145 3699 3254 3754 du-

1666 3844 1925 3904 dientiam
1952 3867 2060 3907 non
2090 3856 2328 3926 segniter
2347 3870 2980 3944 erequutus,principem
3001 3880 3246 3951 adduxit,

1664 3947 1717 3991 et
1744 3938 1868 3995 data
1902 3940 2033 3998 Urbi
2063 3946 2368 4019 obsidione,
2395 3938 2778 4030 patefactoque
2815 3938 3086 4038 ingressu,
3121 3989 3244 4047 rege

1661 4028 1867 4102 fugato,
1892 4051 2031 4107 papa
2054 4039 2344 4113 liberatur,
2369 4056 2423 4102 et
2457 4050 2525 4104 ad
2567 4028 2932 4115 Lamranense
2963 4028 3242 4133 'palatiuin

1659 4138 1786 4178 cum
1815 4127 1986 4197 gloria
2013 4131 2308 4190 reducitur.
2333 4137 2402 4192 At
2428 4141 2555 4209 quia
2584 4141 3023 4209 Normannorum
3072 4157 3241 4216 insta-

1658 4212 1841 4270 bilitas
1868 4213 2012 4273 Urbe
2039 4229 2196 4291 capta
2219 4233 2272 4278 et
2297 4228 2490 4295 praeda:
2517 4232 2642 4288 data
2670 4239 2840 4293 multa
2869 4244 3009 4298 mala

1655 4313 1912 4376 traverat,
1937 4311 2203 4369 nobilium
2235 4315 2606 4378 Romanorum
2649 4326 2790 4384 ﬁlias
2835 4339 3151 4406 stuprando,
3185 4356 3238 4397 et

1654 4409 1913 4456 nocentes
1934 4403 2138 4472 pariter
2159 4407 2586 4485 innocentesque
2606 4421 2724 4488 pari
2747 4437 2906 4492 paena
2929 4403 3232 4501 amigendo,

1654 4490 1972 4564 nullumque
1999 4498 2242 4567 modum,
2259 4503 2336 4557 uti
2359 4503 2658 4566 victoribus
2681 4528 2799 4570 mos
2825 4519 2996 4585 est,in
3017 4524 3230 4592 rapina,

1653 4582 2004 4654 crudelitate,
2036 4588 2337 4660 direptione
2382 4596 2632 4657 habendo
2673 4621 2684 4657 :
2729 4608 2934 4665 veritus
2977 4627 3045 4667 ne
3093 4614 3230 4672 duce

1647 4675 1931 4732 recedente
1959 4678 2249 4740 infidelitas
2270 4684 2514 4744 Romana
2565 4698 2835 4766 exagitata
2879 4705 3228 4763 recrudesce-

1645 4774 1747 4831 ret,
1777 4775 1830 4821 et
1865 4785 2006 4840 quos
2031 4782 2189 4830 antea
2215 4777 2480 4836 habuerat
2501 4788 2658 4855 quasi
2692 4790 2828 4846 fidos
2851 4795 3058 4853 amicos
3080 4841 3094 4865 ,
3130 4816 3229 4870 pa-

1644 4862 1850 4912 teretur
1885 4860 2100 4928 inﬁdos,
2125 4867 2424 4926 cedendum
2451 4879 2679 4945 tempori
2703 4881 3017 4953 arbitratus,
3045 4860 3226 4945 Sal-er-

1643 4963 1774 5002 num
1798 4966 1857 5005 se
1886 4956 2133 5010 contulit.
2167 4957 2281 5015 Rex
2320 4977 2452 5018 vero
2505 4965 2662 5023 hoste
2707 4972 3049 5045 adventante,
3083 4981 3224 5053 fugae

1643 5041 1956 5107 praesidium
1979 5049 2284 5118 requirens,
2317 5053 2554 5125 sigillum
2598 5060 2805 5117 domini
2843 5081 3014 5137 papae,
3056 5087 3220 5154 quem

1644 5129 1782 5154 f.-_1-
1812 5137 1903 5154 -ﬂl.
1947 5137 1957 5149 ⁸
2139 5150 2147 5154 -
2477 5149 2509 5154 “
2678 5153 2694 5154 ί

1642 5129 1788 5188 furto
1808 5137 2173 5208 subripuerat,
2203 5159 2389 5200 secum
2415 5149 2569 5216 tulit;
2603 5162 2655 5207 et
2675 5153 3053 5230 Portuensem,
3073 5129 3218 5234 Hquia

1641 5224 1770 5279 olim
1793 5225 2075 5285 familiaris
2105 5247 2256 5303 papae
2287 5235 2484 5307 fuerat,
2514 5243 2615 5296 sibi
2644 5249 2991 5307 conciliatum
3029 5271 3216 5312 secum

1639 5313 1814 5372 duxit.
1843 5318 2144 5379 Witbertus
2165 5341 2296 5382 vero
2324 5339 2378 5385 et
2415 5331 2527 5400 ipse
2567 5336 2796 5409 aufugit.
2840 5341 3213 5408 Quamobrem
3307 5378 3311 5382 ν

1636 5407 1808 5463 verita
1829 5407 2122 5483 Mathildis,
2154 5433 2221 5472 ne
2261 5418 2534 5491 simplices
2563 5407 2787 5501 quique.
2811 5407 3010 5494 astutia
3068 5441 3212 5513 regis

1205 5507 1436 5565 VARl/E
1471 5511 1877 5576 LECTIONES.

77 5556 126 5589 ⁸¹⁸
147 5564 211 5620 ita
228 5589 269 5626 ε.
340 5578 407 5612 ⁸¹⁸
433 5581 580 5638 locus
604 5598 774 5643 uacat.

1468 5670 1696 5731 NOTAE.

47 5721 84 5797 ,ί
94 5720 186 5797 ¹,87)
219 5729 411 5797 Desunt

33 5778 202 5852 Unitiéi
219 5778 425 5868 Ῑέῗῖξ.

461 5753 746 5816 permulta.
797 5753 932 5812 Data
985 5767 1067 5814 est
1109 5760 1334 5831 epistola
1378 5780 1445 5819 xv
1492 5763 1718 5826 Kalend.
1752 5770 1903 5845 nat,
1946 5777 2059 5837 ind.
2095 5781 2179 5853 is,
2203 5783 2258 5841 id
2302 5798 2385 5844 est
2413 5776 2834 5866 1074;Registr.
2864 5797 3028 5873 1,47;
3063 5805 3196 5864 Cod.
