3878 6310
578 432 693 494 ’555

1604 417 1910 478 ancoras
1943 404 2239 473 ABltATlS
2270 402 2843 474 FLAVINIACENSIS
3470 407 3488 419 ‘
3676 419 3744 475 sas

576 547 772 624 specie
798 544 962 619 sigilli
991 541 1389 613 deciperentur,
1423 536 1683 613 przevenit
1703 534 1976 592 malitiam
2002 535 2169 603 illius,
2200 535 2247 593 A
2272 533 2489 601 fluctus,
2515 533 2611 605 qui
2672 528 3152 603 perturbationum
3205 528 3449 600 impetus,
3470 526 3552 601 qui
3572 517 3770 593 dolorum

584 642 816 701 mittens
850 639 1059 695 litteras
1086 633 1333 690 ﬁdelibus
1359 630 1413 685 in
1437 630 1540 685 hec
1560 629 1728 685 verba
1762 646 1775 683 :

676 757 697 792 α
726 730 998 787 Mathildis
1042 727 1137 782 Dei
1173 724 1348 797 gratia
1384 722 1429 779 si
1465 721 1600 794 quid
1649 720 1755 787 est,
1803 719 2062 776 omnibus
2113 719 2170 774 iu

595 820 1093 878 Theuthonicdrum
1144 832 1312 889 regno
1354 813 1856 878 commorantibus,
1914 811 2167 867 salutem.

591 916 792 975 Notum
835 912 991 969 vobis
1026 910 1260 968 facimus
1284 951 1300 979 ,
1342 909 1491 983 quod
1536 906 1825 965 Heinricus
1863 906 2035 964 falsus
2077 922 2172 962 rex

590 1010 738 1067 furto
767 1005 1038 1078 subripuit
1064 1003 1317 1077 sygiilum
1339 1001 1525 1058 domui
1543 1016 1695 1071 papa:
1721 999 1987 1071 Gregorii.
2019 997 2174 1054 Unde

589 1101 637 1157 si
672 1098 803 1171 quid
846 1097 1134 1154 audieritis
1187 1094 1337 1167 quod
1384 1093 1660 1151 discordet
1703 1108 1734 1147 a
1781 1102 1971 1148 nostra
2021 1092 2173 1164 lega-

586 1194 769 1259 tione,
807 1188 1009 1245 falsum
1055 1186 1444 1252 arbitramini,
1492 1199 1669 1255 neque
1718 1183 2016 1239 mendaciis
2055 1183 2175 1254 ejus

589 1282 983 1357 adquiescatis.
1034 1279 1289 1336 Preterea
1338 1276 1654 1349 episcopum
1697 1274 2057 1331 Portuensem
2089 1288 2175 1329 se-

591 1392 720 1432 cum
771 1374 953 1440 ducit;
1006 1372 1268 1442 quoniam
1317 1370 1447 1426 olim
1485 1368 1589 1424 fuit
1634 1367 1922 1425 familiaris
1969 1365 2177 1422 domini

587 1484 765 1541 papze.
821 1467 881 1521 Si
926 1466 1089 1538 igitur
1132 1462 1339 1535 aliquid
1382 1461 1670 1517 vobiscum
1711 1459 1797 1514 vel
1833 1468 2023 1515 contra
2077 1472 2178 1514 vos

590 1577 687 1631 per
714 1575 841 1616 eum
872 1559 991 1613 vult
1012 1557 1250 1628 operari,
1275 1571 1402 1611 eum
1428 1553 1626 1608 falsum
1657 1561 1849 1607 testem
1875 1550 2043 1605 nolite
2070 1549 2174 1604 du-

586 1652 783 1708 bitare.
815 1648 960 1706 Nulli
988 1665 1250 1720 umquam
1279 1647 1546 1713 credatis,
1575 1644 1671 1716 qui
1698 1644 1855 1700 aliter
1878 1658 2045 1715 quam
2075 1657 2178 1699 nos

587 1744 773 1800 dicere
814 1742 1054 1799 audebit.
1108 1740 1307 1797 Sciatis
1357 1739 1621 1810 domuum
1651 1752 1847 1807 papam
1874 1736 1989 1808 jam
2021 1750 2179 1791 recu—

587 1850 813 1907 pcrasse
841 1832 1085 1889 Sutrium
1115 1840 1279 1903 atque
1306 1829 1472 1900 Nepc.
1504 1827 1775 1883 Barralias
1818 1826 1977 1893 latro,
2007 1824 2059 1880 id
2096 1833 2178 1881 est

589 1925 829 1982 Heinrici
870 1940 1032 1997 papa,
1072 1923 1189 1995 ipse
1233 1936 1455 1993 quoque
1496 1916 1981 1997 aufugit._Valete,
2026 1915 2176 1972 etde

588 2017 804 2074 insidiis
830 2014 1070 2072 Heinrici
1097 2014 1245 2071 cauti
1272 2021 1469 2069 estote.
1503 2030 1522 2064 ι

659 2109 833 2182 Igitur
861 2123 1081 2165 summo
1116 2105 1374 2177 pontiﬁce
1414 2104 1484 2159 ab
1509 2100 1657 2158 Urbe
1686 2099 2021 2166 discedente,
2060 2097 2181 2182 ejus

586 2180 874 2259 comitatui
901 2201 1070 2256 abbas
1095 2196 1443 2253 Divionensis
1474 2210 1584 2251 non
1631 2191 1822 2250 defuit.
1851 2190 2055 2247 Verum
2094 2180 2183 2246 die

589 2294 828 2366 quadam
852 2292 1096 2349 exercitu
1126 2291 1270 2346 ultra
1300 2304 1466 2360 quam
1512 2295 1827 2359 speraverat
1852 2298 2069 2340 summo
2098 2282 2182 2338 di-

591 2387 773 2444 .uculo
800 2399 1116 2457 progresso,
1146 2398 1273 2439 cum
1302 2380 1419 2452 ipse
1443 2394 1570 2435 cum
1604 2377 1770 2434 sociis
1813 2376 1957 2431 celer
1988 2375 2182 2431 subse-

593 2487 871 2551 queretur,
923 2478 1184 2533 calonum
1230 2474 1448 2552 turbam
1495 2469 1740 2537 oﬁ'endit,
1791 2467 1887 2540 qui
1939 2477 2182 2523 extrema

583 2570 831 2627 hostium
862 2576 1177 2641 sequentes,
1230 2566 1373 2621 mira
1406 2564 1647 2637 agilitate
1677 2561 1935 2619 currendi
1963 2560 2186 2632 ignaros

587 2663 694 2719 doli
727 2668 782 2718 et
822 2660 1033 2717 fraudis
1059 2659 1432 2715 trucidabant.
1467 2656 1713 2724 Quorum
1746 2654 2044 2726 nequitiam
2087 2653 2185 2708 ab—

588 2757 706 2823 bas,
726 2763 788 2811 ut
808 2763 1067 2825 expertus
1098 2753 1155 2808 in
1185 2752 1411 2827 talibus,
1442 2764 1751 2823 agnoscens
1773 2758 1828 2803 et
1850 2762 2184 2819 praecavens,

586 2850 769 2906 socios
815 2848 918 2903 iter
964 2847 1270 2904 accelerare
1299 2843 1646 2916 praemonuit.
1672 2841 1875 2897 Verum
1916 2840 2025 2897 illis
2059 2856 2189 2911 pro-

586 2958 718 3015 pere
744 2941 1090 3008 abeuntibus,
1121 2955 1249 2996 cum
1270 2948 1396 3010 post
1430 2946 1581 3008 terga
1610 2935 1838 2992 subdole
1858 2936 2189 2991 clamaretur

589 3036 660 3091 ab
670 3033 872 3105 impiis,
884 3048 994 3089 non
1005 3046 1130 3089 esse
1143 3045 1262 3088 eam
1275 3030 1418 3086 viam
1427 3044 1551 3101 quae
1566 3027 1926 3100 praeeuntium
1936 3026 2186 3099 vestigia,

590 3134 914 3199 sequeretur
936 3139 996 3181 se
1014 3124 1162 3181 viam
1185 3123 1346 3190 scire,
1370 3132 1424 3178 et
1452 3128 1674 3192 paratos
1701 3119 1987 3177 ostendere
2011 3118 2060 3175 si
2088 3135 2186 3175 ex-

2271 625 2526 698 gemitus,
2558 639 2681 696 quae
2702 623 2961 697 suspiria,
3007 638 3132 695 quae
3178 621 3378 677 mentis
3415 621 3646 677 anxietas:
3668 640 3750 681 cum

2270 719 2520 790 perderet
2546 715 2757 775 socium
2805 715 3013 783 socius,
3069 714 3242 770 ﬁlium
3286 722 3452 784 pater,
3487 714 3686 785 magister
3698 716 3751 771 di-

2272 809 2563 880 scipulum,
2588 818 2644 864 et
2671 824 2782 864 non
2812 807 2992 862 solum
3018 805 3373 861 insalutatum
3393 803 3654 869 dimitteret,
3668 806 3755 875 quin

2271 903 2440 958 etiam
2481 911 2754 968 ruentem,
2813 898 3154 955 deﬁcientem
3175 940 3190 965 ,
3224 896 3531 952 morientem
3569 897 3759 968 respicere

2273 1008 2383 1048 non
2415 992 2659 1059 auderet,
2686 1000 2788 1047 nec
2809 989 3140 1048 humanitati
3185 987 3361 1044 oﬁicia
3392 989 3474 1059 pia
3499 988 3759 1058 persolvere?

2276 1088 2322 1143 0
2352 1088 2446 1160 qui
2475 1095 2659 1159 patres
2714 1085 2871 1152 estis,
2923 1083 3016 1156 qui
3046 1083 3303 1139 allectum
3333 1081 3552 1137 ﬁliorum
3575 1081 3762 1137 cardele-
3793 1101 3807 1116 -

2275 1180 2438 1247 netis,
2463 1178 2725 1235 attendite
2754 1187 2809 1234 et
2827 1178 3026 1245 videte,
3058 1177 3185 1247 quis
3204 1175 3377 1247 patris
3400 1174 3550 1245 hujus
3574 1174 3762 1230 dolore:-

2275 1269 2465 1337 titerit,
2489 1269 2583 1341 qui
2615 1269 2787 1325 ﬁlium
2810 1270 2943 1325 dum
2987 1276 3145 1340 putat
3190 1267 3377 1322 vivum
3409 1273 3462 1322 et
3482 1267 3762 1337 vegetum,in-

2275 1375 2538 1421 nocenter
2577 1373 2705 1420 ante
2736 1379 2795 1420 se
2822 1364 2969 1420 videt
2990 1370 3311 1430 mactatum,
3340 1362 3397 1416 in
3448 1372 3601 1417 morte
3616 1361 3688 1415 ﬁlii
3708 1376 3767 1430 pi-

2274 1467 2360 1514 ter
2380 1472 2581 1529 passus
2601 1466 2704 1514 est.
2735 1455 2856 1529 (fol.
2882 1457 3007 1528 151)
3053 1454 3162 1523 Qui
3185 1455 3349 1511 habet
3382 1453 3594 1510 amicum
3611 1452 3765 1507 latissi-

2276 1570 2451 1622 mum,
2479 1562 2533 1610 et
2556 1570 2684 1610 eum
2704 1552 2906 1625 cogitat
2924 1551 3278 1617 moriturum,
3303 1549 3409 1606 scit
3436 1549 3522 1620 qui
3552 1558 3673 1620 pater
3688 1564 3769 1617 pas-

2278 1662 2376 1703 sus
2404 1647 2494 1714 sit,
2524 1646 2653 1702 licet
2673 1645 2884 1717 majora
2925 1660 3128 1716 passus
3158 1644 3229 1700 sit
3253 1658 3421 1714 quam
3444 1642 3617 1714 aliquis
3632 1641 3770 1695 amicus

2277 1740 2343 1796 de
2372 1739 2550 1795 amico
2585 1738 2895 1811 excogitare
2919 1736 3113 1809 possit.
3163 1735 3397 1790 Multum
3425 1735 3557 1790 enim
3583 1735 3707 1790 distat
3720 1733 3773 1785 in-

2277 1842 2362 1891 ter
2398 1834 2452 1890 id
2474 1833 2623 1905 quod
2672 1832 3034 1898 somniamus,
3077 1840 3132 1886 et
3159 1846 3283 1901 quae
3312 1829 3485 1886 oculis
3508 1825 3772 1900 praesentiali-

2278 1935 2361 1983 ter
2385 1927 2634 1983 videmus
2660 1944 2675 1994 ;
2708 1925 2788 1981 sic
2808 1923 3149 1996 permaxima
3170 1932 3257 1979 est
3281 1921 3573 1978 differentia
3592 1920 3701 1975 inter
3717 1934 3776 1973 oo-

2278 2019 2507 2091 gitatum
2543 2026 2597 2073 et
2623 2025 2826 2073 actum.
2865 2014 3031 2073 Venit
3057 2030 3189 2087 ergo
3238 2014 3460 2070 tandem
3487 2014 3634 2069 abbas
3650 2012 3699 2067 ad
3717 2024 3772 2066 so-

2278 2112 2415 2180 cios,
2447 2122 2501 2167 et
2530 2098 2785 2167 osculato'
2800 2110 2936 2181 pede
2955 2124 3130 2180 papae,
3160 2123 3286 2164 cum
3313 2108 3498 2164 vultus
3521 2116 3709 2163 mentem
3726 2105 3760 2158 in

2279 2205 2510 2271 dicaret,
2536 2203 2784 2269 dolorem
2833 2203 3014 2258 cordis
3052 2201 3287 2272 aperuit.
3314 2199 3463 2271 Papa
3494 2214 3609 2254 vero
3630 2194 3778 2251 directis

2283 2296 2573 2363 militibus,
2605 2311 2732 2351 cum
2785 2309 3070 2350 armorum
3131 2301 3423 2364 apparatu,
3450 2302 3668 2347 auctores
3696 2286 3780 2343 tanti

2284 2389 2507 2447 sceleris
2533 2388 2813 2460 persequi,
2846 2398 2901 2443 et
2929 2402 3131 2457 corpus
3167 2385 3468 2441 exanimati
3506 2383 3665 2439 fratris
3682 2380 3727 2434 ad
3745 2392 3779 2432 se

2283 2483 2541 2554 praecepit
2569 2481 2867 2553 deportari.
2901 2479 3058 2547 Quod
3103 2479 3392 2535 inventum
3431 2488 3513 2534 est
3537 2475 3661 2532 omni
3688 2483 3783 2527 reste

2284 2574 2579 2646 spoliatum
2628 2584 2683 2629 et
2731 2573 2787 2628 in
2835 2589 2938 2629 suo
2984 2572 3252 2644 sanguine
3274 2571 3592 2636 volutatum,
3616 2568 3782 2636 sicque:

2284 2668 2523 2737 quodam
2555 2666 2753 2723 c'lerico
2795 2666 2863 2722 de
2886 2664 3054 2722 sociis
3108 2664 3163 2719 in
3195 2679 3355 2735 papa:
3382 2662 3645 2735 praesentia
3673 2658 3788 2730 perla-

2286 2768 2425 2813 tum.
2454 2757 2558 2825 Qui
2589 2758 2824 2830 benigno
2846 2770 2906 2813 ut
2928 2765 3049 2813 erat
3068 2757 3255 2812 animo
3276 2749 3785 2828 compaciens,pluviali
3814 2796 3815 2813 ;

2288 2866 2391 2907 suo
2410 2866 2524 2923 quo
2551 2851 2775 2907 indutus
2801 2860 2941 2918 erat,
2963 2865 3165 2921 corpus
3194 2847 3388 2906 fratris
3411 2849 3656 2920 operiens,
3679 2854 3717 2900 et
3735 2841 3790 2896 ab-

2289 2927 2627 3000 solutionem
2654 2943 2704 2998 ei
2729 2941 2959 3010 faciens,
2984 2942 3216 2999 missam
3247 2957 3354 3013 pro
3380 2940 3621 2998 defuncto
3644 2935 3788 2993 cecinit.

2289 3043 2346 3089 et
2365 3034 2446 3090 sic
2475 3042 2636 3089 terrae
2663 3032 2810 3104 quod
2835 3048 2999 3090 suum
3053 3041 3173 3089 erat
3211 3033 3478 3100 restituit,
3502 3031 3791 3087 multummu-

2291 3126 2500 3182 solatus
2525 3126 2799 3194 abbatem,
2828 3136 2889 3180 ut
2922 3124 3191 3181 voluntati
3246 3124 3350 3182 Dei
3395 3126 3483 3182 sui
3511 3120 3790 3182 concordant.

592 3229 963 3293 pectarentur,
1004 3217 1199 3274 abbate
1254 3213 1662 3284 contradicente
1706 3220 1761 3269 et
1802 3211 1957 3268 dolos
1998 3226 2183 3267 eorum

2285 3219 2491 3291 judicia
2517 3218 2639 3289 ejus
2678 3233 2802 3275 esse
2833 3219 3068 3286 occulta,
3097 3234 3408 3289 numquam
3433 3226 3602 3273 tamen
3641 3213 3791 3283 injusta.

591 3305 995 3381 manifestante,
1038 3310 1210 3367 frater
1236 3309 1332 3381 qui
1368 3307 1733 3366 comitabatur
1765 3303 2061 3362 Walterius
2085 3320 2184 3360 no-
2288 3313 2646 3372 confomms
2672 3321 2755 3370 est
2783 3321 2966 3369 autem
3018 3311 3246 3383 spiritus
3293 3312 3448 3368 illius
3475 3313 3530 3367 in
3550 3307 3815 3369 nomine,»

589 3409 740 3465 mine
777 3405 1043 3472 substitit,
1084 3414 1141 3459 et
1166 3404 1311 3459 ultra
1340 3410 1532 3459 votum
1559 3399 1804 3457 omnium
1836 3399 1981 3454 viam
2012 3398 2080 3453 ab
2103 3398 2184 3453 eis

572 3490 872 3574 huerebat.
903 3498 950 3554 A
982 3497 1185 3570 quibus
1212 3510 1341 3551 mox
1368 3500 1704 3566 peremptus,
1738 3491 1885 3548 viam
1914 3491 2187 3546 universae

589 3595 777 3651 carnis
816 3594 1168 3666 ingressurus
1191 3597 1331 3646 erat.
1363 3586 1521 3655 Quod
1548 3593 1603 3641 et
1649 3585 1723 3641 ita
1766 3584 2014 3656 contigit.
2045 3582 2182 3638 Cum

588 3688 740 3745 enim
779 3686 1173 3743 accelerantem
1203 3681 1552 3755 praestolatur
1576 3679 1677 3746 ⁸⁸⁸,
1707 3678 1909 3735 emissa
1941 3678 2185 3734 lanceola

591 3781 650 3837 in
665 3795 793 3838 eum
815 3778 1095 3849 dirigitur;
1135 3784 1221 3833 set
1259 3775 1391 3831 dum
1434 3773 1589 3831 tarde
1615 3771 1721 3829 sibi
1742 3771 2013 3842 providet,
2035 3779 2089 3826 et
2116 3770 2188 3826 ic-

588 3881 711 3929 tum
730 3873 973 3930 devitarc
996 3871 1180 3945 gestit,
1220 3871 1424 3928 vulnus
1452 3869 1629 3925 laetale
1663 3869 1923 3939 suscepit.
1960 3868 2029 3924 Et
2054 3868 2185 3924 dum

590 3982 663 4024 ex
690 3967 879 4023 dolore
920 3966 1062 4022 ictus
1104 3964 1333 4036 gradum
1376 3963 1663 4030 accelerat,
1687 3962 1963 4037 Jabbatem
1991 3962 2187 4020 subse-

594 4064 820 4129 quutus,
876 4071 1043 4128 supra
1089 4065 1283 4128 pectus
1311 4055 1433 4129 ejus
1492 4054 1670 4125 capite
1723 4055 2008 4121 reclinato,
2036 4054 2189 4110 vitali

593 4150 791 4223 spiritu
838 4151 1124 4208 deﬁciente
1171 4150 1400 4216 corruit,
1424 4158 1480 4206 et
1518 4148 1779 4205 deﬁciens
1809 4156 2061 4203 mortuus
2079 4155 2184 4202 est.

590 4239 697 4297 Cui
727 4240 861 4298 illud
884 4240 1128 4298 obfuisse
1160 4242 1460 4308 credimus,
1487 4238 1618 4311 quia
1640 4239 1888 4310 partibus
1912 4253 2065 4309 papae
2094 4237 2187 4309 ju-

590 4334 692 4391 stis
713 4342 766 4390 et
793 4334 1000 4391 sanctis
1029 4334 1407 4400 aversabatur,
1455 4348 1557 4389 nec
1604 4331 1805 4403 corrigi
1828 4338 2043 4403 poterat
2062 4345 2189 4385 cum

598 4427 786 4497 sepius
840 4426 1242 4497 objurgaretur.
1280 4425 1479 4480 Pareat
1509 4425 1561 4481 ei
1623 4424 1972 4494 omnipotens
2021 4422 2188 4489 Deus,

2284 3422 2411 3464 cum
2438 3406 2624 3463 omnia
2647 3405 2996 3477 perdidisset,
3020 3421 3131 3461 non
3163 3405 3231 3461 ad
3258 3405 3598 3462 iracundiam
3614 3409 3781 3473 provoca

2283 3510 2375 3555 tus
2403 3511 2510 3567 est,
2534 3514 2714 3570 neque
2742 3499 2972 3555 stultum
3001 3498 3135 3570 quid
3182 3508 3384 3554 contra
3416 3498 3579 3555 Deum
3617 3495 3798 3563 loqu

2283 3600 2388 3648 est.
2411 3568 2700 3665 Cogitabat
2732 3606 2862 3648 vero
2890 3568 3034 3663 papa
3083 3591 3423 3648 mitissimus
3476 3604 3595 3647 eum
3626 3568 3815 3659 penest?

2286 3681 2523 3739 retinere
2542 3682 2736 3738 diebus
2758 3681 2883 3739 vita:
2912 3698 3050 3752 suae,
3078 3681 3173 3739 sed
3220 3683 3359 3754 quia
3392 3683 3533 3739 idem
3564 3675 3815 3749 anxiabatnt;

2282 3775 2398 3847 jam
2421 3791 2518 3846 per
2547 3790 2752 3831 annum
2785 3775 3057 3848 integrum
3085 3777 3424 3840 commissos
3464 3775 3566 3833 sibi
3605 3769 3799 3829 fratres!l

2288 3868 2430 3925 ﬁlios
2451 3882 2509 3924 se
2532 3884 2639 3924 non
2662 3868 2887 3937 vidisse,
2933 3870 3063 3926 licet
3088 3869 3304 3926 doleret
3324 3871 3455 3927 illos
3480 3884 3585 3924 non
3603 3864 3799 3921 utdcrur-

2288 3971 2374 4018 rat
2394 3977 2521 4017 eum
2544 3978 2575 4016 a
2604 3976 2667 4021 se
2686 3961 2966 4019 dimisisse
2996 3981 3011 4018 :
3057 3963 3251 4019 videns
3291 3964 3542 4019 animum
3560 3961 3665 4032 ejus
3679 3956 3720 4011 in
3735 3953 3798 4007 tot

2287 4072 2409 4114 esse
2429 4068 2490 4113 ut
2501 4057 2698 4113 fratres
2718 4057 2987 4125 visitaret,
3025 4059 3237 4115 dimisit
3254 4076 3414 4128 eum,
3443 4058 3673 4129 imposita
3701 4051 3735 4105 ei
3749 4048 3798 4100 Ιεο

2289 4152 2507 4223 gatione
2552 4150 2897 4218 Colimbrite,
2951 4152 3091 4209 dans
3145 4153 3361 4209 litteras
3413 4152 3482 4208 ad
3529 4142 3799 4207 Siseuand“

2288 4244 2589 4316 Principem
2627 4244 2867 4315 praefatae
2891 4245 3190 4316 provinciae
3226 4245 3406 4318 (188),
3440 4255 3500 4301 ut
3519 4244 3567 4300 ei
3603 4246 3801 4306 tamquam

2291 4336 2449 4392 alteri
2470 4336 2573 4391 sibi
2599 4338 2860 4393 crederet.
2902 4336 3051 4394 Misit
3091 4338 3259 4394 etiam
3293 4354 3397 4409 per
3417 4354 3563 4404 eum,
3583 4344 3722 4405 etper
3748 4323 3801 4378 Ρο

2291 4436 2438 4484 trum
2461 4428 2683 4501 lgneum
2707 4430 2878 4502 (189),
2908 4440 2963 4486 et
3010 4446 3106 4500 per
3149 4431 3465 4502 principem
3489 4426 3804 4486 Salen-uitam”!

590 4527 647 4574 ct
670 4518 901 4584 tribuat,
939 4525 998 4572 ut
1018 4516 1155 4572 ultio
1177 4531 1420 4587 praesens
1452 4524 1507 4571 et
1535 4527 1883 4587 peccatorum
1903 4515 2118 4570 veniam
2137 4524 2193 4569 et
2294 4520 2565 4577 Gisulfum
2588 4523 2828 4589 nomine,
2844 4539 2985 4594 quos
3006 4522 3340 4578 Cluniacum
3387 4523 3643 4587 minabat,
3665 4518 3805 4571 litteris

592 4609 919 4667 aeternitatis
961 4608 1012 4665 ei
1055 4609 1238 4680 pariat
1287 4608 1653 4664 mansionem.
1690 4606 1790 4662 lllo
1814 4623 1948 4679 ergo
1975 4615 2189 4673 ruente,
2223 4594 2550 4670 θὀιῃηίιῃιε
2573 4616 2845 4684 ﬁdelibus,
2888 4617 2943 4671 in
2984 4616 3189 4687 quibus
3229 4624 3286 4672 ει
3318 4615 3643 4673 calamitatis
3673 4612 3808 4665 sanet:

594 4718 708 4759 non
732 4701 943 4758 destitit
972 4701 1245 4757 malorum
1276 4699 1581 4771 inprobitas
1615 4714 1646 4755 a
1671 4698 2069 4770 persequendo,
2099 4698 2194 4757 do-

594 4809 699 4851 nec
723 4794 900 4851 bestia
924 4808 1047 4865 quae
1067 4793 1315 4849 sarcinas
1339 4790 1548 4848 ferebat
1575 4798 1911 4857 remanente,
1926 4790 2196 4846 inveniret

597 4880 843 4939 Romana
865 4883 1094 4939 avaritia
1116 4898 1228 4954 quo
1246 4882 1558 4955 cupiditatis
1586 4882 1840 4953 ingenitae
1873 4879 2026 4937 frena
2042 4881 2196 4937 laxa-

596 4982 700 5040 ret,
729 4974 917 5045 sicque
936 4977 1153 5032 malicia
1172 4991 1365 5034 eorum
1389 4984 1613 5047 propter
1624 4975 1870 5045 sarcinas
1890 4975 2195 5045 interrupta

596 5073 703 5121 est.
739 5065 1054 5123 lntueamur
1076 5085 1223 5125 nunc
1248 5070 1604 5125 ﬂuctuantem
1629 5076 1685 5124 et
1717 5076 2040 5123 aestuantem
2072 5068 2195 5122 aui-

598 5172 751 5213 mum
789 5158 962 5227 patris
992 5160 1059 5215 de
1096 5169 1270 5216 morte
1296 5161 1412 5229 ﬁlii,
1437 5170 1490 5217 et
1529 5140 1832 5233 cogitemus
1865 5176 1989 5231 quae
2018 5160 2197 5231 potuit

598 5250 905 5306 consolatio
934 5252 1111 5309 dolori
1157 5254 1304 5312 illius
1327 5255 1553 5311 mederi.
1592 5254 1749 5325 Apud
1767 5262 1982 5310 exteras
2007 5263 2194 5326 gentes

550 5404 561 5415 ε
597 5341 834 5415 positus,
872 5342 1089 5400 duobus
1134 5353 1344 5401 tantum
1390 5348 1555 5412 sociis
1585 5348 1766 5403 ethoc
1812 5346 1982 5401 tercio
2024 5345 2194 5402 fultus

598 5436 730 5508 quid
740 5447 999 5510 putamus
1026 5441 1177 5497 cordi
1198 5440 1317 5514 ejus
1337 5442 1652 5500 accesserit?
1670 5441 1772 5510 Qui
1797 5440 2191 5512 cogitationum

2295 4707 2558 4763 Romanae
2599 4709 2861 4764 ateclcsizn
2898 4720 3221 4776 causam,et
3244 4725 3348 4766 cur
3378 4721 3533 4765 tanta
3573 4695 3805 4779 passtlSSi‘v

2294 4800 2651 4870 quamobrem
2677 4800 2743 4855 ad
2776 4802 2875 4857 hec
2901 4802 3157 4875 patienda
3201 4802 3480 4858 adductus
3521 4801 3607 4867 sit,
3646 4791 3815 4851 breviat

2295 4891 2634 4960 dilucidavit,
2660 4901 2714 4949 et
2738 4902 2797 4948 ut
2829 4895 2915 4950 sui
2940 4894 3335 4951 misererentur
3357 4890 3653 4950 ammonnit
3684 4887 3725 4940 in
3746 4881 3815 4935 betl

2297 4985 2462 5041 verba
2490 5004 2503 5041 :
2936 5038 2945 5049 ,

2376 5096 2396 5129 ε
2442 5078 2738 5151 Gregorius
2760 5081 3069 5153 cpiscopus,
3100 5097 3292 5139 servus
3330 5096 3616 5139 servorum
3641 5072 3815 5135 Βοίβην

2294 5169 2458 5226 nibus
2479 5171 2532 5226 in
2557 5172 2779 5229 Christo
2800 5173 3071 5242 ﬁdelibus,
3097 5175 3463 5246 apostolicam
3489 5174 3660 5231 sedem
3686 5169 3815 5219 rem

2293 5261 2666 5334 diligentibus,
2695 5266 2928 5322 salutem
2953 5277 3009 5322 et
3035 5267 3400 5338 apostolicam
3440 5260 3815 5323 benedictionem-ﬁ

2292 5352 2565 5422 Pervenit,
2592 5357 2788 5415 fratres
2807 5359 3110 5428 karissimi,
3151 5371 3254 5417 etc.
3296 5380 3317 5411 ι
3372 5360 3568 5416 Exstat
3592 5360 3709 5412 inter

2289 5447 2457 5504 stolas
2485 5448 2747 5524 Gregorii,
2774 5452 3107 5525 Patrologiw
3146 5466 3270 5510 tam.
3299 5451 3569 5509 CXLVIII
3597 5445 3712 5521 ,θοι
3733 5430 3815 5489 τθδιέ

1879 5544 2116 5607 VARIA'I
2191 5553 2593 5619 LECTIONES.

534 5653 539 5659 ‘
670 5645 741 5681 “'
769 5647 849 5703 ita
870 5645 1065 5713 codex;
1089 5647 1469 5719 praestolamur
1488 5645 1727 5701 Labbeus
1757 5644 1945 5701 edidit.

596 5856 607 5863 τ
681 5828 823 5913 1188.)
842 5831 1029 5913 Neque
1061 5831 1179 5889 haec
1198 5845 1375 5913 neque
1399 5839 1688 5901 sequentes
1722 5828 1965 5902 Gregorii
2000 5830 2192 5887 litterm

598 5915 660 5966 ιιι
681 5902 1229 5978 Registroleguntur.
1256 5902 1343 5973 Κ,

2137 5737 2370 5798 NOTAE.

2245 5872 2255 5898 ε
2300 5850 2343 5905 ’ξ
2372 5830 2519 5909 (189)
2544 5840 2898 5907 cardinalem.
