3878 6310
108 354 191 413 337
1253 350 1665 409 CHRONICON.
1703 383 1773 394 —
1810 353 1938 409 LIB.
1978 353 2060 409 ll.‘
2090 400 2093 405 .

3191 359 3311 417 338’

158 467 313 524 Abbas
338 462 495 537 igitur
514 461 858 519 Divionensis
880 479 1006 519 cum
1027 463 1188 521 Petro
1209 465 1373 537 lgneo
1398 476 1451 521 et
1475 438 1625 535 prin-
1653 468 1696 527 Α
1726 474 1818 522 net
1841 507 1856 532 ,
1881 474 2031 522 tanto
2056 476 2231 539 magis
2255 467 2558 538 appetebat,
2602 476 2808 540 quanto
2847 484 3171 526 mammona:
3210 470 3298 525 fu-

105 561 200 632 dpe
229 556 552 614 Salernitano
593 555 739 626 apud
780 554 1177 613 Salernitanam
1233 558 1423 614 urbem
1473 572 1625 613 mare

103 649 313 723 ingressi,
335 648 456 719 quia
488 662 584 717 per
617 654 814 701 terram
842 647 921 701 ire
951 657 1172 718 propter
1196 648 1625 704 discursantium

102 740 300 797 hostium
321 738 550 806 impetus
577 735 1051 807 pertimescebant,
1088 739 1250 811 longa
1283 740 1627 811 navigatione

100 831 263 903 pertesi
299 829 526 885 tamdem
561 828 943 900 applicuerunt
986 831 1130 900 apud
1182 831 1442 888 Sanctum
1492 832 1626 905 Egi-

97 923 220 978 dium
265 920 440 990 (190),
493 920 588 976 ubi
632 920 864 977 diversis
912 935 1171 978 curarum
1215 923 1441 980 testibus
1483 923 1628 993 cepit

98 1027 225 1068 mens
242 1012 352 1082 ejus
375 1010 607 1078 anxiari,
633 1020 820 1068 utrum
848 1012 991 1068 sicut
1015 1029 1153 1085 papa
1175 1023 1503 1084 praeceperat
1524 1014 1628 1072 iret

97 1110 217 1159 recto
240 1102 440 1159 tramite
467 1102 823 1158 Colimbriam
846 1144 863 1170 ,
898 1118 969 1158 an
1003 1103 1251 1159 visitaret
1296 1103 1439 1159 ﬁlios
1486 1119 1627 1175 quos

96 1191 184 1264 jam
206 1208 408 1249 emenso
444 1208 592 1249 anno
615 1208 727 1250 non
758 1194 985 1251 viderat.
1030 1194 1095 1250 Ei
1126 1194 1311 1266 itaque
1344 1195 1626 1253 fluctuanti

99 1280 291 1351 providit
312 1289 584 1352 respectus
610 1282 827 1353 pietatis
853 1282 1072 1351 divinae,
1094 1283 1373 1355 inspirans
1388 1284 1537 1341 cordi
1561 1285 1628 1340 il-

96 1373 196 1439 lius,
218 1381 271 1428 ut
288 1374 584 1445 postposita
606 1375 759 1431 omni
778 1375 1053 1433 dubietate
1080 1374 1280 1433 fratres
1302 1385 1359 1434 et
1382 1377 1526 1435 ﬁlios
1545 1379 1628 1434 vi.

97 1464 268 1530 sitaret;
290 1465 428 1535 quod
453 1472 511 1522 et
531 1465 680 1534 fecit;
706 1482 809 1524 nec
836 1481 965 1523 eum
994 1465 1192 1524 fecisse
1211 1467 1463 1538 penituit.
1487 1467 1625 1525 Nam

97 1553 181 1609 nisi
200 1554 289 1611 hoc
309 1553 541 1623 fecisset,
564 1555 796 1614 fortasse
816 1557 1032 1615 rediens
1057 1573 1090 1615 a
1115 1556 1410 1615 Colimbria
1436 1562 1527 1616 vix
1550 1560 1631 1616 in-

96 1643 291 1699 venisset
308 1659 443 1715 quos
464 1645 729 1702 visitaret.
747 1645 954 1716 (1085.)
969 1645 1298 1704 Perdidisset
1319 1648 1483 1704 etiam
1504 1656 1629 1704 tan-

95 1740 183 1788 tam
215 1731 410 1804 frugem
447 1734 729 1792 ﬁliationis
752 1778 768 1803 ,
795 1744 1059 1807 quantam
1085 1753 1151 1793 eo
1180 1752 1325 1801 anno
1355 1739 1624 1810 suscepit,

1723 558 1892 612 rentis
1918 566 1973 613 et
1998 557 2271 613 illicientis
2308 557 2528 615 fallaces
2554 568 2609 616 et
2636 575 2746 615 non
2776 577 2933 617 veras
2961 562 3319 631 aspcrnaba-p

1722 660 1812 705 tur
1840 648 2076 704 divitias.
2102 648 2514 720 Astringebatur
2546 649 2693 705 enim
2729 650 2784 706 in
2814 659 3046 721 utroque
3069 652 3299 707 humero

1721 738 1989 794 velamine
2011 738 2493 807 superhumeralis,
2520 737 2618 808 qui
2644 750 2831 795 contra
2857 740 3084 799 adversa
3105 752 3159 797 et
3180 758 3302 812 pro-

1723 842 1882 899 Spera
1902 828 2163 883 virtutum
2187 843 2402 900 semper
2423 839 2746 885 ornamento
2766 832 3131 900 muniebatur,
3155 842 3209 888 et
3229 833 3297 890 ad

1723 918 1840 973 sola
1873 933 1995 988 quae
2021 918 2293 973 anteriora
2324 927 2454 974 sunt
2485 919 2683 986 nitens,
2712 920 2768 976 in
2803 922 2952 978 nullo
2981 922 3305 983 delectatio«

1722 1008 1810 1067 nis
1838 1009 2039 1066 inﬁmae
2066 1009 2234 1066 latere
2262 1007 2577 1066 flectebatur
2597 1011 2686 1066 δι’.

1796 1180 1935 1254 (F01.
1974 1182 2115 1256 132‘)
2152 1179 2271 1238 Jam
2298 1192 2478 1239 autem
2523 1192 2737 1255 tempus
2765 1185 2954 1252 adest,
2992 1193 3309 1243 ut-resofu-—

1722 1273 1890 1333 tionis
1910 1271 2032 1344 ejus
2052 1273 2224 1329 series
2246 1272 2532 1341 referatur,
2572 1281 2627 1329 et
2653 1289 2762 1346 quo
2784 1274 2889 1331 ﬁne
2914 1275 2981 1330 ad
3006 1274 3298 1333 Dominum

1725 1379 1909 1433 suum,
1943 1379 2045 1435 pro
2078 1380 2189 1435 quo
2214 1372 2365 1419 tanta
2404 1378 2602 1435 passus
2626 1372 2729 1431 est,
2761 1365 3090 1435 migraverit,
3120 1367 3305 1423 oratio

1722 1454 1906 1512 brevis
1937 1470 2038 1511 nec
2062 1455 2271 1511 tediosa
2303 1463 2685 1527 prosequatur.
2718 1454 2901 1527 (1085)
2928 1454 3007 1512 Re
3032 1458 3177 1512 enim
3200 1474 3301 1514 ve-

1723 1560 1785 1603 ra
1817 1545 1941 1603 ﬁnis
1964 1546 2084 1621 ejus
2107 1546 2229 1602 laus
2256 1544 2477 1603 Domini
2509 1555 2614 1614 est,
2651 1546 2781 1617 quia
2816 1546 2863 1601 si
2892 1546 3071 1603 omnis
3098 1549 3218 1606 laus
3244 1548 3300 1606 in

1725 1636 1834 1693 fine
1854 1638 2089 1705 canitur,
2110 1653 2239 1695 cum
2261 1646 2640 1695 consummata
2661 1638 2772 1694 vita
2795 1636 2915 1708 ejus
2935 1645 3047 1693 tota
3068 1640 3137 1695 sit
3157 1641 3303 1711 apud

1725 1727 1901 1785 Deum
1931 1729 2230 1801 gratiarum
2260 1730 2402 1786 actio
2425 1772 2439 1799 ,
2477 1729 2596 1800 ipsa
2623 1730 2867 1801 ejusdem
2900 1732 3301 1789 consummatio

97 1821 222 1891 cujus
259 1831 398 1879 tanta
437 1825 621 1881 extitit
655 1826 1036 1899 multiplicatio
1058 1869 1076 1895 ,
1111 1835 1173 1884 ut
1204 1828 1400 1885 merito
1434 1828 1629 1885 debeat
1659 1820 1702 1877 Β
1726 1820 2019 1891 perhennis
2051 1830 2135 1878 est
2161 1821 2215 1877 in
2244 1821 2498 1877 laudibus
2521 1819 2615 1877 Dei
2642 1821 2917 1893 jubilatio.
2962 1820 3152 1879 Sciens
3173 1838 3311 1893 ergo

97 1910 391 1970 Divionensis
438 1916 690 1973 ascclesia
727 1932 935 1974 annum
962 1918 1143 1990 ipsum
1176 1918 1390 1975 meliori
1425 1934 1622 1975 nume—

95 2018 191 2061 rare
212 2004 396 2076 lapillo.
422 2004 589 2064 Venit
613 2023 743 2081 ergo
770 2008 1075 2079 Divionem,
1102 2018 1157 2067 et
1175 2026 1314 2082 quos
1338 2008 1397 2065 in
1424 2010 1627 2067 disces-

96 2107 146 2148 su
169 2108 253 2149 suo
275 2111 461 2167 passus
488 2094 666 2154 fuerat
695 2097 955 2186 infestos,
969 2099 1176 2155 invenit
1200 2108 1314 2155 toto
1339 2098 1443 2156 sibi
1460 2099 1626 2156 corde

98 2183 371 2240 substratus.
394 2185 607 2244 Invenit
627 2188 790 2244 etiam
816 2183 1047 2246 scissam
1066 2190 1124 2245 in
1150 2189 1425 2265 aliquibus
1448 2190 1625 2247 cordi-

95 2273 175 2332 bus
208 2277 470 2334 caritatem
496 2321 512 2347 ,
544 2295 668 2351 quae
708 2281 923 2338 sanavit
955 2270 1119 2353 prout
1150 2283 1327 2353 potuit
1355 2288 1410 2338 et
1438 2280 1625 2338 Domi-

96 2382 177 2422 nus
200 2368 346 2425 dedit.
368 2369 623 2428 Nondum
651 2373 890 2429 multum
916 2375 1178 2446 temporis
1198 2374 1469 2443 fluxerat,
1497 2390 1625 2431 cum

98 2458 242 2514 audita
265 2460 601 2521 dissensione
627 2464 765 2520 inter
795 2463 1191 2522 Virdunenscm
1225 2466 1538 2537 episcopum
1571 2474 1627 2523 et

94 2548 336 2619 religiosos
364 2553 636 2622 quosdam
669 2555 764 2626 qui
806 2556 862 2609 in
900 2554 1088 2611 eadem
1128 2556 1264 2613 urbe
1296 2557 1352 2612 in
1382 2557 1625 2614 cenobiis

99 2636 376 2697 suburbanis
399 2643 671 2714 degebant
692 2686 707 2711 ,
750 2644 950 2715 quibus
976 2647 1310 2701 contrarium
1337 2655 1455 2702 erat
1480 2645 1624 2702 Wit-

97 2725 308 2799 berto“’,
334 2743 386 2788 et
411 2733 491 2790 eis
532 2736 629 2805 qui
664 2734 999 2793 Wibertistis
1020 2736 1583 2793 “"communicabant
1606 2779 1622 2807 ,

100 2821 298 2892 subesse,
319 2825 683 2883 Bertiniacum
711 2844 768 2884 se
791 2828 1039 2895 contulit,
1065 2830 1388 2898 praestolans
1416 2838 1468 2884 et
1488 2845 1626 2900 prae-

99 2929 257 2973 cavens
290 2919 333 2974 si
374 2918 513 2975 forte
552 2936 679 2975 cum
716 2922 890 2991 gratia
925 2919 1020 2975 Dei
1056 2919 1251 2976 fratres
1284 2921 1406 2976 illos
1442 2928 1627 2991 posset

98 3009 247 3063 venari
267 3051 282 3077 ,
308 3018 367 3066 ut
389 3013 454 3069 ad
486 3028 551 3070 se
583 3011 972 3084 confugerent,
1003 3013 1097 3068 ubi
1142 3013 1195 3067 in
1235 3013 1544 3068 innocentia
1573 3021 1627 3070 et

99 3099 241 3166 quiete
265 3103 487 3161 modesti
519 3103 747 3175 spiritus
774 3104 885 3160 Deo
914 3104 1084 3161 libere
1120 3105 1325 3161 servire
1361 3105 1620 3161 valerent.

97 3184 260 3247 Verum
282 3194 343 3250 de
365 3195 451 3251 his
481 3197 588 3252 hec
621 3196 837 3252 interim
866 3195 1010 3252 dicta
1037 3196 1165 3252 sint.

152 3279 292 3351 Igitur
330 3301 469 3358 papa
517 3286 809 3344 Salernum
844 3288 1089 3355 veniens,
1130 3287 1331 3344 ibidem
1361 3287 1627 3344 remansit

97 3366 183 3424 Deo
210 3372 382 3432 devote
413 3380 684 3447 serviens,
724 3389 776 3436 et
811 3379 869 3435 in
902 3379 1345 3450 tribulationibus
1378 3394 1500 3451 qua:
1537 3378 1623 3434 in-

97 3475 337 3523 creverunt
366 3486 530 3541 super
556 3487 705 3538 eum,
738 3472 942 3545 gratias
976 3460 1164 3544 agens.
1202 3470 1625 3528 Confortabatur

97 3562 240 3610 autem
263 3559 316 3613 in
340 3558 595 3630 Domino,
622 3572 677 3618 et
697 3563 1120 3635 prosperabatur
1144 3564 1201 3619 in
1227 3564 1421 3635 spiritu
1446 3580 1460 3629 ;
1496 3563 1626 3633 quia

96 3644 206 3702 sicut
229 3652 398 3709 omnia
431 3654 664 3711 adversa
688 3655 850 3711 habet
878 3655 973 3727 qui
1010 3656 1115 3710 sibi
1151 3656 1431 3728 displicet,
1464 3655 1539 3710 ita
1573 3662 1629 3711 et

97 3752 222 3805 quem
253 3759 353 3798 non
366 3746 643 3802 remordet
662 3746 995 3802 conscientia
1021 3746 1273 3817 simplex,
1302 3763 1438 3818 pura
1460 3756 1513 3803 et
1535 3747 1626 3801 lu-

94 3829 205 3897 cida,
229 3835 365 3890 nullo
396 3837 544 3893 bono
574 3837 796 3910 indiget.
830 3837 965 3909 (Fol.
998 3838 1119 3909 132)
1146 3837 1628 3894 Rememorabatur

94 3924 509 3988 pmdecessorum
566 3946 792 3986 suorum
841 3929 1212 3986 Romanorum
1263 3932 1581 4003 pontificum
1607 3973 1624 4000 ,

96 4008 317 4085 Gregorii,
341 4020 542 4078 Leonis
565 4031 619 4077 et
640 4023 872 4077 aliorum
890 4065 906 4090 ,
932 4023 1026 4093 qui
1049 4032 1255 4094 quanto
1280 4022 1627 4094 perfectiores

95 4100 137 4156 in
159 4108 234 4163 via
259 4109 346 4167 Dei
377 4115 641 4182 fuerunt,
682 4124 833 4171 tanto
871 4131 902 4170 a
944 4114 1204 4171 Romanis
1229 4116 1449 4187 gravius
1482 4114 1628 4171 inse-

95 4199 195 4254 ctati
220 4217 354 4275 sunt,
380 4217 435 4264 et
463 4210 590 4265 ideo
616 4208 765 4281 digni
800 4208 1006 4264 inventi
1037 4217 1182 4264 sunt.
1216 4208 1457 4279 Simplex
1496 4223 1629 4264 ocu-

94 4284 160 4344 lus
182 4308 361 4366 corpus
388 4302 653 4357 reddebat
684 4301 1101 4357 lucidissimum.
1140 4300 1427 4357 Incedebat
1471 4316 1629 4355 secu-

94 4393 168 4437 rus
190 4401 273 4455 per
286 4389 514 4460 iustitia:
542 4393 767 4449 semitas
790 4436 807 4461 ,
840 4394 929 4449 cui
958 4393 1333 4449 testimonium
1372 4391 1625 4464 perhibe-

1724 1912 2008 1968 imminere
2033 1912 2176 1969 diem
2199 1913 2501 1972 vocationis
2530 1929 2662 1982 sure,
2692 1913 2851 1985 longe
2876 1923 3001 1970 ante
3029 1930 3302 1970 convoca-

1722 2003 1795 2060 tis
1836 2004 2208 2064 cardinalibus
2252 2005 2523 2077 episcopis
2566 2013 2622 2061 et
2688 2006 2899 2062 caeteris
2944 2007 3301 2077 concaptivis,

1722 2095 1867 2152 diem
1893 2097 2073 2154 obitus
2101 2098 2187 2154 sui
2214 2098 2481 2168 praedixit;
2511 2098 3015 2169 consummatisque
3040 2099 3297 2155 omnibus

1722 2189 2123 2247 ecclesiasticae
2162 2190 2520 2247 institutionis
2563 2190 2790 2258 officiis,
2846 2191 2932 2247 15.
2987 2190 3104 2247 Kal.
3155 2189 3313 2250 Junii

1721 2268 2009 2352 praedictos
2035 2280 2232 2337 fratres
2258 2280 2361 2338 sub
2393 2280 2625 2337 districti
2641 2281 2837 2354 judieii
2862 2282 3302 2347 interminationo

1721 2380 1778 2428 et
1817 2379 2022 2429 sanctae.
2054 2374 2372 2431 obedientia:
2415 2384 2682 2446 praecepto
2734 2375 3080 2443 constrinxit,
3128 2384 3208 2444 ut,
3254 2375 3309 2432 si

1723 2480 1833 2536 qua
1876 2464 1931 2520 in
1976 2479 2037 2521 se
2077 2466 2397 2538 corrigenda
2431 2466 2954 2539 deprehendissent,
2982 2467 3295 2523 nullatenus

1726 2565 1903 2612 tacere
1930 2566 2340 2627 praesumerent.
2375 2557 2587 2626 Quibus
2625 2560 3058 2617 collaudantibus
3098 2569 3152 2617 et
3176 2562 3305 2617 vitat

1724 2648 2192 2705 conversationem
2218 2692 2233 2717 ,
2296 2658 2351 2705 et
2396 2644 2759 2722 disciplinam
2788 2652 3049 2710 doctrina:
3100 2659 3302 2708 sancta:

1724 2730 2051 2812 morumque
2103 2742 2500 2799 institutionem
2530 2784 2546 2811 ,
2587 2751 2640 2798 et
2675 2745 2972 2800 secundum
3013 2744 3298 2800 scientiam

1724 2832 1899 2888 sancti
1931 2832 2031 2888 zeli
2063 2832 2351 2902 fervorem,
2383 2835 2644 2905 compulit
2668 2850 2762 2891 eos
2792 2837 3085 2906 apostolica
3112 2844 3302 2891 aucto-

1724 2921 1887 2978 ritate
1937 2923 2256 2994 singillatim
2302 2924 2406 2982 sibi
2453 2924 2672 2981 dcxtras
2718 2924 2895 2993 dare,
2922 2926 3300 2998 promittentes

1725 3013 1869 3084 quod
1895 3013 2192 3070 bereticum
2223 3015 2374 3070 illum
2404 3015 2713 3071 invasorem
2741 3025 2943 3072 sancta
2965 3026 3018 3072 et
3040 3016 3301 3088 apostolia

1728 3119 1806 3159 cae
1833 3103 2091 3160 aecclesiae
2131 3121 2431 3177 numquam
2474 3106 2805 3178 reciperent,
2832 3106 2940 3163 nisi
2966 3106 3103 3164 forte
3130 3126 3298 3168 cano-

1649 3166 1696 3231 c
1727 3178 1849 3249 nice
1871 3194 2198 3265 resipiscens
2220 3237 2234 3263 ,
2266 3210 2460 3265 puram
2495 3193 2897 3253 confessionem
2935 3197 3303 3258 cardinslibus

1725 3289 1996 3359 episcopis
2022 3287 2239 3344 offerret
2278 3286 2515 3345 nudatus
2561 3288 2708 3345 omni
2740 3290 3109 3361 aecclesiastici
3158 3294 3302 3348 ordi-

1725 3376 1812 3431 nis
1839 3377 2121 3449 dignitate;
2153 3385 2467 3434 contestans
2509 3387 2563 3434 et
2606 3378 2882 3436 affirmans
2916 3395 3107 3437 omnes
3138 3381 3303 3437 simul

1726 3466 1783 3521 in
1805 3477 2124 3540 perpetuum
2152 3470 2630 3542 condempnandos
2651 3513 2665 3539 ,
2699 3471 3030 3546 quicumque
3057 3490 3302 3530 commu-

1726 3552 1913 3615 nicare
1949 3562 2426 3633 prmsumpsissent
2451 3560 2707 3618 Heinrico
2733 3563 3108 3636 archipyrataa,
3140 3550 3307 3621 usur:

1725 3651 1901 3722 patori
1924 3650 2168 3722 imperii,
2198 3651 2303 3707 nisi
2336 3651 2578 3722 deposita
2619 3651 2883 3723 dignitate
2911 3654 3063 3724 regni
3104 3670 3300 3711 secun—

1726 3740 1856 3795 dum
1885 3750 2212 3812 praeceptum
2243 3757 2432 3797 eorum
2461 3750 2515 3797 et
2541 3741 2876 3813 reliquorum
2920 3743 3299 3815 religiosorum

1727 3830 1783 3886 in
1809 3830 2143 3888 Tbeutonico
2177 3848 2344 3905 regno
2377 3833 2830 3889 commorantium
2862 3835 3183 3913 condignam
3208 3853 3304 3908 pe-

1726 3924 2009 3980 nitentiam
2052 3934 2250 3997 ageret.
2291 3925 2495 3982 Deinde
2542 3926 2879 3983 confirmavit
2926 3926 3099 3983 vicem
3144 3944 3299 3983 suam

1726 4024 2156 4089 potestatemque
2184 4017 2385 4087 ligandi
2415 4025 2469 4072 et
2510 4018 2751 4073 solvendi
2795 4018 3048 4075 omnibus
3083 4019 3303 4075 vicariis

1728 4107 1865 4174 suis,
1893 4107 2037 4162 sicut
2068 4107 2180 4176 ipse
2203 4123 2300 4177 per
2322 4107 2506 4164 orbem
2533 4108 2905 4174 constituerat;
2940 4117 2999 4164 ut
3023 4125 3161 4179 quos
3186 4109 3302 4180 ipse

1726 4198 2006 4273 ligaverat,
2034 4200 2136 4270 ipsi
2162 4209 2285 4270 post
2315 4200 2639 4270 condignam
2668 4199 3091 4257 satisfactionem
3120 4202 3303 4257 absol-

1727 4300 1916 4347 verent
1937 4282 2237 4346 secundum
2260 4290 2573 4362 apostolica:
2601 4290 2722 4345 fidei
2750 4304 2999 4344 normam
3026 4308 3039 4358 ;
3067 4306 3176 4345 non
3226 4292 3304 4346 si-

1728 4392 1821 4441 cut
1850 4384 2071 4456 quidam
2097 4399 2155 4440 se
2188 4383 2337 4455 ipsos
2365 4381 2631 4451 fallentes,
2669 4390 2933 4450 errantes,
2981 4390 3031 4437 et
3069 4382 3205 4439 alios
3242 4381 3300 4441 in

94 4468 165 4527 bat
187 4483 502 4539 conscientia
528 4526 545 4553 ,
586 4485 731 4556 quod
765 4500 864 4556 pro
894 4483 1211 4541 defensione
1247 4482 1490 4539 veritatis
1532 4498 1629 4553 pa-
1659 4517 1704 4575 Β
1728 4492 1969 4533 errorem
1991 4476 2270 4532 trahentes
2300 4474 2655 4548 conﬁngunt,
2699 4475 2842 4547 quod
2868 4489 3058 4530 omnes
3082 4489 3303 4530 excom-

95 4562 311 4640 tiebatur;
336 4574 457 4631 ideo
484 4592 595 4631 non
626 4577 1001 4633 tribulabatur.
1037 4574 1267 4632 Videbat
1288 4585 1342 4630 et
1360 4575 1625 4631 sollicitus

96 4666 246 4714 secum
265 4669 593 4723 retractabat
616 4670 766 4739 quia,
796 4668 845 4724 si
874 4684 1013 4740 papa
1042 4684 1168 4723 cum
1198 4665 1309 4722 Deo
1335 4681 1456 4723 esse
1487 4667 1623 4736 vult,

94 4757 262 4820 Pauper
290 4764 340 4811 et
366 4758 526 4830 inops
552 4759 832 4828 efﬁcietur;
857 4760 953 4831 qui
980 4769 1162 4815 autem
1183 4759 1328 4814 volet
1347 4773 1470 4814 esse
1498 4774 1625 4814 cum

94 4844 261 4912 seculo,
287 4857 343 4903 ut
361 4861 559 4922 querat
578 4868 700 4925 qua:
728 4868 826 4909 sua
855 4860 1002 4919 sunt,
1028 4866 1135 4906 non
1158 4866 1281 4922 quae
1299 4848 1448 4917 Jcsu,
1477 4866 1510 4905 a
1532 4865 1624 4923 sy-

95 4934 239 4991 monia
264 4953 481 4997 manum
514 4958 620 4998 non
657 4944 944 5010 cohibeat,
975 4942 1248 5013 iniquitati
1274 4941 1478 5007 faveat,
1514 4954 1625 4994 non

94 5026 326 5097 arquitati,
346 5035 744 5107 congregandis
771 5034 1018 5107 pecuniis
1043 5034 1212 5090 inhiet
1241 5053 1253 5088 :
1294 5033 1383 5089 hic
1424 5032 1624 5089 ditabi-

95 5118 163 5166 tur
181 5120 375 5190 opibus,
402 5134 458 5180 et
480 5127 964 5196 superabundabit.
989 5126 1113 5182 Ideo
1131 5125 1447 5197 pauperiem
1469 5123 1626 5179 Chri-

96 5206 149 5258 sti
171 5225 263 5266 non
289 5212 539 5273 habentis
562 5218 616 5273 in
642 5218 805 5274 corde
835 5234 1125 5291 pravorum
1155 5218 1249 5275 ubi
1284 5225 1445 5288 caput
1469 5214 1627 5271 recli-

1731 4566 2039 4624 municatos
2070 4568 2361 4625 indiscrete
2389 4567 2719 4635 absolverit,
2744 4582 2807 4622 ac
2829 4568 2873 4622 si
2905 4574 3091 4638 posset
3125 4565 3303 4622 viviﬁ—

1731 4676 1854 4718 care
1886 4675 1981 4718 eos
2008 4661 2102 4733 qui
2129 4676 2239 4717 non
2267 4660 2472 4716 vivunt.
2506 4659 2709 4717 Deinde
2742 4658 2886 4730 quod
2928 4658 3141 4714 vanitas
3183 4657 3301 4726 ipsa

1724 4768 1828 4824 per
1868 4753 2039 4808 multa
2091 4769 2256 4825 regna
2300 4752 2679 4823 dissiparetur,
2729 4750 2911 4807 divina
2946 4749 3303 4819 inspiratione

1730 4844 1984 4916 cognovit
2007 4853 2059 4900 et
2082 4843 2348 4916 praedixit.
2382 4844 2607 4900 Demum
2630 4843 2861 4899 absolvit
2887 4856 3099 4907 omnes,
3126 4840 3221 4910 qui
3245 4840 3299 4894 in

1732 4936 1837 4992 ﬁde
1860 4937 1965 4992 ista
1990 4979 2005 5004 ,
2032 4953 2154 5008 quae
2179 4953 2274 5007 per
2301 4937 2453 4993 illum
2491 4936 2761 5003 innotuit,
2804 4936 2979 5004 usque
3022 4933 3089 4988 ad
3135 4931 3301 4987 ﬁnem

1731 5028 2233 5100 perseveraverint,
2264 5029 2333 5084 ab
2373 5029 2629 5085 omnibus
2668 5026 2903 5098 peccatis
2940 5026 3095 5093 suis;
3134 5032 3190 5080 et
3222 5024 3301 5080 sic

1729 5121 1978 5177 Creatori
2013 5120 2083 5154 “'
2119 5121 2369 5192 spiritum
2399 5119 2619 5177 tradens
2643 5163 2657 5187 ,
2694 5134 2838 5174 anno
2877 5118 2946 5173 ab
2986 5116 3093 5173 inc.
3138 5114 3296 5171 Dom.

1732 5212 1892 5268 1085.
1941 5212 2077 5268 obiit
2103 5221 2309 5286 martyr
2338 5221 2391 5268 et
2425 5211 2721 5269 confessor.
2755 5209 2956 5267 Eodem
2994 5222 3138 5268 anno
3168 5223 3301 5263 γρη-

1324 5346 1562 5404 γΑιυλΕ
1600 5343 1998 5402 LECTIONES.

149 5459 205 5491 διν
237 5463 323 5521 ιιι,
345 5487 392 5524 ε,
467 5471 542 5505 ιιι
577 5472 780 5544 “(aqua
803 5426 1001 5542 pagina
1028 5478 1200 5525 vacat.
1279 5470 1348 5503 δι’
1387 5458 1527 5538 εριῖ.
1555 5465 1618 5522 C.
1654 5455 1794 5536 api
1827 5475 1863 5522 t.
1891 5484 1939 5524 c.

1523 5605 1750 5685 nom.

154 5739 279 5813 (‘90)
317 5746 668 5805 Saint-Gillcs
695 5749 749 5804 in
774 5747 1120 5822 Languedoc.
