3878 6310
534 313 645 381 339

1530 323 1835 384 HUGONIS
1871 322 2166 380 ABBATIS
2200 315 2774 377 FLAVINIACENSIS
3699 316 3773 373 uo

537 451 651 509 tus,
680 443 911 516 grando,
945 442 1162 517 fulgura
1193 452 1247 500 et
1276 442 1535 511 tonitrua,
1570 443 1624 498 4.
1656 452 1712 500 et
1745 442 1799 498 3.
1832 439 1954 499 Kal.
1998 439 2129 496 Julii
2159 442 2204 499 Α
2229 453 2360 496 rans
2384 437 2662 493 videretur
2684 476 2701 502 ,
2733 433 2784 489 si
2812 432 2938 504 quis
2967 430 3279 488 Romanum
3307 432 3543 488 electum
3572 436 3788 514 postab-_

538 534 770 592 Galliam
795 538 1125 593 attriverant

610 617 753 699 (Fol.
795 628 900 684 150
925 628 975 700 ι³)
1009 627 1149 683 Dixit
1185 626 1332 708 (illi)
1374 626 1629 683 Urbanus
1657 642 1796 698 papa
1816 627 1872 682 in
1890 624 2129 697 quadam

533 719 769 790 epistola
815 735 916 775 sua
965 737 980 775 :
1039 738 1057 772 ι
1105 718 1371 775 Dominus
1412 728 1599 776 noster
1643 734 1784 790 papa
1834 718 2129 790 Gregorius

536 811 710 867 beatze
732 827 799 868 ac
821 810 1001 883 dignae
1035 811 1313 867 memoriae.
1338 827 1465 868 cum
1490 811 1635 883 apud
1661 810 1951 867 Salernum
1975 809 2128 882 gravi

536 911 814 959 teneretur
835 903 1149 960 infirmitate
1165 946 1180 971 ,
1205 905 1349 959 unde
1376 904 1494 975 ipse
1517 913 1710 975 postea
1731 903 1893 971 obiit,
1924 918 2125 959 conve-

536 1005 736 1052 nerunt
772 996 840 1051 ad
868 1011 997 1052 eum
1021 996 1265 1067 episcopi
1307 1005 1362 1053 et
1402 995 1707 1053 cardinales
1753 993 2002 1058 Romani,
2029 993 2124 1066 qui

535 1086 734 1142 ibidem
784 1086 1051 1155 aderant,
1099 1096 1358 1160 rogantes
1392 1103 1519 1143 eum
1556 1096 1610 1143 et
1640 1088 1979 1159 postulantes
2002 1129 2018 1156 ,
2064 1095 2127 1143 ut

530 1195 694 1251 quem
740 1180 848 1236 sibi
874 1181 1035 1236 vellet
1063 1181 1352 1252 subrogari
1384 1195 1786 1252 successorem
1809 1181 1862 1236 in
1898 1181 2122 1252 pontiﬁ-

530 1279 655 1325 catu
683 1270 763 1327 eis
793 1273 1120 1328 ostenderet.
1146 1272 1216 1328 At
1242 1271 1332 1339 ille
1366 1288 1552 1328 secum
1588 1266 1990 1343 aliquantulum
2025 1288 2121 1329 co-

528 1359 731 1435 gitans,
777 1364 878 1420 hec
920 1365 1030 1423 illis
1073 1365 1241 1421 verba
1278 1365 1427 1422 dedit
1458 1384 1472 1422 :
1504 1364 1893 1438 Quemcumque
1933 1365 2122 1421 horum

531 1456 715 1524 trium,
746 1455 1036 1513 Lucensem
1063 1457 1265 1513 scilicet
1292 1459 1593 1529 episcopum
1617 1500 1632 1526 ,
1663 1457 1959 1515 Ostiensem
1984 1501 2000 1527 ,
2026 1466 2123 1514 aut

530 1548 984 1620 archiepiscopum
1037 1549 1440 1622 Lugdunensem
1484 1551 1674 1606 habere
1720 1552 1963 1622 poteritis
1991 1593 2007 1619 ,
2063 1552 2121 1606 in

529 1641 830 1711 pontiﬁcem
859 1641 1059 1714 eligite.
1099 1641 1178 1699 De
1222 1644 1713 1701 excommunicatis
1743 1650 1927 1700 autem
1957 1643 2117 1700 simi-

529 1731 661 1788 liter
689 1733 990 1804 requisitus
1014 1735 1292 1806 respondit
1328 1754 1343 1791 :
1377 1735 1566 1791 Preter
1597 1734 1910 1791 Heinricum
1944 1751 2116 1807 regem

2233 531 2568 588 solutionem
2594 544 2626 584 a
2652 525 2975 584 beatissimo
3004 541 3145 598 papa
3171 524 3438 598 Gregorio
3472 536 3775 597 susceptam,

2228 626 2766 679 excommunicatum
2795 619 3061 690 garriret;
3091 617 3201 674 nisi
3237 618 3357 688 ipse
3397 618 3653 689 Attonem
3689 636 3776 677 car-

2227 712 2465 769 dinalem
2512 710 2973 767 Mediolanensem
3025 710 3260 766 electum
3308 726 3342 765 a
3380 709 3641 781 pradicto
3675 728 3777 785 papa

2225 805 2419 861 eodem
2456 804 2653 860 abbate
2699 802 3083 859 subscribente
3122 803 3342 873 publice
3380 806 3778 861 excommunica-

2228 904 2364 962 tum,
2403 904 2458 950 et
2504 895 2627 950 sine
2664 892 2961 964 penitentia
2992 891 3335 959 defunctum,
3361 909 3473 950 non
3496 894 3668 951 solum
3687 896 3777 951 bea-

2227 989 2430 1045 tum‘in
2458 987 2738 1048 communi
2767 998 2956 1044 nostra
2979 986 3255 1044 audientis
3286 988 3591 1060 praedicare
3614 1006 3777 1061 presu-

2224 1088 2419 1147 meret,
2461 1095 2653 1135 verum
2703 1078 2870 1135 etiam
2914 1077 3158 1150 seipsum
3205 1094 3318 1135 non
3353 1079 3408 1134 in
3448 1080 3581 1147 alia,
3629 1081 3717 1136 nisi
3740 1083 3777 1136 in

2160 1188 2163 1192 '
2223 1188 2331 1244 qua
2353 1172 2444 1227 ille
2471 1179 2574 1237 est,
2606 1170 2780 1243 gloria
2808 1170 3055 1227 futurum
3090 1171 3318 1227 oraret?
3353 1169 3415 1226 1n
3447 1171 3653 1242 quibus
3694 1187 3781 1228 om-

2223 1265 2388 1321 nibus
2413 1263 2802 1321 dilectissimos
2831 1262 3032 1319 fratres
3072 1271 3293 1319 nostros
3326 1261 3425 1318 lle.
3469 1272 3528 1318 et
3563 1263 3626 1318 B.
3653 1265 3781 1319 cardi—

2222 1357 2396 1424 nales,
2426 1370 2568 1427 quos
2596 1354 2882 1411 vobiscum
2919 1369 3042 1411 esse
3080 1362 3363 1426 putamus,
3391 1362 3568 1411 testes
3596 1354 3781 1411 advoca-

2221 1464 2366 1515 mus,
2396 1448 2490 1520 qui
2518 1447 2602 1504 vel
2632 1447 2739 1519 ipsi
2773 1448 2843 1504 de
2876 1447 2998 1519 ejus
3033 1461 3129 1503 ore
3170 1447 3486 1515 audierunt,
3538 1448 3628 1503 vel
3661 1448 3781 1504 bonis
3848 1500 3849 1503 η

2218 1541 2376 1608 viris,
2400 1541 2605 1612 quibus
2626 1539 3001 1597 indubitanter
3045 1540 3296 1607 credunt,
3329 1538 3708 1608 referentibus,
3743 1557 3782 1596 se

2220 1632 2441 1689 audisse
2459 1633 2734 1689 dixerunt.
2774 1630 3039 1699 Quotiens
3059 1632 3277 1688 decreta
3311 1632 3524 1689 domini
3566 1635 3652 1689 sui
3671 1649 3782 1705 papa

2221 1725 2470 1798 Gregorii
2496 1725 2843 1797 aliorumque
2866 1734 3182 1783 sanctorum
3216 1734 3436 1797 patrum
3481 1741 3602 1781 non
3647 1728 3782 1783 solum

526 1824 753 1892 dictum,
784 1837 834 1882 et
860 1826 1219 1883 Ravennatem
1245 1828 1718 1899 archiepiscopum,
1749 1828 1854 1882 nisi
1882 1827 2017 1898 forte
2049 1826 2120 1880 ad
2142 1817 2196 1874 ,Β
2222 1818 2390 1875 verbo
2420 1826 2607 1891 aperte
2634 1818 3026 1891 inprobaverit,
3076 1833 3270 1874 verum
3307 1818 3471 1874 etiam
3516 1818 3785 1876 manifestis
3848 1886 3849 1905 ἶ

530 1934 619 1975 vos
646 1928 803 1990 prout
828 1921 968 1984 vobis
989 1921 1269 1990 videbitur,
1297 1922 1367 1976 ad
1386 1923 1603 1993 dignam
1626 1929 1784 1994 atque
1805 1920 2117 1976 canonicam

528 2013 762 2067 venerint
796 2013 1240 2085 satisfactionem,
1263 2023 1315 2071 et
1351 2025 1544 2087 praeter
1576 2031 1753 2069 omnes
1795 2013 2116 2085 principales

527 2120 779 2175 personas
804 2148 823 2176 λ
850 2122 968 2178 qua;
988 2115 1084 2161 aut
1106 2106 1328 2162 consilio
1354 2115 1448 2162 aut
1471 2107 1678 2162 auxilio
1718 2105 1895 2176 favent
1937 2104 2119 2176 nequi~

529 2198 630 2252 cite
657 2196 877 2253 illorum
902 2208 954 2254 et
980 2199 1245 2272 impietati
1267 2242 1282 2268 ,
1315 2216 1492 2255 omnes
1518 2198 1728 2254 absolvo
1758 2207 1809 2254 et
1839 2197 2082 2253 benedico
2100 2238 2117 2265 ,

527 2291 844 2364 quicumque
893 2310 973 2348 me
1007 2293 1144 2348 hanc
1192 2294 1384 2349 habere
1430 2301 1741 2367 potestatem
1783 2291 2120 2363 spiritualem

526 2383 587 2438 in
620 2384 731 2439 vice
761 2385 936 2441 sancti
966 2385 1116 2442 Petri
1151 2387 1379 2458 apostoli
1407 2387 1625 2442 credunt
1672 2385 2049 2441 indubitanter.
2095 2402 2114 2437 θ

601 2473 738 2546 (F01.
760 2476 902 2549 l32‘)
933 2475 1065 2534 Post
1089 2477 1414 2549 Gregorium
1444 2476 1759 2534 Desiderius
1775 2474 2120 2533 Cassinensis

527 2564 699 2621 abbas
749 2567 1032 2637 pontiﬁcio
1079 2567 1343 2624 Romana:
1387 2568 1538 2623 urbis
1583 2578 1907 2638 assumpto,
1936 2564 2122 2622 Victo-

525 2669 641 2711 rem
671 2670 729 2711 se
763 2650 1085 2723 nominavit.
1130 2657 1303 2731 Cujus
1344 2658 1525 2730 qualis
1548 2656 1715 2714 luerit
1736 2658 1952 2726 electio,
1992 2673 2121 2729 pro—

525 2745 699 2802 motio
743 2756 799 2803 et
841 2749 1205 2818 consecratio,
1256 2750 1495 2807 domnus
1529 2738 1693 2823 llugo
1732 2750 2120 2823 Lugdunensis

525 2837 661 2895 satis
681 2840 960 2897 evidenter
979 2842 1272 2924 expressit,
1296 2843 1547 2900 scribens
1559 2842 1856 2900 comitissa:
1875 2841 2121 2899 Mathildi

525 2926 583 2982 in
611 2927 728 2983 haec
749 2930 914 2986 verba
948 2948 962 2962 υ

604 3036 624 3071 ι
668 3017 824 3097 llugo
853 3029 1057 3089 sanctae
1090 3021 1473 3094 Lugdunensis
1498 3023 1757 3081 aacclesiae
1789 3039 2003 3091 servus,
2038 3023 2122 3080 di-

522 3109 837 3177 lectissimae
865 3113 919 3169 in
954 3113 1176 3175 Christo
1197 3116 1374 3177 sorori
1396 3116 1639 3174 Mathildi
1655 3160 1672 3186 ,
1697 3117 1895 3174 divina:
1922 3131 2121 3175 conso-

2220 1911 2478 1984 operibus
2501 1919 2690 1984 postea
2715 1911 3069 1978 destruxerit,
3097 1912 3153 1965 in
3187 1919 3325 1982 quot
3355 1919 3411 1966 et
3455 1910 3663 1982 quibus
3686 1912 3786 1967 locis

2217 2003 2541 2060 electionem
2551 2018 2708 2060 suam
2720 2017 2830 2058 non
2842 2003 3142 2059 secundum
3158 2001 3328 2057 Deum
3337 2043 3351 2068 ,
3363 2001 3457 2057 sed
3470 2003 3784 2057 tumultuarie

2218 2097 2421 2154 factam
2450 2112 2802 2162 asseverans,
2831 2097 3048 2167 publice
3069 2093 3408 2162 refutaverit,
3450 2092 3578 2166 (fol.
3612 2094 3721 2164 155)
3748 2101 3785 2150 et
3848 2082 3849 2107 λ

2219 2206 2523 2262 numquam
2551 2205 2611 2246 se
2645 2190 3011 2260 adquievisse,
3039 2189 3123 2245 vel
3154 2188 3210 2243 in
3245 2196 3576 2258 perpetuum
3609 2185 3786 2257 adquie-

2220 2293 2430 2353 turum,
2453 2285 2559 2342 sub
2585 2284 2815 2341 terribili
2839 2284 3187 2339 attestatione
3213 2280 3601 2348 allirmaverit;
3624 2296 3787 2353 quasve

2220 2393 2489 2455 personas
2511 2377 2836 2434 electionem
2858 2375 3133 2433 reddendo
3160 2374 3420 2432 abcclesia:
3443 2372 3673 2430 idoneas
3693 2374 3783 2444 eligi

2222 2471 2279 2527 in
2332 2470 2642 2527 Romanum
2690 2469 3005 2542 pontillcem
3043 2469 3264 2535 dixerit,
3304 2468 3448 2523 inter
3480 2482 3629 2538 quas
3648 2481 3785 2537 quen-

2221 2564 2348 2620 dam
2373 2564 2531 2620 vobis
2554 2579 2621 2620 ex
2648 2562 2890 2629 nomine,
2919 2560 3242 2618 Mettensem
3275 2561 3488 2617 scilicet
3534 2558 3786 2615 ﬂet-iman-

2221 2672 2356 2714 num
2392 2657 2760 2729 quorumdam
2794 2655 3028 2712 consilio
3072 2653 3316 2724 scripsit,
3364 2652 3632 2724 quoniam
3664 2650 3786 2707 vobis
3848 2646 3849 2671 ‘

2222 2766 2419 2823 magna
2441 2765 2506 2807 ex
2539 2760 2691 2823 parte
2717 2747 3009 2805 manifesta
3045 2755 3194 2811 sunt,
3234 2756 3291 2803 et
3316 2745 3668 2816 epistolarem
3692 2759 3783 2797 mo—

2221 2845 2352 2902 dum
2376 2845 2579 2916 scripta
2602 2842 2946 2908 excederent,
2984 2856 3052 2897 ex
3090 2840 3283 2896 ordine
3326 2838 3577 2896 scribere
3615 2836 3785 2894 oniitti-
3848 2848 3849 2851 ‘

2222 2938 2368 2994 mus.
2407 2936 2565 2993 Nunc
2591 2951 2739 3003 vero,
2770 2951 2895 2993 cum
2929 2934 3043 3007 jam
3078 2933 3299 2989 tandem
3340 2941 3468 3004 post
3496 2940 3701 2986 tantum
3728 2927 3789 2984 ιι.
3848 2940 3849 3001 ξ

2220 3029 2412 3086 borem
2443 3029 2682 3085 inaniter
2710 3030 3052 3099 insumptum
3086 3026 3361 3097 respirare
3394 3023 3727 3087 videbamur,
3748 3028 3787 3076 et
3848 3052 3849 3083 ι

2221 3121 2539 3179 electionem
2572 3122 2769 3178 totiens
2797 3118 3110 3187 refutatam,
3138 3128 3194 3175 et
3224 3118 3491 3174 aeeclesia:
3532 3116 3787 3176 redditam.
3848 3150 3849 3199 γ

523 3204 748 3261 lotionis
768 3206 1104 3272 uberrimam
1128 3209 1383 3282 gratiam.
1416 3208 1562 3278 Quot
1589 3219 1643 3266 et
1669 3211 1892 3283 quantis
1915 3219 2120 3268 sancta:
2146 3203 2192 3269 C
2221 3214 2408 3272 divina
2436 3213 2631 3287 gratia,
2668 3226 2724 3270 et
2751 3221 2936 3285 vestro
2966 3211 3088 3268 fulti
3126 3210 3361 3268 consilio
3408 3219 3466 3267 et
3499 3209 3714 3275 auxilio,
3746 3206 3786 3261 in
3848 3236 3849 3245 ι

525 3296 786 3375 Romanae
812 3299 1071 3359 Ecclesiae
1097 3303 1315 3371 litteris,
1344 3312 1399 3360 et
1424 3304 1881 3362 reverentissime
1905 3297 2115 3362 memo-

520 3391 621 3448 riae
644 3392 789 3449 beati
813 3393 1078 3464 Anselmi,
1106 3404 1160 3453 et
1184 3395 1382 3454 vestris
1409 3405 1519 3454 tam
1553 3397 1918 3470 legationibus
1946 3413 2115 3469 quam

520 3491 578 3547 et
600 3484 795 3555 litteris
815 3496 1065 3557 coactus,
1088 3488 1319 3545 Romam
1348 3490 1613 3558 venerim,
1638 3498 1954 3562 quantoque
1977 3500 2115 3547 tem-

520 3588 657 3647 pore
685 3577 741 3634 in
769 3579 1016 3651 partibus
1041 3579 1209 3638 [taliae
1232 3590 1422 3640 contra
1449 3581 1612 3639 cilicii
1636 3582 1743 3640 mei
1771 3583 2113 3655 propositum

522 3677 775 3726 moratus
820 3671 927 3727 sim
951 3713 966 3740 ,
997 3673 1286 3744 prudentia
1310 3684 1492 3731 vestra
1525 3674 1712 3732 doceri
1748 3691 1859 3731 non
1885 3674 2109 3749 indiget.

521 3757 863 3828 Electionem
890 3760 1021 3818 vero
1051 3763 1401 3822 Cassinensis
1425 3765 1641 3822 abbatis
1674 3775 1970 3837 antequam
2012 3781 2115 3837 ego

520 3852 763 3922 Romam.
781 3855 1027 3914 venerim
1058 3855 1260 3914 factam
1284 3899 1301 3925 ,
1333 3857 1660 3915 sufﬁcienter
1708 3858 1938 3926 audistis
1963 3900 1978 3927 ,
2024 3857 2115 3915 cui

523 3953 640 4009 tam
665 3961 766 4023 ego
787 3962 956 4019 quam
983 3956 1040 4005 et
1073 3949 1241 4005 ceteri
1267 3948 1468 4007 Fratres
1489 3951 1595 4006 mei
1624 3960 1829 4007 sanctae
1855 3949 2115 4006 Romanae
2160 4010 2164 4015 ,

523 4035 740 4099 cciesia:
788 4039 926 4108 lilii,
968 4039 1257 4114 diligentes
1309 4042 1485 4116 magis
1541 4044 1773 4117 gloriam
1825 4043 2114 4100 hominum

524 4146 696 4211 quam
734 4130 831 4189 Dei
851 4174 874 4201 ,,
895 4148 995 4204 pro
1020 4135 1283 4207 temporis
1311 4135 1627 4195 infirmitate
1656 4153 1946 4195 assensum
1974 4152 2115 4209 prae-

524 4224 769 4292 buimus.
812 4224 1114 4300 Postquam
1149 4238 1333 4289 autem
1376 4227 1447 4284 ad
1489 4240 1732 4288 montem
1774 4217 2112 4297 Cassinum,

522 4331 637 4394 quo
661 4316 779 4396 ipse
800 4318 917 4390 jam
944 4327 1319 4393 praecesserat,
1346 4319 1535 4377 Romae
1562 4320 1903 4392 aliquamdiu
1932 4335 2116 4377 mora-

521 4410 587 4479 ti,
617 4410 791 4482 ipsius
816 4412 1019 4470 ducatu
1042 4414 1395 4485 pervenimus
1420 4456 1435 4481 ,
1462 4430 1530 4470 ex
1555 4414 1802 4485 ejusdem
1828 4413 2115 4470 familiari-

521 4506 635 4565 bus
658 4505 947 4565 nobiscum
982 4505 1273 4577 colloquiis
1298 4547 1313 4574 ,
1341 4505 1474 4563 dum
1503 4506 1757 4564 videlicet
1786 4505 2116 4563 nefandissi-

2215 3306 2469 3377 proximo
2511 3306 2681 3361 libere
2727 3303 2908 3361 facere
2952 3303 3334 3375 sperabamus,
3376 3302 3485 3359 sub
3533 3300 3789 3358 occasione
3848 3352 3849 3357 η

2213 3398 2449 3470 eligendi
2485 3397 2793 3454 Romanum
2825 3397 3139 3468 pontiﬁcem
3183 3394 3484 3451 concilium
3533 3392 3589 3448 in
3633 3391 3788 3463 Capua

2214 3492 2360 3550 sicut
2381 3493 2598 3548 illarum
2620 3491 2859 3563 partium
2888 3489 3224 3561 apostolicus
3245 3486 3495 3543 vicarius
3520 3497 3791 3557 congrega-

2213 3586 2311 3643 vit.
2350 3585 2434 3642 Ad
2455 3585 2603 3658 quod
2630 3600 2733 3657 ego
2769 3592 2826 3640 et
2854 3582 3025 3638 abbas
3056 3580 3419 3637 Massiliensis
3444 3586 3611 3650 atque
3635 3573 3789 3631 archi-
3848 3634 3849 3655 χ

2214 3678 2509 3751 episcopus
2535 3675 2813 3749 Aquensis
2851 3674 2997 3747 apud
3044 3673 3332 3730 Salernum
3384 3678 3788 3729 conttmorantcs.
3848 3734 3849 3739 η

2215 3769 2287 3825 ab
2319 3768 2577 3841 episcopo
2593 3765 2833 3824 Ostiensi
2859 3775 2914 3822 et
2942 3762 3189 3837 principe
3222 3764 3575 3821 Salernitano
3600 3770 3655 3818 et
3670 3759 3791 3814 Οε-ι-

2213 3859 2376 3916 ciano
2403 3858 2654 3916 Romano
2672 3874 2741 3915 ex
2763 3866 2918 3929 parte
2940 3857 3129 3914 vicarii
3164 3867 3219 3913 et
3251 3856 3518 3912 ltomanze
3560 3853 3794 3910 azcclesxa

2214 3951 2452 4020 invitati,
2475 3958 2536 4007 ut
2562 3950 2842 4007 communi
2882 3950 3115 4006 consilio
3153 3947 3466 4005 Romanum
3510 3945 3790 4019 pontiﬁcem

2215 4043 2564 4115 eligeremus,
2602 4041 2873 4099 veniendo
2910 4040 3275 4097 obedivimus.
3315 4038 3438 4095 Dux
3484 4038 3647 4095 etiam
3690 4033 3792 4105 cui-

2215 4131 2449 4188 busdam
2480 4130 3045 4189 circumventionibus
3066 4146 3098 4186 a
3120 4128 3364 4186 Jordano
3390 4128 3637 4201 principe
3661 4125 3793 4197 juve—
3848 4180 3849 4183 η

2216 4225 2400 4281 niliter
2445 4225 2680 4292 illectus,
2710 4224 2842 4280 illuc
2870 4223 3039 4279 venit.
3097 4221 3239 4278 Cum
3273 4236 3405 4292 ergo
3443 4220 3513 4277 de
3542 4216 3795 4291 proposito

2217 4317 2445 4391 negocio
2488 4325 2727 4375 tractare
2770 4316 3214 4388 disponeremus,
3266 4314 3441 4387 abbas
3491 4308 3793 4384 quibusdam

2217 4400 2474 4469 mollibus
2513 4420 2568 4468 et
2615 4409 2889 4482 gestuosis
2932 4406 3341 4480 t-epulsionibns
3389 4403 3635 4460 fautores
3686 4414 3797 4457 suos

2217 4504 2505 4577 episcopos
2537 4513 2592 4561 et
2622 4504 2925 4577 principem
2956 4501 3026 4558 ad
3048 4491 3499 4573 compellendum
3527 4514 3587 4555 se
3620 4510 3794 4569 provo-

519 4614 645 4661 mos
673 4607 832 4666 actus
858 4612 992 4656 suos
1019 4598 1077 4653 in
1102 4597 1333 4659 auribus
1355 4598 1738 4669 episcoporum
1779 4606 1835 4654 et
1862 4597 2115 4654 cardina—
2146 4591 2191 4647 D
2217 4615 2344 4656 care
2364 4599 2547 4671 coepit.
2587 4590 2880 4671 Comperta
2904 4605 3088 4653 autem
3114 4594 3358 4652 versutia
3380 4608 3505 4657 sua,
3527 4606 3651 4649 cum
3677 4603 3795 4660 prr-

518 4688 654 4757 lium
676 4690 952 4761 jactanter
991 4688 1227 4747 recitare
1270 4704 1382 4759 non
1420 4690 1793 4758 erubesceret,
1838 4690 2117 4761 copiosius

519 4782 841 4839 necessario.
897 4782 1365 4854 deprehendimus
1388 4824 1404 4850 ,
1471 4798 1641 4854 quam
1704 4782 2118 4840 intolerabiliter

520 4871 701 4940 Deum
728 4875 785 4930 in
811 4876 987 4946 ipsius
1011 4875 1279 4941 electione
1305 4875 1717 4935 oll‘enderimus.
1754 4875 1890 4944 Quis
1925 4876 2072 4932 enim
2097 4919 2115 4945 ,

518 4965 628 5031 nisi
654 4981 722 5022 ex
752 4967 927 5038 ipsius
954 4984 1051 5026 ore
1072 4969 1340 5037 audisset,
1370 4985 1635 5040 umquam
1658 4971 1926 5035 crederet,
1957 4969 2119 5027 Hein-

518 5056 643 5113 rico.
660 5056 807 5121 dicto
831 5059 952 5132 regi
964 5060 1136 5128 iidem
1163 5076 1292 5120 eum
1321 5060 1540 5118 dedisse
1562 5102 1579 5129 ,
1620 5069 1682 5117 ut
1721 5060 1790 5117 de
1816 5061 2112 5132 optinenda

520 5147 757 5215 Romani
780 5150 995 5222 iinperii
1020 5167 1228 5219 corona.
1246 5153 1475 5215 ﬁdeliter
1499 5169 1628 5210 eum
1655 5154 1980 5225 adjuvaret?
2005 5152 2116 5209 Aut

516 5240 678 5311 cujus
704 5244 985 5309 accusatio
1015 5255 1208 5323 contra
1237 5247 1401 5302 talem
1420 5246 1601 5303 virum
1624 5247 1982 5318 reciperetur,
2006 5246 2113 5302 nisi

516 5332 639 5405 ipse
667 5335 828 5417 quasi
852 5337 920 5392 ad
952 5338 1237 5397 cumulum
1262 5339 1450 5411 gloriae
1479 5355 1595 5396 suas
1620 5340 1985 5397 adscribendo
2012 5355 2113 5395 no-

514 5427 604 5483 bis
618 5437 920 5496 narrasset,
941 5430 1260 5501 praadictum
1284 5448 1465 5504 regem
1487 5433 1555 5489 ad
1579 5433 1919 5493 invadendas
1938 5441 2115 5490 terras

516 5520 664 5582 beati
684 5520 829 5583 Petri
853 5538 1158 5595 nunquam,
1173 5520 1279 5581 nisi
1303 5542 1405 5586 suo
1427 5527 1657 5586 consilio
1680 5536 1734 5582 et
1755 5527 2121 5598 persuasione

515 5615 877 5685 gnimaretur,
925 5615 1160 5679 Romam
1200 5618 1499 5676 transisse?
1526 5618 1801 5693 Numquid
1831 5635 1941 5689 non
1973 5619 2111 5687 deli-

2218 4697 2353 4755 dicti
2386 4695 2454 4751 ad
2493 4695 2897 4751 restitutionem
2936 4693 3023 4749 sui
3060 4690 3221 4763 quasi
3252 4689 3490 4744 invitum
3512 4700 3635 4743 eum
3660 4697 3795 4737 coin-

2217 4790 2502 4864 pellerent,
2527 4805 2628 4845 nos
2650 4784 3033 4859 prmnominati
3060 4799 3186 4840 cum
3215 4780 3458 4838 Ostiensi
3489 4780 3733 4853 episcopo
3751 4781 3798 4825 ει

2227 4880 2546 4938 Witmundo
2587 4877 2860 4934 monacho
2893 4884 2947 4932 et
2981 4873 3315 4947 quibusdam
3365 4870 3493 4928 aliis
3529 4866 3793 4925 consilium

2223 4974 2544 5039 habuimus,
2560 4971 2796 5043 qualiter
2818 4968 3036 5026 astutia:
3056 4966 3205 5023 illius
3224 4963 3647 5021 contrairemus.
3662 4956 3795 5012 Post.

2219 5082 2387 5139 quam
2420 5079 2551 5136 ergo
2578 5065 2695 5135 ipse
2710 5062 2825 5134 jam
2850 5069 3076 5133 paratus
3109 5069 3227 5117 erat
3250 5056 3490 5129 insignia
3528 5050 3795 5127 pontiﬁca-

2214 5169 2307 5217 tus
2329 5173 2628 5225 resumere,
2664 5165 2719 5213 et
2748 5154 3073 5212 electionem
3115 5152 3282 5209 etiam
3309 5151 3368 5206 in
3395 5150 3520 5221 ipso
3545 5152 3795 5203 conventu

2218 5250 2500 5308 multoties
2533 5248 2827 5305 refutatam
2871 5247 3067 5303 iterum
3093 5246 3146 5300 in
3170 5260 3230 5301 se
3251 5254 3579 5313 retorquere.
3608 5232 3795 5307 pradi‘

2217 5354 2435 5401 ctorum
2466 5342 2715 5407 consilio,
2759 5355 2862 5396 nos
2906 5349 3113 5395 tantam
3154 5335 3399 5392 hominis
3442 5332 3705 5389 levitatem
3750 5330 3797 5376 ei

2220 5436 2490 5509 propositi
2517 5435 2604 5491 sui
2636 5432 3052 5493 mutabilitatem
3096 5430 3469 5502 inprobantes,
3498 5426 3547 5480 in
3574 5420 3796 5477 audien-

2219 5531 2303 5601 tia.
2327 5529 2577 5586 omnium
2628 5543 2731 5583 nos
2774 5541 3120 5597 nequaquam
3161 5537 3447 5580 assensum
3486 5514 3795 5589 praebituros

2219 5620 2494 5687 diximus;
2526 5616 2631 5674 nisi
2659 5617 2727 5673 de
2755 5614 3088 5687 quibusdam
3118 5623 3312 5671 contra
3335 5611 3528 5669 famam
3560 5617 3723 5662 suam
3748 5605 3798 5651 ει

500 5888 507 5894 _
596 5801 747 5891 (illi)
785 5801 869 5865 Cf.
901 5802 1024 5862 cod.
1060 5801 1302 5865 Udalrici
1345 5801 1410 5859 N.
1443 5803 1673 5860 CLXVI.
1724 5804 1780 5861 in
1826 5804 1926 5861 SS.
1976 5713 2359 5877 t§ng.565,
2387 5804 2421 5860 l.
2453 5819 2599 5873 XLIX,
2626 5817 2754 5877 sqq.
