3878 6310
85 343 161 398 Sil
1292 329 1636 392 CHRONICO

1740 330 1792 406 ζ
1825 331 1953 392 LIB.
1993 333 2060 392 ΙΙ.

3186 341 3304 399 3212⁷

88 457 197 512 tanti
221 452 415 509 ordinis
443 450 776 523 dignitatem,
800 465 922 521 qua;
947 457 1072 520 post
1099 450 1417 506 electionem
1459 463 1616 504 suam
1645 447 1691 504 Α
1719 446 1821 503 bus
1852 449 1920 504 de
1959 459 2144 507 monte
2167 449 2399 506 Cassino
2424 451 2518 522 qui
2546 467 2729 509 secum
2757 452 3002 521 aderant,
3038 457 3293 526 praecepit

87 549 215 604 nobis
233 547 293 602 de
310 559 372 599 eo
400 544 762 607 innotuerant,
794 543 1030 612 primum
1057 543 1317 598 canonice
1337 541 1618 596 examina-

87 640 147 693 tio
169 638 318 691 ﬁeret.
357 633 511 700 Quod
542 633 655 702 ipse
682 632 901 703 indigne
936 631 1138 698 ferens,
1172 648 1348 702 neque
1377 633 1445 687 ad
1483 647 1616 687 exa-

89 727 394 784 nimationem
425 733 732 788 venturum,
780 738 959 792 neque
995 724 1314 778 electionem
1357 738 1618 793 umquam

90 826 421 888 suscepturum
460 831 538 882 se,
574 815 789 884 publice
826 815 1127 870 afﬁrmavit.
1170 815 1375 886 (1087.)
1422 814 1620 887 Sicque

89 912 187 965 data
211 907 354 962 nobis
382 908 573 961 iterum
600 905 816 960 licentia
840 904 908 959 ab
934 921 1000 960 eo
1023 922 1186 976 quem
1226 906 1488 961 vellemus
1515 905 1617 960 eli-

91 1013 205 1068 gere,
225 995 490 1050 excutiens
510 994 732 1049 brachia
767 1010 887 1061 sua,
918 995 1057 1065 cepit
1092 1010 1122 1050 a
1162 996 1319 1051 nobis
1349 995 1620 1064 recedere,

91 1105 188 1146 cum
215 1087 550 1168 Witmunjlus
573 1103 638 1142 ex
661 1088 891 1142 consilio
917 1086 1188 1143 Ostiensis
1227 1087 1468 1158 episcOpi
1517 1104 1622 1158 pu-

92 1182 201 1236 blice
218 1179 542 1244 exclamavit,
569 1177 826 1233 infamem
859 1193 1150 1249 personam
1180 1194 1288 1233 non
1331 1179 1528 1234 debere
1566 1180 1622 1234 in

94 1275 350 1328 Romanum
375 1274 682 1343 pontiﬁcem
703 1273 827 1342 eligi
856 1273 939 1327 vel
961 1273 1220 1340 ordinari,
1243 1289 1368 1329 cum
1403 1283 1624 1330 consta-

93 1375 278 1420 rcteum
308 1365 674 1420 indubitanter
704 1363 984 1420 infamiam
1012 1365 1331 1434 incurrisse,
1361 1365 1623 1436 quoniam

93 1455 272 1524 quidem
311 1454 930 1510 excommunicationem
977 1455 1166 1510 domni
1191 1472 1343 1526 papa:
1383 1455 1626 1526 Gregorii

96 1563 168 1616 per
208 1562 395 1601 annum
428 1547 701 1617 integrum
748 1555 803 1602 et
839 1548 1158 1603 continuum
1191 1557 1244 1604 et
1271 1565 1336 1604 co
1363 1549 1486 1618 plus
1509 1549 1626 1604 sine

94 1637 307 1691 canonica
341 1638 631 1707 penitentia
667 1638 1036 1694 sustinuisset.
1079 1638 1279 1694 Taliter
1304 1640 1487 1709 itaque
1511 1640 1625 1694 dis-

96 1728 236 1781 soluto
254 1737 533 1794 conventu,
565 1738 617 1782 et
641 1728 769 1798 quia
794 1744 901 1782 nox
932 1729 1250 1796 inminebat,
1288 1730 1446 1785 nobis
1477 1745 1626 1785 rece-

95 1818 572 1873 dcntibnsremansit
591 1819 701 1874 dux
723 1835 845 1874 cum
860 1834 944 1885 eo,
959 1829 1168 1874 retento
1182 1835 1366 1876 secum
1388 1818 1625 1876 Ostiensi

95 1925 191 1964 cum
222 1910 402 1964 ceteris
428 1909 693 1964 Romanis
717 1909 988 1980 episcopis
1017 1920 1069 1965 et
1096 1911 1483 1966 cardinalibus.
1527 1909 1627 1966 Ubi

96 2016 192 2054 cum
217 2001 300 2056 diu
328 2001 567 2072 rogando
597 2001 705 2055 dux
740 1991 1047 2069 institisset,
1075 2009 1136 2056 ut
1169 2002 1441 2072 quendam
1475 2001 1626 2056 Alfa-

96 2105 197 2145 num
236 2093 282 2146 in
327 2091 728 2146 Salernitanum
770 2093 1084 2164 episcopum
1130 2102 1492 2161 consecraret,
1535 2095 1630 2150 sed

97 2180 291 2236 Ostiensi
331 2183 733 2238 contradicente
775 2185 944 2240 abbas
977 2185 1305 2240 voluntatem
1351 2185 1505 2240 ducis
1542 2185 1629 2239 in-

99 2273 211 2340 plere
235 2289 331 2327 non
357 2275 598 2341 auderet,
621 2276 881 2345 quoniam
923 2275 990 2330 de
1032 2275 1479 2333 manifestissima
1507 2292 1629 2331 am-

101 2365 262 2419 bitione
289 2365 509 2420 Alfanns
541 2367 827 2422 convictus
850 2365 1045 2432 fuerat,
1079 2366 1188 2421 dux
1224 2367 1460 2438 graviter
1493 2368 1634 2423 indi-

101 2458 496 2527 gnatus-recessit
525 2459 597 2512 ab
639 2459 740 2513 eis.
780 2459 962 2515 Abbas
993 2459 1157 2530 igitur
1183 2461 1359 2530 gratia
1405 2460 1634 2516 destitu-

103 2560 186 2617 tus,
225 2551 468 2621 quoniam
509 2552 630 2607 sine
665 2566 730 2606 eo
781 2553 849 2606 ad
900 2552 1206 2608 Romanum
1262 2555 1634 2624 pontiﬁcatum

103 2643 300 2710 aspirare
345 2642 704 2712 desperabat,
754 2642 1021 2712 profunda
1060 2644 1174 2714 jam
1229 2653 1386 2700 nocte
1424 2644 1635 2700 cunctis

104 2733 445 2788 dormientibus
467 2733 791 2804 legationem
815 2733 880 2788 ad
902 2737 1093 2789 ducem
1113 2735 1281 2800 misit,
1299 2734 1484 2804 sicque
1500 2735 1636 2790 duce

105 2825 155 2878 ad
183 2827 404 2882 abbatem
430 2827 712 2893 redeunte,
745 2838 797 2882 et
819 2827 986 2882 abbas
1015 2827 1240 2897 gratiam
1273 2828 1414 2896 apud
1442 2827 1636 2883 ducem

108 2926 150 2969 ut
170 2932 282 2987 papa
307 2919 471 2985 ﬁeret,
494 2929 552 2974 et
578 2917 688 2972 dux
731 2919 877 2988 quod
920 2919 1182 2988 querebat
1227 2919 1460 2988 optinuit
1495 2920 1638 2990 apud

107 3014 328 3082 abbatem,
362 3025 421 3070 ut
443 3015 677 3070 Alfanus
701 3024 1114 3070 consecraretur
1145 3015 1391 3085 sequenti
1416 3016 1522 3083 die,
1555 3017 1637 3071 vi-

1718 555 1778 598 se
1816 540 1909 596 illo
1943 541 2163 609 deferri,
2203 552 2258 598 et
2299 543 2354 597 in
2399 543 2637 614 capitulo
2678 559 2788 600 non
2834 553 2895 600 ut
2939 560 3154 616 papam,
3198 546 3294 602 sed

1717 642 1778 688 ut
1811 633 2058 688 abbatem
2097 632 2331 703 sepeliri.

1792 721 1910 795 (fol.
1948 723 2114 794 155'.)
2152 722 2247 778 His
2272 738 2401 795 ergo
2425 725 2499 778 ita
2531 724 2774 797 digestis,
2823 726 2950 796 quia
2985 725 3098 796 jam
3128 726 3196 780 ad
3241 726 3296 781 id

1719 814 1963 868 locorum
2001 813 2350 881 devenimus,
2399 823 2460 869 ut
2509 815 2576 869 de
2623 815 3056 887 peregrinatione
3107 823 3302 870 nostra

1721 903 1880 959 nobis
1917 903 2185 973 agendum
2227 903 2316 970 sit,
2353 897 2570 962 oremus
2599 904 2768 960 Deum
2804 915 2864 961 ut
2911 905 3063 960 cordi
3109 914 3298 961 nostro

1723 993 2008 1050 scientiam
2043 994 2192 1049 verbi
2231 993 2499 1062 infundat,
2530 995 2808 1065 sapientia:
2853 995 3082 1067 gratiam
3105 996 3300 1067 largia-

1724 1099 1831 1156 tur,
1863 1097 1924 1143 ut
1967 1103 2155 1143 verum
2183 1087 2421 1144 dicentes
2456 1103 2563 1142 non
2596 1088 2922 1144 laboremus.
2963 1088 3154 1142 Annus
3183 1094 3301 1142 erat

1723 1180 1793 1235 ab
1819 1180 1926 1234 inc.
1961 1178 2117 1233 Dom.
2165 1177 2323 1244 1085,
2368 1188 2422 1233 et
2466 1179 2720 1234 efferatus
2749 1179 2982 1249 impetus
3021 1177 3301 1234 Teoderici

1726 1270 2086 1327 V'irdunensis
2136 1270 2376 1341 episcopi
2406 1287 2504 1340 pro
2534 1270 2866 1327 defendenda
2914 1280 2966 1326 et
3010 1271 3302 1326 attollenda

1725 1371 1878 1433 parte
1921 1361 2172 1416 Witberti
2230 1360 2559 1416 Ravennatis
2605 1361 2830 1416 heretici
2881 1361 3029 1416 nullo
3079 1361 3304 1432 iustitia:

1725 1451 2098 1507 moderamine
2112 1451 2524 1520 reprimebatur,
2538 1450 2832 1520 quominus
2855 1451 3006 1503 illum
3029 1459 3302 1515 sanctum,

1722 1543 1932 1614 justum
1961 1551 2016 1596 et
2044 1543 2373 1597 catholicum
2403 1541 2712 1612 pontiﬁcem
2742 1540 3049 1595 Romanum
3089 1556 3305 1595 annun~

1727 1638 1918 1702 ciaret,
1957 1645 2012 1691 et
2052 1635 2494 1691 annunciandum
2539 1634 2854 1705 praeciperet
2891 1651 2904 1686 :
2939 1633 3074 1687 adeo
3109 1642 3169 1687 ut
3217 1646 3310 1686 εοη

1729 1729 1972 1799 lempnes
1996 1744 2094 1800 pro
2123 1744 2188 1784 eo
2211 1729 2266 1782 in
2297 1727 2539 1784 mcclesia
2569 1727 2844 1782 orationes
2868 1724 3092 1789 diceret,
3119 1724 3222 1779 sub
3243 1738 3312 1778 eo

1727 1821 2098 1876 ordinationes
2132 1818 2352 1886 faceret,
2381 1827 2435 1874 et
2459 1818 2722 1889 quidquid
2743 1817 2886 1888 juris
2931 1825 3122 1872 sancto
3159 1830 3328 1886 papm.

1727 1913 1975 1978 debetur,
2006 1912 2136 1966 huic
2165 1920 2356 1966 contra
2374 1911 2466 1981 jus
2501 1920 2555 1966 et
2582 1909 2664 1965 fas
2691 1909 2760 1964 ab
2795 1908 3052 1965 omnibus
3073 1907 3316 1962 exsolve-

1729 2012 1899 2060 retur.
1940 2002 2058 2058 Non
2087 2003 2264 2072 potuit
2304 2002 2408 2056 hoc
2444 2000 2650 2056 diutius
2683 1998 2795 2071 pati
2843 1998 3058 2054 abbatis
3097 1995 3314 2052 Rodultl

1730 2096 2073 2167 simplicitas,
2107 2095 2343 2150 maxime
2373 2109 2496 2148 cum
2527 2093 2582 2147 in
2603 2107 2726 2147 eum
2758 2091 3000 2147 omnium
3042 2089 3316 2160 praecipue
3358 2112 3360 2114 τ

1730 2188 2038 2244 desevirent
2076 2186 2280 2253 omnia,
2325 2185 2483 2256 quasi
2519 2184 2816 2240 dolentium
2857 2181 3003 2252 quod
3050 2181 3201 2236 solus
3245 2179 3316 2234 ab

1731 2281 1812 2336 eis
1842 2279 2174 2345 dissentiret,
2211 2278 2306 2350 qui
2328 2294 2469 2334 unus
2487 2277 2700 2332 illorum
2725 2285 2778 2331 et
2805 2275 2944 2329 inter
2967 2272 3174 2344 primos
3194 2284 3317 2326 esse

1733 2373 1972 2439 deberet,
2017 2380 2072 2427 et
2103 2386 2248 2426 nunc
2282 2370 2349 2425 ad
2386 2370 2602 2424 illorum
2641 2365 3023 2424 contumeliam
3046 2377 3218 2419 novas
3240 2363 3318 2416 le-

1735 2481 1848 2536 ges,
1889 2480 2060 2519 novas
2101 2462 2470 2519 institutiones
2512 2469 2702 2516 contra
2736 2459 3032 2529 principem
3074 2455 3228 2527 regni
3265 2464 3319 2510 et

1735 2558 2048 2613 sacerdotes
2091 2564 2436 2627 proponeret.
2482 2551 2549 2606 Et
2591 2551 2721 2622 quia
2761 2557 2961 2605 tectum
3011 2547 3199 2603 odium
3251 2546 3319 2600 ad

1737 2657 1952 2718 apertas
1980 2648 2094 2718 jam
2125 2646 2436 2700 inimicitias
2464 2643 2806 2714 procedebat,
2849 2639 3144 2697 cedendum
3175 2647 3286 2692 tem
3309 2655 3320 2676 ’-

1737 2743 1858 2813 pori
1896 2751 2051 2796 ratus
2085 2739 2460 2795 Flaviniacum
2503 2751 2562 2791 se
2599 2734 2849 2797 contulit,
2898 2748 3020 2802 qua:
3058 2739 3144 2786 est
3192 2727 3318 2782 villa

1737 2832 1929 2887 ditioni
1963 2831 2206 2887 ecclesia:
2247 2827 2422 2885 sancti
2459 2826 2639 2882 Vitoni
2684 2824 2918 2889 subdita,
2954 2823 3011 2877 in
3046 2819 3320 2877 territorio

1741 2923 1983 2978 Tullensi
2019 2923 2122 2978 sita
2154 2940 2168 2976 :
2202 2930 2282 2988 nt,
2313 2917 2710 2990 aliquantulum
2743 2922 2984 2972 semotus
3017 2928 3048 2968 a
3079 2911 3319 2973 civitate,

1739 3022 2049 3085 expectaret
2079 3013 2124 3068 si
2159 3013 2284 3083 quis
2310 3011 2531 3067 daretur
2558 3009 2714 3065 locus
2734 3007 2978 3073 remedii,
3004 3014 3065 3060 ut
3091 3004 3199 3059 illis
3230 3003 3324 3057 ali~

107 3102 545 3159 delicetdominica
569 3105 624 3158 in
647 3103 862 3173 palmis,
885 3119 953 3159 ex
976 3114 1242 3174 praecepto
1266 3105 1479 3162 abbatis
1502 3107 1555 3161 id
1578 3121 1636 3162 se
1666 3118 1706 3180 (ἶ
1740 3106 2058 3177 quantisper
2099 3104 2304 3163 sedatis
2343 3103 2459 3173 ipse
2505 3101 2573 3156 ad
2617 3099 2818 3154 fratres
2854 3105 3036 3168 posset
3079 3095 3320 3166 regredi;

109 3193 277 3248 cunctis
317 3191 489 3248 facere
547 3193 1023 3262 respondentibus.
1083 3191 1284 3248 Eadem
1327 3195 1509 3265 itaque
1553 3196 1640 3252 die

109 3295 205 3334 cum
234 3291 344 3352 post
387 3281 679 3352 prandium
717 3282 904 3349 abbas,
954 3283 1065 3342 dux
1095 3292 1148 3338 et
1178 3285 1446 3356 princeps,
1487 3295 1640 3342 uter-

110 3383 190 3436 que
207 3386 232 3423 a
251 3387 429 3426 somno
453 3371 760 3428 meridiano
778 3370 1174 3440 surrexissent,
1207 3375 1320 3429 sole
1341 3375 1644 3432 declinante

109 3459 161 3513 ad
183 3459 430 3531 inferiora,
457 3472 544 3520 set
572 3462 698 3521 vino
718 3463 990 3533 optinente
1013 3464 1312 3534 superiora,
1337 3466 1444 3520 ben
1470 3468 1483 3520 !
1506 3468 1643 3536 proh

110 3548 260 3606 dolor!
283 3553 439 3609 abbas
459 3569 562 3625 pro
585 3552 831 3608 mercede
851 3551 1256 3608 nefandissimae
1275 3556 1643 3612 consecratio-

112 3640 194 3707 nis,
213 3640 365 3701 fultus
385 3646 710 3704 auctoritate
738 3645 913 3711 ducis,
944 3645 1232 3716 pluvialem
1259 3647 1364 3703 sibi
1393 3648 1510 3718 ipse
1537 3647 1643 3703 im-

113 3735 278 3802 posuit,
319 3736 555 3792 Ostiensi
603 3745 658 3791 et
705 3736 864 3790 nobis
920 3737 1273 3805 inconsultis,
1323 3747 1378 3794 et
1421 3755 1646 3808 prorsus

114 3821 454 3892 ignorantibus.
493 3827 591 3882 His
617 3827 688 3881 ita
718 3827 902 3898 gestis,
926 3843 1050 3882 cum
1075 3826 1340 3885 Ostiensis
1359 3831 1646 3900 episcopus

114 3913 348 3970 nobiscum
370 3917 504 3972 bene
529 3931 628 3986 per
651 3917 834 3969 omnia
861 3915 1212 3982 cucurrisset,
1256 3929 1316 3972 ut
1347 3919 1479 3973 vidit
1501 3919 1647 3990 quod

115 4002 248 4060 abbas
271 4022 356 4075 per
379 4007 676 4077 potentiam
698 4007 960 4076 principis
981 4006 1205 4063 Jordani
1235 4009 1303 4064 ad
1328 4025 1648 4065 consecran-

114 4093 213 4147 dum
243 4112 294 4151 se
321 4097 547 4153 Romam
579 4099 658 4152 ire
690 4097 1020 4165 intendebat,
1069 4100 1270 4155 timens
1304 4099 1441 4156 forte
1467 4116 1534 4155 ne
1562 4103 1648 4156 sui

115 4185 328 4256 dignitate
350 4192 676 4262 privaretur,
715 4190 762 4244 si
787 4189 855 4244 ab
883 4191 990 4245 alio
1018 4192 1193 4262 prima
1223 4207 1419 4248 manus
1450 4208 1646 4248 conse-

116 4284 249 4338 cratio
267 4286 311 4339 ei
338 4287 727 4356 imponeretur,
763 4299 1060 4342 conversus
1091 4296 1176 4343 est
1211 4287 1267 4342 in
1295 4287 1382 4342 die
1415 4287 1564 4354 belli;
1595 4296 1650 4342 et

117 4370 337 4430 inmemor
367 4375 544 4432 factus
568 4375 831 4446 propositi
859 4385 910 4430 et
946 4374 1100 4433 facta:
1130 4378 1286 4433 nobis
1317 4379 1644 4449 sponsionis,

1742 3199 1834 3256 sed
1884 3199 2160 3255 incassum
2194 3211 2282 3251 res
2313 3195 2590 3267 agebatur.
2639 3190 2988 3248 Tractaverat
3028 3197 3210 3244 autem
3255 3187 3324 3241 de

1742 3291 1829 3348 liis
1874 3267 2050 3359 nuper
2088 3304 2213 3344 cum
2255 3287 2447 3342 abbate
2481 3282 2817 3349 Divionensi,
2855 3290 2910 3336 et
2940 3279 3153 3348 consilii
3179 3279 3325 3333 illius

1743 3385 1860 3439 haec
1881 3380 1984 3437 fuit
2005 3378 2404 3445 determinatio,
2436 3376 2794 3432 vanissimum
2819 3389 2961 3441 esse,
2992 3373 3038 3428 si
3067 3387 3190 3428 cum
3221 3370 3327 3425 fra-

1744 3473 1937 3538 tribus,
1959 3481 2020 3528 ut
2046 3472 2406 3542 disposuerat,
2429 3466 2763 3539 peregrinari
2785 3463 2966 3530 vellet,
2989 3477 3114 3519 cum
3138 3470 3325 3532 aperta

1743 3572 1888 3620 esset
1919 3560 2007 3618 via
2043 3561 2288 3633 periculi,
2316 3560 2362 3616 si
2389 3558 2582 3614 fratres
2599 3559 2826 3628 juvenes
2847 3563 2899 3610 et
2932 3551 3198 3616 moderni,
3228 3551 3324 3620 qui

1743 3669 1808 3710 co
1835 3662 1994 3709 tenus
2018 3653 2120 3708 sub
2145 3661 2257 3707 arta
2281 3651 2528 3706 custodia
2561 3650 2668 3704 Deo
2692 3649 2748 3702 in
2773 3645 3103 3703 monasterio
3125 3641 3328 3698 servie-

1743 3756 1889 3811 rant,
1924 3745 2109 3802 secnlo
2139 3751 2566 3815 exponerentur;
2596 3742 2649 3797 id
2681 3742 2875 3796 melius
2908 3739 3044 3806 fore,
3082 3747 3144 3793 ut
3176 3748 3328 3807 pater

1746 3837 1908 3894 simul
1953 3851 2078 3891 cum
2121 3834 2266 3900 filiis,
2305 3833 2434 3903 quia
2461 3832 2517 3886 in
2539 3845 2640 3888 suo
2661 3846 2781 3886 esse
2807 3829 2976 3901 quieti
3009 3826 3325 3897 nequibant,

1747 3927 1980 3998 aliquem
2010 3925 2191 3980 locum
2234 3924 2496 3994 religione
2531 3921 2872 3977 nominatum
2908 3925 3240 3988 expeterent,
3269 3915 3330 3968 in

1747 4034 1857 4090 quo
1898 4017 2008 4073 Deo
2038 4033 2163 4073 cum
2209 4016 2380 4087 gratia
2416 4023 2470 4069 et
2509 4014 2690 4084 quiete
2716 4013 3000 4077 servirent,
3034 4009 3207 4065 donec
3236 4007 3329 4062 de-

1747 4125 1909 4166 curso
1937 4109 2125 4163 nubilo
2147 4107 2349 4163 erroris
2382 4107 2625 4176 ejusdem
2649 4106 2716 4160 ad
2745 4120 2844 4162 sua
2877 4103 3055 4159 redire
3081 4110 3324 4172 possent.

1746 4201 1956 4271 Adjecit
1996 4200 2158 4255 etiam
2199 4198 2489 4267 praedictus
2536 4197 2706 4252 abbas
2745 4210 2804 4252 se
2841 4203 3035 4266 praesto
3069 4207 3190 4248 esse
3234 4191 3331 4260 qui

1748 4295 1864 4349 haec
1897 4292 2004 4346 illis
2041 4305 2151 4345 non
2181 4295 2422 4359 negaret,
2465 4287 2560 4356 qui
2601 4301 2710 4341 non
2760 4301 2858 4341 sua
2895 4285 2978 4339 eis
3017 4283 3192 4348 daret,
3237 4280 3331 4334 sed

1747 4400 1869 4455 quae
1892 4383 2107 4437 illorum
2136 4388 2292 4436 erant
2316 4379 2397 4433 eis
2430 4393 2555 4433 cum
2591 4376 2788 4448 gaudio
2836 4375 3158 4444 assignaret,
3198 4370 3328 4440 quia

115 4465 229 4530 Quod
245 4467 409 4524 dicere
433 4468 617 4538 pudet,
647 4483 769 4522 cum
794 4467 986 4521 abbate
1015 4483 1203 4537 pacem
1235 4467 1461 4536 faciens,
1486 4486 1610 4526 reve
1627 4500 1641 4514 -
1677 4477 1720 4532 D
1747 4477 1889 4531 bona
1924 4473 2182 4530 :ecclesize
2209 4471 2464 4527 omnibus
2489 4469 2615 4524 ﬁliis
2643 4467 2884 4524 ecclesiae
2922 4472 3050 4521 sunt
3083 4478 3331 4518 commn-

117 4555 302 4610 rentiam
326 4559 372 4612 ei
403 4575 498 4628 per
523 4558 708 4612 omnia
739 4557 881 4612 sicut
909 4574 1061 4628 papa:
1085 4561 1362 4630 persolvit.
1404 4560 1647 4627 Qualiter

117 4658 258 4702 autem
280 4653 354 4706 vel
374 4651 645 4722 quomodo
679 4650 906 4704 Romam
939 4652 1017 4707 ire
1065 4653 1340 4721 disponat,
1387 4655 1646 4724 quoniam

117 4741 414 4802 praesentium
443 4743 584 4797 lator
604 4752 657 4797 et
678 4741 966 4812 peregrini,
1011 4743 1276 4813 quidquid
1311 4756 1595 4819 postquam
1619 4764 1650 4802 a

119 4827 243 4882 nobis
281 4841 616 4888 recesserunt
652 4848 746 4902 per
793 4832 1034 4902 Capuam
1070 4827 1415 4891 lransenﬁtes
1445 4838 1511 4891 de
1548 4838 1648 4891 hu-

117 4915 314 4983 jusmodi
339 4933 597 4992 apparatu
636 4923 751 4977 ﬁeri
779 4923 1050 4990 viderunt,
1081 4926 1164 4978 vel
1204 4926 1326 4981 aliis
1369 4926 1649 4983 referenti-

119 5007 198 5062 bus
218 5012 525 5079 didicerunt,
551 5015 761 5084 plenius
781 5015 930 5071 vobis
945 5014 1145 5071 referre
1168 5027 1440 5087 poterunt,
1459 5019 1649 5075 inutile

118 5096 432 5164 indicavimus
457 5105 691 5158 scribere
717 5104 883 5174 (192).
919 5124 935 5154 ι

176 5188 255 5246 llic
275 5193 426 5264 igitur
448 5203 798 5250 consecratus
828 5196 897 5249 ab
926 5193 1163 5252 Ostiensi
1205 5201 1481 5271 episcopo,
1522 5219 1648 5258 cum

124 5279 281 5337 missas
303 5287 436 5352 apud
462 5283 717 5339 Sanctum
749 5284 966 5339 Petrum
988 5286 1207 5355 diceret,
1226 5290 1364 5344 infra
1383 5293 1653 5350 actionem

121 5368 285 5434 judicio
307 5373 395 5430 Dei
420 5392 709 5446 percussus
733 5384 834 5431 est.
877 5375 943 5432 Et
973 5381 1221 5453 quamvis
1257 5382 1424 5449 tarde,
1453 5400 1654 5455 cogno-

125 5474 250 5516 scens
283 5480 334 5519 se
366 5481 599 5532 errasse,
630 5480 688 5520 se
721 5465 836 5535 ipse
871 5465 1138 5536 deposuit,
1182 5479 1234 5524 et
1259 5471 1447 5526 accitis
1471 5472 1654 5530 fratri-

1749 4567 1868 4632 nia;
1914 4565 2295 4620 Divionensem
2345 4561 2646 4618 :ecclesiam
2690 4557 2849 4614 bonis
2885 4555 3139 4611 omnibus
3189 4553 3330 4607 assi-

1750 4669 1989 4730 gnatam,
2021 4672 2142 4728 qnae
2164 4658 2220 4712 in
2248 4672 2312 4712 ea
2343 4665 2526 4712 essent
2548 4655 2688 4710 bona
2723 4650 3037 4721 temporalia
3061 4645 3338 4718 religiosis

1751 4750 2005 4804 omnibus
2031 4766 2138 4805 non
2175 4749 2448 4804 defutura.
2490 4748 2689 4802 Aderat
2720 4755 2773 4800 et
2810 4753 2939 4798 tunc
2970 4740 3166 4812 ipsein
3200 4753 3330 4809 pro-

1754 4841 1900 4895 ximo
1928 4841 2072 4911 apud
2120 4839 2484 4896 Bertiniacum
2516 4839 2724 4894 scilicet
2765 4835 2990 4890 fundum
3035 4833 3208 4902 ipsius
3234 4831 3328 4885 Di-

1753 4932 2032 4988 vionensis
2067 4933 2323 4988 aacclesize
2351 4932 2402 4986 in
2428 4930 2616 4985 eodem
2663 4926 2904 4982 Tullensi
2935 4923 3208 4979 territorio
3249 4921 3328 4976 si-

1755 5031 1892 5088 tum,
1922 5031 2145 5092 paratus
2177 5023 2336 5078 ﬁdem
2384 5020 2562 5076 facere
2607 5017 2912 5088 promissis,
2966 5015 3127 5084 longa
3176 5027 3332 5066 mora

1756 5114 2076 5184 praestolans
2102 5113 2148 5168 si
2174 5113 2399 5177 veniret,
2444 5119 2497 5166 et
2537 5108 2741 5165 crebris
2789 5104 3002 5161 nunciis
3037 5103 3336 5158 admonens

1757 5214 1817 5259 ut
1852 5205 2087 5270 veniret;
2116 5203 2260 5273 quod
2291 5211 2345 5256 et
2375 5203 2446 5256 ita
2483 5199 2684 5254 factum
2709 5208 2808 5254 est.
2839 5195 3037 5252 Videtis
3059 5194 3203 5248 enim
3240 5192 3339 5245 abs

1759 5297 1858 5351 bas
1917 5294 2184 5350 Rodulfus
2224 5309 2442 5348 omnem
2491 5289 2820 5345 reversionis
2886 5287 2990 5344 sibi
3048 5283 3338 5338 intercludi

1758 5387 1984 5451 aditum,
2011 5385 2170 5440 malis
2199 5384 2436 5454 undique
2471 5381 2864 5453 multiplicatis,
2912 5377 3060 5433 venit
3101 5375 3167 5430 ad
3210 5389 3337 5429 eum

1760 5477 1826 5532 ad
1863 5477 2173 5547 praedictam
2217 5475 2399 5529 villam
2441 5473 2826 5538 Bertiniacum,
2868 5471 2984 5541 ipsa
3030 5465 3209 5537 vigilia
3239 5479 3343 5519 ειη-ι

181 5669 304 5750 (192)
350 5672 518 5750 Aliam
567 5677 807 5750 llugonis
856 5677 1141 5750 epistolam
1181 5685 1305 5748 post
1324 5675 1552 5750 _Urb_ani
1606 5587 2009 5738 liqglrofionem
2057 5679 2124 5736 ad
2172 5678 2484 5734 Matltildam
2520 5677 2586 5732 de
2631 5675 2819 5734 eadem
2854 5688 2913 5730 re
2963 5667 3219 5739 scriptam
3267 5676 3346 5721 cx

128 5734 411 5802 Chattulario
446 5734 788 5806 Clttniac’ensi
825 5734 992 5806 edidit
1026 5734 1288 5821 d‘Acliery
1323 5748 1384 5803 ll.
1424 5747 1486 5802 Κ.
