3878 6310
536 301 645 362 363
1524 289 1826 350 HUGONIS
1861 284 2131 345 ΑΒΒΑΤΙΕ

2233 284 2757 348 LAVINIACENSIS
3683 287 3771 345 su

539 414 910 475 nunciationis
944 412 1258 480 Dominicze,
1289 418 1345 467 et
1384 408 1581 465 festum
1612 408 1794 479 ipsum
1833 411 1994 467 nocte
2027 417 2123 457 ea-
2152 399 2200 458 Α
2225 399 2430 455 servire
2450 401 2569 469 tibi,
2593 401 2723 472 quia
2744 400 2997 457 videbam
3020 401 3414 458 redundantem
3447 401 3503 456 in
3525 416 3610 457 me
3630 403 3753 461 mise

540 511 661 577 dem
709 508 910 565 ibidem
949 504 1362 563 celebravimus.
1412 500 1473 555 ln
1522 500 1763 557 crastino
1805 497 2119 567 Linguonas
2219 492 2513 548 ricordiam
2551 503 2704 549 tuam
2740 494 2810 551 ad
2849 494 3138 551 delendam
3178 495 3520 565 iniquitatem
3548 499 3788 554 meamet

538 601 815 668 venimus,
848 608 903 655 et
939 598 1019 655 sic
1047 595 1327 665 dietercia
1357 593 1640 656 Divionem
1664 588 2117 663 peraccessimus,
2219 585 2634 643 confortandam
2678 588 3042 644 humilitatem
3083 580 3281 644 meam.
3321 587 3382 642 In
3424 589 3672 643 omnibus
3696 591 3774 644 tibi

538 694 637 750 ubi
666 689 962 767 honorifice
983 697 1035 744 et
1054 688 1280 745 caritate
1302 686 1562 763 suscepti,
1582 682 1988 758 congregationi
2008 698 2123 738 mo-

541 785 769 846 nasterii
796 783 986 842 sociati
1014 797 1225 837 sumus.
1656 784 1663 791 ‘

611 875 852 931 Delectat
893 888 995 930 nos
1045 872 1134 929 hic
1164 871 1438 943 paulisper
1466 870 1749 926 immorari
1784 866 2122 925 meditationi

541 966 820 1023 memoria;
852 963 1185 1021 mirabilium
1227 962 1466 1031 Domini,
1513 977 1636 1033 qua:
1676 960 1804 1017 fecit
1836 959 2121 1015 nobiscum

543 1059 807 1117 Dominus
852 1056 1018 1124 Deus,
1066 1055 1160 1128 qui
1209 1066 1467 1127 operatur
1505 1069 1703 1127 magna
1754 1053 1811 1109 in
1855 1066 2124 1123 pauperes

541 1167 671 1208 suos
704 1158 804 1204 :ut
836 1150 1160 1205 confiteatur
1186 1149 1236 1204 ei
1266 1157 1382 1204 tota
1416 1146 1721 1207 substantia
1755 1154 1963 1212 nostra,
1994 1144 2123 1215 quia

540 1241 669 1297 fecit
707 1240 992 1295 nobiscum
1032 1255 1141 1294 non
1189 1238 1491 1295 secundum
1537 1236 1730 1293 merita
1772 1244 1983 1302 nostra,
2029 1233 2122 1289 sed

540 1330 841 1386 secundum
876 1329 1136 1384 beneficia
1169 1344 1289 1385 sua.
1326 1326 1490 1383 Juvat
1518 1341 1647 1400 ergo
1675 1325 1967 1382 memorari
2004 1324 2125 1380 dul-

540 1420 749 1481 eediuis
778 1420 1170 1477 misericordiae
1191 1420 1333 1490 ejus,
1358 1418 1619 1490 queuiam
1649 1418 1827 1473 bonus
1855 1425 1960 1483 est,
1987 1431 2126 1486 quo-

540 1513 689 1569 niam
713 1512 890 1567 dulcis
910 1520 1015 1578 est,
1048 1510 1207 1582 cujus
1240 1511 1411 1582 gratia
1446 1510 1679 1583 gratuita
1703 1518 1804 1576 est,
1841 1509 2000 1580 cujus
2019 1508 2130 1579 pie-

541 1613 630 1660 tas
669 1602 1141 1673 incomparabilis,
1197 1602 1569 1658 misericordia
1610 1601 1932 1658 inedicibilis
1959 1644 1974 1669 ,
2017 1616 2126 1673 qua

2220 678 2424 749 gratias
2459 680 2576 751 agit
2614 681 2776 736 exilis
2804 690 2859 735 et
2887 680 3085 736 infima
3113 680 3398 736 humilitas
3439 690 3643 746 nostra,
3669 682 3775 751 quia

2140 823 2144 827 .
2222 787 2309 827 me
2336 788 2369 826 a
2390 770 2670 829 consortio
2694 773 3112 845 malignantium
3132 773 3408 843 eripuisti,
3439 782 3493 827 et
3513 788 3547 828 a
3564 774 3776 828 tribula-

2222 865 2464 921 tionibus
2488 881 2612 936 qua:
2650 866 3002 922 increverunt
3027 881 3193 937 super
3234 882 3425 923 servos
3449 875 3576 923 tuos
3612 866 3778 923 fratres

2221 968 2459 1023 nostros,
2501 966 2792 1029 postquam
2822 974 2854 1013 a
2882 958 3041 1015 nobis
3082 958 3391 1015 discessum
3437 967 3545 1024 est,
3579 960 3777 1027 gratuita

2221 1048 2420 1119 pietate
2456 1049 2721 1105 liberasti.
2758 1049 2916 1122 Capti
2942 1051 3110 1117 enim,
3140 1067 3268 1107 cum
3309 1051 3719 1121 exprobratione
3740 1064 3779 1106 et

2222 1141 2536 1213 inproperio
2557 1145 2875 1215 conspectui
2897 1143 3259 1201 Virdunensis
3282 1146 3437 1202 illius
3455 1146 3644 1201 bestiae
3666 1161 3779 1216 prn-

2224 1233 2423 1289 sentati
2462 1242 2610 1301 sunt,
2648 1250 2761 1305 quo
2781 1244 2928 1292 totus
2954 1244 3177 1291 senatus
3197 1235 3354 1303 urbis
3372 1246 3715 1300 convenerat,
3741 1245 3781 1290 et

2224 1326 2383 1396 quasi
2409 1325 2478 1381 de
2501 1326 2604 1381 fide
2627 1327 2860 1398 agendo,
2897 1343 3059 1398 quem
3085 1343 3281 1398 papam
3324 1328 3612 1394 haberent,
3649 1344 3781 1398 quem

2222 1430 2406 1486 regem
2435 1425 2847 1485 venerarentur,
2878 1417 3206 1488 inquisitum
3248 1426 3352 1473 est.
3394 1415 3612 1484 Quibus
3645 1418 3780 1473 silen-

2224 1508 2394 1577 tibus,
2423 1509 2492 1564 ad
2514 1508 2762 1565 inaudita
2791 1526 2920 1565 mox
2943 1519 3253 1581 perrectum
3275 1521 3385 1566 est.
3411 1509 3623 1565 Textus
3648 1526 3782 1564 evan-

2227 1601 2351 1674 gelii
2390 1601 2447 1657 in
2473 1601 2656 1658 medio
2688 1598 2903 1674 positus
2934 1612 3039 1669 est,
3067 1602 3193 1659 inde
3221 1603 3353 1658 data
3383 1603 3655 1659 sententia
3690 1613 3783 1656 uta

544 1696 720 1751 salvat
751 1710 848 1751 eos
893 1696 1056 1750 etiam
1101 1695 1195 1765 qui
1241 1693 1469 1751 salutem
1503 1710 1613 1765 qua
1648 1695 1851 1751 salvari
1897 1695 2129 1750 debeant
2162 1758 2196 1765 _
2228 1692 2470 1748 maximo
2503 1708 2680 1764 usque
2709 1694 2779 1749 ad
2807 1693 3097 1748 minimum
3141 1708 3335 1750 omnes
3356 1694 3633 1764 jurarent,
3672 1690 3781 1747 Wit-

543 1785 841 1857 refugiunt,
864 1801 1007 1856 quos
1037 1758 1147 1852 tua,
1171 1784 1420 1852 Domine,
1453 1758 1624 1857 gratia
1655 1785 1723 1842 ad
1757 1786 1989 1843 salutem
2012 1794 2129 1841 tra-
2158 1758 2203 1818 Β
2230 1786 2443 1842 bertum
2466 1758 2827 1858 cognomento
2861 1786 3195 1842 Clementem
3226 1758 3425 1857 papam
3465 1801 3592 1842 esse
3608 1758 3783 1856 justum

543 1878 628 1933 hit
646 1878 809 1934 etiam
836 1878 1055 1933 invitos.
1097 1876 1275 1933 Tuum
1314 1887 1416 1944 est,
1447 1876 1694 1947 Domine,
1741 1893 1990 1950 regnum,
2038 1885 2131 1934 tua

468 2034 471 2035 ν
545 1970 740 2036 virtus,
772 1978 864 2025 tua
889 1968 1159 2040 potentia;
1200 1969 1298 2025 tibi
1333 1969 1435 2024 soli
1459 1984 1587 2025 cum
1636 1967 1796 2025 Patre
1829 1980 1885 2024 et
1918 1967 2129 2047 'Spiritu

544 2069 737 2119 sancto
766 2062 942 2118 honor
968 2062 1194 2117 debetur
1228 2071 1282 2117 et
1301 2062 1496 2133 gloria,
1531 2063 1652 2119 laus
1685 2072 1739 2118 et
1776 2062 2049 2134 jubilatio,
2077 2071 2133 2119 et

546 2157 802 2226 perennis
852 2156 1149 2226 gratiarum
1195 2155 1356 2211 actio.
1407 2154 1489 2211 Tu
1532 2172 1642 2224 me,
1689 2155 1937 2224 Domine,
1968 2156 2131 2227 hujus

548 2247 629 2302 tui
656 2248 900 2305 muneris
935 2248 1256 2318 participem
1300 2247 1501 2317 fecisti,
1550 2258 1609 2303 tu
1647 2263 1735 2304 me
1776 2249 2045 2321 refugium
2078 2259 2133 2305 et

547 2339 728 2395 aliena
755 2339 931 2411 magis
963 2348 1279 2410 querentem
1307 2348 1362 2396 et
1397 2341 1500 2396 sub
1542 2341 1723 2411 specie
1769 2342 2010 2398 discendi
2046 2358 2133 2399 se-

547 2434 675 2487 eulo
709 2431 971 2488 adherere
1010 2432 1280 2488 volentem
1317 2447 1414 2503 per
1446 2447 1664 2488 servum
1696 2444 1850 2489 tuum
1881 2434 2129 2490 abbatem

548 2522 850 2580 Bodulfum
892 2540 925 2580 a
971 2525 1214 2581 vanitate
1260 2524 1438 2581 seculi.
1478 2525 1829 2596 subripuisti,
1878 2536 1934 2583 et
1977 2542 2133 2598 pere-

548 2616 874 2687 grinationis
919 2616 1091 2687 hujus
1137 2617 1389 2673 comitem
1444 2618 1816 2686 constituisti;
1867 2619 2130 2689 multipli-

547 2725 682 2764 cans
731 2709 963 2780 gratiam
1013 2717 1162 2766 tuam
1212 2709 1269 2764 in
1325 2725 1434 2778 me,
1484 2718 1546 2765 ut
1601 2724 1711 2765 non
1768 2726 1857 2767 me
1915 2711 2134 2767 tmderet

547 2801 1012 2856 adolescentulum
1058 2809 1238 2868 notos,
1281 2801 1487 2869 afﬁnes,
1534 2802 1788 2872 patriam,
1841 2811 1897 2858 et
1942 2803 2130 2858 nidum

548 2909 658 2965 quo
703 2894 1013 2950 coalueram
1066 2894 1420 2965 relinquere;
1469 2896 1639 2950 immo
1698 2898 2022 2968 gauderem,
2077 2908 2132 2954 et

548 2986 754 3057 gratias
805 3000 1052 3059 agerem,
1105 2987 1370 3057 quidquid
1416 2996 1523 3043 tute
1573 2989 1884 3057 paternitati
1933 2990 2001 3045 de
2044 3006 2132 3045 me

552 3076 824 3143 libuisset,
877 3084 932 3131 et
983 3091 1186 3147 corpus
1237 3085 1292 3131 et
1338 3077 1577 3132 animam
1625 3085 1906 3150 totamque
1958 3081 2127 3137 nostri
2157 3096 2221 3159 α

550 3166 912 3245 substantiam
972 3167 1069 3222 tibi
1121 3169 1362 3238 gaudens
1415 3169 1767 3237 devoverem,
1814 3181 1869 3228 et
1922 3172 1998 3243 in.
2039 3183 2132 3228 tuo

550 3259 774 3315 servitio
814 3258 1082 3330 quidquid
1132 3258 1332 3315 virium
1389 3269 1537 3316 esset
1578 3259 1836 3331 juvenilis
1884 3265 2133 3334 corporis

552 3349 856 3420 expendere
882 3358 1242 3421 praeoptarem
1273 3350 1389 3421 (fol.
1423 3351 1569 3422 154).
1607 3352 1878 3408 Addidisti
1910 3354 2134 3425 insuper

554 3443 744 3498 intimo
779 3443 916 3497 mihi
954 3451 1009 3497 et
1040 3442 1315 3498 immerito
1349 3443 1578 3513 gratiam
1625 3453 1680 3499 et
1713 3444 2133 3501 benivolentiam

553 3533 699 3589 servi
741 3532 819 3587 tui
848 3532 1063 3589 abbatis
1091 3531 1459 3599 Divionensis,
1498 3548 1606 3603 qua
1639 3549 1767 3588 mox
1803 3544 1864 3589 ut
1892 3549 1979 3589 me
1999 3534 2136 3590 vidit

552 3632 610 3679 et
634 3624 877 3694 agnovit,
900 3631 1076 3679 totum
1101 3622 1156 3677 in
1182 3638 1264 3690 se,
1288 3631 1341 3680 te
1369 3623 1600 3691 volente,
1625 3634 1676 3679 te
1698 3623 1931 3693 favente,
1955 3635 2136 3681 trans-

555 3712 715 3782 fudit,
758 3730 986 3785 sperans
1011 3723 1065 3771 et
1091 3715 1322 3771 credens
1358 3723 1420 3771 ut
1451 3730 1596 3782 reor,
1627 3716 1832 3786 aliquid
1857 3717 1987 3772 boni
2021 3733 2052 3772 a
2081 3726 2135 3773 te

553 3814 906 3863 manaturum
949 3807 1005 3861 in
1059 3806 1240 3862 nobis.
1293 3806 1361 3861 Et
1410 3807 1620 3862 utinam
1673 3808 1818 3878 quod
1867 3809 2132 3878 speravit,

551 3898 701 3968 quod
725 3898 979 3965 credidit,
1000 3900 1146 3969 quod
1176 3899 1416 3969 quesivit
1444 3908 1498 3955 et
1519 3901 1701 3971 querit
1720 3917 1752 3955 a
1779 3909 1833 3957 te
1854 3901 1923 3956 de
1951 3903 2132 3971 nobis,

553 3989 652 4043 fiat
671 4003 769 4058 per
795 3989 1028 4059 gratiam
1071 3997 1220 4044 tuam
1260 3989 1317 4044 in
1351 3990 1530 4055 nobis,
1558 3999 1618 4046 ut
1658 3990 1893 4062 gaudeat
1913 3992 1980 4048 de
2008 4008 2135 4064 pro—

554 4078 701 4138 fectu
750 4089 973 4147 nostro,
1024 4096 1191 4151 quem
1233 4081 1457 4137 voluisti
1498 4091 1559 4137 ut
1606 4099 1709 4139 nos
1748 4083 1995 4156 diligeret
2034 4101 2134 4156 pro

554 4185 744 4227 amore
768 4179 884 4227 tuo.
922 4168 1065 4239 Quid
1103 4172 1251 4228 enim
1292 4182 1411 4228 erat
1449 4174 1505 4229 in
1538 4174 1721 4241 nobis,
1766 4176 1912 4246 quod
1949 4185 2136 4233 tantus

552 4265 639 4319 vir
681 4273 833 4320 tanto
871 4264 1118 4320 caritatis
1162 4264 1358 4322 aﬂ'ectu
1401 4266 1668 4339 diligeret,
1710 4267 1820 4323 nisi
1868 4276 1983 4336 tua,
2014 4268 2137 4339 ,Do-

554 4355 720 4422 m’me,
764 4356 937 4427 gratia
979 4372 1146 4427 quam
1187 4358 1441 4428 sperabat
1474 4368 1527 4414 et
1559 4361 1879 4431 expectabat
1909 4376 1940 4416 a
1982 4370 2035 4417 te
2076 4362 2133 4417 in

2231 1888 2285 1934 et
2308 1879 2660 1946 catholicum,
2696 1877 3015 1934 Heinricum
3052 1880 3439 1949 imperatorem
3481 1894 3516 1933 a
3547 1877 3656 1932 Deo
3690 1877 3783 1932 sale

2232 1981 2381 2028 ctum
2406 1983 2462 2027 et
2481 1982 2801 2041 coronatum
2823 1989 2837 2039 ;
2863 1972 3009 2043 quod
3050 1972 3142 2042 qui
3174 1987 3283 2026 non
3306 1969 3555 2037 fecisset,
3580 1986 3695 2026 cum
3714 1969 3785 2023 de-

2231 2064 2429 2120 decore
2454 2074 2509 2118 et
2550 2063 2849 2134 ignominia
2881 2063 3128 2120 vestibus
3162 2063 3403 2118 nudatus
3444 2062 3518 2117 ab
3549 2061 3678 2116 urbe
3706 2059 3788 2131 pti-

2232 2155 2453 2238 leretur.
2480 2155 2707 2211 Factum
2727 2156 2955 2223 esthoc,
2978 2166 3040 2211 ut
3063 2154 3276 2226 probati
3298 2152 3585 2209 manifesti
3610 2153 3781 2207 fierent.

2232 2236 2467 2303 Noverat
2495 2247 2667 2319 pietas
2698 2258 2811 2315 tua,
2849 2247 3087 2307 Domine
3113 2246 3279 2313 Deus,
3313 2262 3541 2302 servum
3579 2257 3716 2301 tuum
3738 2245 3785 2298 ilo

2231 2338 2346 2393 lum
2372 2336 2598 2407 Rufum,
2625 2326 2884 2394 latentem
2918 2339 3060 2395 inter
3087 2338 3296 2409 lapides
3324 2338 3677 2409 margaritam
3697 2335 3783 2400 Dei,

2231 2430 2327 2502 qui
2350 2430 2635 2501 spoliatus,
2661 2445 2844 2497 cesus,
2867 2430 3185 2503 fus'igatus,
3229 2429 3360 2500 quia
3393 2429 3593 2499 jurare
3628 2427 3783 2492 noiuit,

2232 2537 2329 2592 per
2351 2520 2594 2576 medium
2621 2522 2775 2577 urbis
2800 2520 3039 2594 fugatus,
3073 2517 3433 2593 ignominiam
3475 2520 3658 2576 crucis
3686 2531 3784 2581 tua.

2232 2608 2471 2677 Christe,
2495 2611 2549 2664 in
2571 2625 2802 2681 corpore
2828 2622 3047 2682 portare
3069 2627 3179 2666 non
3203 2611 3446 2666 erubuit.
3477 2608 3669 2664 Nudus
3685 2622 3786 2679 ergo

2233 2701 2288 2756 in
2326 2702 2442 2757 sola
2489 2702 2746 2757 staminia
2781 2702 2928 2774 (193)
2977 2710 3073 2774 per
3120 2713 3245 2757 octo
3290 2701 3520 2774 fugatus
3566 2701 3783 2764 miliaria,

2233 2808 2357 2849 cum
2388 2810 2419 2849 a
2450 2794 2778 2865 quibusdam
2826 2795 2999 2852 servis
3030 2795 3122 2849 Dei
3150 2795 3494 2865 aliquantula
3535 2805 3681 2851 veste
3709 2794 3785 2846 do-

2233 2897 2397 2945 natus
2425 2898 2597 2957 esset,
2622 2891 2839 2946 tandem
2865 2891 3015 2947 venit
3046 2891 3352 2959 Divionem,
3391 2884 3447 2946 et
3474 2908 3601 2947 cum
3625 2889 3786 2963 gaudio

2233 2991 2542 3052 susceptus,
2572 2992 2625 3038 et
2662 2984 2728 3038 de
2761 2984 2946 3040 labore
2986 2983 3323 3040 refocillatus
3344 2994 3449 3039 est.
3496 2983 3785 3054 Muitiplira.

2232 3073 2394 3129 batur
2418 3075 2637 3130 interim
2674 3091 2942 3132 numerus
2967 3076 3202 3131 fratrum
3233 3076 3786 3142 advenientium,etut

2235 3165 2529 3221 concordia
2552 3175 2606 3221 et
2631 3167 2780 3238 pacis
2805 3167 3138 3223 unanimitas
3162 3168 3304 3222 inter
3325 3177 3596 3237 utrasque
3615 3177 3786 3221 turmas

2235 3260 2408 3314 artius
2431 3271 2758 3328 servaretur,
2782 3261 2848 3315 de
2890 3259 3257 3330 promittenda
3295 3260 3596 3315 stabilitate
3629 3274 3783 3314 mone-

2233 3351 2453 3407 bantur.
2495 3351 2651 3419 Quod
2673 3353 2897 3408 verbum
2943 3352 3065 3408 ideo
3107 3351 3215 3407 illis
3255 3361 3374 3407 erat
3414 3352 3784 3424 gravissimum.

2234 3442 2365 3512 quia
2386 3444 2544 3514 quasi
2572 3444 2900 3499 abhorrebat
2938 3460 2969 3498 a
2998 3452 3167 3511 recto,
3204 3458 3270 3498 eo
3295 3445 3445 3514 quod
3467 3460 3573 3500 nec
3593 3444 3784 3514 primam

2235 3535 2397 3590 fidem
2425 3535 2742 3607 infringere,
2772 3550 2874 3591 nec
2896 3536 3194 3591 secundam
3218 3534 3620 3605 professionem
3644 3533 3786 3588 facere

2236 3643 2296 3684 se
2326 3643 2505 3698 posse,
2531 3628 2679 3684 salva
2719 3628 2894 3699 prima
2919 3644 3082 3698 quam
3110 3627 3372 3695 fecerant,
3403 3644 3601 3682 sanum
3625 3626 3697 3681 eis
3722 3625 3786 3677 vi-

2234 3721 2483 3777 debatur.
2529 3721 2817 3776 Timebant
2857 3721 3004 3776 enim
3045 3721 3285 3791 primum
3333 3729 3546 3787 votum,
3591 3719 3784 3789 primam

2234 3811 2633 3884 professionem
2679 3812 2905 3880 violare,
2954 3822 3007 3867 et
3050 3812 3172 3867 ideo
3199 3811 3268 3866 de
3291 3795 3535 3867 secunda
3578 3807 3785 3865 facienda

2235 3904 2391 3961 nefas
2434 3904 2701 3976 putabant
2735 3904 2821 3959 vel
2861 3919 3171 3960 sermonem
3220 3903 3440 3969 audire,
3488 3918 3614 3958 cum
3649 3901 3695 3956 id
3725 3899 3784 3953 eis

2235 3995 2462 4052 Omnino
2505 3995 2846 4051 intolerabile
2876 3996 3168 4061 videretur,
3195 3994 3591 4050 monasterium
3619 3993 3669 4047 in
3700 4004 3783 4062 quo

2236 4088 2587 4144 stabilitatem
2628 4088 2738 4145 Deo
2762 4096 3045 4154 voverant,
3081 4087 3334 4142 deserere
3374 4087 3463 4142 vel
3500 4088 3566 4143 ad
3597 4087 3783 4146 horam;

2235 4181 2381 4252 quod
2420 4181 2647 4237 omnino
2682 4181 3036 4248 abnegarent,
3067 4180 3115 4235 si
3141 4179 3438 4236 secundam
3470 4179 3781 4235 stabilitatem

2237 4272 2291 4327 in
2332 4273 2510 4328 aliena
2558 4272 2804 4329 tecclesia
2844 4271 3144 4328 firmarent.
3189 4271 3476 4339 Quesierat
3520 4287 3678 4342 super
3705 4269 3779 4322 hac

2240 4378 2300 4419 re
2337 4364 2631 4419 consilium
2678 4364 2848 4418 abbas
2888 4361 3159 4419 Rodulfus
3204 4378 3236 4417 a
3283 4363 3710 4434 quampluribus,
3741 4369 3778 4411 et

555 4448 752 4504 nobis?
775 4447 915 4515 Fiat,
947 4448 1195 4520 Domine,
1236 4464 1335 4519 per
1372 4451 1604 4522 gratiam
1640 4461 1790 4507 tuam
1819 4451 2136 4511 fructuosus
2168 4452 2212 4508 D
2239 4454 2580 4512 Lanfrancus
2601 4456 3025 4510 Cantuariorum
3050 4455 3499 4525 archiepiscopus
3522 4456 3625 4510 tale
3648 4456 3691 4508 ei
3716 4469 3770 4507 re

552 4538 863 4595 devotionis
886 4538 1007 4609 ejus
1042 4539 1270 4595 affectus
1313 4539 1369 4594 in
1400 4541 1579 4608 nobis,
1612 4551 1672 4596 ut
1711 4542 1923 4598 laetetur
1959 4543 2136 4600 dulcis

550 4629 675 4699 ejus
698 4629 887 4686 anima
906 4644 1072 4699 super
1090 4630 1425 4702 benignitate
1450 4640 1565 4697 tua,
1597 4648 1719 4702 quae
1746 4649 1848 4690 nos
1875 4633 1995 4705 ejus
2021 4649 2137 4689 me-

552 4720 698 4788 ritis,
722 4730 814 4780 tua
845 4729 1172 4791 cooperante
1201 4722 1377 4792 gratia
1405 4720 1715 4778 confortare
1736 4732 1789 4779 et
1828 4739 2013 4796 regere
2051 4724 2137 4780 di-

554 4821 769 4882 gnetur,
799 4820 860 4868 ut
889 4812 944 4866 in
983 4812 1077 4867 illo
1096 4822 1152 4868 et
1181 4812 1251 4879 in_
1273 4812 1432 4869 nobis
1463 4813 1841 4870 misericordia
1873 4824 1962 4871 tua
1995 4831 2136 4886 prae.-

554 4901 765 4959 dieetur
799 4914 853 4961 et
886 4904 1295 4961 honorifieetur.
1342 4902 1478 4961 Nolo
1516 4905 1665 4960 enim
1713 4906 1993 4964 beneficiis
2021 4909 2132 4965 tuis

554 4994 802 5067 ingratus
825 5010 968 5064 esse,
984 4997 1123 5053 .nolo
1150 4996 1326 5067 patris
1349 4997 1514 5068 hujus
1550 4996 1724 5053 beneti
1747 4997 1835 5066 :ia,
1878 5015 2002 5070 quae
2033 5001 2133 5058 abs

556 5093 609 5139 te
644 5094 793 5152 sunt,
828 5094 939 5140 tam
983 5087 1143 5158 longe
1182 5088 1473 5158 projicere,
1505 5099 1565 5145 ut
1598 5097 1755 5144 extra
1779 5102 2131 5162 conspectum

556 5175 685 5235 sint.
711 5173 848 5230 Volo
889 5185 950 5232 ut
975 5175 1232 5247 frequens
1257 5179 1349 5234 illa
1383 5179 1642 5251 cogitatio
1676 5190 1927 5236 exerceat
1964 5190 2019 5237 et
2047 5197 2137 5238 re-

554 5276 736 5336 novet,
759 5275 822 5322 ut
841 5282 1138 5338 numquam
1161 5272 1437 5327 memoria:
1458 5273 1853 5339 subducantur,
1886 5290 2008 5345 quae
2041 5276 2128 5330 ni-

554 5360 663 5415 chil
707 5359 906 5431 perdit,
938 5360 1048 5415 nisi
1081 5360 1151 5416 ad
1196 5364 1341 5432 quod
1382 5381 1491 5420 non
1534 5380 1660 5436 sepe
1701 5367 2021 5436 respexerit.
2070 5365 2128 5423 In

552 5453 729 5530 prima
754 5462 907 5524 parte
932 5453 1103 5510 animi
1141 5465 1432 5524 ponantur,
1474 5467 1534 5513 ut
1575 5474 1791 5530 semper
1814 5470 2123 5517 occurrant.

552 5543 733 5619 Delegi
761 5561 893 5618 ergo
916 5547 1259 5622 propensiori
1287 5548 1478 5605 aii‘cctu
1521 5560 1572 5606 et
1603 5551 1915 5608 ferventiori
1946 5555 2129 5613 studio

2234 4564 2499 4619 sponsum
2525 4549 2852 4614 reddiderat,
2879 4548 3126 4604 scribens
3149 4548 3215 4604 ad
3238 4564 3363 4604 eum
3391 4549 3445 4604 in
3471 4549 3587 4605 haec
3607 4547 3777 4602 verba:

2305 4639 2368 4694 ι.
2401 4639 2711 4697 ϐαηεαατίιε
2740 4641 3162 4711 archiepiscopus
3190 4639 3424 4710 Rodalfo
3465 4641 3640 4694 abbati
3662 4638 3775 4692 sela-

2236 4736 2358 4788 tem.
2386 4731 2689 4787 Indicatum
2720 4742 2797 4787 est
2831 4733 3120 4803 mihiguia
3155 4732 3219 4786 de
3258 4742 3348 4786 tuo
3388 4731 3690 4786 monasterio
3716 4745 3774 4780 re-

2232 4827 2411 4881 cedere
2431 4827 2508 4880 vis
2522 4844 2537 4879 ;
2551 4826 2615 4880 de
2631 4826 2891 4898 promissa
2909 4825 3203 4879 stabilitate
3227 4822 3491 4878 sollicitus
3511 4841 3581 4889 cs,
3595 4840 3653 4876 ne
3670 4819 3777 4873 and:

2233 4917 2403 4972 Deum
2424 4905 2637 4989 placare
2671 4917 2844 4982 debes,
2878 4916 2999 4971 inde
3039 4916 3296 4986 offendas.
3324 4915 3402 4970 De
3435 4933 3534 4986 quo
3557 4915 3774 4987 rationem

2233 5009 2394 5064 talem
2424 5009 2663 5075 ostendo,
2689 5018 2738 5063 et
2768 5010 2826 5063 in
2864 5008 3182 5062 ostendendo
3209 5024 3289 5062 me
3323 5008 3381 5061 in
3418 5007 3694 5076 eumplam
3714 5004 3777 5055 sic

2232 5101 2320 5155 do.
2356 5099 2417 5157 Si
2445 5117 2538 5172 ego
2567 5100 2630 5156 L.
2660 5117 2819 5155 manu
2847 5090 3063 5171 propria
3090 5116 3170 5153 me
3200 5099 3264 5153 de
3290 5098 3469 5171 aliqua
3496 5094 3773 5152 monasterio

2234 5209 2337 5247 non
2364 5209 2685 5247 recessurum
2699 5192 2988 5262 jurassem,
3002 5192 3231 5245 viderem
3249 5201 3427 5244 autem
3446 5189 3578 5262 quod
3600 5186 3668 5241 ibi
3685 5186 3758 5238 ari

2234 5301 2377 5339 utam
2401 5300 2569 5338 meam
2595 5284 2802 5338 saloare
2827 5300 2928 5337 non
2962 5299 3186 5353 possem,
3217 5283 3436 5349 exirem,
3461 5299 3548 5336 nec
3580 5277 3755 5350 perjuri

2234 5376 2432 5430 crimen
2455 5376 2796 5429 incurrerent.
2824 5374 2929 5440 Qui
2956 5374 3095 5428 enim
3121 5372 3230 5427 Deo
3257 5376 3470 5443 propter
3488 5371 3646 5426 Deum
3670 5367 3751 5421 alii

2234 5476 2410 5538 gatur,
2456 5483 2558 5522 non
2592 5466 2813 5521 solvitur
2854 5466 2923 5520 ab’
2961 5467 3093 5537 ipso,
3134 5466 3237 5520 nisi
3271 5476 3453 5519 contra
3489 5466 3649 5534 ipsum
3681 5458 3768 5511 ωι-

2234 5568 2410 5614 uatur.
2442 5558 2614 5615 Porro
2651 5559 2715 5614 ab
2744 5560 2856 5630 ipso
2889 5568 3071 5614 contra
3104 5558 3275 5634 ipsum
3314 5574 3415 5617 non
3442 5555 3668 5617 solvitur,
3697 5549 3766 5621 qui

2054 5646 2290 5707 ΝΟΤᾹΞ.

627 5727 771 5797 4195)
810 5726 992 5786 Lanea
1022 5729 1278 5789 camisia.
