3878 6310
65 346 147 406 3ιὸ

68 464 236 530 propter
269 467 491 506 amorem
522 446 655 521 ejus,
692 457 744 505 et
778 458 838 505 ut
869 450 918 505 ei
954 451 1077 506 bene
1119 452 1348 522 placeat,
1391 470 1425 508 a
1456 454 1592 524 filiis
1622 462 1660 517 Α

70 543 598 614 δίκονάὶω,ειφενὸὶω,
623 542 1030 613 difﬁderttiw,et,
1054 553 1112 599 ut
1134 545 1368 616 apertius
1390 546 1591 613 dicam,

71 640 221 710 aﬁliis
259 635 450 690 diaboli
490 636 681 707 migrat
716 635 786 688 ad
822 634 961 705 ﬁlios
1002 638 1171 707 pacis,
1215 637 1343 707 spei,
1376 637 1593 690 humili—

72 732 186 797 tatis,
216 730 362 783 immo
396 727 537 797 ﬁlios
579 726 696 781 Dei.
732 725 836 790 Qui
874 728 1012 781 enim
1056 728 1134 781 sic
1176 729 1390 796 transit,
1426 745 1593 784 nonne

71 826 175 896 fugit
199 841 226 876 a
248 822 359 876 sede
386 819 585 874 diaboli
621 820 691 874 ad
716 820 889 873 sedem
923 819 1060 873 Dei?
1089 818 1221 884 Quis
1249 829 1425 874 autem
1442 820 1594 890 judi-

70 925 128 970 cet
166 915 301 968 illum
341 912 759 983 dampnandum,
808 911 898 982 qui
944 919 1002 965 ut
1050 911 1120 965 ad
1158 920 1383 982 patrem,
1431 921 1489 966 ut
1524 912 1593 965 ad

69 1008 201 1060 Deum
236 1014 282 1059 et
312 1005 558 1070 amicum,
602 1002 737 1074 fugit
766 1002 835 1057 ad
870 1003 1085 1073 ipsum?
1121 1003 1371 1060 Preterea
1400 1004 1491 1074 qui
1517 1003 1594 1057 sic

71 1098 241 1162 transit,
270 1112 364 1149 non
405 1096 469 1148 ab
495 1094 733 1149 azcclesia
770 1094 839 1149 ad
875 1094 1167 1151 tecclesiam
1210 1098 1424 1150 transit.
1469 1094 1596 1150 Non

70 1198 161 1244 sunt
182 1189 337 1259 plures
363 1188 632 1255 (ecclesia',
662 1187 753 1245 sed
783 1204 889 1241 una
915 1197 991 1241 est
1016 1197 1125 1242 toto
1150 1188 1270 1243 orbe
1297 1189 1517 1258 diffusa,
1544 1196 1595 1259 et

72 1283 140 1335 uni
162 1280 251 1334 Deo
275 1280 460 1351 ubique
486 1280 737 1346 servitur,
758 1280 852 1335 uni
879 1281 986 1350 regi
1012 1280 1276 1334 militatur
1292 1279 1410 1350 (fol.
1432 1279 1590 1350 ὧν).

70 1375 295 1429 Postremo
320 1380 529 1426 sanctus
553 1370 891 1436 Benedictus,
918 1372 1006 1442 qui
1034 1372 1379 1427 stabilitatem
1406 1372 1596 1442 prceci-

70 1467 129 1536 pit
149 1465 355 1534 firmare,
382 1463 700 1518 monachum
744 1463 808 1517 ab
853 1463 948 1517 illo
976 1466 1294 1519 monasterio
1332 1466 1402 1520 ad
1443 1464 1594 1519 aliud

71 1557 302 1608 venientem
324 1555 521 1623 suscipi
540 1554 796 1623 jubet,et,
822 1554 869 1607 si
892 1553 1039 1610 bona:
1064 1556 1185 1609 vim
1209 1555 1460 1626 fuerit,ut
1481 1564 1594 1608 sta-

70 1647 281 1700 bilitatem
298 1646 465 1716 firmet
487 1645 722 1700 suaderi.

123 1738 198 1795 His
221 1747 268 1794 et
287 1738 402 1793 aliis
422 1737 842 1809 quampluribus
865 1737 1237 1807 probabilibus
1258 1738 1594 1810 argumentis
1626 1738 1653 1810 _'

70 1840 109 1885 et
131 1830 398 1885 rationibus
423 1806 643 1893 muniti,
670 1806 941 1899 praecepto
980 1829 1151 1898 patris
1188 1829 1275 1885 sui
1311 1806 1590 1900 obtempe-
1625 1806 1668 1862 Β

71 1930 233 1989 mites,
267 1922 479 1992 quidam
519 1922 875 1978 stabilitatem
915 1921 1159 1977 ecclesia:
1195 1920 1510 1978 Divionensi
1539 1922 1593 1978 in

72 2029 99 2083 ρ
121 2014 305 2070 :esentia
348 2013 519 2084 patris
564 2012 881 2068 monasterii
921 2011 1156 2084 professi
1198 2023 1327 2069 sunt
1365 2022 1422 2069 et
1462 2013 1589 2069 obe-

73 2104 311 2171 dientiam;
350 2104 572 2174 quidam
616 2113 797 2158 autem
834 2103 1239 2171 dubitaverunt,
1275 2113 1329 2159 et
1368 2104 1595 2175 adquie-

75 2210 189 2248 scere
220 2206 272 2249 ut
303 2195 687 2264 proﬁterentur
726 2194 1038 2249 noluerunt.
1092 2193 1205 2266 Ego
1220 2246 1235 2257 ,,
1250 2210 1423 2261 eram,
1465 2192 1597 2250 Jesu

74 2283 196 2349 bone,
212 2285 270 2340 de
295 2284 672 2340 dubitantibus
695 2300 860 2351 unus,
878 2300 1009 2341 cum
1033 2293 1127 2340 tua
1153 2285 1327 2354 pietas
1350 2301 1448 2356 per
1477 2301 1596 2341 ser-

75 2392 169 2429 vum
192 2387 328 2430 tuum
354 2377 606 2431 abbatem
630 2385 881 2432 nostrum
909 2377 1045 2430 mihi
1078 2375 1192 2446 jam
1225 2378 1594 2447 praecepisset,

76 2478 119 2521 ut
136 2467 248 2523 ﬁdeli
272 2478 375 2535 tuo,
400 2468 487 2525 cui
511 2468 919 2538 complacuerat
941 2468 1043 2523 sibi
1070 2468 1125 2523 in
1149 2484 1235 2523 me
1248 2470 1430 2523 anima
1456 2469 1595 2539 ejus,

76 2560 293 2615 cotidiana
331 2562 647 2616 adhererem
686 2560 945 2617 instantia
975 2580 987 2617 :
1029 2577 1362 2632 quamquam
1407 2570 1460 2616 et
1494 2561 1600 2616 hoc

78 2650 162 2720 ipse
186 2653 429 2720 timerem,
461 2654 593 2724 quia
625 2653 728 2707 viri
751 2653 1097 2720 modestiam,
1123 2654 1377 2723 pietatem
1399 2664 1452 2708 et
1473 2654 1597 2709 dul-

75 2743 269 2798 cedinem
303 2760 407 2798 non
445 2760 709 2799 noveram
738 2763 751 2798 :
800 2744 959 2815 cujus
987 2744 1113 2800 licet
1144 2761 1360 2807 nossem
1396 2745 1601 2812 sancti:-

78 2841 220 2901 tatem,
249 2837 547 2891 reverebar.
574 2834 642 2889 Et
682 2846 864 2890 tamen
886 2837 1211 2892 adherebam
1244 2838 1293 2891 ei
1319 2837 1385 2891 de
1417 2838 1594 2907 longe,

77 2932 115 2975 et
132 2924 477 2995 benignitatem
510 2927 635 2995 ejus
660 2927 965 2997 multopere
990 2927 1262 2994 sitiebam,
1290 2929 1417 2998 quia
1440 2928 1599 2983 bonis

76 3026 221 3068 coesse
249 3025 295 3071 et
316 3016 632 3073 cohabitare
671 3016 1073 3085 desiderabam,
1105 3018 1250 3088 quod
1284 3027 1457 3073 totum
1501 3020 1599 3073 abs

79 3112 116 3157 te
152 3115 270 3172 erat,
313 3108 531 3164 domine
578 3107 727 3164 Jesu.
779 3107 1089 3166 Venabatur
1144 3110 1232 3166 ille
1272 3111 1598 3167 discretione
1624 3145 1665 3204 ε

77 3200 313 3267 ρηξρὶριιει,
340 3208 398 3255 ιιι
423 3200 635 3270 peritus
656 3216 876 3272 auceps,
905 3202 1144 3256 animam
1171 3218 1369 3267 meam,
1406 3219 1599 3257 mune-

77 3287 191 3342 ribus
222 3291 539 3359 qsribusdam
581 3302 635 3347 et
671 3291 957 3348 affectione
986 3294 1330 3361 multimoda,
1366 3311 1489 3365 qua:
1517 3304 1600 3349 ta-

79 3392 172 3431 men
204 3382 459 3452 religionis
504 3385 851 3455 propositum
894 3385 1024 3439 non“
1045 3385 1387 3451 excederent,
1432 3394 1601 3440 attra-

79 3466 215 3523 hendo
240 3480 287 3525 et
312 3474 463 3542 quasi
490 3474 858 3544 inlaqueando
880 3475 1222 3530 devotionem
1252 3491 1449 3541 meam,
1479 3491 1602 3546 qua:

79 3558 301 3628 aliquanta
326 3574 440 3619 erat
471 3582 602 3636 erga
634 3564 822 3634 illum;
857 3566 952 3622 sed
975 3582 1169 3624 rursus
1212 3567 1469 3623 timebam
1502 3567 1601 3622 ho-

79 3651 239 3707 minem
287 3671 442 3725 quem
495 3672 610 3712 non
658 3672 953 3724 noveram,
1003 3675 1337 3730 quamquam
1389 3658 1498 3730 iam
1551 3658 1601 3714 ei

80 3752 226 3809 pectus
265 3757 504 3804 nostrum
562 3750 920 3819 aperuissem,
961 3760 1015 3805 et
1060 3751 1244 3807 omnia
1288 3751 1484 3805 animae
1516 3765 1603 3806 se-

81 3843 192 3889 creta
216 3839 543 3896 retexissem.
574 3840 716 3907 Quid
738 3850 879 3909 erat,
918 3842 1139 3898 domine
1160 3841 1312 3909 Jesn,
1356 3843 1411 3897 in
1440 3842 1603 3898 corde

81 3922 190 3982 illius
212 3930 368 3988 ﬁdelis
410 3935 524 3988 tui?
554 3932 696 4000 Quid
739 3944 876 4003 erat,
907 3950 1032 3991 cum
1067 3951 1154 3991 me
1195 3935 1268 3991 ita
1310 3935 1605 3991 dimitteret

81 4017 293 4078 voluntati
314 4026 566 4097 propriae,
589 4036 649 4081 ut
671 4026 835 4081 etiam
859 4028 1072 4098 publice
1097 4029 1428 4098 prohiberet,
1453 4026 1605 4098 quid.

82 4110 178 4177 quid
196 4111 429 4184 facerem,
452 4118 724 4189 quidquid
750 4119 1007 4185 dicerem,
1034 4135 1102 4175 ne
1123 4120 1248 4190 quis
1270 4120 1601 4192 obiurgaret,

81 4213 131 4255 ne
156 4206 261 4274 quis
288 4209 461 4266 saltim
506 4210 566 4265 in
610 4211 867 4281 capitolio
910 4212 1262 4269 reclamaret?
1297 4211 1438 4279 Quid
1465 4222 1601 4280 erat,

82 4307 176 4348 cum
210 4300 389 4356 cotidie
422 4303 585 4372 quasi
631 4304 861 4374 pedibus
907 4305 1027 4375 ejus
1060 4305 1447 4377 procumbens,
1478 4320 1604 4360 cum

78 4381 164 4451 iam
190 4393 331 4458 quasi
359 4404 587 4450 venatus
612 4411 811 4463 essem,
843 4411 1058 4453 orarem
1086 4407 1145 4453 ut
1186 4414 1274 4453 me
1314 4398 1605 4469 reprehen-

1247 302 1666 400 .ClmONlCON.

1704 376 1771 386 ——
1811 346 1939 402 LIB.
1978 344 2042 401 [ἰ.
2350 399 2352 402 ,
3162 346 3268 402 ωε

1694 458 1803 514 chil
1830 459 1936 515 tale
1957 457 2205 524 verebar,
2229 454 2419 527 pedem
2441 455 2855 527 protendissem,
2884 462 2946 511 ut
2970 454 3102 525 quid
3127 464 3270 511 esset

1693 565 2065 623 agnoscerem,
2097 548 2238 606 collo
2278 557 2534 620 protenso
2556 548 2727 604 hianti
2761 562 2858 604 ore
2896 562 3142 603 morsum
3168 547 3272 600 mi-

1692 651 1852 697 natus
1877 650 1981 697 est.
2025 640 2163 696 Cum
2204 641 2551 706 clamassem,
2583 650 2637 701 et
2665 640 2892 712 gradum
2932 649 3079 694 retro
3114 639 3273 694 tulis-

1693 750 1836 800 sem;
1855 734 2015 804 jussu
2041 733 2337 814 ejusprior
2358 733 2674 799 adveniens,
2705 732 2843 803 pede
2862 733 3037 804 capite
3058 730 3271 813 colubri

1693 807 2408 896 eonquassato‘,.rnortuum
2456 823 2713 894 projecit,
2760 823 3030 879 clamante
3077 807 3271 878 eodem

1692 901 1813 971 viro
1834 916 2016 981 beato,
2046 924 2099 969 et
2125 914 2337 971 dicente
2363 933 2375 969 :
2408 913 2625 981 Occide,
2663 913 2739 968 sic
2774 912 3035 967 moriatur
3060 927 3270 981 serpens

1692 1010 1783 1082 qui
1817 1008 2107 1062 insidiatur
2134 1006 2302 1061 saluti
2338 1006 2526 1077 fratris
2553 1004 2830 1077 Hugonis!
2854 1020 2941 1060 me
2962 1020 3182 1075 quoque
3215 1004 3272 1060 in

1694 1102 1858 1160 corde
1893 1100 2242 1168 assentiente,
2288 1107 2341 1154 et
2374 1097 2586 1153 dicente
2615 1116 2628 1152 :
2669 1096 2759 1152 Sic
2785 1098 2902 1167 ﬁat,
2934 1113 3105 1152 amen.
3149 1094 3273 1151 Sta-

1694 1191 1814 1258 tim,
1849 1189 1977 1246 Jesu
2017 1190 2181 1256 boue,
2218 1197 2278 1245 ut
2319 1187 2515 1243 hocin
2560 1188 2723 1243 corde
2759 1203 2883 1243 meo
2911 1187 3272 1244 deliberatum

1694 1296 1778 1344 est
1799 1295 1856 1343 et
1874 1300 2184 1353 assensum,
2208 1284 2438 1340 dulcedo
2473 1292 2566 1339 tua
2590 1284 2646 1338 in
2681 1299 2767 1339 me
2793 1284 2880 1354 pie
2901 1283 3198 1349 convaluit,
3219 1293 3275 1345 et

1694 1378 1842 1436 sensi
1867 1392 2109 1434 amorem
2155 1384 2308 1431 tuum
2335 1375 2491 1446 quasi
2524 1374 2825 1430 extinxisse
2864 1373 2923 1428 in
2965 1388 3053 1429 me
3085 1373 3273 1428 omnia

1694 1484 1899 1526 venena
1937 1467 2225 1540 serpentis,
2269 1482 2393 1537 quae
2436 1479 2523 1521 me
2562 1465 2630 1520 ab
2673 1464 2928 1534 inplenda
2964 1464 3273 1521 obedientia

1694 1559 2053 1637 professionis
2092 1558 2356 1629 inplenda:
2379 1555 2763 1627 impediebant.
2802 1552 2943 1621 Quid
2966 1553 3152 1608 mora?
3184 1554 3275 1609 die

1695 1652 1884 1708 eodem
1925 1650 2167 1705 sentiens
2196 1648 2281 1703 vir
2320 1646 2578 1719 praefatus
2613 1653 2999 1716 cor,nostrum
3038 1644 3276 1698 inmuta-

1697 1754 1835 1811 tum,
1862 1753 1916 1799 te
1941 1752 2003 1800 ut
2025 1742 2190 1799 credo
2211 1740 2511 1812 inspirante
2542 1737 2717 1794 solum
2749 1752 2837 1811 me
2859 1751 3148 1808 aggressus
3169 1747 3271 1801 est,

1695 1847 1749 1894 et
1786 1851 1913 1893 cum
1956 1835 2127 1890 multa
2174 1833 2242 1890 de
2284 1831 2629 1902 simplicitate
2666 1840 2721 1885 et
2761 1827 3027 1884 modestia
3063 1827 3276 1884 abbatis

1696 1928 1870 1985 nostri
1915 1934 2246 1998 perorasset,
2291 1923 2528 1994 quedam
2580 1922 2745 1977 etiam
2794 1921 2863 1977 de
2914 1918 3274 1976 inreverentia

1696 2029 1882 2076 nostra
1907 2026 1962 2074 et
1997 2015 2307 2089 pertinatia,
2335 2030 2444 2086 qua
2474 2012 2697 2070 obedire
2725 2012 2867 2083 patri
2892 2008 3162 2082 spirituali
3191 2025 3277 2066 re-

1697 2110 2067 2183 fugiebamus,
2086 2108 2450 2179 replicuisset,
2481 2104 2715 2161 deducta
2737 2104 2791 2159 in
2818 2104 3061 2160 medium
3091 2111 3278 2158 aucto-

1696 2190 1875 2255 ritate,
1911 2199 2146 2270 regulae,
2205 2212 2328 2267 qua:
2381 2194 2627 2266 praecipit
2680 2192 3045 2248 obedientium
3100 2190 3276 2261 patri,

1697 2291 1911 2347 etiamsi
1935 2290 2071 2361 ipse,
2097 2289 2242 2361 quod
2271 2288 2433 2344 absit!
2459 2286 2614 2341 aliter
2640 2298 2783 2357 agat,
2809 2300 2911 2341 nee
2928 2299 3053 2340 esse
3089 2284 3277 2340 discu-

1697 2382 1942 2439 tiendum
1981 2381 2050 2437 de
2079 2366 2388 2437 obedientia
2414 2398 2427 2432 :
2459 2377 2589 2434 vicit
2616 2392 2723 2444 me,
2756 2375 2950 2443 fateor,
2981 2375 3281 2432 auctoritas

1696 2472 1821 2537 viri,
1857 2481 1910 2528 et
1939 2472 2021 2527 vis
2042 2471 2335 2527 verborum
2358 2469 2570 2525 ratione
2598 2476 2652 2524 et
2676 2468 2999 2524 auctoritate
3025 2466 3278 2534 subnixa,

1698 2563 1831 2618 illud
1860 2563 2046 2631 etiam,
2071 2563 2200 2634 quia
2225 2571 2276 2618 te
2294 2569 2588 2633 praestante
2612 2560 2833 2616 veritati
2848 2574 3151 2631 repugnare
3176 2573 3278 2613 no-

1698 2653 1896 2710 lebam.
1943 2652 2004 2709 ln
2052 2654 2310 2710 omnibus
2352 2653 2472 2721 tibi,
2524 2653 2668 2711 bone
2711 2650 2863 2717 Iesu,
2902 2650 3108 2722 gratias
3153 2663 3277 2720 ago,

1699 2746 1829 2815 quia
1850 2743 2131 2816 protexisti
2168 2760 2282 2811 me;
2312 2745 2443 2815 quia
2467 2744 2573 2800 sub
2608 2744 2802 2798 umbra
2823 2743 3034 2797 alarum
3059 2749 3279 2796 tuarum

1700 2837 1883 2894 fovisti
1932 2854 2047 2905 me,
2088 2846 2144 2893 et
2201 2837 2375 2908 gratia
2426 2851 2710 2893 servorum
2760 2842 2981 2890 tuorum
3035 2831 3279 2888 ﬁdelium

1699 2927 1915 2983 donasti
1952 2944 2058 2983 me.
2099 2926 2286 2998 itaque
2324 2942 2390 2981 eo
2424 2927 2744 2991 deducente,
2773 2924 2957 2980 abbati
2988 2930 3185 2979 nostro
3210 2921 3279 2978 de

1699 3018 1994 3088 pertinacia
2028 3016 2289 3083 satisfeci,
2315 3025 2370 3071 et
2399 3016 2469 3071 in:
2496 3016 2736 3072 crastino
2766 3014 3049 3087 praeceptis
3085 3028 3278 3068 eorum

1699 3105 1931 3165 obedivi.
1957 3107 2060 3163 Per
2083 3107 2266 3163 omnia
2292 3106 2636 3162 benedictum
2679 3121 2879 3162 nomen
2921 3106 3107 3176 gloriae
3148 3113 3277 3172 tuae,

1699 3199 1793 3271 qui
1815 3199 2059 3270 disponis
2093 3199 2279 3254 omnia
2304 3197 2358 3252 in
2382 3197 2791 3268 tranquillitate.
2816 3195 3037 3263 Precor,
3061 3196 3281 3252 domine

1698 3290 1848 3359 Jesu,
1872 3308 1981 3346 non
2024 3305 2109 3347 me
2148 3304 2401 3346 secernas
2440 3303 2473 3343 a
2501 3302 2731 3343 numero
2765 3295 2819 3343 et
2855 3286 3133 3343 consortio
3166 3301 3281 3342 ser-

1699 3399 1889 3440 vorum
1934 3392 2175 3449 tuorum,
2221 3381 2316 3452 qui
2364 3379 2774 3450 dercliquerunt
2812 3378 3040 3452 gloriam
3090 3376 3281 3432 mundi

1700 3491 1826 3531 cum
1862 3475 1979 3530 suis
2009 3449 2495 3538 obiectationibus;
2533 3449 2663 3539 quia
2701 3477 2756 3524 et
2802 3449 3075 3538 ego,'cum
3106 3473 3168 3524 tu
3196 3466 3276 3524 in-

1702 3567 1966 3638 spirasses
1993 3565 2144 3622 cordi
2186 3578 2329 3630 meo,
2378 3562 2622 3619 seculum
2643 3569 2698 3616 et
2724 3576 2847 3631 qua:
2870 3559 2991 3633 ejus
3033 3570 3265 3618 suntivo

1701 3658 1906 3715 luutate
1927 3656 2336 3727 promptissima
2354 3653 2639 3725 postposui
2658 3660 2711 3711 et
2730 3665 3019 3729 postpono,
3040 3653 3282 3708 animam

1700 3759 1754 3804 et
1775 3763 1975 3819 corpus
1996 3762 2177 3802 meum
2201 3746 2299 3804 tibi
2326 3745 2552 3804 domino
2573 3746 2704 3816 Deo,
2732 3755 2871 3825 teste
2898 3754 2953 3801 et
2971 3745 3283 3800 mediatrice

1700 3842 1857 3897 beata
1904 3839 2095 3909 Maria,
2138 3839 2331 3897 devovi
2378 3849 2435 3896 et
2482 3854 2674 3908 voveo,
2716 3846 2771 3897 et
2806 3838 2876 3893 .in
2921 3846 3017 3893 tuo
3062 3835 3287 3892 servitio

1701 3931 1875 3988 emori
1892 3942 2153 4004 praeopto,
2168 3916 2297 4004 quia
2316 3932 2415 3987 tibi
2436 3931 2641 3987 servire
2663 3944 2891 4001 regnare
2901 3936 2986 3984 est
3002 3927 3117 4000 (fol.
3134 3929 3280 4000 155).

1702 4024 1965 4083 Mortiﬁca
2002 4027 2058 4082 in
2087 4042 2196 4091 mo,
2230 4024 2480 4091 Domine,
2526 4022 2795 4094 quidquid
2833 4022 2966 4078 illud
2998 4030 3085 4077 est
3137 4020 3287 4093 quod

1703 4135 1880 4190 neque
1904 4118 2041 4174 cibis
2070 4133 2248 4188 neque
2286 4116 2577 4173 sacriﬁciis
2616 4125 2803 4185 aptum
2827 4124 2932 4181 est,
2961 4123 3017 4169 et
3045 4114 3114 4169 da
3134 4112 3291 4171 Patri

1703 4220 1893 4267 nostro
1927 4225 2087 4266 servo
2114 4218 2210 4264 tuo
2239 4208 2423 4263 abbati
2450 4206 2768 4263 Divionensi
2807 4205 2991 4261 videre
3019 4220 3144 4276 qua
3182 4220 3286 4275 op-

1703 4312 1784 4359 tat
1804 4304 1870 4360 de
1891 4302 2080 4370 nobis;
2104 4309 2166 4356 ut
2188 4299 2443 4356 lauderis
2461 4298 2517 4353 in
2547 4298 2667 4368 ipso
2697 4304 2755 4352 et
2777 4296 2833 4352 in
2876 4296 3058 4362 nobis,
3100 4296 3195 4367 qui
3224 4311 3295 4352 es

1704 4405 1918 4469 potens,
1944 4395 2237 4469 gloriosus,
2265 4391 2605 4449 admirabilis
2630 4397 2686 4446 et
2723 4387 3044 4446 benedictus
3075 4385 3132 4442 in
3156 4401 3295 4457 ope-

82 4473 199 4533 deret
218 4489 265 4535 et
282 4484 545 4554 edoceret,
568 4494 623 4542 et
645 4487 760 4557 ipse
782 4502 869 4543 me
891 4488 1054 4558 quasi
1080 4490 1383 4559 repelleret,
1422 4497 1477 4545 et
1503 4504 1604 4559 op~
1637 4489 1683 4545 D
1708 4491 1861 4547 ribus
1882 4488 2014 4545 tuis.

85 4564 242 4627 tionem
267 4575 412 4633 daret
454 4588 519 4634 ut
555 4579 820 4651 quidquid
859 4580 1052 4635 vellem
1097 4579 1367 4635 facerem?
1400 4580 1467 4635 Et
1487 4580 1603 4652 jam

82 4659 421 4750 professionem
463 4670 722 4739 feceram,
765 4671 833 4727 ad
858 4687 1024 4742 quam
1053 4670 1359 4750 faciendam
1394 4672 1487 4727 tali
1522 4688 1608 4728 ra-

84 4746 196 4845 tione
226 4755 407 4816 ductus
434 4777 579 4816 sum.
606 4762 747 4818 Casu
775 4761 844 4818 de
872 4746 1121 4841 claustro
1142 4764 1447 4830 veniebam,
1471 4779 1601 4819 cum

83 4851 169 4906 ipse
194 4849 382 4906 sederet
421 4852 478 4907 in
527 4854 853 4910 consistorio
898 4870 1019 4921 suo,
1062 4863 1117 4911 et
1160 4856 1350 4912 videns
1390 4870 1495 4922 me,
1535 4855 1604 4911 de

84 4930 371 4996 meessione
407 4959 630 5000 monere
669 4945 828 5015 cepit.
878 4945 992 5017 Ego
1038 4946 1225 5003 audito
1273 4948 1422 5018 quod
1461 4948 1605 5003 nole-

84 5019 196 5093 bam,
221 5034 417 5103 erubui,
446 5045 501 5092 et
536 5038 765 5109 gradum
787 5040 1056 5109 repressi;
1087 5057 1210 5096 cum
1233 5056 1357 5098 ecce
1389 5043 1603 5099 colum-

84 5124 175 5213 pna:
200 5119 370 5194 lignea:
397 5128 745 5199 appropians,
786 5130 1077 5185 colubrum
1103 5131 1302 5188 offendi
1334 5133 1477 5203 spira
1504 5149 1603 5189 sua

85 5217 348 5270 mrotatum.
385 5216 509 5285 Cui,
539 5236 664 5277 cum
695 5222 946 5278 nesciens
984 5223 1117 5294 quid
1159 5232 1325 5292 esset,
1354 5226 1484 5296 quia
1513 5225 1599 5280 ni-

138 5402 389 5491 :‘litgc'de
430 5413 574 5491 obitu
620 5412 857 5491 Gregorii
892 5413 1010 5491 ΥΠ
1039 5413 1381 5491 leguntur
1426 5416 1603 5491 codice

88 5463 678 5555 {ntei'B-ritannicivinteri
690 5463 1213 5541 ciiibhiaiiés'iiéili

85 5543 276 5630 fg
315 5554 544 5630 exeuntis
591 5555 758 5630 fol.___l
790 5575 803 5630 _:
835 5575 872 5630 Δι
903 5555 1169 5630 Volumus
1202 5572 1303 5630 vos
1332 5557 1602 5630 scirequi

85 5610 423 5697 ﬁfhcic‘siastiue
462 5610 601 5679 cure.
631 5627 848 5680 solliciti
885 5610 1039 5693 estis,
1090 5610 1603 5697 quodvapostolic'us

105 5672 415 5765 ijltebrandus
631 5672 1256 5753 νειυὰ
1269 5672 1603 5765 22756531

89 5757 221 5806 unum
249 5757 307 5812 de
332 5761 607 5821 duodecim
631 5767 998 5823 cardinalibus
1018 5784 1183 5840 quem
1209 5761 1440 5825 multum
1480 5769 1601 5823 dili-

1780 4582 1960 4652 (Anno
1986 4580 2054 4636 ab
2081 4579 2189 4635 inc.
2217 4577 2375 4634 Dom.
2425 4575 2607 4649 1088.)
2642 4573 2811 4649 Igitur
2832 4572 2920 4630 his
2956 4571 3052 4645 qui
3081 4568 3293 4629 residui

1704 4683 1864 4732 erant
1884 4674 1951 4730 ad
1974 4672 2341 4729 obediendum
2381 4670 2679 4738 inclinatis,
2706 4684 2833 4726 cum
2857 4667 2915 4723 in
2937 4680 3071 4739 pace
3089 4672 3147 4721 et
3166 4679 3297 4722 Ito-

1706 4766 1882 4824 destia
1926 4765 2098 4837 quieti
2143 4765 2374 4836 spiritus
2411 4763 2524 4819 Deo
2562 4762 2632 4818 ab
2672 4760 2930 4818 omnibus
2968 4756 3297 4825 serviretur,

1708 4876 1836 4918 ecce
1855 4869 2077 4931 repente
2104 4858 2172 4916 de
2197 4858 2351 4914 obitu
2379 4871 2533 4928 papae
2560 4854 2807 4926 Gregorii
2830 4850 2924 4907 Vll
2964 4849 3168 4908 nuncio
3193 4863 3294 4906 ve—

1710 4951 1895 5008 niente
1917 4956 1956 5019 ';
1987 4948 2221 5005 fratrum
2256 4948 2530 5019 praecipue
2556 4945 2722 5001 corda
2762 4942 2978 4999 turbata
3010 4949 3158 5010 sunt,
3189 4940 3293 4998 (ιο,-

1708 5042 1939 5098 lentium
1979 5040 2368 5097 desolationem
2410 5045 2613 5094 sancta:
2653 5034 2749 5091 Dei
2783 5034 3051 5102 ecclesiae,
3086 5048 3298 5105 qualus

1709 5149 1876 5206 quam
1911 5131 2363 5205 congaudendum
2390 5129 2465 5185 illi
2492 5128 2717 5195 scirent,
2758 5142 2923 5198 quem
2957 5127 3145 5183 multis
3182 5127 3288 5182 tri-

1705 5225 2076 5281 bulationibus
2115 5224 2402 5296 probatum
2464 5235 2566 5277 suo
2614 5221 2726 5293 jam
2770 5218 3037 5276 Dominus
3082 5220 3298 5292 gremia

1707 5419 1866 5490 gebat
1886 5433 1981 5489 pre
2008 5419 2243 5490 caeteris,
2275 5426 2327 5473 et
2347 5415 2651 5490 confessus
2670 5426 2755 5473 est
2790 5415 3146 5490 omnipotenti
3177 5414 3289 5490 Deo

1707 5486 1759 5544 et
1791 5486 1981 5545 saneto
2005 5488 2167 5545 Petro
2207 5504 2271 5543 ac
2307 5488 2406 5544 toti
2446 5489 2708 5545 ecclesiae
2745 5488 2903 5544 valde
2940 5486 3195 5558 peccasse
3231 5486 3291 5540 in

1709 5560 1970 5630 pastorali
1999 5575 2130 5614 cura
2155 5574 2277 5629 quae
2301 5559 2351 5613 ei
2382 5558 2452 5613 ad
2482 5560 2780 5628 regendum
2816 5568 2934 5613 erat
2972 5558 3287 5630 commissa,

1706 5627 1970 5687 suadente
2018 5627 2236 5685 diabolo
2285 5639 2474 5684 contra
2528 5631 2827 5684 humanum
2874 5644 3046 5698 genus
3097 5627 3285 5681 odium

1708 5712 1761 5756 et
1817 5702 1955 5755 iram
2008 5700 2289 5763 incitasse,
2347 5699 2539 5755 Postea
2589 5715 2723 5767 vero
2783 5698 3109 5755 sententiam
3138 5712 3287 5767 _qu;e

1706 5772 1763 5829 in
1794 5772 1979 5829 orbem
2014 5781 2277 5828 terrarum
2303 5770 2475 5828 eﬁusa
2518 5765 2621 5838 est,
2669 5785 2768 5842 pro
2802 5776 3095 5841 augmento
3123 5765 3285 5821 Clit-i-
