3878 6310
577 349 683 405 547

1569 345 1871 406 HUGONIS
1905 344 2197 403 ABBATIS
2236 343 2800 402 FLAVINIACENSIS

3716 350 3799 407 348

578 462 918 530 confoveret;
963 478 1062 534 pro
1101 460 1327 528 animm}
1351 468 1528 517 tamen
1567 462 1686 534 ejus
1724 463 2064 520 absolutione
2104 470 2159 518 et
2183 462 2235 527 Α
2260 476 2404 517 anno
2432 458 2547 516 Odo
2570 460 2836 517 Ostiensis
2859 458 3147 532 episcopus
3178 460 3232 515 in
3266 476 3462 532 papam
3489 474 3797 523 consecratus

579 553 768 625 requie
789 553 1329 609 consuetudinarium
1353 567 1583 623 pensum
1614 553 2021 624 promptissima
2063 568 2156 608 vo-
2254 561 2359 620 est,
2388 560 2443 609 et
2477 552 2728 609 Urbanus
2758 552 2937 608 dictus
2965 561 3049 608 est
3073 551 3256 624 (4088,
3290 552 3452 609 Mart.
3496 554 3605 624 η).

580 645 790 701 luntate
827 647 1204 716 persolverunt
1230 644 1285 698 in
1315 642 1506 699 ciliciis
1533 652 1587 700 et
1619 644 1982 700 celebratione
2016 643 2152 699 mis-

582 755 771 795 sarum
818 746 873 794 et
915 737 1198 808 largitione
1244 732 1686 791 elemosinarum.
1736 734 1963 807 Vigebat
2006 734 2154 791 enim

578 830 751 885 virtus
791 828 1035 884 caritatis
1074 827 1128 881 in
1168 835 1320 897 patre
1359 836 1549 883 nostro
1587 827 1781 882 abbate
1819 824 2152 894 Divionensi,

579 938 700 992 quae
722 929 870 976 tanta
900 928 1036 985 erat,
1065 927 1127 973 ut
1150 935 1484 991 quamquam
1516 934 1581 974 eo
1611 934 1756 973 anno
1786 919 1987 990 ubique
2012 927 2153 973 tem—

579 1013 804 1083 pestatis
826 1010 1080 1066 violentia
1111 1019 1339 1065 maturae
1363 1018 1575 1081 segetes
1614 1010 1668 1065 in
1704 1010 1868 1081 spicis
1890 1020 1944 1065 et
1966 1010 2154 1065 vinum

583 1105 637 1159 in
668 1103 921 1170 racemis,
967 1102 1152 1157 omnia
1191 1110 1465 1173 prostrata
1509 1111 1563 1157 et
1599 1118 1825 1173 prorsus
1865 1102 2156 1173 dampnata

577 1203 780 1262 essent,
802 1193 974 1249 nichil
998 1203 1181 1248 tamen
1205 1193 1388 1247 minus
1410 1192 1562 1247 fieret
1586 1192 1642 1247 in
1666 1192 1954 1250 refectorio
1976 1203 2031 1249 et
2049 1194 2159 1250 ele-

579 1285 810 1352 mosina,
853 1301 980 1339 cum
1022 1283 1220 1339 fratres
1259 1284 1634 1339 centenarium
1680 1283 1795 1339 fere
1841 1286 2162 1341 excederent

582 1392 898 1441 numerum,
932 1385 987 1430 et
1009 1376 1097 1431 his
1139 1375 1233 1446 qui
1265 1376 1331 1431 de
1372 1384 1514 1430 terra
1557 1375 1722 1432 fertili
1761 1385 1815 1431 et
1841 1377 2158 1447 plenissima
2202 1402 2207 1407 ι

579 1477 860 1534 venerant,
885 1477 938 1522 et
972 1467 1141 1522 nichil
1173 1468 1356 1523 minus
1398 1464 1660 1524 noverant
1687 1484 1851 1539 quam
1874 1469 2157 1539 penuriam

544 1568 549 1575 ‘
584 1560 717 1628 pati,
759 1557 1228 1613 abundantissime
1262 1559 1315 1612 in
1362 1559 1617 1616 omnibus
1651 1560 2074 1626 ministraretur,
2106 1571 2163 1616 et

581 1658 671 1704 tua
700 1649 874 1718 pietas
896 1650 1077 1704 omnia
1102 1650 1405 1721 supplebat,
1429 1651 1648 1707 domine
1672 1650 1821 1707 Jesu.
1854 1651 1919 1706 Et
1939 1652 2158 1723 quidem

581 1740 743 1804 iuste.
769 1739 1004 1795 Habenti
1026 1742 1172 1796 enim
1197 1743 1499 1811 caritatem,
1525 1743 1743 1798 dabitur
1763 1755 1817 1800 et
1840 1744 2155 1801 abundabit.

582 1832 715 1896 Quae
743 1841 923 1887 autem
954 1833 1128 1903 major
1172 1834 1345 1904 potuit
1388 1850 1510 1891 esse
1536 1835 1763 1904 karitas,
1795 1852 1958 1906 quam
1983 1838 2161 1894 virum
2195 1817 2237 1872 Β

585 1936 731 1976 anno
766 1921 978 1995 integro
1021 1940 1051 1980 a
1092 1925 1425 1981 monasterio
1465 1936 1754 1994 semotum,
1796 1928 1922 1985 inde
1955 1930 2023 1985 ad
2061 1946 2161 1986 sua

585 2014 899 2070 redeuntem
927 2017 1109 2070 omnia
1153 2016 1426 2073 invenisse
1449 2017 1679 2075 confusa
1711 2030 1766 2075 et
1801 2016 2028 2090 prorsus
2064 2022 2163 2077 ad-

589 2105 815 2172 nullata,
849 2122 973 2161 cum
1019 2109 1203 2163 omnia
1243 2109 1516 2175 deessent,
1562 2111 1738 2180 panis,
1781 2112 1990 2179 vinum,
2037 2114 2165 2169 sub-

580 2196 804 2263 stantia,
848 2196 918 2251 40
967 2196 1163 2252 fratres
1203 2213 1327 2252 cum
1374 2190 1673 2269 gratiarum
1714 2202 1928 2257 actione
1974 2218 2162 2258 susce-

581 2286 757 2357 pisse;
783 2296 838 2341 et
874 2288 967 2357 qui
1004 2288 1120 2343 suis
1160 2289 1310 2343 nullo
1340 2298 1500 2359 pacto
1523 2290 1713 2361 quibat
1744 2291 1799 2346 in
1844 2294 2166 2349 necessariis

585 2376 853 2445 sufﬁcere,
887 2378 1033 2433 hunc
1056 2394 1155 2448 pro
1180 2379 1264 2435 his
1293 2395 1432 2451 quos
1463 2396 1573 2435 non
1596 2392 1820 2438 noverat
1839 2375 2166 2441 deducendis

580 2469 649 2524 ad
692 2477 862 2525 terras
910 2478 1198 2525 extraneas
1241 2471 1371 2538 isse,
1415 2482 1470 2527 et
1517 2472 1633 2528 suis
1676 2489 1774 2530 eos
1811 2476 2064 2546 expensis
2099 2477 2166 2532 ad

586 2576 749 2615 suum
779 2563 960 2616 incum
1001 2562 1324 2618 deduxisse?
1348 2561 1458 2619 Hec
1498 2574 1625 2620 sunt
1661 2574 1778 2634 tua,
1816 2565 1967 2635 Jesu,
2009 2568 2170 2624 mira-

582 2651 737 2717 bilia,
768 2652 868 2706 hec
902 2651 968 2707 de
1008 2660 1103 2707 tuo
1135 2651 1284 2708 fonte
1317 2653 1636 2723 procedunt.
1662 2653 1898 2711 Noverat
1923 2657 2013 2712 ille
2040 2666 2168 2715 tuus

585 2738 849 2809 famulus,
874 2750 927 2797 te
954 2743 1066 2797 tuis
1094 2757 1204 2798 non
1238 2742 1446 2812 defore,
1477 2746 1568 2816 qui
1614 2748 1891 2803 consuesti
1932 2747 2082 2805 cibos
2110 2749 2166 2804 in

586 2832 804 2890 deserto
843 2850 1059 2904 parare,
1096 2844 1150 2890 et
1193 2835 1260 2891 de
1300 2838 1492 2907 paucis
1532 2838 1766 2908 panibus
1805 2840 1977 2895 multa
2018 2842 2167 2897 milia

586 2923 877 2979 hominum
922 2925 1151 2980 saciare.
1199 2924 1308 2982 Hec
1346 2928 1511 2987 etiam
1550 2929 1600 2984 ei
1642 2937 1733 2984 tua
1776 2932 2167 3003 omnipotentia

590 3014 908 3084 praevidisti,
934 3015 1028 3085 qui
1053 3023 1107 3070 et
1128 3017 1436 3072 necessaria
1457 3018 1506 3073 ei
1536 3019 1981 3090 subministrasti,
2009 3032 2063 3079 et
2081 3024 2167 3078 in-

589 3121 760 3175 super
780 3114 932 3161 tanta
955 3107 1009 3160 in
1031 3107 1250 3177 praediis
1272 3116 1325 3162 et
1344 3106 1528 3165 fundis
1551 3111 1809 3167 aacclesiaa
1828 3112 2002 3169 eidem
2025 3130 2169 3170 anno

2184 1622 2199 1635 εν

2196 3154 2236 3212 C

2259 642 2263 646 ’
2324 643 2437 702 Nos
2470 645 2636 717 igitur
2676 644 2958 715 loquuturi
2986 644 3053 700 de
3082 644 3235 699 obitu
3269 645 3459 700 domui
3501 644 3794 713 Herimanni,

2255 735 2538 792 videamus
2583 735 2761 807 primo
2808 734 3194 790 revelationem
3242 733 3442 790 factam
3485 735 3556 791 de
3602 738 3797 793 transla-

2259 824 2402 883 tione
2442 828 2688 898 corporis
2716 826 2860 883 beati
2891 824 3206 893 Clementis,
3235 826 3398 897 primi
3429 826 3697 882 Mettensis
3729 844 3797 883 ec-

2257 919 2435 974 clesiae
2461 918 2692 989 apostoli
2717 925 2772 973 et
2797 917 3059 988 episcopi,
3087 926 3141 972 et
3177 917 3244 972 de
3273 917 3424 972 obitu
3465 918 3607 987 ejus.
3656 917 3797 987 Appa-

2257 1008 2370 1064 ruit
2393 1018 2615 1065 sanctus
2643 1007 2896 1063 Clemens
2916 1008 3135 1063 cuidam
3160 1023 3331 1078 puero
3357 1006 3576 1079 Hugoni
3604 1010 3797 1071 nomine.

2257 1098 2561 1153 innocentis
2587 1106 2641 1153 et
2666 1097 2929 1167 simplicis
2951 1097 3097 1165 vitae,
3142 1105 3197 1153 et
3235 1097 3531 1153 ostendens
3570 1098 3620 1152 ei
3648 1099 3698 1151 in
3725 1114 3799 1153 ac-

2259 1189 2425 1247 clesia
2454 1190 2629 1245 sancti
2655 1189 2851 1244 Felicis
2872 1190 3056 1245 locum
3085 1190 3381 1260 sepultura:
3420 1205 3566 1255 suae,
3594 1193 3799 1260 praecepit

2258 1289 2320 1336 ut
2351 1281 2455 1336 iret
2478 1289 2530 1336 et
2557 1282 2761 1337 diceret
2800 1280 3132 1337 Herimanno
3172 1280 3421 1337 Mettensi
3460 1282 3724 1352 episcopo,
3761 1296 3799 1337 ut

2258 1372 2495 1428 elevaret
2536 1372 2661 1428 inde
2701 1388 2827 1428 ossa
2863 1372 3002 1443 ejus.
3034 1372 3351 1444 Adjungens
3377 1373 3547 1429 etiam
3594 1375 3708 1444 quia
3740 1376 3801 1428 die
3858 1374 3859 1449 ς

2258 1463 2420 1519 tertio
2464 1474 2587 1535 post
2635 1463 2834 1519 factam
2883 1463 3267 1519 revelationem
3307 1464 3560 1535 corporis
3609 1466 3683 1519 sui
3720 1466 3802 1534 ipse
3858 1476 3859 1483 ‘

2261 1565 2583 1612 moreretur.
2626 1555 2865 1627 lnjunxit
2901 1557 3065 1612 etiam
3110 1556 3342 1627 puerulo
3392 1566 3455 1612 ut
3499 1566 3718 1612 mutaret
3748 1559 3801 1611 γῆς
3858 1564 3859 1571 ‘

2259 1656 2372 1703 tam
2400 1657 2455 1704 et
2482 1664 2551 1704 ne
2583 1648 2714 1720 quid
2739 1649 2945 1718 puerile
2970 1657 3171 1719 ageret,
3213 1648 3307 1702 sed
3346 1650 3703 1703 monasticam
3733 1666 3801 1719 ap-

2262 1749 2452 1811 petens
2478 1740 2875 1807 indumentum,
2905 1739 3017 1795 Deo
3042 1740 3248 1795 servire
3274 1732 3538 1795 studeret.
3571 1739 3702 1795 Puer
3723 1743 3803 1795 evi-

2263 1830 2438 1902 gilan's
2497 1830 2780 1885 dominum
2842 1830 3336 1900 advocat—patre
3378 1831 3530 1885 enim
3579 1839 3633 1884 et
3674 1840 3803 1884 matre
3858 1836 3859 1881 1

2264 1922 2488 1978 orbatus
2517 1921 2660 1993 apud
2682 1937 2807 1976 eum
2839 1922 2934 1992 qui
2959 1936 3204 1977 sororem
3240 1936 3398 1976 suam
3435 1920 3686 1987 habebat,
3720 1938 3803 1975 mo-
3858 1920 3859 1993 ξ

2264 2014 2519 2079 rahatur,
2555 2023 2700 2069 -—et
2741 2013 2982 2068 venienti
3027 2012 3294 2068 visionem
3337 2013 3569 2069 indicat.
3614 2012 3732 2067 Petit
3765 2024 3803 2065 ut
3858 2012 3859 2049 l

2265 2106 2495 2161 ducatur
2536 2106 2603 2161 ad
2647 2106 2982 2176 episc0pum.
3029 2103 3136 2160 Sed
3180 2104 3436 2161 dominus
3469 2106 3597 2175 ejus
3635 2106 3801 2165 timens,
3858 2103 3859 2169 ξ

2265 2197 2420 2252 duxit
2453 2212 2578 2252 eum
2615 2197 2681 2252 ad
2708 2197 2957 2252 abbatem
2985 2195 3159 2252 sancti
3184 2196 3402 2264 Felicis,
3450 2197 3546 2252 cui
3576 2213 3699 2266 puer
3719 2212 3804 2265 qua
3858 2198 3859 2255 ξ

2266 2291 2475 2346 viderat
2518 2289 2704 2347 refert.
2777 2289 2870 2346 ille
2914 2290 3183 2361 religiosis
3227 2290 3481 2360 personis
3532 2290 3702 2345 omnia
3740 2305 3811 2367 per.

2267 2383 2515 2439 ordinem
2561 2382 2788 2454 pandit,
2841 2382 2967 2438 inde
3017 2382 3134 2453 jam
3180 2397 3372 2438 omnes
3420 2381 3728 2452 episcOpnm
3760 2380 3804 2433 de
3858 2452 3859 2455 η

2266 2475 2626 2531 translatione
2648 2481 2982 2530 ammonent.
3029 2472 3173 2528 Puer
3195 2488 3326 2529 vero
3353 2473 3627 2528 sollicitus
3662 2472 3719 2526 de
3745 2471 3802 2524 in-

2267 2568 2460 2638 plenda
2491 2567 2818 2633 obedientia,
2867 2566 3028 2622 flebat
3057 2566 3278 2636 quidem
3312 2565 3441 2635 quia
3477 2580 3594 2619 non
3620 2579 3804 2635 praesen-
3858 2564 3859 2605 ἒ

2267 2660 2487 2715 tabatur
2528 2661 2803 2730 episcopo.
2851 2658 2933 2713 Illi
2974 2674 3105 2713 vero
3146 2657 3352 2714 Gallico
3397 2657 3702 2712 laborantes
3737 2672 3803 2710 εο-
3858 2657 3859 2709 1

2269 2759 2451 2816 turno,
2517 2751 2698 2805 abbati
2760 2750 2931 2806 sancti
2991 2748 3188 2805 Felicis
3255 2749 3597 2820 inponebant
3654 2748 3803 2803 factam

2269 2841 2674 2909 revelationem,
2721 2841 2880 2912 quasi
2925 2850 2987 2896 ut
3032 2842 3258 2912 majoris
3292 2850 3440 2898 esset
3488 2839 3803 2899 auctoritatis

2271 2934 2489 2990 silentes
2536 2933 2604 2989 de
2651 2948 2840 3003 puero.
2918 2930 3054 3004 (fol.
3111 2932 3269 3003 155')
3330 2932 3641 3003 Requisivit
3681 2932 3803 2986 etiam

2269 3024 2632 3079 monasticum
2661 3023 2930 3089 habitum,
2967 3024 3110 3078 sicut
3137 3022 3188 3078 ei
3222 3022 3536 3093 injunctum
3574 3023 3744 3085 fuerat,
3769 3030 3805 3072 et
3858 3032 3859 3091 γ

2270 3132 2396 3175 cum
2446 3131 2478 3170 a
2521 3114 2845 3185 quibusdam
2876 3114 2932 3168 in
2963 3112 3295 3169 monasterio
3344 3114 3521 3168 sancti
3564 3110 3805 3168 Clementis

591 3196 715 3266 ipso
739 3204 794 3252 et
828 3197 1083 3268 deinceps
1121 3199 1423 3268 contulisti,
1465 3208 1527 3255 ut
1552 3201 1858 3272 duplicatus
1895 3205 2170 3262 videretur
2198 3196 2236 3212 ν
2264 3210 2602 3281 judicaretur
2626 3208 2754 3278 poni
2787 3208 3003 3274 debere,
3033 3223 3133 3263 sua
3161 3207 3335 3277 ipsius
3378 3208 3674 3271 voluntate,
3710 3204 3803 3276 quia

590 3306 791 3348 census
819 3293 1099 3361 aecclesiae,
1134 3303 1187 3348 et
1215 3294 1435 3365 insuper
1460 3304 1514 3351 te
1545 3296 1801 3365 donante,
1831 3298 2168 3356 benedictio-

588 3397 715 3438 nem
736 3383 1035 3459 hereditate
1055 3385 1374 3455 possidebit,
1413 3386 1547 3458 quia
1576 3387 1630 3442 in
1662 3389 1877 3447 modico
1916 3391 2169 3449 inventus

588 3482 676 3530 est
694 3475 889 3531 fidelis.

662 3564 819 3620 Anno
849 3565 1014 3636 igitur
1055 3567 1321 3638 sequenti,
1351 3569 1773 3640 persequutione
1801 3571 2040 3631 Heinrici
2083 3583 2169 3649 ty-

590 3654 751 3709 ranni
783 3652 1147 3711 Herimannus
1178 3656 1383 3713 Mettim
1412 3658 1563 3725 exiit,
1602 3668 1655 3715 et
1687 3663 1868 3718 sedem
1900 3665 2172 3722 cathedrae

591 3747 713 3818 ejus
754 3746 915 3802 Walo
955 3748 1124 3805 abbas
1168 3750 1343 3805 sancti
1388 3750 1600 3807 Arnulfi
1644 3752 1827 3810 illicite
1868 3750 2166 3827 usurpavit.

592 3838 787 3897 Actum
830 3848 915 3894 est
953 3839 1063 3895 illic
1102 3839 1243 3894 miro
1280 3838 1374 3896 Dei
1409 3841 1637 3910 judicio,
1682 3852 1741 3899 ut
1767 3860 1891 3901 cum
1933 3857 2000 3902 ad
2041 3864 2169 3904 exe-

590 3929 890 3985 crationem
919 3930 1039 4001 ejus
1067 3930 1266 3986 erisma
1300 3941 1638 4001 quereretur,
1685 3943 1740 3990 et
1778 3937 2001 3992 allatum
2027 3947 2172 3994 esset

591 4020 793 4076 erisma
822 4022 890 4077 ab
920 4020 1251 4077 Herimanno
1281 4022 1612 4092 confectum,
1640 4026 1926 4100 episcopus
1970 4027 2169 4086 Virdu-

592 4110 780 4166 nensis
802 4110 1149 4181 reprobatum
1171 4112 1372 4168 erisma
1399 4114 1541 4184 quod
1568 4124 1814 4172 sanctum
1838 4126 1975 4187 erat,
2000 4120 2169 4190 proji-

482 4266 503 4277 α
591 4210 757 4265 ceret,
802 4211 858 4257 et
896 4203 1060 4258 allato
1093 4218 1225 4270 suo,
1275 4203 1421 4275 quod
1468 4204 1583 4274 ipse
1623 4215 1813 4263 contra
1856 4209 1950 4280 jus
1991 4218 2046 4265 et
2087 4209 2171 4267 fas

588 4303 920 4363 sacraverat,
952 4294 1078 4351 inde
1102 4295 1385 4365 perficeret
1412 4294 1658 4354 Walonis
1686 4301 2070 4368 sacrationem,
2103 4318 2172 4358 ne

589 4394 1019 4452 benedictionem
1071 4396 1241 4467 patris
1292 4395 1438 4451 filius
1496 4395 1783 4466 impudens
1846 4401 2166 4449 mereretur.

2269 3302 2408 3357 duos
2452 3301 2648 3356 fratres
2683 3300 2738 3354 in
2766 3300 3099 3355 monasterio
3137 3300 3312 3355 sancti
3356 3297 3541 3355 Vitoni
3571 3298 3803 3359 habuerat,
3858 3297 3859 3357 ξ

2270 3393 2365 3462 qui
2406 3392 2520 3463 jam
2568 3391 2753 3448 seculo
2801 3398 3187 3455 excesserant,
3245 3389 3375 3444 illuc
3424 3388 3624 3443 ductus
3664 3394 3736 3441 est
3767 3392 3804 3437 et

2271 3495 2573 3554 susceptus.
2603 3482 2703 3538 Det
2729 3481 2804 3536 illi
2831 3481 3095 3536 Dominus
3120 3480 3287 3535 vitam
3313 3480 3370 3534 in
3398 3479 3551 3535 omni
3574 3478 3804 3535 sanctitate

2269 3583 2323 3631 et
2343 3573 2602 3646 religione
2628 3570 2923 3643 perfectam
2948 3571 3160 3625 meritis
3185 3579 3241 3625 et
3261 3569 3652 3625 intercessione
3674 3564 3802 3621 sandi

2270 3664 2583 3731 Clementis,
2630 3672 2691 3719 ut
2732 3663 2914 3719 videat
2944 3662 3089 3718 bona
3132 3660 3349 3718 Domini
3389 3662 3445 3716 in
3485 3670 3629 3717 terra
3663 3660 3804 3713 viven-

2273 3757 2427 3812 tium.

2343 3847 2549 3917 (1090.)
2603 3845 2772 3919 Igitur
2820 3844 3148 3902 venerabilis
3197 3843 3566 3901 Herimannus
3611 3844 3662 3899 in
3706 3840 3803 3897 urbe

2273 3955 2371 3994 sua
2405 3947 2710 4009 susceptus,
2751 3937 2807 3992 in
2848 3936 3263 4008 quadragesima
3298 3936 3566 3991 infirmari
3596 3935 3735 4005 cepit,
3765 3938 3801 3984 et

2273 4038 2453 4086 tamen
2484 4031 2552 4085 ab
2580 4028 2871 4100 episc0pali
2904 4027 3078 4083 officio
3109 4026 3292 4083 multis
3330 4026 3690 4082 infirmitatem
3716 4023 3802 4093 ejus

2272 4121 2686 4188 admirantibus,
2715 4136 2825 4175 non
2850 4118 3076 4175 destitit.
3108 4117 3176 4172 Et
3200 4119 3327 4188 quia
3360 4118 3549 4172 multis
3571 4118 3677 4188 jam
3699 4128 3798 4184 pre.
3858 4117 3859 4188 ξ

2271 4214 2588 4270 cedentibus
2634 4213 2791 4269 annis
2837 4227 2869 4267 a
2915 4210 3242 4282 quibusdam
3290 4210 3564 4281 religiosis
3602 4205 3801 4280 personis
3858 4210 3859 4267 ἢ

2271 4305 2604 4360 ammonitus
2634 4303 2812 4359 fuerat
2853 4303 2919 4359 de
2954 4302 3309 4363 translatione
3350 4302 3496 4357 beati
3533 4298 3801 4357 Clementis,
3858 4298 3859 4363 ξ

2272 4396 2424 4452 urbis
2454 4394 2639 4451 Romae
2666 4394 2899 4466 patricii,
2928 4403 3118 4464 postea
3142 4393 3396 4463 discipuli
3433 4401 3489 4448 et
3522 4391 3673 4463 legati
3696 4386 3801 4444 beati
3858 4386 3859 4449 ἲ

591 4484 750 4540 Walo
784 4495 991 4555 tamen,
1022 4487 1149 4557 quia
1183 4487 1353 4558 patris
1390 4485 1569 4543 cubile
1604 4486 1867 4550 ascendit,
1897 4484 2169 4556 publicam
2203 4488 2247 4543 D
2271 4487 2437 4555 Petri,
2464 4488 2557 4558 qui
2584 4487 2654 4542 ab
2682 4487 2873 4542 eodem
2898 4484 3101 4541 missus
3129 4485 3340 4555 primus
3365 4483 3640 4539 Mettensis
3658 4479 3793 4537 acie
3858 4476 3859 4553 ᾗ

588 4575 940 4644 penitentiam
981 4576 1108 4647 egit.
1148 4576 1432 4635 Heinricus
1470 4578 1526 4632 in
1564 4578 1687 4634 loco
1713 4580 1833 4650 ejus
1858 4578 2169 4635 Brunonem

589 4665 881 4739 quemdam
912 4667 1556 4738 exepiscopumcreavit,
1585 4670 1680 4741 qui
1707 4678 1894 4740 postea
1934 4672 2003 4727 ab
2035 4671 2171 4727 urbe

584 4774 714 4814 cum
743 4757 1005 4813 dedecore
1037 4767 1092 4814 et
1117 4759 1411 4831 ignominia
1440 4761 1632 4832 pulsus
1671 4770 1772 4839 est,
1814 4771 1868 4817 et
1903 4763 1982 4820 sic
2013 4762 2170 4819 Heri-

590 4864 824 4905 mannus
853 4857 979 4920 post
1005 4850 1173 4905 multa
1203 4851 1405 4909 laboris
1433 4861 1487 4908 et
1510 4853 1612 4909 via:
1638 4853 1876 4923 pericula
1902 4870 1933 4908 a
1959 4855 2073 4910 suis
2103 4855 2170 4910 de

592 4939 989 5010 Langobardia,
1017 4957 1129 5011 quo
1168 4956 1291 4998 cum
1339 4943 1598 4999 Mathilde
1633 4946 1970 5011 morabatur,
2008 4960 2169 5001 revo-

589 5036 768 5093 catus,
811 5030 845 5084 4
871 5045 1018 5085 anno
1045 5033 1370 5102 egressionis
1392 5050 1506 5091 sua:
1532 5034 1715 5090 Mettis
1746 5036 2006 5105 recipitur
2045 5051 2169 5091 cum

590 5119 838 5178 omnium
866 5120 1169 5190 affectione,
1194 5138 1337 5181 anno
1364 5126 1433 5181 ab
1453 5125 1560 5181 inc.
1589 5124 1748 5181 Dom.
1783 5126 1937 5182 l089.
1967 5125 2171 5183 Eodem

590 5250 884 5327 stianitatis
909 5251 1118 5327 cepisse
1138 5254 1367 5311 dicebat.
1410 5255 1579 5327 Tunc
1606 5257 1825 5312 demum
1854 5257 2003 5313 misit
2030 5272 2170 5327 pra:-

529 5382 545 5398 r
590 5323 796 5377 dictum
846 5323 1214 5398 confessorem
1243 5343 1401 5382 suum
1449 5326 1952 5398 adﬂimperatorem
2006 5323 2060 5382 et
2102 5328 2169 5383 ad

531 5394 541 5446 ξ
576 5402 763 5468 totam
794 5394 1117 5468 :ecelesiam,
1146 5404 1205 5468 ut
1230 5406 1476 5468 optarent
1500 5397 1573 5451 illi
1602 5394 2014 5468 indulgentiam,
2040 5399 2168 5467 quia

591 5464 755 5519 finem
798 5466 923 5520 vita:
955 5481 1068 5521 sua:
1093 5464 1404 5535 aspiciebat,
1441 5477 1496 5523 et
1531 5476 1643 5523 tam
1687 5464 1797 5522 cito
1823 5464 2082 5524 induebat
2111 5483 2170 5523 se

590 5535 893 5606 angelicam
933 5546 1158 5601 vestem,
1208 5544 1263 5592 et
1307 5539 1513 5594 dimisit
1553 5554 1619 5594 ac
1662 5538 1912 5595 dissolvit
1951 5539 2168 5594 vincula

593 5606 1213 5679 hannorum‘omnium
1270 5624 1506 5679 suorum,
1555 5609 1868 5679 imperatori
1917 5617 1973 5664 et
2016 5608 2167 5663 omni

593 5678 793 5748 populo
820 5677 1135 5745 christiano,
1164 5678 1303 5733 vivis
1335 5688 1389 5734 et
1416 5677 1709 5748 defunctis,
1734 5680 1945 5736 clericis
1972 5695 2037 5735 ac
2066 5679 2166 5734 lai-

591 5747 692 5816 οἰδ,
738 5757 790 5802 et
831 5749 995 5821 jussit
1045 5766 1175 5808 suos
1223 5750 1369 5807 abire
1415 5751 1481 5808 de
1526 5747 1700 5807 domo
1732 5750 2067 5817 Theoderici,
2117 5758 2171 5806 et

2273 4581 2369 4636 sim
2393 4580 2670 4651 apostolus
2698 4587 2751 4634 et
2775 4577 3065 4648 episcopus
3093 4577 3288 4643 extitit,
3324 4575 3647 4647 quibusdam
3676 4571 3798 4627 etiam
3858 4572 3859 4575 “

2271 4672 2640 4728 asserentibus
2668 4685 2763 4751 per
2784 4670 3172 4726 revelationem
3202 4669 3336 4725 satis
3364 4665 3701 4738 probabilem,
3726 4662 3799 4714 hoc

2270 4777 2391 4817 esse
2420 4769 2756 4817 reservatum
2786 4776 2817 4815 a
2850 4758 2962 4814 Deo
2985 4758 3299 4829 inplendum
3322 4757 3519 4813 diebus
3541 4756 3672 4826 ejus,
3704 4764 3797 4805 ora-
3858 4756 3859 4791 ἰ

2269 4853 2447 4908 tiones
2479 4859 2536 4907 et
2556 4852 2845 4923 jejunium,
2893 4860 2953 4906 ut
2994 4860 3111 4906 erat
3147 4850 3290 4920 pius,
3335 4850 3423 4920 pie
3465 4846 3730 4907 ordinavit,
3763 4850 3800 4893 et

2268 4953 2390 5015 post
2420 4944 2622 5014 pascha
2661 4943 3072 4999 translationem
3111 4941 3355 5007 distulit,
3390 4949 3446 4996 et
3485 4941 3622 4995 diem
3662 4936 3798 4990 deter-
3858 4946 3859 5015 ξ

2269 5036 2515 5092 minavit.
2559 5035 2740 5090 Abbas
2781 5042 2962 5089 autem
3008 5034 3180 5089 sancti
3226 5032 3422 5088 Felicis
3466 5029 3797 5086 rcvelationem

2269 5130 2373 5187 sibi
2414 5146 2444 5185 a
2485 5143 2656 5199 puero
2685 5127 2910 5182 relatam
2945 5126 3144 5197 partim
3186 5125 3419 5195 aperuit,
3448 5122 3635 5193 partim
3670 5115 3797 5174 dissi-
3858 5180 3859 5183 η

2270 5264 2477 5345 amicos
2502 5259 2742 5317 lleinrici
2769 5259 3082 5315 ascendere.
3131 5257 3291 5313 Teste
3318 5254 3624 5328 Mogontino
3658 5245 3795 5304 arcin-

2274 5348 2729 5457 cplligrggtionem
2759 5401 2814 5454 in
2843 5399 3020 5454 codice
3050 5396 3432 5453 Caluinam-nsi
3466 5394 3592 5465 (non
3619 5386 3796 5441 Ludr

2276 5474 2423 5515 mmi
2489 5480 2547 5515 ut
2585 5471 2722 5515 mnln
2762 5468 3044 5515 scribiturl
3092 5468 3297 5515 obuiam
3340 5482 3497 5515 supra
3531 5458 3628 5515 SS.
3671 5468 3704 5510 ι.
3753 5450 3795 5511 νο
3858 5476 3859 5485 ‘

2276 5474 2445 5539 mansi,
2489 5480 2547 5526 ut
2585 5471 2722 5554 male
2762 5468 3047 5591 scribitur;
3092 5468 3297 5549 obviam
3340 5482 3497 5549 supra
3531 5468 3628 5515 SS.
3671 5468 3704 5510 ι.
3755 5468 3795 5511 V.
3858 5476 3859 5485 η

2275 5561 2395 5615 pag.
2429 5544 2553 5609 565,
2575 5543 2677 5620 μη.
2710 5542 2780 5595 42
2805 5557 2915 5612 sqq.
2947 5540 3015 5593 ha
3045 5554 3123 5620 es.
3157 5537 3243 5591 Ib:
3271 5537 3444 5620 eum.
3470 5523 3795 5620 fﬁ-squRf-k
3858 5564 3859 5579 χ

2274 5598 2994 5740 ἓᾶαξῇνεδδαἾεῃυηιιινίᾷιιιΒ
3036 5609 3121 5665 hic
3168 5626 3201 5665 α
3250 5608 3398 5663 nobis
3444 5598 3690 5669 εκεσὴρη
3723 5598 3793 5646 dc-
3858 5620 3859 5701 ξ

2311 5701 2466 5740 unus.
2671 5696 2674 5700 ’

2311 5701 2466 5740 tmus.
2671 5696 2674 5700 ’
