3878 6310
74 362 152 421 549
1244 353 1610 416 (31180Μοοἲ

1712 385 1765 394 -
1803 353 1932 411 LIB.
1975 355 2033 410 Il.

3191 360 3296 417 350

64 476 271 536 mulavit.
300 474 485 532 Tacuit
505 474 649 532 enim
681 474 828 532 diem
872 474 1056 531 obitus
1081 472 1202 544 ejus
1229 474 1419 528 eadem
1445 485 1603 525 reve—
1634 471 1678 528 Α
1703 479 1885 540 paruit
1908 471 2126 527 cuidam
2156 470 2454 527 venerabili
2482 470 2617 539 viro,
2664 480 2717 527 et
2761 470 2837 526 ait
2866 492 2878 526 :
2912 471 3180 528 Morinum
3215 492 3297 530 me

76 572 234 627 latione
266 568 672 625 determinatam
704 567 794 623 die
824 567 996 623 tercio
1028 575 1155 636 post
1191 562 1603 621 translationem

74 663 271 735 ejusdem
306 660 444 717 beati
485 659 801 717 Clementis.
849 658 909 714 1n
957 674 1093 715 cena
1134 656 1353 713 Domini
1395 664 1603 728 quanto

76 755 228 811 aﬂectu
248 752 535 825 penitentes
566 750 1019 819 reconciliaverit,
1060 764 1227 821 quam
1262 750 1516 805 devotum
1544 763 1605 804 se

77 843 471 901 iuconsecrando
514 843 769 900 crismate
792 841 1084 909 exibuerit,
1133 842 1260 914 quis
1305 841 1441 897 satis
1470 855 1602 895 nar-

78 953 170 994 rare
188 936 365 1008 possit;
394 951 520 992 cum
542 936 718 1008 magis
748 936 974 1007 angelus
1008 949 1174 1006 quam
1205 935 1446 988 humana
1474 948 1603 1003 per-

78 1044 181 1085 sona
222 1028 337 1086 ﬁliis
378 1028 620 1084 ecclesia
664 1028 973 1084 astantibus
1019 1027 1077 1081 in
1127 1027 1246 1096 ipso
1290 1023 1605 1081 refulserit?

78 1118 312 1176 lnlirmitas
333 1119 457 1175 licet
475 1119 657 1191 gravis
683 1119 1003 1192 dignitatem
1038 1119 1223 1173 vultus
1250 1126 1305 1173 et
1327 1117 1440 1173 oris
1467 1131 1602 1171 con-

78 1211 233 1267 stantia
257 1212 443 1268 mentis
470 1211 527 1265 in
555 1211 676 1282 ipso
704 1211 926 1267 turbare
955 1226 1067 1266 non
1094 1209 1289 1281 potuit.
1318 1208 1458 1265 Cum
1484 1223 1605 1263 om-

78 1302 201 1359 nibus
231 1301 533 1373 pradicaret
571 1302 810 1372 publice,
858 1317 970 1357 non
1018 1302 1231 1357 tacebat
1273 1301 1330 1356 in
1378 1299 1603 1357 domino

80 1392 161 1447 Deo
180 1408 267 1447 suo
289 1392 520 1449 conﬁsus
553 1394 620 1449 de
644 1393 885 1451 vitandis
921 1392 1379 1466 Symoniacorum
1412 1400 1468 1448 et
1508 1391 1604 1448 Ni-

79 1484 377 1541 cholaitarum
422 1486 736 1555 sacriﬁciis,
788 1502 1071 1558 exponens
1111 1485 1435 1542 Nicholaum
1481 1485 1604 1542 ideo

79 1578 321 1633 secundum
352 1577 570 1633 beatum
614 1578 985 1651 Augustinum
1029 1580 1099 1634 ab
1138 1579 1401 1649 apostolis
1441 1578 1603 1633 here-

79 1668 206 1724 ticum
241 1669 551 1741 iudicatum,
602 1670 733 1742 quia
779 1671 836 1727 in
885 1671 1077 1727 ordine
1105 1671 1430 1727 diaconatus
1476 1685 1602 1726 eum

79 1777 201 1832 quem
223 1762 359 1832 prius
385 1763 650 1819 habuerat
674 1764 862 1819 uxoris
892 1780 1054 1820 usum
1083 1764 1345 1835 apostolis
1370 1774 1604 1833 arguen-

79 1854 187 1909 tibus
215 1853 465 1910 dimittere
508 1855 706 1912 noluit.
756 1855 815 1922 ln
858 1857 1063 1928 pascha
1107 1856 1379 1912 celebrato
1421 1854 1606 1910 divino

80 1946 228 2014 oliicio,
261 1962 314 2004 se
344 1955 394 2002 et
421 1963 553 2005 oves
591 1948 696 2004 sibi
739 1949 1064 2004 commissas
1098 1954 1442 2003 sacramento
1483 1961 1608 2001 cor-

80 2040 191 2107 poris
206 2048 252 2095 et
271 2041 546 2113 sanguinis
569 2041 663 2096 Dei
686 2041 938 2098 munivit.
971 2040 1175 2096 Eadem
1204 2040 1293 2096 die
1318 2039 1387 2095 ad
1414 2054 1607 2109 vespe-

81 2147 167 2185 ram
194 2134 390 2204 gravius
433 2135 703 2190 infirmari
738 2135 899 2206 cepit.
943 2135 1430 2206 Appropinquante
1477 2147 1608 2189 vero

81 2220 144 2276 die
170 2224 498 2282 determinato
537 2228 608 2282 ad
655 2226 1063 2284 transferendus
1100 2225 1441 2283 venerabiles
1476 2225 1606 2281 reli-

81 2315 215 2383 quias,
247 2316 378 2374 vires
407 2326 600 2375 tenues
628 2317 862 2375 Domino
891 2329 1167 2376 annuente
1192 2318 1420 2391 recepit,
1467 2328 1521 2374 et
1550 2319 1608 2375 in

82 2407 394 2466 transferendo
422 2411 587 2468 beato
612 2411 893 2469 Clemente
922 2411 1041 2468 Kal.
1074 2411 1204 2467 Maii
1231 2428 1358 2468 cum
1390 2427 1607 2469 summa

83 2496 178 2552 deri
204 2500 460 2574 plebisque
496 2504 793 2560 devotione
835 2504 1020 2561 divina
1058 2504 1247 2577 gratia‘
1273 2503 1607 2560 desiderium

82 2587 169 2657 ejus
191 2591 405 2663 inplevit,
446 2604 502 2651 et
548 2604 663 2653 tota
706 2598 862 2665 urbe,
903 2597 1073 2653 immo
1115 2606 1229 2653 tota
1274 2598 1498 2669 regione
1539 2597 1609 2653 ad

84 2683 256 2740 verbum
285 2688 682 2757 pradicationis
716 2690 837 2760 ejus
866 2699 1101 2757 astante,
1144 2699 1200 2746 et
1241 2692 1309 2746 de
1350 2706 1448 2746 ore
1486 2689 1607 2761 ejus

84 2788 174 2830 me
204 2793 431 2848 superna
468 2782 777 2838 dulcedinis
808 2783 1125 2850 distillante,
1155 2782 1414 2840 omnibus
1442 2783 1607 2839 abso-

83 2864 192 2936 lutis,
218 2879 265 2926 et
289 2871 351 2927 ab
378 2875 637 2931 omnibus
672 2876 830 2946 quasi
860 2876 929 2931 ab
958 2876 1079 2947 ipso
1111 2874 1224 2931 Deo
1268 2875 1610 2932 absolutione

82 2960 224 3027 petita,
253 2962 457 3047 tandem
491 2964 552 3019 in
593 2963 821 3020 auribus
853 2965 1103 3020 omnium
1133 2964 1484 3032 desideravit,
1521 2965 1608 3021 di—

82 3066 177 3106 cens
211 3072 224 3108 :
257 3052 446 3127 Sufﬁcit
494 3056 666 3111 mihi!
708 3056 753 3113 0
792 3057 998 3112 utinam
1039 3058 1290 3128 respiciat
1338 3057 1504 3126 Deus,
1557 3068 1609 3113 et

1703 563 1908 629 dicunt,
1936 565 2026 619 sed
2056 565 2191 619 uiuo.
2222 563 2333 621 Hec
2360 564 2651 620 abbatibus
2680 562 3061 631 referentibus,
3091 575 3146 622 et
3173 557 3296 623 aliis

1704 655 1954 726 personis
2001 671 2112 711 non
2161 657 2394 724 levibus,
2442 657 2722 727 cognitum
2772 668 2874 712 est.
2925 656 3073 713 Obiit
3112 668 3296 714 autem

1703 745 1843 802 Non.
1870 746 1996 803 Maii
2039 749 2369 805 venerabilis
2409 750 2638 805 antistes
2672 748 3059 817 llerimannus,
3110 767 3292 817 cruce,

1704 840 1867 895 mitra
1907 850 1963 896 et
2002 841 2166 911 pallio
2204 841 2511 910 decoratus,
2550 851 2604 898 et
2630 830 2733 898 ‘his
2768 844 3014 913 sepultus
3043 844 3297 917 insigniis

1704 931 1763 987 in
1791 933 2023 989 ecclesia
2053 934 2227 989 sancti
2255 933 2402 989 Petri
2437 951 2583 990 anno
2616 935 2685 989 ab
2730 935 2838 990 inc.
2869 935 3027 991 Dom.
3061 936 3220 992 1090.

1777 1023 1961 1095 (1089,
1997 1023 2123 1079 Mai.
2159 1024 2236 1095 7.)
2275 1023 2435 1079 Anno
2466 1025 2741 1095 praeterito
2790 1025 3125 1083 Teodoricus
3167 1025 3294 1082 Vir-

1703 1117 1968 1173 dunensis
1998 1115 2290 1171 defunctus
2319 1123 2437 1171 erat
2469 1117 2502 1170 4
2527 1115 2667 1171 Non.
2718 1115 2844 1183 Mai,
2895 1118 2991 1188 qui
3020 1128 3199 1174 tamen
3236 1119 3292 1174 in

1703 1209 2020 1264 inﬁrmitate
2061 1208 2129 1264 de
2174 1208 2563 1264 communione
2609 1207 2865 1264 Witberti
2896 1206 2955 1265 et
2990 1211 3057 1266 de
3103 1212 3295 1280 expul-

1704 1301 1858 1358 sione
1905 1300 2139 1355 fratrum
2177 1300 2533 1371 penitentiam
2570 1300 2701 1371 egit,
2750 1302 2964 1371 culpam
3009 1301 3294 1372 professus

1703 1394 1816 1461 est;
1860 1392 1985 1464 (fol.
2032 1392 2166 1463 156)
2210 1400 2266 1447 et
2315 1408 2346 1448 a
2394 1392 2633 1462 quodam
2691 1391 2858 1447 fratre
2902 1392 3144 1449 Gerardo
3190 1409 3292 1449 no-

1703 1487 1850 1542 mine
1920 1486 2197 1557 quondam
2263 1485 2532 1541 canonico
2596 1492 2651 1539 et
2718 1484 3102 1539 archidiacono
3166 1483 3294 1538 Vir-

1703 1579 1970 1635 dunensis
2016 1577 2316 1642 acclesia,
2371 1587 2504 1632 tunc
2547 1585 2730 1631 autem
2790 1577 3062 1631 monacho
3116 1577 3295 1631 sancti

1704 1667 1889 1724 Vitoni
1922 1711 1938 1737 ,
1998 1685 2162 1739 quem
2219 1666 2488 1724 Rodulfus
2543 1667 2714 1722 abbas
2777 1667 2870 1737 pia
2931 1667 3297 1723 sollicitudine

1704 1777 1805 1831 pro
1840 1762 1946 1817 hoc
1992 1762 2086 1815 illo
2132 1760 2386 1825 miserat,
2432 1768 2703 1830 praecepto
2747 1759 2993 1830 ejusdem
3043 1758 3295 1825 abbatis,

1705 1853 1802 1924 qui
1838 1860 2162 1923 potestatem
2203 1850 2518 1907 absolvendi
2568 1866 2683 1917 eos,
2738 1851 2834 1922 qui
2879 1852 2948 1907 ab
2981 1866 3300 1907 excommu-

1706 1947 1905 2003 nicatis
1963 1945 2247 2011 redibant,
2307 1945 2377 1999 ab
2428 1944 2722 2014 apostolica
2781 1943 2908 1999 sede
2968 1944 3297 2014 optinuerat,

1707 2039 1993 2095 absolutus
2026 2046 2129 2094 est.
2174 2036 2254 2090 Ex
2316 2046 2449 2091 tunc
2496 2035 2665 2091 abbas
2706 2032 2973 2091 Rodulfus
3019 2050 3145 2090 cum
3189 2033 3301 2089 fra—

1706 2134 1885 2190 tribus
1934 2132 2003 2188 ad
2054 2130 2367 2188 coenobium
2428 2130 2533 2187 sibi
2595 2130 2954 2185 commissum
3013 2136 3302 2183 revocatus

1706 2236 1831 2293 est,
1891 2226 2029 2295 lcum
2106 2231 2232 2294 post
2310 2223 2618 2279 discessum
2689 2222 2810 2293 ejus
2876 2222 3178 2276 intrassent
3245 2221 3300 2274 in

1708 2320 1842 2375 illud
1865 2318 1981 2389 lupi
2006 2318 2077 2350 ⁸¹⁰
2113 2332 2341 2388 rapaces
2381 2316 2504 2371 loco
2534 2332 2645 2371 non
2690 2311 2998 2387 parcentes,
3036 2321 3090 2369 et
3129 2312 3302 2368 Deum

1707 2423 1764 2469 et
1807 2411 2087 2468 hominem
2121 2424 2233 2463 non
2272 2416 2604 2476 reverentes,
2660 2422 2691 2462 a
2738 2406 2952 2477 quibus
2997 2406 3071 2462 ita
3118 2406 3304 2461 omnia

1708 2505 1937 2564 confusa
1960 2511 2091 2561 sunt
2117 2510 2172 2557 et
2194 2501 2490 2568 destructa,
2513 2509 2575 2555 ut
2594 2500 2858 2556 memoria
2884 2497 3227 2555 confusionis
3251 2505 3306 2552 et

1707 2595 2151 2671 pessundationis
2177 2594 2323 2650 illius
2344 2594 2614 2663 hodieque
2637 2591 2936 2648 oblitterari
2973 2606 3083 2646 non
3105 2591 3301 2644 valeat.

1709 2691 1830 2758 Quo
1852 2690 1908 2745 in
1941 2687 2085 2744 facto
2107 2686 2366 2743 admirari
2396 2685 2528 2740 libet
2546 2684 2896 2755 prudentiam
2932 2692 2987 2738 et
3020 2682 3306 2738 caritatem

1708 2783 1880 2855 patris
1910 2780 2088 2837 nostri
2123 2779 2336 2835 abbatis
2363 2776 2733 2845 Divionensis,
2766 2776 2861 2847 qui
2880 2776 3016 2831 tales
3044 2783 3098 2830 et
3121 2760 3307 2831 tantos

1700 2874 1908 2930 fratres
1932 2888 2057 2930 cum
2085 2870 2345 2942 suscepit,
2374 2870 2574 2925 letatus
2615 2878 2722 2936 est,
2767 2884 2891 2925 cum
2916 2867 3127 2923 remisit
3163 2868 3306 2934 loco,

1711 2968 2016 3042 gratulatus
2076 2975 2180 3022 est.
2248 2963 2449 3035 Utique
2503 2962 2652 3019 solus
2708 2944 3048 3032 temporibus
3101 2961 3323 3016 nostris.

1712 3061 1966 3117 inventus
2000 3066 2117 3126 est,
2163 3056 2259 3128 qui
2277 3055 2475 3112 fratres
2504 3071 2644 3126 quos
2690 3064 2932 3124 tempore
2965 3050 3310 3109 necessitatis

80 3143 195 3209 βπίαι
235 3146 422 3204 labores
472 3166 651 3218 meos,
698 3158 753 3230 et
788 3150 1048 3221 suscipiat
1092 3151 1151 3205 in
1193 3167 1318 3221 pace
1359 3150 1608 3221 spiritum
1636 3169 1678 3227 ο
1710 3155 2030 3219 retinuerat,
2079 3150 2231 3222 pacis
2286 3157 2531 3220 tempore
2574 3147 2890 3214 dimitteret,
2928 3162 3031 3201 nec
3079 3146 3305 3200 doleret.

81 3250 210 3291 mm
231 3256 313 3310 per
331 3241 756 3298 intercessionem
793 3244 968 3297 sancti
995 3242 1302 3311 Clementis,
1339 3243 1491 3313 cujus
1518 3259 1608 3298 sa—

80 3332 373 3389 cratissimum
405 3354 598 3409 corpus
635 3337 790 3392 hodie
826 3338 1030 3406 videre,
1075 3337 1314 3409 palpare,
1345 3347 1397 3393 et
1428 3346 1607 3392 trans-

80 3421 181 3491 ferre
204 3431 459 3501 magniﬁco
494 3447 709 3487 munere
743 3430 899 3487 nobis
929 3432 994 3488 de
1034 3431 1163 3487 calo
1199 3432 1458 3487 donatum
1496 3433 1610 3488 est!

82 3511 166 3571 Sub
188 3518 274 3577 hac
298 3538 423 3579 voce
456 3525 699 3596 populus
726 3524 1012 3597 ingemuit,
1048 3534 1103 3581 et
1131 3524 1307 3582 fracto
1335 3525 1611 3599 ﬁnemque

81 3606 274 3668 laborum
300 3614 593 3687 inploranti
622 3618 923 3674 condoluit.
958 3618 1183 3678 Duobus
1211 3618 1405 3675 diebus
1436 3619 1610 3674 inter-

81 3702 337 3765 cedentibus
380 3710 541 3782 quasi
586 3711 848 3783 praesagis
891 3711 1089 3768 vicinis
1132 3711 1423 3778 transitus,
1472 3711 1610 3767 ﬁde-

82 3786 185 3851 libus
209 3800 430 3858 ecclesia
472 3802 591 3858 fieri
629 3802 889 3874 epistolas
918 3802 1103 3874 jussit,
1150 3818 1316 3859 orans
1356 3810 1411 3859 et
1451 3802 1611 3873 adju-

82 3899 175 3942 rans
208 3905 292 3960 per
329 3894 601 3950 viventem
647 3895 704 3949 in
753 3895 938 3950 secula
986 3895 1297 3951 seculorum
1318 3936 1334 3963 ,
1383 3901 1445 3950 ut
1493 3896 1612 3951 sine

81 3976 187 4047 dolo,
213 3984 316 4041 sine
339 3986 689 4043 simulatione
713 3996 1013 4043 tractarent
1038 3988 1325 4059 negocium
1352 3987 1612 4042 acclesia

82 4065 120 4123 iu
140 4072 339 4146 simplici
376 4088 430 4134 et
466 4079 614 4135 nuda
656 4080 908 4147 veritate,
953 4088 1010 4134 et
1056 4079 1315 4134 omnibus
1359 4078 1612 4133 ultimum

82 4163 169 4220 vale
195 4167 333 4239 dixit,
361 4187 485 4228 cum
526 4172 766 4228 mirabili
814 4173 1109 4228 verborum
1140 4179 1195 4227 et
1237 4171 1418 4226 vultus
1452 4169 1608 4226 affec-

81 4257 207 4314 tione.
254 4261 343 4319 Die
389 4266 564 4323 tercio
599 4266 743 4321 circa
790 4266 987 4321 horam
1050 4279 1254 4320 nonam
1303 4264 1613 4335 intelligens

84 4362 203 4406 suum
227 4358 501 4416 transitum
545 4358 854 4427 imminere,
883 4357 1174 4414 convocari
1203 4354 1400 4412 fratres
1422 4356 1611 4427 jussit,

82 4451 120 4495 et
150 4444 268 4503 ﬁlios
303 4458 544 4507 astantes
582 4466 652 4507 ne
687 4452 936 4507 dolerent
976 4465 1110 4506 voce
1153 4457 1209 4505 et
1249 4465 1416 4505 manu
1459 4464 1611 4505 com-

1711 3246 1869 3316 Quod
1894 3245 2040 3302 enim
2071 3259 2167 3299 eos
2189 3241 2449 3312 suscepit,
2477 3249 2532 3296 et
2554 3239 3029 3311 congregationem
3077 3252 3310 3309 congre-

1712 3336 1917 3413 gationi
1951 3335 2200 3403 sociavit,
2232 3335 2452 3407 signum
2482 3331 2588 3388 fuit
2625 3332 2714 3388 cui
2762 3330 3162 3388 contradictum
3204 3336 3309 3392 est,

1711 3430 1847 3486 adeo
1875 3437 1937 3485 ut
1958 3443 2150 3483 omnes
2178 3433 2434 3497 rogarent
2453 3423 2509 3478 in
2539 3423 2746 3477 bonum
2774 3429 3019 3476 monstra
3041 3418 3307 3475 converti.

1709 3519 1849 3576 Nam
1890 3529 1944 3575 et
1971 3517 2349 3574 Cluniacensis
2392 3515 2561 3570 abbas
2594 3513 2831 3568 domnus
2862 3510 3017 3582 Hugo
3050 3526 3177 3566 cum
3226 3510 3311 3564 in-

1710 3611 1997 3683 probasset
2028 3607 2232 3663 factum
2275 3606 2416 3677 ejus,
2450 3605 2638 3660 dicens
2684 3602 3005 3673 inpossibile
3049 3599 3165 3655 fore
3198 3608 3312 3655 tres

1712 3699 2160 3773 congregationes
2215 3697 2449 3752 invicem
2520 3710 2643 3752 esse
2703 3693 3042 3759 concordes,
3100 3690 3207 3746 tale
3261 3691 3313 3745 ei

1712 3794 1861 3850 dedit
1894 3791 2210 3858 concilium,
2239 3790 2367 3846 utsi
2399 3789 2562 3856 vellet
2590 3787 2836 3843 ecclesia
2874 3785 2977 3841 sibi
3007 3782 3315 3840 commissa

1712 3900 1903 3957 pacem
1939 3883 2248 3954 adquirere,
2302 3895 2399 3936 eos
2439 3880 2535 3951 qui
2564 3880 2767 3935 vellent
2816 3876 3077 3933 acclesia
3130 3874 3316 3929 Divio—

1713 3977 1872 4034 nensi
1925 3974 2312 4048 perpetualiter
2368 3972 2714 4028 stabilitatem
2763 3970 2984 4025 firmare
3030 3968 3313 4033 retineret,

1713 4069 1809 4141 qui
1838 4083 1970 4123 vero
1992 4067 2198 4122 nollent
2227 4081 2258 4121 a
2285 4080 2344 4121 se
2378 4064 2607 4119 omnino
2635 4062 2952 4117 dimitteret.
3001 4060 3176 4123 Aliter
3198 4066 3316 4114 tuta

1714 4175 1838 4217 esse
1864 4175 1967 4231 pax
1991 4157 2251 4214 acclesiae
2280 4171 2391 4211 non
2428 4163 2633 4226 posset,
2683 4168 2810 4208 cum
2858 4151 2936 4206 illi
2979 4150 3082 4222 qui
3131 4157 3320 4206 essent

1715 4251 1957 4322 suscepti
1984 4251 2070 4306 vel
2097 4248 2289 4304 nutriti
2332 4248 2388 4302 in
2428 4246 2696 4313 acclesia,
2731 4244 3088 4301 dissentirent
3110 4242 3180 4297 ab
3210 4241 3318 4297 illis

1715 4347 1811 4418 qui
1836 4343 2039 4414 suscipi
2067 4341 2398 4414 refugerent,
2436 4338 2584 4410 quod
2612 4336 2864 4408 religioni
2899 4334 3314 4391 adversabatur.

1718 4442 1997 4496 Attestans
2038 4452 2097 4493 se
2144 4435 2199 4492 id
2248 4432 2544 4499 facturum,
2599 4429 2648 4486 si
2693 4429 2889 4486 similis
2926 4428 2979 4482 ei
3016 4425 3319 4482 necessitas

82 4539 261 4601 peseuit.
290 4542 332 4597 A
355 4545 557 4615 quibus
601 4560 727 4601 cum
770 4544 1219 4615 interrogaretur,
1256 4542 1347 4599 cui
1375 4558 1473 4598 eos
1514 4542 1612 4597 de-
1647 4519 1691 4574 Ῑ)
1717 4516 2078 4590 incumberet.
2102 4528 2226 4586 Hoc
2250 4528 2365 4600 ipse
2388 4527 2458 4583 ab
2486 4527 2607 4597 ejus
2632 4540 2728 4582 ore
2758 4522 2960 4590 audivi,
2989 4537 3113 4578 cum
3137 4534 3316 4575 essem

85 4616 243 4688 solatus
268 4636 612 4708 relinqueret,
644 4637 775 4708 quid
804 4637 886 4693 eis
914 4636 1233 4707 praciperet
1256 4654 1269 4690 :
1296 4634 1617 4692 Commendo

83 4732 163 4787 τοι,
194 4725 274 4792 ait,
315 4727 456 4796 Deo;
484 4739 626 4785 state
657 4730 713 4784 in
753 4729 859 4800 ﬁde
903 4738 955 4783 et
992 4728 1241 4782 doctrina
1271 4728 1411 4783 beati
1443 4726 1617 4795 Petri,

84 4814 184 4870 sicut
212 4837 241 4873 a
267 4823 645 4881 successoribus
688 4823 803 4894 ejus
844 4830 894 4877 et
933 4821 1143 4876 vidistis
1181 4829 1232 4875 et
1271 4820 1520 4873 audistis.
1554 4817 1622 4894 Et

85 4917 178 4972 post
199 4912 288 4969 hec
310 4930 495 4974 omnes
534 4916 882 4982 benedicens,
932 4914 1089 4986 signo
1129 4913 1313 4969 crucis
1347 4929 1406 4968 se
1434 4888 1619 4967 muni-

85 5006 156 5071 vit,
191 5016 238 5062 et
262 5009 502 5067 invocata
544 5018 734 5066 sancta
765 4990 1053 5074 Trinitate,
1085 5016 1290 5063 sancta
1336 5004 1518 5060 Maria
1560 5020 1618 5061 se

87 5101 439 5167 commendans,
471 5115 762 5157 commune
794 5098 1163 5171 patrocinium
1187 5105 1504 5153 sanctorum
1536 5095 1620 5150 in-

87 5189 281 5259 plorans,
308 5194 476 5250 oculis
505 5200 559 5249 et
587 5192 843 5248 manibus
870 5192 926 5246 in
959 5191 1160 5247 calum
1203 5188 1449 5255 elevatis,
1500 5187 1621 5243 sine

89 5280 170 5334 ullo
194 5288 399 5357 strepitu
437 5288 588 5343 vocis
627 5296 681 5341 et
721 5293 872 5341 motu
905 5283 1172 5354 corporis,
1219 5281 1379 5352 quasi
1415 5279 1620 5335 obdor-

87 5372 223 5432 miens
246 5380 485 5449 spiritum
511 5379 711 5436 emisit.
734 5376 1001 5449 Sequenti
1027 5383 1186 5431 nocte
1229 5372 1484 5444 apparuit
1503 5372 1622 5428 cni—

88 5459 183 5519 dam
212 5469 391 5528 dilecto
419 5489 539 5541 suo,
581 5487 747 5543 quem
795 5471 851 5525 in
894 5470 1068 5524 filium
1106 5450 1481 5538 adoptaverat,
1530 5463 1627 5534 qui

89 5568 183 5611 cuIll
210 5565 389 5631 psalmi
424 5573 798 5631 cantarentur,
830 5578 943 5635 pra
988 5562 1206 5618 tristitia
1237 5558 1626 5624 obdormierat,

90 5654 130 5699 tt
150 5651 210 5706 ait
235 5654 304 5710 illi
327 5677 339 5711 :
366 5658 494 5713 Noli
523 5668 718 5715 mestus
752 5674 884 5724 esse,
919 5656 1098 5717 saluus
1125 5672 1262 5711 sum.
1294 5653 1497 5709 lterum
1528 5667 1627 5720 ap-

1719 4643 1848 4684 cum
1890 4626 2082 4683 eodem
2110 4633 2265 4697 patre
2312 4630 2502 4677 nostro
2537 4618 2806 4675 Cluniaci.
2852 4615 2974 4673 Jam
3032 4614 3181 4670 enim
3231 4627 3320 4668 me

1720 4734 1910 4775 secum
1963 4717 2217 4783 ducebat,
2256 4722 2319 4769 ut
2366 4712 2607 4768 viderem
2638 4725 2761 4781 qua
2793 4708 2941 4763 circa
2977 4721 3104 4762 eum
3139 4713 3316 4771 erant,

1722 4822 1777 4869 et
1819 4809 2139 4883 perfectioni
2186 4822 2411 4877 operam
2445 4805 2665 4871 darem;
2699 4818 2826 4860 cum
2871 4800 3007 4873 ipse,
3040 4798 3320 4854 humiliter

1724 4902 2026 4975 requisitos
2061 4916 2091 4955 a
2121 4914 2210 4955 me
2243 4912 2417 4969 quare
2467 4905 2620 4952 tanto
2653 4903 2899 4965 tempore
2930 4889 3198 4947 voluntati
3231 4902 3320 4942 me

1724 4996 1962 5069 prepria
2014 4992 2336 5056 dimisisset,
2384 4988 2627 5043 breviter
2675 4983 3002 5056 respondit:
3070 4979 3318 5034 Volebam

1724 5088 2000 5161 inquiens,
2026 5086 2163 5140 scire
2186 5085 2234 5139 si
2259 5091 2401 5138 terra
2429 5089 2523 5135 tua
2557 5094 2732 5133 semen
2764 5077 2904 5130 uerbi
2937 5073 3245 5143 susciperet,
3270 5069 3319 5124 si

1725 5189 1968 5252 suscepto
1995 5179 2192 5235 semine
2219 5176 2453 5247 fructum
2486 5172 2704 5243 faceret,
2736 5186 2799 5224 ne
2821 5169 3089 5223 incassum
3117 5180 3320 5224 semen-

1727 5284 1833 5330 tem
1845 5274 2130 5344 jactarem,
2163 5285 2227 5323 ne
2254 5267 2406 5322 labor
2424 5274 2472 5320 et
2496 5265 2714 5334 inpensa
2733 5262 2945 5333 periret.
2970 5256 3183 5326 Quibus
3199 5255 3323 5326 ejus

1725 5366 1908 5424 verbis
1939 5380 2008 5421 ex
2035 5361 2324 5419 devotione
2353 5358 2629 5422 affectum,
2656 5370 2723 5410 ex
2762 5353 2954 5408 affectu
2978 5349 3321 5406 devotionem

1727 5463 2010 5534 colligens,
2036 5458 2156 5525 tibi,
2186 5453 2425 5519 Christe,
2449 5450 2656 5523 gratias
2678 5447 2924 5519 agebam,
2959 5451 3014 5499 et
3040 5452 3101 5499 ut
3130 5440 3324 5497 fructi-

1729 5555 1921 5611 ficaret
1957 5554 2013 5606 in
2047 5565 2135 5606 me
2168 5547 2345 5620 gratia
2377 5555 2488 5613 tua;
2533 5553 2593 5598 ut
2630 5542 2893 5598 letaretur
2922 5538 2975 5592 in
3000 5544 3051 5592 te
3072 5536 3139 5591 de
3165 5534 3322 5589 nobis

1730 5646 1905 5702 multo
1947 5642 2141 5698 aﬂ‘cctu
2196 5637 2441 5705 orabam,
2472 5644 2527 5692 et
2570 5634 2749 5695 adhuc
2798 5631 2854 5690 in
2903 5628 3094 5685 eodem
3126 5640 3323 5689 maneo

1350 5740 1581 5803 VARUE
1626 5734 2031 5795 LECTlOtVES.

148 5812 204 5843 δι’
234 5820 358 5888 rupi.
379 5837 424 5873 ε.
