3878 6310
584 312 688 369 ῑει

582 424 879 493 desiderio,
912 423 1249 495 supplicans.
1276 431 1338 480 ut
1385 422 1531 479 adsit
1578 423 1740 480 nobis
1787 423 2034 497 dignatio
2062 434 2178 494 tua,

583 532 709 589 qua:
743 532 845 573 nos
871 517 1068 589 dignos
1106 515 1272 573 faciat
1317 516 1702 588 propitiatione
1745 526 1877 575 tua:
1914 519 2177 590 quatinus

584 617 846 680 operante
879 609 936 664 in
978 609 1133 664 nobis
1162 608 1539 665 misericordia
1572 616 1686 678 tua,
1722 610 1888 665 alieni
1928 611 2178 667 invenia-

582 702 979 758 murabomni
1023 702 1325 772 iniquitate,
1381 709 1443 757 ut
1493 703 1690 758 letetnr
1744 711 2008 773 paternus
2056 704 2178 775 ejus

581 791 810 848 affectus
858 792 926 847 de
968 791 1228 847 ﬁliatione
1284 800 1491 848 nostra.
1529 790 1575 848 Ο
1622 792 1803 861 Deus,
1852 803 1908 850 et
1941 810 1975 850 0
2019 796 2178 853 beata

582 893 759 939 mater
814 883 955 953 ejus,
1006 883 1269 954 suscipite
1331 885 1618 941 clamores
1668 886 1852 942 cordis
1906 886 2029 957 ejus
2078 904 2177 957 pro

581 976 764 1042 nobis,
799 984 852 1030 et
889 975 1160 1032 laetiﬁcate
1191 976 1434 1032 animam
1461 977 1584 1047 ejus
1605 977 1672 1033 de
1696 978 1877 1045 nobis,
1914 986 1975 1034 ut
2014 978 2178 1036 simul

578 1066 922 1127 inveniamur
971 1066 1025 1120 in
1074 1075 1225 1123 sorte
1268 1068 1455 1140 gloria:
1494 1068 1733 1123 filiorum
1775 1067 1890 1124 Dei.
1927 1068 2179 1141 Ingratus

575 1158 722 1215 enim
778 1158 921 1229 patri
974 1159 1239 1215 benelicia
1274 1160 1427 1215 danti
1468 1175 1593 1216 esse
1632 1160 1781 1228 nolo,
1817 1176 1919 1216 nec
1951 1162 2177 1218 remotis

574 1249 798 1307 arbitris
831 1266 994 1322 agere
1022 1252 1246 1324 gratias.
1278 1250 1345 1307 Et
1363 1252 1488 1307 licet
1513 1252 1569 1307 iu
1596 1252 2015 1309 adolescentiam
2058 1255 2175 1311 col-

574 1341 685 1396 lata
730 1351 980 1413 pereant,
1024 1344 1156 1414 quia
1185 1344 1301 1414 ipsa
1331 1358 1632 1414 numquam
1663 1352 2046 1414 retractentur,
2075 1361 2177 1419 ego

573 1435 671 1506 qui
700 1436 1031 1492 bwolicium
1066 1436 1252 1492 inveni
1277 1436 1585 1507 impensum
1616 1446 1768 1510 grate
1795 1439 2024 1509 accipio,
2065 1440 2180 1510 pri-

550 1543 724 1603 .mam
770 1528 892 1598 ejus
940 1529 1261 1599 pensionem
1288 1529 1462 1597 solvo,
1486 1530 1632 1599 quod
1657 1539 1808 1602 grate
1829 1531 1896 1585 ad
1922 1546 2024 1587 nos
2048 1546 2176 1602 per-

572 1620 825 1675 venerint
858 1618 1048 1676 ell‘usis
1080 1619 1365 1676 all‘ectibus
1386 1619 1707 1690 judicando,
1761 1629 1816 1675 et
1845 1621 1950 1676 hoc
1974 1621 2178 1691 ubique

577 1712 849 1769 testando.
902 1712 1047 1768 Etsi
1096 1712 1300 1768 referre
1343 1713 1577 1784 gratiam
1625 1728 1736 1769 non
1788 1721 2001 1784 potero,
2040 1713 2177 1769 illud

474 1866 477 1871 ,
576 1812 723 1860 certe
744 1820 852 1859 non
878 1804 1125 1862 desinam
1158 1805 1362 1876 ubique
1395 1805 1665 1873 confiteri,
1697 1821 1785 1861 me
1818 1804 2021 1862 referre
2066 1822 2175 1861 non

684 1910 763 1953 se.

684 1912 763 1953 se.

574 1912 867 2045 p0:‘ratres
904 1987 1070 2060 igitur
1112 1997 1268 2059 pater
1297 1997 1486 2044 noster
1536 1995 1592 2043 et
1636 1988 1881 2060 gaudens
1935 1989 2179 2059 suscepit

574 2081 927 2152 gaudensque
954 2080 1188 2147 remisit,
1226 2081 1357 2151 quia
1391 2080 1703 2152 depositum
1749 2079 1845 2137 Dei
1871 2097 1995 2137 esse
2030 2082 2175 2137 scie~

573 2170 686 2237 bat,
708 2180 764 2228 et
794 2172 917 2227 ideo
946 2171 1003 2226 in
1029 2172 1299 2227 servando
1328 2171 1423 2229 illo
1453 2179 1520 2227 et‘
1544 2171 1873 2226 remittendo
1907 2171 2177 2226 voluntati

575 2261 796 2317 Domini
821 2263 910 2318 sui
936 2263 1111 2319 libens
1138 2263 1382 2333 parebat.
1432 2260 1504 2317 Ut
1539 2262 1688 2317 enim
1722 2262 1800 2316 ait
1828 2263 2018 2317 beatus
2040 2262 2175 2317 Am-

573 2352 796 2409 brosius
829 2354 884 2407 in
924 2353 1068 2409 libro
1104 2354 1172 2408 de
1219 2369 1449 2409 excessu
1486 2353 1675 2408 fratris
1716 2353 1880 2407 nichil
1932 2355 2173 2422 interest,

572 2454 755 2500 utrum
783 2447 995 2516 abjures
1025 2445 1343 2517 depositum,
1380 2459 1451 2500 an
1486 2446 1669 2501 doleas
1701 2447 2025 2501 restitutum.
2056 2444 2176 2502 Non

573 2536 744 2610 igitur
796 2538 974 2594 doluit
1025 2540 1363 2606 restitutum,
1402 2539 1543 2610 quia
1600 2538 1809 2595 sciebat
1843 2538 2172 2607 Dominum;

572 2639 628 2685 et
660 2610 945 2686 voluntati.
958 2612 1105 2686 illius
1128 2620 1401 2686 contraire
1434 2628 1590 2685 nefas
1623 2630 1868 2702 putabat.
1901 2626 2175 2687 Reversus

569 2729 655 2776 est
693 2729 875 2775 autem
916 2720 984 2775 ad
1007 2721 1321 2777 caanobium
1369 2737 1531 2776 suum
1575 2737 1701 2777 cum
1752 2720 2016 2777 fratribus
2058 2722 2175 2779 suis

571 2812 809 2869 domnus
848 2814 1020 2870 abbas
1070 2812 1340 2871 Rodull‘us
1370 2828 1515 2869 anno
1554 2815 1623 2869 ab
1661 2815 1770 2871 inc.
1818 2812 1977 2870 Dom.
2009 2815 2169 2871 1092.

569 2921 699 2961 cum
745 2907 859 2976 jam
913 2908 1159 2989 ecclesiae
1220 2906 1551 2963 Virdunensi
1598 2906 1869 2964 Richerus
1915 2910 2173 2979 praelatus
2226 2964 2231 2965 ,

570 3007 737 3065 esset,
767 3001 823 3053 in
848 3000 1096 3056 tecclesia
1138 3001 1315 3063 sancti
1355 3000 1618 3071 Stephani
1664 3000 1946 3057 Mettensis
1978 3003 2171 3059 decani

570 3088 797 3147 functus
831 3090 1027 3146 cilicio.
1080 3091 1376 3149 Mettenses
1407 3109 1537 3148 vero
1580 3093 1785 3149 domno
1834 3093 2170 3150 llerimanuo

571 3182 801 3250 viduati,
850 3183 1134 3254 elegerunt
1177 3185 1449 3257 quendam
1489 3186 1750 3241 clericum
1792 3184 2170 3244 Trevirensem

571 3272 891 3345 Popponem
930 3276 1169 3345 nomine,
1206 3277 1435 3339 fratrem
1486 3277 1725 3354 lleinrici
1756 3279 1973 3336 comitis
2021 3282 2171 3352 pala-

571 3366 695 3434 tini,
714 3376 767 3423 et
787 3366 995 3438 absque
1024 3368 1174 3440 regio
1199 3368 1344 3424 dono
1369 3369 1482 3425 sola
1507 3370 1772 3426 electione
1795 3380 2174 3443 praeponentes

573 3470 704 3514 eum
726 3457 1005 3526 aeeclesiaa,
1020 3459 1085 3514 de
1099 3461 1756 3517 consecrationetractare
1777 3471 2081 3533 coeperunt.
2107 3462 2173 3517 Et

571 3549 703 3617 quia
735 3547 1079 3605 Trevirensis
1105 3549 1396 3620 episcopus
1434 3549 1877 3623 Wibertistarum
1919 3565 2171 3611 commu-

570 3640 738 3696 nione
794 3641 1202 3697 contaminatus
1254 3650 1412 3710 erat,
1485 3658 1519 3697 a
1568 3643 1773 3697 domno
1821 3640 2171 3712 Lugdunensi

570 3731 985 3803 archiepiscopo
1017 3734 1333 3789 consecrari
1357 3749 1482 3789 eum
1513 3732 1877 3804 expetierunt,
1912 3734 2171 3804 imposito

571 3825 793 3895 negotio
829 3824 933 3879 hoc
955 3825 1264 3880 strenuitati
1301 3808 1490 3880 domui
1543 3825 1757 3880 abbatis
1802 3823 2167 3892 Divionensis,

570 3913 640 3969 de
662 3914 820 3985 cujus
847 3916 1117 3973 industria
1142 3917 1505 3973 confidebant.
1537 3915 1643 3984 Qui
1668 3916 1835 3972 nichil
1857 3926 2167 3987 cunctatus,

546 4007 835 4064 :domnum
882 4008 1301 4082 Lugdunensem
1328 4026 1455 4067 cum
1485 4011 1702 4066 duobus
1741 4010 1859 4066 suis
1899 4010 2169 4082 suifraga-

571 4099 711 4169 neis,
735 4099 1135 4163 Matisconeuse
1156 4102 1362 4158 scilicet
1389 4111 1445 4158 et
1469 4100 1875 4173 Linguonense,
1899 4117 1997 4172 per
2021 4101 2167 4157 bella

568 4218 625 4269 et
652 4211 880 4281 gladios,
908 4230 1035 4272 cum
1057 4217 1241 4283 omnia
1266 4213 1498 4271 mortem
1538 4215 1805 4271 intentare
1832 4215 2165 4281 viderentur,

568 4305 776 4363 Mettim
828 4324 1005 4379 usque
1045 4309 1302 4376 deduxit;
1366 4324 1531 4379 aquo
1584 4319 1638 4363 et
1682 4318 2037 4363 consecratus
2083 4316 2169 4364 est

568 4401 746 4473 prima
789 4401 1094 4457 ebdomada
1134 4401 1571 4472 quadragesimae
1597 4416 1724 4456 cum
1751 4401 1945 4472 gloria,
1991 4407 2047 4455 et
2086 4401 2167 4456 sic

567 4493 807 4550 domnus
834 4492 1218 4565 Lugdunensis
1247 4507 1374 4547 cum
1401 4492 1521 4548 suis
1550 4507 1804 4549 reversus
1829 4502 1915 4548 est
1941 4493 2011 4549 ad
2034 4507 2165 4563 pro-

566 4585 707 4659 pria.
755 4582 1016 4654 Sequenti
1039 4600 1185 4639 anno
1204 4578 1504 4638 ’Ricberius
1527 4582 1596 4615 ⁵²¹
1624 4598 1724 4653 pro
1750 4584 2164 4641 consecratione

567 4694 669 4738 sua
734 4676 1061 4748 Lugdunum
1121 4676 1367 4743 veniens,
1418 4691 1546 4731 cum
1591 4686 1936 4733 sacramento
1990 4692 2050 4733 se
2094 4678 2164 4734 de
2260 4704 2263 4707 -

567 4769 802 4828 simonia
829 4776 1133 4840 purgasset,
1162 4768 1217 4823 in
1242 4769 1330 4824 die
1354 4775 1545 4823 sancto
1570 4768 1783 4838 pascha:
1808 4777 2162 4825 consecratus

565 4870 652 4918 est
696 4864 766 4917 ab
808 4862 1020 4928 eodem,
1052 4846 1410 4934 prasentibus
1457 4860 1728 4932 episcopis
1753 4859 2158 4927 Matiscone‘nsi,

564 4952 938 5021 Cabilonensi,
967 4951 1324 5025 Augustensi,
1362 4950 1626 5017 Tullensi,
1653 4967 1776 5008 cum
1809 4952 1934 5009 liliis
1958 4951 2157 5007 Virdu-

565 5043 755 5100 ncnsis
780 5044 1058 5112 tecclesiaa,
1102 5053 1157 5099 et
1198 5044 1395 5101 litteris
1434 5043 1622 5100 domni
1649 5042 1928 5101 Mettensis
1949 5043 2017 5099 de
2037 5043 2160 5115 ejus

564 5132 828 5189 electione
851 5134 1285 5190 concinentibus.

633 5226 796 5283 Anno
817 5227 887 5283 ab
905 5227 1013 5283 inc.
1041 5226 1197 5285 Dom.
1227 5213 1373 5285 1093
1396 5227 1569 5300 (194),
1592 5225 1885 5285 concilium
1908 5221 2155 5283 habitum

636 5458 705 5491 ⁸⁸⁸
731 5458 810 5514 ita
833 5476 879 5514 ο.

1615 306 1920 366 BUGONIS
1956 306 2250 365 ABBATIS
2287 304 2860 366 FLAVINIACENSIS

3743 320 3817 378 35%

2207 428 2256 486 Α
2278 432 2363 480 est
2385 425 2531 495 apud
2557 424 2768 483 Eduam
2814 426 2886 482 52
2927 425 3312 509 episcoporum
3341 444 3376 486 a
3396 429 3604 490 domno
3650 431 3817 509 [ingene

2278 514 2630 587 Lugdunensi
2656 515 2798 588 (Oct.
2820 518 2933 591 15),
2958 519 3047 575 cui
3068 520 3235 577 etiam
3258 521 3631 580 interfuerunt
3654 524 3816 586 abbate:

2278 607 2669 679 quamplurimi
2694 617 2749 664 et
2773 609 2877 663 viri
2902 610 3163 683 religiosi.

2347 701 2508 756 Anno
2558 700 2628 756 ab
2662 701 2770 756 inc.
2813 700 2972 770 Dom,
3025 703 3184 772 1095,
3235 703 3370 760 feria
3410 705 3466 773 4,
3508 706 3645 762 luna
3678 708 3749 774 95,
3780 710 3816 766 l.

2276 791 2418 850 Non.
2472 793 2698 866 Aprilis,
2745 809 2778 850 a
2828 796 3006 852 noctis
3056 797 3238 852 medio
3281 814 3458 868 usque
3493 799 3566 855 ad
3624 816 3817 857 auroram

2279 888 2449 944 stella:
2468 888 2536 943 de
2557 889 2674 943 celo
2693 889 2888 943 cadere
2901 889 3034 944 visas
3053 898 3202 957 sunt,
3225 898 3280 945 et
3296 892 3488 946 eadem
3508 903 3671 948 nocte
3684 892 3817 965 Guil-

2278 978 2383 1034 dus
2413 978 2592 1057 abbas
2613 976 2774 1032 Silva:
2806 978 3033 1049 majoris
3080 979 3229 1052 (195)
3276 981 3534 1051 migravit
3578 983 3650 1036 ad
3685 981 3819 1037 Domi.

2279 1084 2411 1124 num
2442 1066 2559 1140 (fol.
2590 1066 2753 1139 156’).
2782 1066 2862 1121 Eo
2883 1083 3101 1139 quoque
3121 1067 3210 1124 die
3231 1070 3469 1125 domnus
3495 1069 3818 1142 Lugdunensis

2251 1159 2724 1230 archiepiscopus
2752 1159 2854 1214 iter
2903 1161 3134 1232 arripuit
3181 1162 3249 1217 ad
3304 1160 3576 1217 Sanctum
3618 1162 3818 1219 Iacobum

2280 1251 2459 1325 (196),
2508 1252 2743 1310 honesto
2802 1253 3128 1309 clericorum
3175 1262 3231 1310 et
3269 1254 3557 1326 laycorum
3620 1258 3818 1312 comitatu

2278 1343 2590 1411 decoratus,
2639 1352 2694 1399 et
2746 1342 2891 1414 apud
2941 1343 3197 1399 Anicium
3248 1343 3398 1416 (197)
3452 1345 3639 1400 tribus
3683 1346 3819 1402 diebus
3860 1416 3861 1425 χ

2277 1443 2588 1491 remoratus
2612 1474 2629 1502 ,
2689 1449 2817 1490 cum
2879 1434 3120 1490 maxima
3175 1434 3490 1491 difﬁcultate
3553 1436 3626 1491 ab
3670 1437 3817 1492 eisdem

2279 1525 2504 1582 avulsus
2526 1534 2630 1592 est,
2677 1540 2803 1580 eum
2834 1526 3224 1582 convenissent
3248 1526 3325 1581 ibi
3358 1528 3710 1598 quamplures
3730 1529 3819 1583 reli-

2279 1621 2418 1693 giosi
2447 1621 2516 1676 ad
2540 1620 2885 1677 retinendum
2913 1635 3060 1675 eum.
3108 1619 3269 1675 Venit
3296 1629 3482 1675 autem
3516 1622 3591 1676 ad
3619 1620 3816 1677 Sanctam:
3860 1666 3861 1669 η

2276 1711 2539 1769 Iacobum
2565 1712 2883 1768 imminente
2904 1711 3086 1784 vigilia
3109 1711 3214 1767 diei
3237 1711 3413 1766 sancti
3434 1720 3771 1782 pentecostes,
3786 1726 3821 1766 ct

2209 1781 2253 1836 Β
2280 1806 2335 1860 in
2364 1806 2452 1862 die
2485 1814 2677 1861 sancto
2706 1781 3005 1861 missarum
3033 1804 3358 1874 sollempnia
3403 1781 3473 1858 ad
3505 1803 3679 1858 altare
3698 1805 3817 1858 sancti

2277 1895 2495 1967 publica
2523 1894 2836 1962 celebravit,
2859 1901 3074 1949 astante
3102 1891 3363 1963 episcopo
3392 1900 3449 1947 et
3471 1891 3628 1947 clero
3652 1892 3820 1962 populo-
3860 1906 3861 1939 1

2270 2003 2383 2058 .que
2408 1988 2640 2063 inﬁnito.
2674 1986 2732 2041 In
2763 1986 3066 2042 crastinum
3096 1972 3318 2055 accepta
3354 1999 3388 2038 a
3418 1993 3619 2039 sancto
3641 1985 3817 2048 licentia,
3860 2000 3861 2045 j

2272 2079 2567 2137 destinavit
2588 2078 2657 2134 ad
2682 2094 2781 2135 sua
2812 2066 3010 2145 redire,
3052 2084 3107 2133 et
3135 2077 3282 2132 venit
3316 2075 3653 2148 Lugdunum
3680 2076 3749 2131 die
3781 2077 3817 2129 3.

2276 2181 2404 2228 ante
2458 2172 2755 2227 ueritatem
2807 2172 2981 2226 sancti
3016 2168 3244 2225 Joannis
3276 2168 3557 2239 baptistae,
3611 2170 3697 2224 ubi
3733 2186 3818 2223 cum
3860 2182 3861 2253 ξ

2274 2264 2462 2327 favore
2486 2272 2541 2320 et
2580 2263 2741 2319 laude
2770 2270 2825 2318 et
2845 2262 3046 2335 gaudio
3084 2262 3332 2318 omnium
3383 2272 3693 2332 susceptus,
3718 2278 3810 2315 nun-
3860 2264 3861 2273 ‘

2275 2357 2392 2413 eios
2442 2356 2634 2413 habuit
2663 2371 2815 2427 papae
2854 2353 3060 2410 Urbani
3097 2357 3116 2379 ’⁴
3154 2355 3222 2412 de
3253 2353 3454 2426 Apulia
3489 2355 3743 2410 venientis
3784 2362 3819 2407 et

2274 2451 2345 2505 ad
2371 2449 2605 2505 Galliam
2638 2447 2965 2504 festinantis.

2347 2609 2368 2629 ο
2402 2604 2479 2659 De
2500 2606 2660 2674 gestis
2690 2621 2841 2675 papw
2870 2604 2927 2658 in
2960 2601 3131 2657 Italia
3160 2602 3271 2675 [truc
3299 2601 3459 2675 habet
3486 2602 3655 2658 codex
3689 2601 3816 2675 Ηξξιῖί

2273 2670 2578 2731 Britannici
2608 2670 3092 2729 inter'ﬂarleianos
3114 2674 3274 2744 5014.
3302 2674 3552 2744 signatus
3569 2690 3691 2728 sax.
3715 2670 3817 2726 ΧΗ.

2266 2748 2410 2801 Δηιὸν.
2438 2760 2599 2800 manu
2626 2746 2800 2801 Germ.
2841 2755 2933 2799 aut
2962 2744 3106 2806 Gall.
3146 2760 3164 2798 :
3193 2743 3530 2798 Anno'dom.
3567 2745 3675 2801 inc.
3704 2745 3816 2798 1095.

2274 2817 2387 2872 ind.
2414 2819 2467 2883 5,
2503 2816 2823 2888 ΚτίΙ.Μξιι“ι.
2847 2817 3146 2888 celebrata
3176 2824 3261 2869 est
3303 2812 3600 2888 Placentize
3633 2816 3819 2888 synodus
3860 2814 3861 2827 ‘

2315 2888 2599 2979 raelsidente
2621 2887 2824 2979 do‘m'no
2846 2885 3066 2942 Urbano
3084 2901 3224 2979 papa
3248 2902 3375 2979 eum
3402 2885 3676 2979 episcppis
3694 2885 3822 2979 errab-
3860 2910 3861 2979 ι

2313 2959 2493 3032 atibus
2522 2966 2632 3012 tam
2657 2958 2776 3013 Gall
2800 2973 2957 3012 arum
2982 2954 3229 3027 quamet
3251 2954 3726 3032 Longobardiaa‘et
3744 2954 3820 3032 Tu:
3860 2954 3861 3029 1

2275 3030 2423 3103 scias.
2454 3028 2619 3103 lj‘aela
2642 3038 2731 3103 est
2758 3038 2940 3103 autem
2969 3043 3164 3098 magna
3197 3028 3533 3103 consultatio
3560 3029 3632 3103 de
3660 3027 3734 3103 his
3754 3027 3819 3103 qui
3860 3034 3861 3079 i

2273 3101 2549 3156 aacclesias
2574 3101 2659 3155 vel
2692 3101 3009 3166 prtebendas
3039 3107 3306 3163 emerant,
3344 3099 3440 3154 sed
3484 3106 3537 3152 et
3567 3100 3639 3154 de
3666 3098 3739 3152 his
3756 3098 3821 3166 qui

2277 3172 2329 3224 in
2358 3171 2613 3226 scismate
2634 3164 2942 3241 Wiperlino
2967 3168 3462 3241 fuera‘ntpordinati.
3483 3167 3669 3241 Primo
3685 3164 3820 3241 itaque
3860 3164 3861 3209 ἲ

2274 3242 2362 3313 die
2385 3252 2487 3313 etc.
2516 3258 2675 3313 usque
2697 3238 3027 3313 capellarum
3042 3239 3233 3296 oﬂiciis
3256 3239 3375 3309 ipse
3403 3240 3701 3310 provideat.
3724 3238 3819 3303 Qua
3860 3300 3861 3307 γ

2275 3312 2385 3365 alio
2410 3312 2524 3366 loco
2547 3311 2812 3366 (labimus.
2840 3311 3092 3382 Sequitur
3117 3325 3136 3382 ς

2342 3383 2503 3437 Anno
2532 3384 2680 3439 dom.
2706 3378 3096 3437 incarn.’1095.
3118 3380 3416 3437 indictione
3453 3381 3635 3447 tertia,
3660 3380 3707 3435 ι.
3728 3378 3819 3432 ldus
3860 3378 3861 3449 ἶ

2272 3453 2445 3523 April.
2481 3455 2730 3509 veniente
2754 3454 2957 3509 domno
2980 3467 3117 3523 papa
3136 3449 3362 3506 Urbano
3384 3451 3819 3523 Crenionam,_rei

2272 3470 2317 3506 Λ
2360 3470 2445 3507 ru.
2481 3470 2730 3509 veniente
2754 3470 2957 3509 oomno
2980 3470 3117 3523 papa
3140 3470 3362 3506 urnano
3384 3470 3729 3513 uremonam,
3751 3470 3819 3502 m

2272 3470 2635 3592 Cﬁounratlus
2679 3522 2742 3578 11.
2780 3524 2993 3578 obviam
3032 3523 3351 3592 procedens,
3405 3523 3658 3577 stratoris
3686 3519 3819 3575 editio

2271 3610 2408 3650 usus
2440 3604 2544 3650 est.
2579 3590 2782 3650 Deinde
2821 3594 2904 3649 17.
2945 3589 3064 3648 Kal.
3098 3589 3202 3647 Mai
3239 3591 3369 3648 fecit
3394 3601 3730 3648 sacramento
3758 3606 3819 3643 se-

2271 3666 2560 3722 curitatem
2575 3667 2625 3721 ei
2643 3666 2712 3721 de
2736 3666 2867 3732 vita,
2892 3666 2960 3720 de
2978 3664 3255 3728 membris,
3282 3663 3350 3719 de
3371 3665 3646 3734 captione,
3667 3663 3819 3783 de
3860 3700 3861 3711 χ

2271 3746 2397 3783 nam
2428 3735 2691 3783 linmnnn-
2718 3745 2772 3783 nt
2793 3736 3063 3783 regalibus
3088 3734 3261 3783 sancti
3285 3733 3558 3783 Pen-itam
3585 3735 3717 3783 intra
3774 3747 3819 3783 0-
3860 3740 3861 3783 l

2271 3746 2399 3807 patu
2426 3735 2692 3801 Romano,
2718 3745 2772 3791 et
2793 3736 3063 3807 regalibus
3088 3734 3261 3807 sancti
3285 3733 3432 3807 Petri
3445 3733 3559 3788 tam
3584 3733 3819 3807 intrahe-

2272 3778 2418 3881 iiiam
2449 3823 2614 3881 quam
2653 3778 2806 3862 extra
2836 3778 3065 3862 ﬁernam
3085 3806 3449 3881 acquirendis
3470 3848 3485 3871 ,
3528 3803 3818 3881 tenendis‘ac

2270 3876 2627 3934 defendendis
2648 3888 2838 3933 ccutra
2861 3892 3053 3933 omnes
3085 3877 3339 3930 homines
3356 3917 3372 3942 ,
3407 3878 3551 3931 bona
3576 3876 3677 3930 ﬁde
3694 3916 3708 3937 ,
3732 3876 3820 3927 sine
3860 3876 3861 3943 ξ

2272 3949 2463 4020 fraude
2497 3957 2551 4004 et
2593 3950 2739 4003 malo
2781 3949 3022 4020 ingenio.
3069 3945 3223 4020 Tunc
3257 3961 3398 4020 papa
3426 3962 3555 4020 eum
3590 3946 3645 4020 in
3683 3946 3817 3998 ﬁlium
3860 3996 3861 4011 χ

2271 4018 2533 4075 Romana:
2552 4020 2810 4076 tecclesia:
2824 4017 3141 4088 assumpsit,
3159 4026 3213 4072 et
3234 4019 3279 4072 si
3304 4034 3399 4071 rex
3436 4017 3542 4072 ista
3565 4018 3699 4072 sicut
3720 4028 3817 4085 pro.

2270 4090 2421 4145 misit
2457 4092 2799 4157 observaret,
2834 4106 3021 4145 coram
3061 4089 3263 4159 populo
3300 4088 3577 4158 pollicitus
3608 4097 3690 4159 est
3723 4099 3816 4159 eum
3860 4120 3861 4129 η

2269 4161 2530 4246 adjuvare
2551 4162 2619 4216 ad
2641 4162 3034 4246 acquirendi-Im
3061 4157 3451 4246 tenendum
3477 4169 3536 4215 et
3560 4157 3816 4246 defende
3860 4176 3861 4223 1

2268 4229 2399 4305 dum
2424 4248 2673 4304 regnum.
2702 4229 2767 4287 Et
2789 4232 3010 4302 quando
3031 4231 3082 4286 ei
3106 4230 3251 4305 Deus
3274 4229 3506 4305 Romam
3528 4244 3623 4301 pro
3652 4239 3819 4304 comta
3860 4272 3861 4305 χ

2268 4304 2457 4359 venire
2484 4302 2837 4368 concesserit,
2862 4318 3135 4373 coronam,
3148 4302 3362 4373 imperii
3391 4303 3630 4373 darc,iet
3646 4313 3757 4354 eum
3778 4302 3815 4373 is
3860 4302 3861 4311 ‘

2267 4374 2478 4447 caeteris
2516 4374 2750 4447 negotiis
2773 4373 3051 4447 adjuvare,
3074 4372 3143 4426 ad
3174 4370 3438 4447 honorem
3474 4370 3568 4447 Dei
3593 4386 3657 4447 ac
3677 4370 3817 4423 sancti

2268 4443 2412 4521 Pelei
2438 4453 2493 4521 et
2527 4441 2787 4521 Romana:
2811 4441 3089 4521 aécclesiaa,
3127 4443 3289 4521 salva
3316 4443 3529 4521 scilicet
3556 4441 3718 4521 ipsius
3738 4452 3818 4517 ax-
3860 4474 3861 4521 ξ

2197 4519 2242 4575 D
2267 4515 2447 4570 clesia:
2466 4515 2710 4585 justicia,
2729 4525 2784 4572 et
2806 4515 3039 4572 decretis
3063 4514 3399 4585 apostolicis,
3425 4514 3659 4572 maxime
3674 4511 3737 4565 de
3758 4511 3819 4561 in-

2269 4586 2571 4643 vestituris.

2200 3135 2241 3192 C

2339 4765 2497 4840 (Nov.
2537 4765 2648 4840 18.)
2686 4766 2787 4824 Hic
2834 4767 3026 4823 habuit
3075 4767 3369 4825 concilium
3416 4766 3558 4839 apud
3598 4763 3817 4820 Clarum-
3860 4830 3861 4841 χ

2266 4860 2530 4929 montem,
2578 4861 2667 4917 cui
2713 4869 2947 4931 praeerat
3002 4859 3296 4917 Durannus
3336 4861 3641 4931 episcopus,
3687 4853 3816 4921 cxtle

2264 4951 2625 5022 dejectionem
2685 4966 2810 5007 eum
2867 4952 3127 5007 meditata
3201 4959 3347 5006 esset
3411 4944 3812 5005 Cluniacensiull
3860 4986 3861 4989 η

2263 5043 2479 5102 devotio
2497 5085 2513 5111 ,
2540 5043 2795 5100 Christus
2814 5060 2941 5099 eum
2979 5043 3257 5112 exaltavit,
3295 5053 3352 5099 et
3383 5042 3527 5115 quod
3552 5040 3600 5095 ei
3627 5039 3816 5110 placue-

2230 5135 2354 5211 _t‘it,
2380 5136 2544 5192 modo
2578 5137 2816 5192 mirabili
2846 5136 3233 5194 manifestavit.
3284 5135 3424 5192 Cum
3468 5135 3606 5191 enim
3650 5144 3811 5187 susa-
3860 5172 3861 5185 χ

2262 5227 2433 5297 pisset
2470 5229 2816 5300 legationem,
2847 5238 2908 5287 ut
2949 5245 3147 5303 papam
3196 5229 3437 5302 hospitio
3479 5225 3745 5296 reciperet.
3771 5226 3811 5273 et

1859 5359 2091 5418 VARIIE
2128 5358 2533 5420 LECTIONES.

2072 5546 2304 5607 NOTAE.

637 5638 784 5711 (191)
820 5640 907 5719 gf.
939 5639 1412 5719 litterasjlngonis
1438 5638 1506 5695 ad
1533 5637 1889 5695 Lambertum
1921 5637 2153 5719 Atreba-

558 5710 795 5776 tenscm,
818 5711 990 5768 Mansi
1015 5710 1132 5779 ΧΧ,
1153 5710 1276 5767 801·ζ
1304 5710 1367 5765 Κ.
1814 5748 1839 5757 ..
2020 5716 2025 5755 i
2050 5755 2058 5758 Α

636 5783 785 5855 (193)
825 5782 898 5840 La
941 5780 1407 5855 Saulvo—Majcure
1443 5781 1601 5839 dicec.
1637 5780 2072 5855 Burdcgaleusis.

2325 5639 2475 5711 (19G)
2512 5638 3053 5711 Compostellensem.

2325 5710 2474 5785 (497)
2514 5710 2590 5768 Le
2611 5710 2743 5783 Puy.
