3878 6310
117 320 209 374 553
1315 317 1648 376 CHRONICC

1831 348 1838 358 -
1878 317 2007 374 LIB.
2048 318 2109 375 η.
2192 378 2195 381 ,
2390 316 2402 323 ’
3256 332 3362 392 ὔόδί

114 429 399 493 necessaria
422 424 885 496 subministraret,
910 437 965 485 et
991 429 1111 500 ipse
1131 429 1199 486 ad
1220 430 1325 487 hoc
1355 447 1481 489 cum
1508 432 1680 504 gratia
1709 435 1755 492 A
1781 431 1950 486 immo
2001 431 2349 503 praecipiente
2369 474 2386 499 ,
2438 424 2885 496 Cantuariensis'
2915 441 3364 517 archiepiscopus

113 524 483 594 accingeretur,
516 520 760 593 graviter
819 520 1088 577 inﬁrmari
1131 523 1295 593 cepit,
1349 524 1678 594 quibusdam
1777 522 2090 579 ﬁdelitatem
2127 524 2288 580 beato
2317 523 2480 581 Petro
2512 537 2566 582 et
2590 544 2743 599 papa:
2784 529 3069 601 iuraverat
3108 536 3259 595 salva
3297 538 3362 594 ﬁ-

110 632 212 674 eam
232 616 398 686 ipsius
421 614 797 671 inﬁrmitatem
822 613 966 670 male
989 614 1497 685 interpretantibus,
1519 616 1677 687 cujus
1775 615 1994 671 delitate
2017 615 2225 671 domini
2254 617 2342 672 sui
2370 617 2533 688 regis.
2565 617 2698 686 Quae
2726 636 2814 677 res
2840 622 2897 678 in
2925 632 3138 680 tantum
3169 628 3358 684 adole-

111 710 340 765 meritum
370 706 627 762 Christus
646 706 894 776 proxime
924 706 1140 777 populis
1177 717 1294 763 erat
1328 716 1672 764 ostensurus.
1774 714 1948 772 verat,
1984 713 2044 759 ut
2071 707 2254 762 nullus
2289 723 2355 762 ex
2383 716 2537 778 parte
2572 724 2726 779 papa:
2757 713 2984 769 veniens
3024 715 3234 772 honore
3259 718 3359 790 de.-

109 799 485 855 lnsidiabantur
506 806 689 853 autem
718 797 767 853 ei
791 798 1015 868 quidam
1064 798 1297 854 fratrum
1347 798 1675 855 Cluniacen-
1774 797 1890 853 bito
1918 798 2280 868 exciperetur,
2322 800 2509 855 nullus
2548 809 2697 856 esset
2735 801 2791 855 in
2820 802 3012 875 Anglia
3054 807 3359 878 archiepis-

110 892 248 956 sium,
276 904 469 960 proco
501 890 648 961 quod
667 887 1039 962 Moysiacense
1061 890 1538 962 cenohium,quod
1559 900 1678 948 erat
1774 903 1964 958 copus,
2025 889 2339 959 episcopus,
2394 891 2587 958 abbas,
2646 893 2850 949 nedum
2908 897 3213 953 monachus
3262 908 3361 965 aut

103 982 223 1052 juris
244 981 487 1037 ecclesiae
513 980 893 1047 Arvernensis,
921 981 1067 1051 quod
1093 982 1258 1037 etiam
1284 997 1381 1053 pro
1403 991 1677 1039 reslaura-
1772 979 2027 1047 clericus,
2051 979 2145 1050 qui
2181 980 2388 1038 litteras
2427 983 2758 1051 apostolicas
2797 985 3074 1055 suscipere
3103 982 3350 1057 auderet,

108 1074 230 1129 tione
246 1072 453 1128 ordinis
473 1069 727 1128 Cluniaci
748 1073 1077 1141 contulerat,
1104 1074 1253 1129 salva
1278 1074 1585 1131 obedientia
1621 1089 1675 1132 et
1772 1070 1973 1126 nedum
2007 1071 2245 1137 obedire,
2283 1072 2391 1127 nisi
2416 1088 2511 1128 rex
2546 1074 2780 1143 juberet.
2815 1075 2920 1142 Qui
2943 1077 3168 1134 veniens
3190 1087 3353 1135 tanta

106 1164 374 1220 reverentia
393 1164 662 1220 ecclesiae
683 1164 1048 1222 Arvernensis
1095 1165 1154 1221 in
1200 1166 1542 1237 subjectione
1571 1184 1674 1224 sua
1771 1162 2018 1219 libertate
2061 1178 2195 1220 usus
2229 1173 2332 1230 est,
2361 1173 2424 1219 ut
2446 1181 2564 1233 reti,
2602 1166 2910 1238 integritate
2946 1168 3065 1239 ejus
3107 1168 3353 1240 inspecta

106 1257 273 1312 habere
293 1256 472 1323 vellet,
495 1265 552 1311 et
571 1257 642 1312 ob
666 1257 723 1312 id
764 1272 891 1312 eum
942 1257 1085 1327 apud
1133 1274 1329 1329 papam
1375 1275 1671 1316 accusave-
1770 1265 1824 1310 et
1852 1255 2131 1312 inadulata
2173 1257 2374 1312 mentis
2394 1258 2722 1325 constantia,
2764 1274 2823 1315 se
2854 1259 3103 1316 conciliis
3124 1269 3178 1316 et
3206 1262 3351 1318 votis

104 1356 222 1413 rant,
244 1355 295 1403 et
312 1347 712 1418 depositionem
735 1347 856 1418 ejus
881 1349 1277 1418 attemptabant
1301 1350 1470 1423 (198).
1496 1350 1672 1407 Adve-
1769 1346 1888 1417 ejus
1917 1330 2302 1417 adquieiurum
2333 1348 2692 1418 promitteret,
2715 1357 2769 1404 et
2790 1364 2982 1407 omnes
3008 1352 3194 1409 ﬁdeles
3230 1369 3354 1423 gra-

104 1440 255 1494 nieute
280 1438 448 1509 igitur
472 1455 635 1509 papa,
658 1437 916 1496 visitatus
942 1441 1013 1494 ab
1034 1454 1122 1506 eo,
1145 1448 1200 1496 et
1221 1441 1526 1509 absolutus,
1543 1458 1668 1497 cum
1770 1436 2077 1492 tularentur
2103 1453 2231 1494 eum
2258 1439 2565 1505 advenisse,
2595 1440 2664 1494 ad
2686 1440 2845 1509 cujus
2871 1442 3165 1498 adventum
3192 1444 3353 1513 quasi

100 1531 191 1600 jam
221 1540 521 1586 extremum
579 1531 834 1601 spiritum
885 1532 1124 1587 traheret
1149 1574 1164 1599 ,
1213 1541 1372 1588 nocte
1420 1534 1669 1604 sequenti
1768 1529 2069 1598 respirarct
2089 1538 2143 1585 et
2168 1539 2478 1601 resurgeret
2504 1531 2672 1587 decus
2696 1539 2752 1586 et
2776 1530 2929 1602 vigor
2963 1534 3223 1589 :ccclesiae
3241 1534 3355 1588 An-

105 1623 321 1691 spiritum
366 1622 622 1679 Creatori
679 1624 915 1678 reddidit
961 1624 1133 1693 (199),
1172 1626 1317 1680 lotus
1352 1634 1405 1681 et
1443 1634 1667 1683 curatus
1766 1621 1923 1693 glicze
1956 1630 2010 1677 et
2066 1623 2293 1679 libertas
2329 1623 2591 1679 Romanae
2628 1624 2994 1681 auctoritatis.
3017 1646 3025 1684 ς
3034 1624 3159 1702 (1⁵01.
3197 1626 3348 1696 157.)

106 1729 285 1767 summa
309 1714 572 1783 ﬁliorum,
601 1716 653 1770 id
678 1724 763 1770 est
789 1715 1003 1769 abbatis
1048 1715 1424 1785 Divionensis,
1452 1718 1664 1774 abbatis
1768 1712 1875 1770 Sed
1905 1715 2035 1785 quid
2073 1715 2509 1785 inperturbatum
2548 1716 2807 1787 relinquit
2844 1716 3187 1786 inexplebilis
3217 1732 3348 1787 gur-

103 1804 226 1861 Casa:
247 1805 354 1873 Dei,
381 1809 629 1878 episcopi
653 1807 1144 1878 Gratianopolitani
1184 1819 1238 1865 et
1266 1811 1501 1867 aliorum
1536 1813 1660 1868 dili-
1693 1793 1733 1852 Β
1763 1820 1857 1876 88$
1902 1806 2166 1883 Romana:
2189 1806 2258 1838 δ”
2292 1807 2569 1862 avaritiae?
2616 1807 2732 1863 Rex
2780 1817 3093 1878 suspectam
3142 1808 3353 1867 habens

104 1898 268 1967 gentia.
294 1898 357 1952 Et
377 1900 457 1955 sic
488 1907 787 1970 antequam
816 1900 1111 1955 concilium
1149 1901 1502 1973 inciperetur,
1547 1914 1660 1962 toto
1760 1899 1863 1953 viri
1898 1898 2303 1966 auctoritatem.
2348 1915 2509 1970 quem
2546 1900 2661 1969 iam
2705 1900 2795 1956 diu
2825 1908 3117 1957 venturum
3156 1900 3349 1955 audie-

103 1987 208 2042 orbe
232 1990 293 2043 ad
315 1990 435 2059 ejus
457 1992 723 2060 exequias
749 2002 1093 2060 occurrente,
1121 1993 1190 2047 ab
1242 1994 1362 2063 ipso
1416 2011 1556 2066 papa
1604 2006 1660 2053 et,
1758 1996 1864 2054 rat,
1914 1990 2152 2059 legatum
2200 2004 2355 2058 papae
2398 1990 2759 2059 praemiserat,
2804 1999 2860 2044 et
2900 1990 2955 2044 in
3003 2006 3172 2044 manu
3226 1990 3350 2059 ejus

103 2075 332 2147 episcopis
357 2086 517 2134 terra:
538 2089 625 2135 est
653 2081 971 2135 mandatum
1002 2097 1128 2136 cum
1171 2082 1364 2153 gloria,
1389 2093 1443 2139 et
1472 2086 1657 2140 sedem
1757 2081 1879 2136 auri
1924 2081 2142 2151 probati
2184 2090 2241 2136 et
2281 2081 2565 2151 purissimi
2613 2081 2680 2135 i0
2723 2083 3000 2136 marcha3.
3047 2079 3162 2136 Hoc
3211 2081 3348 2145 ﬁsus

103 2168 197 2236 ejus
219 2169 515 2227 Willelmus
537 2172 606 2227 de
634 2171 782 2227 Baﬁa
812 2175 1040 2243 adeptus
1081 2182 1168 2229 est
1222 2175 1381 2230 laude
1423 2176 1554 2231 cieri
1603 2185 1658 2233 et
1756 2173 2092 2243 prtenuncio,
2139 2174 2473 2243 respondere
2515 2173 2779 2242 praedicto
2811 2173 2993 2228 abbati
3039 2172 3346 2241 diﬁ‘erebat,

103 2262 271 2330 populi,
300 2274 570 2334 praecepto
601 2265 846 2335 ejusdem
903 2265 1208 2336 apostolici.
1261 2265 1408 2321 Obiit
1436 2283 1657 2339 quoque
1738 2272 1809 2319 'et
1842 2263 2059 2319 interim
2087 2280 2214 2320 eum
2240 2265 2293 2318 in
2327 2264 2529 2333 pascha
2563 2280 2749 2319 secum
2780 2273 3052 2320 retentum
3085 2279 3343 2320 reveren-

101 2350 214 2407 infra
239 2356 467 2424 spatium
499 2358 769 2427 temporis
799 2357 1045 2427 ejusdem
1083 2358 1300 2413 concilii
1348 2358 1655 2416 Desiderius
1755 2363 1838 2410 ter
1870 2366 1925 2411 et
1961 2356 2264 2431 honoriﬁce
2308 2357 2579 2413 tractabat
2611 2373 2624 2409 :
2666 2372 2790 2412 cum
2833 2372 2961 2412 ecce
3004 2357 3216 2428 legatus
3252 2370 3344 2412 re-

100 2444 444 2506 Cavellicensis
493 2452 811 2522 episcopus,
866 2459 921 2506 et
979 2451 1151 2506 abbas
1203 2450 1653 2509 Gemmeticensis
1753 2449 1930 2516 diens,
1957 2451 2206 2506 inducias
2235 2451 2349 2521 regi
2380 2452 2449 2505 de
2490 2452 2749 2507 omnibus
2772 2468 2949 2522 usque
2978 2453 3047 2507 ad
3088 2452 3346 2507 nativita-

99 2541 311 2595 ctenobii.
336 2542 496 2596 Anno
519 2543 643 2613 ipso
665 2543 986 2598 conﬁrmata
1008 2550 1092 2597 est
1112 2542 1197 2597 via
1228 2543 1652 2599 cbristianorum
1753 2550 1862 2598 tem
1898 2544 2125 2600 Domini
2146 2547 2465 2617 reportavit,
2505 2563 2602 2617 per
2638 2549 2929 2617 quemdam
2974 2564 3128 2618 papae
3166 2560 3341 2618 nepo—

100 2632 301 2686 euntium
324 2650 446 2689 cum
476 2635 652 2690 armis
677 2635 731 2689 in
754 2633 1114 2691 Hierusalem.
1139 2633 1285 2691 Obiit
1310 2635 1474 2690 etiam
1505 2652 1652 2692 anno
1750 2638 1926 2691 tulum
1953 2636 2049 2693 seu
2073 2640 2451 2703 vernaculum,
2477 2640 2524 2693 si
2553 2639 2734 2694 debita
2767 2640 2926 2694 beato
2957 2639 3119 2694 Petro
3132 2641 3340 2696 caritas
3366 2630 3372 2635 ’
3440 2624 3453 2637 ’

102 2722 252 2775 eodem
280 2723 580 2782 Rainaldus
624 2725 911 2782 Reinensis
955 2727 1421 2797 archiepiscopus,
1469 2726 1653 2783 Hilde—
1750 2725 1807 2779 in
1833 2741 1934 2781 suo
1964 2710 2208 2781 discessu
2237 2726 2508 2783 maturius
2535 2736 2595 2781 ut
2627 2727 2882 2783 credebat
2921 2726 3127 2794 futuro,
3154 2728 3206 2783 ei
3242 2742 3343 2797 per

100 2812 250 2870 hertus
264 2816 616 2875 Bituricensis
647 2820 1116 2890 archiepiscopus,
1146 2821 1451 2876 Landricus
1470 2820 1653 2878 Matis—
1749 2818 1999 2872 eumdem
2028 2825 2195 2885 tanta!
2219 2818 2562 2875 auctoritatis
2589 2818 2847 2888 legatum.
2874 2826 2934 2872 ut
2956 2825 3041 2872 est
3063 2827 3217 2888 papa!
3245 2831 3340 2874 SO-

100 2907 310 2962 concnsis
336 2909 505 2979 (200).
543 2908 845 2965 Judeorum
877 2922 1095 2982 quoque
1121 2911 1505 2967 exterminium
1528 2913 1650 2984 ipso
1748 2910 1891 2964 roris
1927 2909 2092 2976 ﬁlius,
2116 2920 2170 2964 et
2206 2909 2253 2965 si
2283 2925 2395 2965 non
2428 2918 2562 2976 tota,
2592 2909 2771 2964 saltim
2809 2925 2876 2963 ex
2911 2916 3065 2979 parte
3093 2908 3341 2964 mittere-

100 3009 214 3051 anno
233 3000 410 3056 multis
439 3002 498 3056 in
526 3002 666 3057 locis
696 3001 901 3057 factum
930 3012 1015 3057 est
1042 3020 1073 3058 a
1100 3003 1236 3059 viris
1277 3003 1649 3060 lherosolimi-
1747 3009 1857 3057 tur.
1895 2999 2017 3067 Quo
2049 3017 2313 3071 responso
2352 3011 2729 3075 accepto,.rex
2772 3002 2915 3057 lctus
2954 3000 3154 3068 factus,
3196 3017 3341 3072 prae

101 3087 228 3192 lanis.
256 3088 401 3156 Quod
436 3102 590 3147 certe
618 3092 819 3148 mirum
846 3093 1018 3149 videri
1039 3095 1397 3165 potest,quod
1423 3112 1533 3151 una
1558 3097 1646 3152 die
1672 3134 1715 3192 ο
1748 3091 1862 3148 fato
1876 3092 2003 3148 ‘viro
2022 3093 2352 3164 apostolicae
2380 3093 2667 3164 praetendit
2695 3091 2973 3172 inducias;
2997 3107 3339 3165 quamquam

99 3177 301 3245 pluribus
326 3183 380 3238 in
407 3184 550 3240 locis
582 3200 693 3240 uno
731 3183 959 3255 spiritus
999 3183 1211 3239 fervore
1257 3187 1645 3245 exterminatio
1675 3177 1715 3192 ν
1747 3183 2003 3252 privatim
2035 3191 2089 3237 et
2109 3183 2323 3252 publice
2348 3183 2453 3238 hoc
2477 3182 2659 3252 ipsum
2689 3197 2843 3252 papae
2864 3182 3199 3252 improbaret
3222 3181 3339 3238 fac-

99 3268 167 3325 illa
187 3272 310 3329 facta
335 3284 843 3348 est,quamquama
867 3277 1053 3331 multis
1078 3276 1396 3347 inprohctur
1415 3278 1641 3349 factum,
1748 3282 1886 3339 tum,
1924 3273 2019 3343 qui
2059 3280 2270 3327 tantum
2308 3273 2489 3327 virum
2527 3270 2674 3326 fama
2715 3271 2919 3341 ubique
2965 3270 3336 3340 celebratum,

98 3370 139 3417 et
161 3366 380 3439 religioni
412 3370 696 3426 adversari
725 3370 1022 3440 judicetur.
1049 3370 1267 3427 Scimus
1294 3381 1476 3429 tamen
1514 3376 1629 3446 quia

1806 3364 2044 3436 'ivilegiis
2085 3364 2428 3420 auctoritatis
2464 3380 2579 3420 suae
2614 3363 2911 3431 munitum,
2942 3363 3018 3418 ita
3044 3362 3337 3419 inhoneste

98 3469 182 3511 non
210 3461 369 3528 potuit
395 3461 661 3517 inmutari
696 3463 830 3532 quin
875 3463 1049 3529 ﬁeret,
1078 3478 1205 3518 cum
1249 3464 1406 3519 multi
1460 3481 1629 3522 sacer-

1817 3464 2054 3524 lctasset,
2090 3465 2151 3512 ut
2175 3457 2503 3529 legationem
2531 3456 2653 3527 ejus
2673 3455 2839 3512 unius
2860 3456 3028 3527 layca:
3060 3469 3348 3529 persoan

98 3544 217 3604 dotes
239 3551 354 3607 data
381 3552 969 3609 excommunicationis
1002 3554 1291 3623 sententia,
1315 3542 1472 3611 multi
1499 3558 1645 3628 prin-
1743 3565 1846 3606 nec
1882 3550 2079 3606 litteris
2131 3550 2453 3621 apostolicis
2496 3565 2598 3606 nec
2636 3548 2900 3606 secularis
2949 3547 3192 3605 scientiae
3235 3563 3335 3605 seu

98 3637 211 3708 cipes
225 3651 418 3700 terrore
433 3644 883 3701 eomminationis
905 3646 957 3700 id
974 3647 1294 3717 perturbare
1316 3649 1495 3704 conati
1509 3649 1629 3705 sint.

1801 3642 2027 3711 gnitatis
2068 3642 2279 3698 honore
2325 3642 2572 3710 munitae,
2614 3638 3107 3698 rescinderetuSic
3148 3653 3208 3694 re
3242 3639 3332 3693 in-

153 3732 309 3806 (1096)
356 3735 513 3793 Tunc
580 3738 841 3808 temporis
898 3753 1000 3808 pro
1060 3739 1435 3810 componenda
1500 3740 1642 3797 inter
1742 3732 1903 3800 fecta,
1948 3732 2094 3790 fama
2132 3743 2317 3791 tamen
2360 3750 2481 3800 sua,
2526 3733 2861 3806 integritate,
2898 3734 3209 3797 honestate,
3243 3745 3335 3785 sa-

97 3817 255 3881 iratres
307 3826 567 3884 Willelmi
633 3830 779 3900 regis
842 3827 986 3885 ﬁlios
1033 3828 1359 3895 concordia,
1432 3829 1640 3886 Willel-
1743 3825 1945 3896 pientia
1993 3827 2250 3883 omnibus
2304 3826 2502 3897 oppido
2557 3825 2965 3890 commendata,
3016 3823 3086 3879 ab
3137 3821 3330 3878 eodem

98 3929 215 3972 mum
240 3919 476 3977 videlicet
498 3937 685 3993 regem
722 3922 1025 3993 Anglorum
1073 3930 1129 3977 et
1184 3921 1481 3979 Robertum
1539 3940 1640 3982 eo-
1739 3917 1858 3973 viro
1887 3934 2165 3974 recessum
2194 3927 2315 3986 est;
2345 3928 2398 3973 et
2436 3926 2617 3973 tamen
2642 3932 2749 3988 pro
2784 3912 3160 3985 componenda
3189 3912 3332 3968 inter

100 4007 246 4064 mitem
289 4011 750 4081 Normannorum,
795 4014 967 4069 abbas
1018 4012 1361 4070 Divionensis
1401 4032 1467 4071 ex
1496 4033 1637 4088 pm-
1740 4006 1940 4064 fratres
1966 4010 2126 4080 pacis
2150 4009 2444 4065 concordia
2481 4009 2536 4063 in
2564 4006 2901 4063 Normannia
2937 4004 3200 4071 substitit,
3229 4002 3331 4058 do-

98 4106 219 4165 cepto
261 4116 403 4173 papa:
459 4119 615 4159 mare
677 4104 994 4170 transierat,
1043 4111 1099 4158 et
1150 4112 1213 4159 ut
1259 4102 1636 4175 praeseriptum
1740 4113 1839 4153 nec
1868 4114 2001 4168 pace
2034 4100 2199 4166 facta,
2238 4101 2427 4155 decem
2462 4100 2675 4154 milium
2707 4112 3020 4153 marcarum
3059 4095 3329 4166 pensione

99 4174 239 4258 regem
295 4204 630 4251 ammoneret
694 4197 761 4250 de
826 4197 1017 4252 multis
1053 4211 1176 4267 quae
1216 4195 1400 4252 illicite
1439 4174 1639 4253 ﬁebant
1738 4198 1978 4259 accepta,
2024 4199 2225 4245 terram
2259 4204 2414 4246 suam
2443 4205 2631 4246 comes
2649 4188 3000 4245 Normanniaa
3029 4187 3174 4259 regis
3208 4187 3327 4241 An-

100 4279 242 4351 abeo,
274 4286 335 4342 de
384 4286 793 4359 episcopatibus
825 4289 1078 4345 videlicet
1122 4298 1177 4344 et
1216 4289 1452 4344 abbatiis
1497 4304 1636 4360 quas
1738 4283 1950 4352 glorum
1992 4297 2166 4352 usque
2217 4282 2283 4337 ad
2325 4284 2489 4336 trium
2532 4296 2803 4335 annorum
2850 4281 3094 4349 spacium
3138 4287 3328 4333 custo-

101 4370 177 4425 sibi
216 4376 481 4445 retinebat,
520 4394 620 4433 nec
654 4379 738 4434 eis
790 4386 1039 4449 pastores
1084 4378 1423 4450 providebat,
1458 4386 1511 4433 ct
1549 4395 1638 4433 re-
1737 4374 1991 4429 diendam
2023 4374 2280 4440 traderet,
2313 4382 2368 4429 et
2392 4373 2473 4429 sic
2494 4372 2907 4428 Iherosolimam
2928 4368 3229 4441 profectus,
3253 4369 3328 4425 ab

100 4462 217 4520 ditus
248 4481 641 4541 proventusque
696 4471 943 4525 omnium
1000 4470 1105 4525 sibi
1168 4470 1516 4537 assumebat,
1564 4472 1632 4527 de
1665 4476 1709 4531 Ι)
1734 4466 1924 4523 eodem
1948 4466 2342 4536 abbate‘usque
2376 4466 2443 4520 ad
2472 4465 2653 4520 vicum
2692 4462 2787 4534 qui
2813 4461 3013 4517 dicitur
3041 4459 3190 4514 Pons
3211 4458 3318 4513 Ar-

102 4560 319 4627 symonia,
344 4562 409 4617 de
448 4562 812 4617 fornicatione
835 4562 1192 4628 clericorum;
1227 4571 1280 4616 et
1318 4561 1447 4632 quia
1486 4577 1622 4618 con-
1730 4558 1981 4630 lia:(201)
2014 4559 2295 4615 comitatui
2316 4559 2437 4630 ejus
2456 4556 2735 4628 Stephano
2755 4554 2957 4611 comite
2994 4552 3241 4609 Francia
3267 4561 3324 4610 et

102 4648 357 4707 reuiionem
396 4653 599 4709 fecerat
640 4670 766 4710 cum
814 4669 881 4709 eo
927 4653 1253 4710 Albanensis
1300 4654 1620 4724 episcopus,
1730 4649 1969 4707 Robcrto
1990 4651 2469 4708 comitclt‘landrire
2491 4647 3195 4715 adherentibus,_deductus
3210 4654 3320 4705 est.

101 4750 227 4804 quem
256 4744 481 4812 primum
510 4745 604 4801 illo
627 4746 853 4801 miserat
885 4761 1046 4816 papa,
1081 4760 1151 4800 ne
1175 4746 1386 4815 legatus
1416 4745 1622 4801 Roma-
1802 4744 2003 4800 Verum
2023 4761 2147 4805 cum
2166 4746 2344 4800 adhuc
2359 4746 2411 4799 in
2433 4744 2769 4800 Normannia
2795 4755 3066 4806 essemus,
3085 4746 3319 4808 congre-

101 4830 248 4884 nusad
266 4832 501 4904 Angliam
528 4834 830 4890 mitteretur
854 4835 961 4889 nisi
980 4849 1140 4904 quem
1163 4850 1255 4900 rex
1281 4832 1635 4904 praeciperet;
1727 4836 1867 4906 gatis
1913 4836 1981 4892 ad
2023 4838 2287 4909 exequias
2340 4832 2757 4900 MatisconenSis
2820 4833 3062 4904 episcopi
3113 4832 3319 4887 domno

101 4923 141 4967 et
161 4920 269 4987 quia
292 4922 419 4978 ade‘b
458 4925 756 4980 auctoritas
792 4923 1039 4978 Romana
1068 4922 1209 4994 apud
1242 4923 1449 4995 Anglos
1490 4939 1623 4979 ava-
1724 4926 2076 4998 Lugdunensi
2115 4931 2550 5000 archiepiscopo,
2577 4928 2817 4983 Eduensi
2840 4940 3060 4996 quoque
3100 4934 3155 4979 et
3207 4922 3317 4979 Ca-

102 5005 195 5063 ritia
216 5020 263 5066 et
285 5014 567 5085 cupiditate
590 5017 894 5088 legatorum
922 5016 1177 5077 viluerat.
1209 5023 1269 5070 ut
1301 5015 1493 5070 eodem
1520 5016 1619 5070 Al-
1726 5019 1997 5076 bilonensi
2042 5022 2335 5093 episeOpis,
2382 5021 2590 5077 electus
2634 5019 3059 5074 archidiaconus
3097 5015 3317 5087 Lugdu-

102 5093 292 5159 banense
314 5117 571 5176 Praesente
600 5117 653 5164 et
675 5107 1049 5165 consentiente
1074 5125 1173 5165 nec
1193 5108 1620 5177 contradicente,
1726 5114 1913 5170 nensis
1949 5114 2218 5173 Berardus
2245 5122 2599 5172 consecratur
2624 5113 2677 5168 in
2709 5112 3023 5183 episcopum
3056 5108 3317 5165 Matiscoo

1396 5199 1638 5256 VARIIE
1678 5200 2081 5263 LECTIONES.

154 5278 210 5313 “’
237 5283 306 5339 ita
325 5287 510 5356 codex;
540 5299 597 5344 at
617 5287 856 5346 Labbeus
879 5290 1047 5346 edidit
1074 5290 1347 5347 humanm.
2186 5290 2193 5293 ’

157 5460 277 5547 098)
398 5469 770 5547 aliaDuranni
789 5486 914 5526 cum
929 5468 1382 5547 Cluniacensibus
1402 5470 1615 5547 lite_ex-
1727 5516 1747 5547 _.
1799 5470 1948 5544 (200)
1986 5490 2055 5547 sv
2075 5471 2194 5547 Kal.
2220 5469 2354 5547 Nov.
2382 5488 2432 5547 a.
2463 5472 2606 5547 _1096
2624 5471 2879 5547 urbanus
2894 5488 3030 5547 papa
3050 5471 3311 5547 [nummi
3340 5542 3343 5545 Α

102 5540 186 5653 mi
201 5538 400 5603 ePiSiOIa
427 5538 634 5596 Urbani.
654 5543 729 5624 ad
743 5556 867 5595 eum
887 5557 937 5595 a.
974 5541 1132 5595 1094.
1156 5541 1360 5610 scripta
1389 5556 1475 5611 ap.
1503 5540 1623 5596 Μελ-⁷
1725 5538 2014 5600 ὺυὶὶειιίθά
2033 5543 2360 5599 Landricum
2378 5544 2617 5600 dederat.
2637 5545 2808 5601 Gallia
2824 5538 3026 5602 Christ.
3049 5543 3301 5601 lustrum.

156 5608 767 5683 IppLAnnalLBenedlct.
811 5610 873 5679 V,
901 5612 1026 5683 3H.
1057 5610 1121 5665 Κ.
1257 5681 1269 5683 _
1582 5682 1589 5683 ί
1724 5615 1816 5683 ιγ,
1844 5617 1970 5672 285,
2005 5614 2073 5671 κέ

154 5665 398 5758 xm
448 5665 764 5758 Kal.ﬂ_Nvov._r
789 5665 1273 5758 in'dupliciquod
1312 5682 1620 5758 99mposuit
1726 5665 1746 5670 ”
1772 5665 2291 5758 ’(2ῧῖῖίδδηιπὶὶειο
2324 5685 2397 5743 ad
2419 5684 2595 5744 fontes
2624 5685 2810 5743 Dubis.

101 5741 328 5816 θυίωρῦἰο
347 5760 567 5811 testatur
582 5753 870 5822 Baldricus
897 5741 1290 5823 Burgulie'nsis.
1319 5750 1385 5808 K.
1412 5741 1454 5761 “’
1606 5816 1609 5817 ν
1803 5741 1816 5758 “
1845 5741 1877 5742 ﬂ
1907 5741 1942 5758 ⁷
1982 5741 1992 5743 “
2365 5741 2394 5797 ί
2523 5741 2589 5744 Ἦ
2626 5741 2669 5807 ί
