3878 6310
570 363 682 420 555

2249 358 2814 418 FLAVINIACENSlS
3060 352 3067 357 ⁷
3675 368 3753 426 555

579 475 1001 549 nensem(202).
1028 476 1106 533 Ibi
1135 489 1365 547 quoque
1386 474 1619 530 domnus
1638 472 1917 531 ‘Eduensis
1936 473 2149 546 episco—
2177 479 2222 535 Α
2249 473 2620 530 Flaviniacum
2667 475 2829 530 nobis
2866 474 3150 545 ingressis,
3199 474 3253 530 in
3286 476 3576 533 crastinum
3599 493 3751 538 conse-
3809 512 3813 516 -

579 584 684 638 pus
741 568 971 641 [lagano
1017 576 1349 640 conquestus
1398 566 1693 637 plurimum
1757 565 2148 632 desolationem

582 659 1006 718 Flaviniacensis
1025 661 1287 725 ecclesiae,
1315 675 1438 714 cum
1458 660 1570 729 jam
1587 666 1711 729 post
1732 658 1940 714 obitum
1962 656 2149 713 domui

583 749 869 823 Raynaldi,
917 751 1099 807 fratris
1141 750 1316 818 ducis,
1357 759 1560 820 septem
1600 751 1759 806 annis
1801 751 2029 806 ecclesia
2064 765 2151 804 ea-

581 843 707 897 dem
746 852 965 914 pastore
998 843 1215 897 viduata
1249 842 1542 897 mansisset
1580 840 1749 913 (203),
1781 857 1869 895 me
1908 855 1973 896 eo
2002 840 2149 911 quod

584 934 740 1003 quasi
773 948 947 988 essem
986 941 1150 988 notus
1184 932 1613 1002 archiepiscopo,
1648 932 1795 1002 quod
1825 931 1987 986 etiam
2020 946 2148 1001 per-

583 1036 724 1092 saepe
769 1020 990 1088 fecerat,
1037 1020 1324 1093 requisivit
1366 1022 1434 1076 ab
1475 1036 1542 1076 eo
1590 1021 1644 1075 in
1680 1021 1957 1086 abbatem;
2001 1020 2148 1090 quod

581 1111 742 1165 etiam
762 1110 853 1164 vix
874 1110 1219 1179 optinuisset,
1248 1109 1356 1163 nisi
1386 1108 1774 1163 canonicorum
1796 1116 1849 1163 et
1870 1108 2147 1179 laycorum

581 1198 838 1268 suffragia
875 1198 942 1252 ad
971 1198 1024 1252 id
1064 1197 1424 1268 expetendum
1469 1196 1573 1251 sibi
1610 1195 1963 1251 adhibuisset.
1998 1193 2151 1267 Opti-

581 1291 698 1345 nuit
723 1300 926 1357 tamen,
952 1289 1021 1346 'et
1058 1291 1264 1345 missus
1293 1298 1378 1344 est
1417 1287 1794 1345 Cabilonensis
1838 1288 2146 1360 episcopus,

580 1384 674 1452 qui
711 1383 971 1437 domnum
1012 1382 1394 1436 Divionensem
1426 1380 1723 1451 apostolica
1749 1380 2069 1436 auctoritate
2090 1389 2151 1436 ut

581 1474 890 1541 assentiret,
917 1487 1005 1526 me
1026 1472 1189 1527 etiam
1214 1479 1274 1525 ut
1299 1470 1570 1525 obedirem
1596 1470 1713 1524 vice
1746 1484 1844 1525 sua
1872 1469 2147 1524 constrin-i

581 1574 748 1636 geret,
778 1565 923 1635 quod
955 1572 1009 1618 et
1032 1563 1233 1619 factum
1256 1572 1339 1619 est
1362 1563 1454 1616 ubi
1477 1563 1792 1618 redivimus.
1816 1561 2153 1618 Confirmata

582 1670 712 1710 vero
752 1654 1035 1721 electione,
1085 1663 1139 1710 et
1177 1654 1604 1709 consecrationis
1646 1654 2006 1709 determinato
2038 1654 2146 1722 die,

554 1745 1052 1815 ’arcbiepiseopum
1073 1745 1210 1813 adii;
1236 1760 1358 1815 quae
1387 1744 1506 1814 ejus
1531 1760 1694 1814 super
1720 1745 1826 1800 hoc
1854 1754 2000 1800 esset
2025 1761 2149 1800 sen-

2249 564 2493 619 cratione
2516 571 2760 634 peracta,
2781 565 2848 620 de
2865 563 3112 634 profectu
3133 567 3376 623 ecclesia:
3399 576 3660 627 tractatum
3674 583 3750 642 est;

2246 662 2301 709 et
2342 654 2390 709 si
2425 663 2547 724 post
2572 655 2689 710 dies
2715 671 2918 725 paucos
2947 671 2976 710 a
3009 657 3213 711 domno
3250 659 3505 730 episcopo
3525 670 3574 717 et
3599 662 3752 720 domno

2249 744 2576 801 Divionensc
2606 747 2913 817 ceterisque
2940 748 3244 804 discessum
3267 759 3372 805 est.

2320 835 2522 892 Eodem
2550 852 2694 891 anno
2707 837 2880 908 Aymo
2905 839 3140 895 reddidit
3163 840 3196 895 5
3218 841 3423 896 solidos
3447 844 3692 900 censuales
3707 847 3754 902 de

2248 936 2428 981 castro
2450 928 2593 996 quod
2620 925 2843 983 Sacriba
2869 928 3087 995 dicitur,
3110 938 3166 984 et
3203 930 3270 985 de
3296 931 3460 987 terris
3487 932 3540 986 in
3569 934 3745 990 circuitu
3822 940 3823 945 ‘

2250 1015 2417 1070 castri
2445 1015 2510 1069 ad
2536 1014 2628 1085 jus
2657 1016 2914 1071 azcelesiae
2942 1010 3371 1074 Flaviniacensis
3406 1020 3753 1091 pertinentibus,
3822 1016 3823 1027 “

2249 1104 2304 1158 in
2340 1102 2632 1161 festivitate
2658 1106 2833 1161 sancti
2862 1105 3011 1161 Petri
3037 1108 3090 1161 in
3120 1108 3361 1178 plenaria
3382 1110 3551 1178 curia,
3568 1128 3682 1181 quos
3701 1130 3757 1169 re-

2249 1194 2488 1250 tinuerat
2511 1196 2699 1253 multis
2715 1206 2860 1252 retro
2883 1197 3062 1265 annis,
3085 1206 3139 1253 et
3162 1215 3261 1269 pro
3282 1201 3577 1256 retentione
3595 1204 3755 1273 culpam

2251 1283 2403 1352 fecit,
2426 1294 2482 1341 et
2502 1287 2784 1343 absolutus
2808 1295 2911 1343 est.
2938 1288 3133 1344 Actum
3158 1290 3246 1345 die
3266 1289 3410 1346 festo
3430 1292 3752 1363 apostolorum.

2319 1377 2550 1445 Quidam
2562 1380 2727 1435 etiam
2739 1380 3035 1438 Folcuinus
3057 1384 3292 1454 acceptis
3307 1400 3339 1439 a
3353 1385 3511 1441 nobis
3533 1386 3591 1441 15
3601 1387 3752 1453 solidis,
3822 1394 3823 1411 ‘

2249 1468 2618 1539 calumpniam
2655 1486 2819 1541 quam
2869 1472 3104 1528 habebat
3140 1475 3195 1528 in
3231 1490 3428 1530 manso
3452 1475 3529 1547 ,de
3572 1476 3752 1547 Galiam,

2248 1561 2393 1632 quod
2421 1561 2708 1619 Waldinus
2738 1564 2978 1631 dederat,
3003 1566 3240 1636 vurpivit
3259 1567 3611 1636 praesentibus
3626 1570 3751 1625 bis...
3822 1576 3823 1627 ἢ

2248 1652 2657 1723 consanguineo
2689 1669 2811 1721 suo,
2854 1655 2948 1724 qui
2984 1653 3199 1711 frenum
3225 1656 3296 1696 ⁸²⁸
3324 1657 3488 1712 trium
3521 1658 3753 1715 solidam
3822 1660 3823 1727 1

2247 1756 2348 1811 pro
2370 1743 2724 1799 concessione
2758 1744 2967 1800 habuit.

584 1838 749 1892 tentia
780 1836 1058 1906 requisivi.
1091 1835 1210 1906 Ipse
1230 1836 1554 1891 anxietatem
1586 1847 1829 1891 nostram
1855 1836 2149 1907 plurimum
2182 1818 2226 1872 Β
2319 1832 2428 1888 Pro
2461 1835 2706 1904 equabus
2727 1850 2867 1905 quas
2895 1845 3111 1906 ceperat
3138 1845 3192 1892 et
3220 1837 3520 1894 abduxerat
3538 1837 3756 1894 WidoLu-

583 1930 916 1995 consolatus,
946 1928 1014 1983 ad
1040 1927 1414 1998 exequendum
1445 1928 1591 1997 quod
1619 1928 1913 1997 jubebatur
1943 1929 2151 1983 ratione

590 2020 821 2087 induxit,
854 2020 1176 2075 auctoritate
1204 2018 1463 2085 munivit;
1496 2026 1550 2074 et
1582 2019 1662 2073 sic
1681 2019 1987 2082 dimissum,
2009 2019 2153 2074 litte-

583 2112 662 2167 ris
681 2111 797 2166 suis
828 2112 1155 2178 honestavit,
1185 2126 1322 2182 quas
1350 2110 1504 2165 misit
1533 2109 1773 2165 Eduensi
1805 2109 2062 2181 episcOpo
2095 2110 2152 2164 in

584 2202 683 2258 hec
715 2202 877 2257 verba
907 2219 921 2256 :

663 2291 959 2346 Venerabili
980 2292 1036 2346 in
1067 2290 1277 2347 Christo
1304 2290 1484 2362 fratri,
1516 2290 1801 2363 Haganoui
1823 2292 1892 2323 ⁸⁸³
1918 2289 2153 2345 Eduensi

581 2387 843 2458 episcopo,
898 2385 1053 2458 Hugo
1096 2385 1459 2455 Lugdunensis
1494 2384 1729 2439 ecclesia:
1777 2398 1954 2439 servus
2004 2383 2154 2438 salu-

583 2485 705 2531 tem.
757 2475 1013 2542 Quotiens
1054 2474 1409 2529 humilitatem
1428 2483 1683 2540 .nostram
1708 2458 1944 2526 dilectio
1981 2482 2153 2528 vestra

581 2569 798 2635 adierit,
826 2569 1064 2640 quotiens
1096 2584 1188 2622 nos
1215 2583 1310 2638 pro
1332 2566 1717 2620 restauratione
1738 2565 2153 2620 Flaviniacensis

578 2658 832 2714 (ecclesiae
876 2658 1159 2730 rogaverit,
1208 2656 1503 2728 benignitas
1547 2665 1720 2710 vestra
1770 2656 1905 2709 satis
1945 2654 2149 2709 recolit.

581 2749 841 2816 Quesistis
870 2767 903 2805 a
941 2749 1089 2804 nobis
1137 2748 1307 2803 multa
1348 2746 1628 2802 sedulitate
1659 2754 1710 2800 et
1751 2747 2010 2800 instantia
2053 2746 2151 2800 lca-

576 2841 849 2894 rissimum
880 2840 1101 2909 fratrem
1130 2847 1369 2892 nostrum
1406 2836 1738 2891 Divionensis
1769 2834 2003 2889 ecclesia:
2037 2851 2150 2889 mo-

578 2930 807 2985 nachum
834 2929 1128 3001 Hugonem,
1151 2946 1302 3000 quem
1333 2928 1480 2982 nobis
1505 2944 1978 2998 assumpseramus,
2002 2927 2153 2998 cujus

578 3038 676 3076 nos
722 3020 1001 3075 sedulitati
1043 3020 1403 3091 credebamus,
1450 3020 1609 3072 immo
1651 3019 1802 3088 cujus
1838 3018 2021 3089 lingua
2056 3034 2156 3073 vox

585 3121 767 3167 nostra
807 3120 962 3176 erat;
997 3120 1048 3165 et
1079 3111 1217 3181 quod
1256 3110 1524 3181 quesistis,
1565 3110 1630 3164 ab
1662 3110 1827 3164 iiwito
1864 3120 1915 3165 et
1949 3110 2156 3166 nolente

581 3203 738 3276 quasi
780 3203 1100 3258 extorsistis.
1139 3201 1463 3256 Electionem
1505 3202 1813 3272 igiturejus
1845 3219 1878 3256 a
1919 3203 2062 3257 vobis
2086 3203 2156 3237 διδ

581 3297 784 3367 {actam
805 3294 1098 3365 apostolica
1114 3295 1432 3349 auctoritate
1453 3295 1844 3363 conﬁrmantes,
1875 3312 2154 3350 consecra-

584 3387 779 3441 tionem
811 3386 979 3457 ipsius
1007 3401 1103 3456 pro
1132 3384 1306 3439 debito
1336 3394 1504 3438 vestro
1526 3384 1666 3440 vobis
1696 3386 2017 3456 inponimus,
2043 3403 2157 3440 cer-

586 3488 700 3532 tum
729 3477 994 3542 habentes,
1020 3476 1167 3547 quia,
1187 3476 1285 3530 etsi
1312 3492 1525 3546 corpore
1554 3475 1790 3531 absentes
1820 3494 2022 3546 sumus,
2047 3478 2158 3548 spi-

583 3558 696 3623 ritu
723 3576 1002 3639 praesentes
1032 3569 1103 3622 ad
1131 3567 1378 3622 honorem
1405 3567 1503 3622 Dei
1523 3582 1616 3639 per
1645 3568 1918 3625 Christum
1948 3570 2005 3623 in
2031 3568 2155 3639 Spi-

581 3660 692 3712 ritu
720 3667 902 3712 sancto
926 3658 1311 3712 consecrationi
1330 3658 1500 3712 eidem
1525 3657 1882 3726 intererimus,
1904 3668 1953 3712 et
1974 3658 2156 3728 ﬁdeles

578 3753 729 3807 vobis
764 3762 1125 3822 cooperatores
1170 3752 1386 3806 erimus.
1436 3750 1593 3805 Nunc
1641 3753 1808 3823 igitur
1843 3752 2159 3822 prazdictum

584 3845 804 3913 fratrem
837 3853 888 3899 et
937 3844 1110 3914 ﬁlium
1158 3853 1426 3911 nostrum,
1454 3861 1607 3915 quem
1656 3853 1803 3898 tanto
1846 3843 2157 3914 subjicimus

584 3935 752 3999 oneri,
781 3942 966 3988 vestra:
1001 3934 1309 4004 specialiter
1344 3935 1559 3988 tuitioni
1600 3935 1985 4001 contradentes,
2016 3950 2159 3988 com-

579 4028 845 4081 mittimus
893 4042 1010 4080 eum
1054 4026 1178 4095 fidei
1223 4035 1425 4081 vestrm.
1477 4024 1643 4091 Quem
1698 4026 1909 4096 quidem
1959 4041 2161 4095 semper

585 4132 737 4186 penes
789 4131 882 4169 nos
937 4114 1269 4170 volueramus
1326 4116 1577 4182 retinere,
1627 4116 1717 4170 sed
1768 4116 2018 4169 cessimus
2070 4115 2159 4168 in-

582 4207 798 4260 stantia:
848 4215 1048 4261 vestrm.
1105 4206 1289 4261 Nostis
1321 4223 1422 4278 quo
1455 4223 1574 4261 eum
1621 4216 1891 4263 teneamus
1931 4206 2157 4276 aﬁ‘ectu;

583 4296 679 4349 hoc
732 4297 846 4368 ipso
895 4297 1036 4352 vobis
1078 4314 1198 4353 eum
1245 4297 1643 4353 committimus.
1686 4292 1757 4351 Ει
1803 4306 1980 4351 autem
2030 4312 2158 4350 con-

581 4387 763 4443 silium
797 4400 849 4443 et
878 4390 1143 4444 auxilium
1177 4399 1416 4444 nostrum
1454 4406 1558 4444 non
1595 4390 1793 4456 deerit;
1827 4391 1916 4461 qui
1946 4407 2048 4443 non
2072 4405 2161 4444 so—

2251 1924 2578 1981 ciniacensis
2609 1925 2711 1980 100
2732 1928 2939 1983 solidos
2961 1929 3103 1982 dedi.

2320 2015 2496 2071 Odoni
2533 2018 2840 2073 vicecomiti
2870 2019 3415 2085 Rubeimontis,cum
3452 2032 3618 2077 noster
3633 2020 3753 2077 factus

2248 2118 2352 2171 est,
2384 2123 2484 2177 pro
2505 2109 2833 2179 quibusdam
2858 2111 3352 2182 compositionibus
3373 2112 3442 2168 30
3461 2114 3640 2169 solidos
3654 2114 3751 2169 dedi.

2321 2198 2553 2253 Girardo
2580 2200 2646 2254 de
2691 2199 2920 2257 Duisino
2947 2203 3021 2256 ⁸11
3061 2203 3264 2258 solidos
3291 2219 3395 2274 pro
3424 2205 3635 2275 quodam
3665 2220 3751 2260 nos
3822 2198 3823 2267 ξ

2253 2300 2338 2344 tro
2369 2291 2636 2345 serviente
2678 2291 2747 2347 de
2791 2290 3035 2361 Galiaco,
3086 2292 3314 2351 Artaldo
3344 2296 3414 2351 de
3453 2295 3633 2352 Sancto
3658 2295 3753 2351 Rau

2252 2380 2394 2436 delio
2426 2381 2496 2435 20
2523 2381 2747 2437 solidos.

2322 2470 2545 2543 [lagano
2568 2472 2732 2528 etiam
2754 2474 2822 2530 de
2844 2474 2991 2531 Roca
3013 2484 3201 2533 noster
3218 2476 3424 2546 factus,
3449 2479 3638 2534 vidente
3658 2477 3752 2548 Bay-

2252 2564 2414 2620 naldo
2436 2567 2708 2620 avunculo
2755 2582 2879 2635 suo,
2908 2569 3276 2639 calumpniam
3301 2569 3427 2627 faadi
3449 2571 3536 2626 ⁸²⁶.
3564 2569 3683 2641 (205)
3697 2570 3751 2623 sui

2253 2653 2470 2710 Finium
2495 2655 2606 2710 Deo
2633 2665 2687 2712 et
2712 2667 2902 2713 sancto
2940 2657 3184 2730 Prejecto
3205 2670 3261 2715 et
3290 2662 3453 2719 nobis
3478 2661 3672 2728 dimisit,
3691 2675 3751 2714 π-
3822 2653 3823 2730 ἦ

2255 2746 2426 2816 ceptis
2448 2762 2479 2800 a
2504 2748 2662 2803 nobis
2687 2747 2757 2803 20
2787 2749 2995 2805 solidis.
3026 2751 3221 2806 Actum
3240 2751 3556 2808 Flaviniaci.

2326 2838 2512 2908 (l097,
2558 2838 2718 2895 Febr.
2755 2840 2834 2912 6.)
2877 2840 3221 2913 liildegarius
3267 2846 3435 2900 etiam
3462 2845 3524 2901 de
3557 2842 3752 2899 Guniaco

2254 2938 2439 2985 noster
2467 2929 2666 2998 factus,
2708 2933 2995 3002 quod'non
3036 2932 3215 2990 fuerat
3243 2945 3632 2992 antecessorum
3662 2948 3750 2989 nos-

2253 3033 2486 3093 trorum,
2524 3027 2676 3082 auxit
2714 3028 3067 3083 elemosinam
3098 3044 3263 3099 quam
3292 3046 3431 3085 avus
3454 3046 3574 3085 suus
3593 3027 3751 3091 fecerat,

2255 3115 2394 3170 dans
2430 3116 2675 3171 ecclesiae
2707 3127 2909 3195 nostra;
2939 3117 3336 3189 Eremburgem
3368 3119 3527 3173 filiam
3561 3115 3752 3171 HelLards

2256 3203 2378 3259 ﬁlia:
2405 3203 2733 3272 Wibelelmi,
2770 3216 2826 3261 et
2855 3220 3070 3261 omnem
3098 3208 3475 3277 posteritatem
3498 3222 3672 3270 eorum,
3693 3219 3749 3258 sc-

2257 3295 2426 3366 ceptis
2457 3311 2489 3350 a
2512 3297 2670 3352 nobis
2694 3297 2883 3353 solidis
2905 3298 2974 3352 58
2999 3313 3097 3368 pro
3125 3300 3377 3357 caritate.
3412 3301 3591 3356 Actum
3621 3308 3752 3353 mense

2255 3386 2414 3441 Febr.
2440 3386 2492 3442 6.
2517 3386 2673 3455 feria,
2710 3388 2762 3443 8.
2798 3387 2923 3444 ldus
2942 3388 3100 3445 Febr.

2325 3481 2499 3554 Aymo
2528 3482 2692 3537 etiam
2718 3482 2911 3539 Lovels
2942 3482 3070 3539 liius
3105 3482 3254 3555 (206)
3299 3485 3467 3541 homo
3499 3492 3655 3539 noster
3675 3494 3753 3534 om-

2258 3590 2381 3631 nem
2410 3576 2628 3631 alodum
2672 3592 2833 3632 suum
2879 3576 2993 3632 Deo
3035 3586 3091 3633 et
3113 3587 3309 3634 sancto
3350 3578 3508 3634 Petro
3535 3584 3752 3642 sanctoque

2256 3663 2503 3735 Prejecto
2523 3666 2790 3732 tribuens,
2808 3676 3047 3723 torturas
3071 3682 3211 3737 quas
3228 3668 3285 3722 in
3311 3676 3606 3724 casameuto
3623 3671 3752 3718 nostro

2258 3752 2509 3822 faciebat,
2544 3755 2800 3826 vurpivit,
2837 3757 3105 3814 enarratis
3145 3772 3335 3812 coram
3379 3756 3611 3813 omnibus
3641 3748 3751 3807 rectis

2257 3846 2743 3903 consuetudinibus
2777 3849 3099 3917 easamenti,
3117 3848 3183 3904 de
3207 3850 3387 3919 capite
3408 3845 3611 3905 mansii
3631 3850 3753 3900 sena-

2257 3937 2371 3994 rios
2399 3953 2604 4004 avanae,
2640 3948 2698 3994 et
2716 3940 2750 3994 1
2770 3940 2882 3994 vini
2913 3940 2969 3994 in
2995 3941 3355 3996 salvamento.

2334 4028 2461 4084 Feci
2480 4030 2645 4085 etiam
2675 4046 2864 4101 pacem
2890 4047 3017 4087 eum
3044 4032 3273 4089 Wolone
3291 4028 3644 4094 Sarmaciensi.
3665 4019 3748 4079 είθί

2260 4119 2450 4178 uestro
2486 4122 2629 4179 facto
2654 4123 2756 4179 100
2790 4126 3014 4193 solidos,
3042 4142 3247 4197 equum
3284 4128 3338 4196 1,
3365 4142 3545 4184 canem
3565 4125 3586 4178 1
3609 4118 3715 4177 dedi.

2331 4212 2390 4267 In
2422 4214 2793 4285 redemptione
2835 4218 3096 4274 ecclesiae
3123 4219 3190 4274 de
3229 4217 3491 4274 Fontanis
3517 4215 3578 4271 '55
3610 4208 3750 4267 solidot

2261 4304 2404 4360 dedi.
2431 4304 2490 4360 In
2513 4308 2751 4362 caldaria
2782 4309 3056 4365 Salinensi
3077 4310 3148 4364 40
3181 4311 3389 4366 solidos
3409 4324 3503 4381 pro
3524 4319 3656 4376 equo-

2254 4426 2257 4427 ν
2333 4395 2392 4451 ln
2429 4398 2805 4469 redemptione
2838 4408 3001 4457 terra:
3031 4410 3087 4456 et
3119 4402 3428 4470 vinearum,
3461 4415 3584 4472 quas
3604 4391 3749 4467 μεεὶρ·

580 4480 693 4534 lum
735 4479 1128 4535 Flaviniacensi
1173 4481 1456 4549 wcclesiat,
1498 4498 1676 4536 verum
1726 4490 1985 4553 quotquot
2033 4489 2156 4536 sunt
2183 4494 2235 4555 ι)
2261 4503 2457 4565 εεεεςοι·⁸
2491 4499 2679 4545 noster
2708 4492 2846 4547 abba
2887 4491 3203 4565 Raynaldus
3239 4494 3496 4551 walwrio
3524 4482 3749 4545 Frossardo

580 4572 638 4624 in
668 4571 879 4625 dimcesi
929 4580 1100 4625 vestra
1131 4588 1225 4642 pro
1258 4572 1372 4642 ejus
1411 4588 1589 4627 amore
1632 4573 1810 4643 parati
1852 4588 2031 4627 sumus
2063 4587 2160 4642 pro

580 4663 753 4718 debito
783 4664 1072 4720 subvenire.
1106 4664 1197 4719 Ita
1238 4680 1359 4736 ergo
1397 4667 1558 4735 agite,
1598 4675 1656 4720 ut
1692 4666 1831 4721 idem
1865 4666 2034 4736 frater
2064 4680 2160 4736 pro

582 4754 852 4825 adjutorio
891 4765 941 4810 et
989 4756 1344 4811 consolatione
1370 4756 1473 4811 sibi
1495 4758 1730 4829 impensa
1770 4758 1972 4828 gratias
2008 4757 2160 4812 nobis

582 4846 773 4902 habeat
807 4848 1021 4917 referre,
1045 4857 1103 4903 ut
1124 4848 1361 4903 habeatis
1386 4849 1615 4920 gratiam
1644 4866 1801 4919 super
1828 4850 2082 4920 gratiam.

655 4936 772 5008 (fol.
825 4939 967 5011 157‘)
1001 4939 1161 4995 Anno
1208 4941 1390 5010 itaque
1438 4940 1588 4996 dom.
1636 4940 1744 4997 inc.
1797 4940 1957 4997 1097.
2001 4939 2154 5013 (204)

578 5026 697 5101 ind.
722 5028 776 5081 5.
814 5043 958 5084 anno
978 5030 1155 5086 aetatis
1174 5029 1262 5084 '52.
1304 5030 1392 5084 die
1428 5029 1513 5084 10.
1549 5029 1666 5085 Kal.
1695 5029 2025 5097 Demmbris,
2057 5031 2153 5101 qui

582 5127 668 5173 est
686 5118 805 5176 dies
836 5117 1006 5177 festus
1027 5130 1227 5178 sach
1243 5119 1460 5178 Cecilize
1486 5119 1642 5194 (Nov.
1660 5121 1800 5194 22.),
1839 5121 1889 5176 7.
1920 5122 2157 5190 sabbati,

2261 4578 2472 4647 homini
2499 4580 2656 4636 ducis
2678 4581 3024 4652 promiserat,
3057 4583 3127 4638 50
3159 4583 3365 4641 solidos
3383 4582 3520 4649 dedi,
3542 4588 3589 4635 et
3609 4583 3748 4631 ιθηυι
3822 4578 3823 4652 ἢ

2262 4671 2485 4726 retinui.

2293 4804 2297 4809 .
2333 4761 2565 4819 Teberto
2595 4765 2890 4835 praeposito
2910 4782 3009 4837 pro
3031 4766 3365 4837 quibusdam
3399 4762 3593 4838 placitis
3614 4756 3669 4812 25
3687 4766 3746 4807 so-

2256 4852 2396 4910 lidos
2421 4855 2564 4923 dedi,
2584 4866 2636 4912 et
2658 4873 2759 4927 pro
2779 4860 3179 4929 compositione
3199 4861 3346 4916 cervi
3366 4873 3519 4931 quem
3540 4865 3670 4911 canes
3689 4856 3745 4900 Si“

2261 4958 2567 5016 moverant,
2607 4958 2662 5004 et
2696 4951 2949 5008 homines
2986 4953 3160 5008 nostri
3209 4962 3463 5024 ceperant
3484 4953 3660 5016 neque
3682 4952 3746 4994 uo-

2261 5036 2404 5092 lente
2437 5038 2756 5109 diviserant,
2798 5044 3004 5100 solidos
3033 5044 3123 5100 30.
3169 5045 3444 5102 Bernardo
3481 5042 3541 5098 de
3566 5026 3748 5094 Monii”

2263 5127 2318 5181 in
2353 5131 2604 5200 captione
2624 5149 2725 5190 sua
2761 5136 2964 5193 solidos
2992 5137 3080 5193 50.

1866 5213 2099 5269 VARUE
2133 5214 2535 5276 LECTIONES.

653 5306 723 5339 ⁸³³
744 5304 845 5362 Ila.
872 5323 919 5362 ε.
951 5306 1023 5340 ⁸³⁸
1039 5308 1197 5366 nobis
1218 5326 1265 5365 c.
1305 5298 1379 5343 ⁵³⁸
1409 5311 1487 5365 ita
1510 5326 1557 5364 c.
1597 5307 1668 5340 "°
1689 5306 1797 5363 fedi
1818 5324 1865 5361 c.

2117 5397 2344 5456 Νο.ίιυ.

592 5488 619 5571 ᾳ
657 5487 815 5571 (209)(
847 5489 924 5571 ιλ
944 5488 1260 5571 1131(1.Α1)‹ξρ.Δ
1295 5487 1843 5571 {996:Adonat'ioncm
1879 5487 2158 5559 quandam

588 5557 850 5624 ﬁrmavit;
886 5560 1057 5615 Gallia
1086 5558 1287 5614 Christ.
1311 5557 1399 5612 ιν.
1434 5558 1589 5613 1057.
1622 5559 1686 5613 Κ.

659 5631 807 5700 (205)
840 5629 1125 5701 Philippus
1145 5645 1241 5683 rex
1275 5628 1608 5701 Francorum
1640 5638 1864 5701 rogante
1897 5629 2159 5701 Aganone

581 5698 845 5776 episcopo
890 5698 1130 5776 Eduensi
1166 5708 1221 5754 et
1275 5698 1540 5754 Rainaldo
1586 5698 1819 5776 abbate“
1839 5698 2155 5758 monasterii

581 5769 961 5839 possessiones
985 5771 1399 5827 continuaverat
1426 5786 1570 5826 anno
1598 5769 1749 5826 1085.
1781 5770 1844 5825 Κ.

2334 5490 2482 5565 (204)
2507 5488 2649 5565 pias
2670 5489 2899 5565 'sanctae
2924 5492 3141 5549 Ceciliae
3175 5509 3322 5550 anno
3356 5490 3482 5548 1096
3521 5478 3743 5565 inusti“;

2262 5541 2389 5615 ιιιὰῖ
2400 5541 2645 5627 ⁵ίίιέῑῐὶίὶζ⁷
2661 5541 2806 5617 alii};
2823 5541 3482 5629 ’ἴοθῆἿὶῖὖᾶιῖιίὶῖίοὲίιὶξ
3519 5541 3692 5614 iudidio
3722 5541 3744 5595 5

2263 5646 2415 5702 anno
2452 5632 2589 5686 1097
2620 5634 2899 5702 congruit.

2350 5701 2485 5770 i205)
2525 5702 2561 5755 i.
2596 5718 2645 5756 e.
2685 5701 2847 5757 feorli.
2882 5740 2885 5743 »

2356 5712 2485 5770 205)
2525 5712 2561 5755 ι.
2596 5718 2645 5756 e.
2685 5712 2846 5757 l'eorli.

2334 5712 2483 5843 2206)
2512 5772 2551 5827 i.
2575 5788 2624 5828 e.
2659 5773 2846 5845 ligius.
