3878 6310
103 356 186 413 557

158 470 209 524 In
242 463 593 535 redemptione
624 463 808 519 fanoni
841 462 1090 519 deaurati
1122 473 1176 519 et
1207 479 1386 535 capsae
1427 481 1626 537 argen-
1656 468 1702 525 A

105 570 184 615 καθ
207 555 267 611 60
289 556 485 611 solidos
510 554 647 621 dedi,
675 562 729 610 et
745 554 801 609 in
827 570 997 625 cappa
1033 554 1083 608 7.

156 645 530 702 Deditecclesize
539 653 737 701 nostrae
756 645 977 716 quidam
995 646 1151 701 miles
1165 662 1310 702 nunc
1330 661 1628 703 conversus

104 735 324 791 Arnulfus
350 736 416 791 de
446 734 775 791 Monasterio
822 751 1076 791 mansum
1116 737 1142 790 1
1185 736 1327 807 apud
1363 735 1625 792 Prusilia—

103 844 221 883 cum.
1268 835 1272 838 ’

157 916 292 973 Dedit
315 916 475 972 etiam
511 915 843 974 Gislebertus
868 918 935 973 de
977 915 1278 974 Luciniaco
1310 933 1565 974 mansum
1596 918 1622 972 1

102 1014 215 1086 apud
242 1013 548 1069 Darciacum
581 1028 680 1083 pro
723 1012 836 1067 ﬁlio
863 1026 964 1068 suo
995 1010 1191 1067 Pontio
1224 1012 1464 1079 nomine,
1501 1027 1629 1068 cum

102 1105 315 1161 omnibus
354 1103 704 1175 appendiciis,
735 1112 789 1159 et
824 1103 1075 1159 homines
1118 1112 1230 1159 tres
1268 1118 1393 1159 cum
1434 1117 1627 1159 eorum

102 1195 387 1266 posteritate.

155 1283 286 1340 Dedit
326 1284 506 1338 itidem
551 1281 705 1356 Hugo
748 1283 816 1339 dc
860 1282 1118 1345 Draciaco
1153 1299 1407 1340 mansum
1452 1300 1625 1339 unum

103 1393 201 1432 cum
222 1377 538 1447 appendiciis
560 1377 617 1432 in
646 1376 836 1432 eadem
860 1377 985 1432 villa
1014 1392 1114 1448 pro
1138 1376 1250 1431 ﬁlio
1283 1391 1403 1432 suo.
1428 1376 1625 1432 Actum

103 1467 213 1537 apud
236 1464 473 1520 Colchas.

165 1555 391 1610 Brutinus
418 1555 583 1609 etiam
620 1554 874 1610 dominus
903 1553 1088 1620 castri,
1114 1553 1259 1624 quod
1297 1553 1424 1608 olim
1450 1552 1623 1609 Sedu-

102 1663 222 1715 num,
242 1663 373 1702 nunc
398 1646 707 1702 Blismurus
740 1645 963 1712 dicitur,
992 1644 1225 1700 reddidit
1245 1645 1402 1701 nobis
1431 1645 1623 1700 aeccle-

102 1740 210 1793 siam
234 1738 386 1794 castri
416 1737 663 1808 ejusdem
691 1752 815 1793 cum
846 1735 1179 1807 appendiciis
1209 1744 1262 1791 et
1291 1752 1415 1792 cum
1445 1736 1626 1790 omni-

101 1831 181 1885 bus
217 1838 325 1901 quae
364 1803 492 1884 olim
539 1828 856 1900 possederat
882 1803 981 1883 vel
1025 1835 1156 1882 tunc
1180 1826 1512 1898 possidebat.
1559 1825 1627 1882 Et
1658 1803 1699 1858 Β

101 1920 199 1989 quia
225 1920 283 1974 de
304 1933 400 1973 suo
422 1917 646 1987 proprio
665 1916 911 1987 quaedam
942 1916 1010 1970 ad
1040 1916 1241 1971 victum
1264 1914 1495 1971 fratrum
1522 1915 1620 1971 ad-

100 2008 220 2072 didit,
244 2006 307 2060 20
326 2008 373 2062 ei
401 2006 609 2062 solidos
642 2020 742 2076 pro
771 2005 997 2060 caritate
1017 2005 1162 2061 dedi.

153 2098 297 2169 Aymo
322 2098 471 2152 miles
498 2096 746 2167 ejusdem
766 2095 955 2163 castri,
993 2088 1295 2152 avunculus
1322 2095 1516 2167 ipsius,
1555 2095 1624 2151 ad

100 2189 458 2244 conversionem
495 2189 555 2242 in
599 2187 913 2242 inﬁrmitate
947 2185 1192 2253 veniens,
1240 2187 1471 2243 reddidit
1510 2186 1623 2242 Deo

100 2284 317 2331 etsancto
342 2275 498 2331 Petro
526 2283 582 2331 et
605 2284 795 2332 sancto
819 2275 1062 2346 Prejecto
1090 2284 1265 2331 terras
1294 2283 1348 2330 et
1371 2277 1620 2350 homines

98 2382 206 2436 quas
227 2367 369 2422 nobis
388 2366 442 2420 vi
466 2364 771 2431 auferebat,
794 2374 849 2420 et
877 2365 1241 2435 calumpniam
1265 2363 1491 2419 dimisit.

152 2457 198 2512 ln
225 2458 579 2529 redemptione
617 2473 802 2528 cappaz
841 2464 896 2512 et
923 2457 1070 2527 pallii
1097 2456 1300 2513 solidos
1329 2454 1431 2510 110
1479 2454 1620 2511 dedi.

154 2549 306 2619 (1099,
329 2550 452 2620 Apr.
500 2549 615 2618 14.)
645 2548 891 2606 Prefatus
924 2549 1087 2604 etiam
1117 2548 1458 2620 Hildegarius
1479 2548 1623 2604 Gur-

62 2664 67 2669 σ
102 2643 317 2697 ziacensis
345 2643 468 2713 quia
497 2641 711 2697 Bellum
753 2641 958 2696 Locum
988 2642 1146 2696 nobis
1176 2640 1428 2696 auferens
1452 2640 1626 2711 injus-

103 2734 238 2788 titiam
264 2735 409 2791 nobis
450 2733 679 2800 fecerat,
712 2733 885 2788 multo
907 2742 1150 2803 tempore
1170 2748 1199 2788 a
1223 2732 1380 2787 nobis
1401 2747 1623 2786 excom-

102 2825 377 2893 municatus,
424 2827 652 2882 tandem
693 2825 908 2896 culpam
955 2824 1085 2880 fecit
1138 2824 1279 2895 apud
1323 2823 1621 2891 Conedam,

100 2926 140 2969 et
172 2918 422 2974 absolutus
461 2935 492 2973 a
524 2918 686 2974 nobis
715 2925 818 2973 est.
866 2915 1180 2971 Homiuium
1219 2914 1531 2986 recognovit
1569 2923 1624 2970 et

101 3007 384 3077 resirmavit,
442 3019 499 3065 et
550 3025 619 3064 ex
673 3017 788 3064 toto
831 3009 1024 3065 cellam
1087 3007 1312 3063 eandem
1359 3006 1615 3077 vurpivit.

99 3095 282 3155 Obsides
329 3101 489 3168 dedit,
549 3083 788 3172 quorum
832 3101 947 3155 haec
990 3108 1118 3155 sunt
1159 3098 1383 3153 nomina
1418 3115 1432 3153 :
1465 3097 1621 3169 Hugo

100 3186 229 3244 frater
250 3191 375 3262 ejus,
407 3191 711 3246 Rainaldus
739 3190 807 3246 de
840 3189 1008 3256 Roca,
1041 3188 1334 3256 Deodatus,
1359 3189 1621 3244 Girardus

99 3282 149 3337 de
166 3280 342 3352 Roura,
367 3295 420 3341 et
442 3285 617 3341 frater
639 3284 778 3354 ejus,
808 3282 1132 3348 Waldricus,
1179 3280 1517 3337 Gauzfrcdus
1557 3281 1623 3335 de

98 3372 316 3444 Kasiaco;
361 3380 446 3433 cui
491 3392 598 3446 ego
640 3376 711 3429 20
747 3374 953 3431 solidos
993 3374 1137 3429 dedi.
1184 3372 1378 3428 Actum
1407 3372 1459 3427 5.
1488 3371 1621 3427 feria

97 3470 270 3534 paschae
300 3469 378 3524 18.
406 3469 527 3523 Kal.
554 3467 678 3522 Maii
706 3467 956 3523 Conedte.

149 3554 345 3612 Pontius
383 3573 605 3629 quoque
634 3556 936 3612 Grimensis
966 3570 1149 3611 comes
1185 3570 1285 3626 pro
1328 3554 1622 3610 homicidio

96 3649 211 3716 quod
231 3646 418 3705 fecerat
446 3651 517 3706 de
546 3647 744 3703 Pontio
779 3648 1045 3704 serviente
1071 3655 1281 3713 nostro,
1311 3646 1547 3701 natalem
1570 3656 1624 3701 et

99 3746 270 3807 neptem
297 3740 409 3810 ejus
449 3739 614 3795 nobis
649 3739 882 3794 reddidit
931 3737 1027 3791 110
1070 3738 1257 3793 solidis
1285 3738 1541 3808 acceptis,
1568 3749 1621 3794 et

98 3831 329 3888 absolutus
347 3842 427 3887 est
452 3832 536 3887 16.
564 3830 684 3885 Kal.
716 3830 863 3885 Maii.
887 3829 1082 3885 Postea
1103 3845 1229 3885 eum
1251 3830 1412 3899 cepit,
1449 3838 1503 3885 et
1523 3844 1621 3900 pro

97 3915 416 3994 redemptione
439 3926 508 3980 50
531 3923 741 3980 solidos
767 3922 975 3977 habuit.

151 4014 245 4083 (tot.
281 4003 744 4087 138.)'Joﬁ‘redum
766 4016 831 4069 de
853 4010 1161 4080 Prumiaco,
1187 4020 1239 4067 et
1260 4010 1479 4067 fratrem
1503 4012 1621 4083 ejus

98 4120 192 4159 cum
222 4108 464 4165 uxoribus
488 4116 544 4164 et
578 4107 724 4174 filiis,
756 4121 926 4161 uxore
973 4121 1188 4176 quoque
1227 4102 1430 4161 Odonis
1459 4104 1616 4161 Tuat.

96 4210 135 4253 et
154 4217 349 4260 uxorem
372 4204 616 4259 Heinrici
638 4219 761 4259 cum
789 4202 935 4268 ﬁliis,
967 4216 1195 4255 uxorem
1221 4201 1383 4256 etiam
1412 4200 1618 4256 Johan-

97 4292 163 4346 nis
185 4295 241 4349 de
270 4295 537 4353 Poliniaco
564 4312 689 4351 cum
736 4294 861 4349 ﬁliis
890 4301 942 4348 et
986 4302 1156 4348 totam
1203 4308 1393 4348 eorum
1428 4308 1621 4365 proge-

96 4382 226 4453 niem,
261 4404 374 4458 qua:
401 4388 672 4443 latissima
706 4394 759 4441 et
787 4386 990 4455 optima
1026 4391 1128 4452 est,
1176 4386 1447 4440 mediante
1477 4385 1619 4458 Ray—

1262 347 1681 422 ,CHRONICON.
1721 382 1790 393 -
1827 350 1957 408 LIB.
1995 352 2059 409 ιι.

1798 465 1915 536 (fol.
1951 465 2093 538 l37’)
2123 467 2283 525 Anno
2307 469 2498 526 eodem
2549 472 2619 530 ab
2655 474 2867 532 incarn.
2901 476 3116 537 Domini
3144 481 3305 538 1098.

1730 557 1867 613 obiit
1892 557 2080 630 Agano
2108 557 2377 619 Eduensis
2413 563 2702 637 episcopus
2729 565 2779 620 7.
2807 566 2925 622 Kal.
2964 568 3093 625 Julii
3118 571 3266 643 (207)
3293 592 3310 643 ;

1728 656 1785 703 et
1830 650 2076 719 sequenti
2117 651 2250 706 obiit
2295 654 2465 711 abbas
2504 654 2771 714 Roduifus
2819 660 2873 715 5.
2922 660 3040 716 Kal.
3086 663 3308 734 Aprilis.

1731 738 1989 811 Regimen
2013 741 2270 799 aecclesia;
2292 743 2559 805 Eduensis
2587 756 2713 819 post
2753 752 3117 811 venerabilem
3159 755 3309 827 Aga-

1728 846 1927 888 nonem
1960 829 2284 904 Norgaudus
2309 838 2567 908 suscepit,
2596 838 2653 893 in
2692 840 2878 895 eadem
2905 845 3152 900 aecclesia
3175 862 3313 917 prm-

1730 923 1967 978 centoris
2011 921 2231 980 functus
2277 927 2451 983 ofﬁcio
2478 928 2646 1000 (208).
2692 928 2793 986 llic
2832 933 2936 987 sub
2967 937 3314 993 contentione

1728 1012 1933 1070 electus
1958 1023 2060 1070 est.
2090 1014 2197 1071 Pro
2221 1032 2328 1087 qua
2366 1027 2546 1078 tamen
2577 1021 2840 1077 electione
2867 1039 2992 1079 cum
3027 1027 3307 1086 multoties

1729 1100 1938 1157 Eduam
1975 1103 2160 1171 issem,
2200 1106 2327 1176 quia
2374 1123 2481 1163 vox
2510 1118 2695 1171 nostra
2721 1111 2894 1181 prima
2924 1129 3048 1170 esse
3075 1117 3309 1173 debebat

1728 1193 1784 1247 in
1811 1194 2102 1262 electione;
2140 1197 2355 1253 tandem
2398 1198 2456 1253 in
2500 1201 2818 1261 ascensione
2849 1203 3066 1260 Domini
3109 1208 3307 1264 invita-

1728 1291 1837 1351 tus,
1875 1301 2001 1341 cum
2030 1302 2208 1343 essem
2243 1288 2299 1342 in
2341 1290 2539 1346 exteris
2568 1293 2831 1365 partibus,
2874 1311 3161 1353 occurrere
3201 1315 3302 1355 ne-

1726 1376 1895 1447 quivi.
1930 1375 2215 1443 Quendam
2262 1389 2444 1435 tamcn
2473 1396 2504 1436 e
2547 1383 2752 1445 nostris
2793 1385 2936 1452 misi,
2985 1389 3079 1457 qui
3128 1388 3302 1446 vicem

1726 1475 1971 1523 nostram
1993 1470 2295 1539 suppleret;
2326 1479 2379 1526 et
2408 1486 2506 1542 ego
2535 1473 2882 1543 postmodum
2909 1489 3298 1549 exoccupatus,

1726 1556 2054 1634 Lugdunum
2075 1568 2293 1616 euntem
2328 1562 2396 1617 ad
2431 1564 2894 1625 consecrationem
2931 1568 3080 1623 solus
3106 1570 3173 1625 de
3200 1572 3303 1625 ab-

1724 1646 1942 1703 batibus
2002 1664 2125 1703 sum
2177 1658 2592 1721 prosequutus:
2637 1664 2693 1713 et
2752 1654 2855 1715 hee
2901 1654 3107 1713 faciens
3155 1658 3307 1716 furo-

1726 1754 1841 1793 rem
1863 1739 2031 1793 auimi
2054 1740 2193 1810 ejus,
2214 1756 2375 1812 quem
2401 1738 2803 1815 conceperatex
2824 1746 3069 1807 absentia
3092 1759 3300 1818 nostra,

1725 1828 1916 1883 sedare
1945 1844 2057 1885 non
2083 1830 2257 1899 potui,
2281 1847 2406 1886 cum
2433 1833 2598 1888 etiam
2624 1834 2680 1888 in
2709 1835 2988 1897 redeundo
3020 1838 3235 1913 duobus
3250 1841 3302 1895 ei

1724 1918 1918 1975 diebus
1965 1921 2109 1990 apud
2142 1919 2379 1978 Colticas
2410 1923 2556 1995 (209)
2591 1932 2647 1980 et
2690 1934 2806 1982 toto
2851 1928 3135 1989 comitatui
3181 1930 3303 2000 ejus

1723 2011 2007 2066 servierim
2043 2012 2175 2069 satis
2201 2029 2490 2086 superque.
2535 2014 2634 2072 Hic
2667 2016 3043 2082 Flaviniacum
3071 2021 3297 2077 veniens

1723 2102 1954 2158 honeste
1982 2119 2011 2158 a
2043 2103 2200 2160 nobis
2235 2115 2522 2177 susceptus
2549 2116 2660 2176 est;
2708 2116 2764 2164 et
2802 2109 2860 2165 in
2902 2112 3095 2173 eadem
3139 2121 3300 2169 nocte

1725 2189 2013 2250 dominicae
2042 2194 2169 2262 diei,
2214 2208 2339 2252 cum
2368 2196 2417 2252 ei
2448 2198 2676 2256 honeste
2718 2200 3031 2269 servissent,
3059 2201 3119 2263 iu
3152 2212 3302 2260 treva

1727 2283 1824 2340 Dei
1860 2285 2065 2342 bancos
2111 2296 2166 2342 et
2207 2288 2559 2346 scarritiones
2592 2289 2738 2363 (210)
2781 2292 3008 2348 mercati
3056 2291 3306 2355 homines

1726 2370 1847 2446 ejus
1883 2374 2161 2449 fregerunt
2185 2387 2238 2433 et
2262 2380 2521 2448 tulerunt,
2560 2381 2687 2452 quia
2724 2390 2880 2437 erant
2922 2391 3049 2438 ante
3077 2384 3305 2449 domum

1725 2467 2108 2538 episcopalem,
2150 2478 2204 2525 et
2248 2478 2393 2526 terra
2446 2471 2586 2541 ipsa,
2632 2482 2925 2545 antequam
2980 2475 3179 2533 domus
3220 2476 3299 2537 lbi

1724 2554 1938 2626 fuisset,
1964 2560 2172 2616 eensita
2197 2570 2312 2616 erat
2339 2548 2651 2618 hominibus
2681 2578 2781 2634 pro
2809 2573 3051 2620 mercato
3078 2580 3305 2637 earum;

1724 2657 1779 2704 et
1806 2646 2056 2719 requisiti
2081 2651 2150 2706 ab
2178 2650 2493 2708 hominibus
2518 2668 2753 2724 quorum
2784 2653 2926 2724 juris
2955 2664 3132 2724 erant,
3172 2658 3306 2714 red-

1724 2739 1823 2795 diti
1851 2756 1960 2795 non
1996 2739 2236 2796 fuerunt.
2266 2740 2476 2796 Etcum
2505 2742 2698 2797 redditi
2722 2758 2830 2798 non
2854 2753 3058 2813 essent,
3081 2746 3302 2819 interim

1720 2831 1856 2887 emit
1884 2830 2105 2903 quidam
2155 2831 2320 2887 homo
2367 2847 2561 2887 eorum
2612 2849 2831 2888 carnem
2877 2833 3033 2890 bovis
3070 2837 3136 2891 ad
3162 2851 3303 2908 opus

1674 2976 1677 2980 .
1722 2922 1999 2992 episcopi:
2025 2938 2151 2978 cum
2186 2922 2441 2979 homines
2475 2924 2647 2979 nostri
2676 2940 2774 2995 pro
2816 2926 3116 2981 reverentia
3151 2928 3304 2998 epis-

1721 3013 1842 3084 copi
1868 3013 1994 3069 alibi
2033 3029 2159 3069 eum
2182 3014 2682 3087 ,vellent‘occidere,
2726 3015 2813 3070 ille
2841 3017 3019 3088 coegit
3045 3033 3139 3075 eos
3173 3028 3302 3076 ante

1721 3103 2003 3174 praefatam
2033 3104 2255 3160 domum
2300 3113 2562 3174 mactare,
2590 3098 2892 3178 nostrique
2938 3109 3114 3179 parati
3173 3117 3305 3166 sunt

1721 3195 2007 3263 afﬁrmare,
2039 3197 2187 3267 quod
2226 3195 2594 3253 defensionem
2633 3199 2712 3254 eis
2759 3208 2813 3253 et
2860 3199 3143 3255 tuitionem
3177 3216 3302 3271 pro-

1722 3287 1950 3343 miserit.
1976 3285 2092 3358 (fol.
2121 3287 2246 3359 158)
2267 3286 2461 3345 Occiso
2486 3289 2643 3357 bove,
2670 3290 2919 3345 homines
2943 3291 3112 3346 nostri
3137 3290 3302 3361 jussu

1721 3387 1911 3435 nostro
1955 3393 2054 3450 pro
2091 3379 2300 3435 honore
2348 3380 2589 3452 episc0pi
2643 3381 2773 3436 alibi
2826 3396 2950 3436 eum
2998 3390 3300 3437 traxerunt.

1725 3468 1977 3525 Videntes
2022 3470 2270 3525 homines
2303 3485 2537 3541 quorum
2567 3482 2684 3526 erat
2716 3480 2862 3526 terra
2907 3473 3134 3541 censita,
3171 3473 3303 3543 quia

1719 3576 1820 3633 ego
1845 3561 1923 3617 eis
1948 3561 2176 3631 primus,
2213 3561 2307 3632 qui
2341 3561 2630 3618 defendere
2657 3564 2942 3631 debebam,
2969 3564 3035 3619 de
3061 3579 3298 3621 consue-

1722 3653 1907 3708 tudine
1962 3662 2017 3708 et
2057 3669 2161 3708 usu
2185 3669 2372 3709 eorum
2418 3654 2755 3722 deﬁciebam,
2802 3655 3019 3726 ipsimct
3072 3655 3128 3710 in
3155 3666 3302 3711 terra

1719 3744 1961 3802 censuali
1990 3761 2087 3801 sua
2132 3746 2483 3801 scarritiones
2514 3746 2885 3814 ﬁrmaverunt,
2913 3755 2965 3801 et
2993 3762 3187 3803 carnes
3216 3763 3302 3803 re-

1718 3844 2037 3907 posuerunt.
2065 3836 2294 3907 Propter
2328 3839 2552 3895 baculos
2590 3840 2683 3909 qui
2715 3839 2863 3894 allati
2899 3848 3046 3907 sunt,
3084 3847 3140 3894 et
3166 3840 3300 3911 quia

1720 3928 2029 3999 congregati
2052 3938 2179 4001 sunt
2202 3930 2451 3986 homines
2491 3929 2558 3983 ad
2583 3930 2843 3984 tuendum
2872 3945 3035 3986 usum
3063 3945 3296 3986 censua-

1719 4019 1886 4075 litatis
1916 4035 2047 4088 sum,
2081 4021 2284 4076 malum
2314 4020 2415 4077 fuit
2442 4021 2718 4092 episcopo,
2761 4029 2817 4076 et
2839 4021 2975 4077 dixit
2999 4037 3058 4078 se
3078 4021 3297 4077 assalli-

1719 4121 1867 4177 tum;
1895 4122 2076 4165 tamen
2100 4113 2375 4167 hominem
2400 4128 2508 4167 non
2531 4122 2941 4183 percusserunt,
2964 4114 3093 4183 quia
3109 4115 3295 4171 nullus

1718 4216 1813 4257 eos
1835 4201 2120 4269 assallivit,
2148 4212 2202 4257 et
2224 4202 2326 4273 ipsi
2375 4203 2670 4259 neminem.
2718 4201 2822 4257 Ubi
2860 4203 2967 4259 vidi
2999 4205 3293 4260 molestum

1719 4292 1774 4347 id
1795 4308 1915 4348 esse
1941 4292 2214 4363 episcopo,
2251 4308 2351 4365 ego
2376 4294 2490 4363 ipse
2515 4309 2641 4348 cum
2681 4295 3007 4364 quibusdam
3033 4292 3298 4351 fratribus

1719 4393 1774 4440 et
1802 4384 2073 4439 nobilibus
2093 4385 2226 4439 viris
2245 4393 2298 4440 et
2324 4386 2681 4441 servientibus
2708 4386 2780 4440 ivi
2809 4386 2877 4441 ad
2906 4401 3052 4452 eum,
3080 4395 3136 4442 et
3170 4403 3295 4442 cum

97 4476 223 4531 naldo
257 4479 318 4535 de
358 4479 529 4546 Roca,
570 4478 713 4534 datis
757 4477 946 4533 solidis
990 4476 1060 4533 50
1102 4475 1279 4531 Odoni
1314 4477 1616 4532 vicecnmiti
1651 4485 1696 4540 Ι)
1720 4477 1950 4532 consilio
1991 4477 2160 4547 eptuli
2196 4477 2267 4542 ei,
2300 4477 2443 4548 quod
2485 4485 2697 4533 tantum
2734 4478 2784 4532 ei
2824 4477 2949 4533 inde
2983 4477 3217 4534 facerem
3241 4480 3298 4534 in

97 4562 234 4623 Rubei
271 4572 488 4637 montis,
534 4579 726 4626 sancto
774 4568 934 4624 Petro
980 4568 1220 4640 quietam
1264 4568 1387 4624 feci.
1425 4567 1616 4624 Testes

97 4654 273 4727 horum,
301 4663 391 4732 qui
440 4661 586 4718 infra
619 4680 632 4715 :
662 4660 997 4716 Gislebertus
1033 4659 1269 4730 juvenis.
1322 4658 1614 4715 Teubodus

95 4744 229 4816 ﬂant,
247 4751 532 4809 Rainaldus
546 4752 716 4818 Roca,
734 4750 1067 4807 Gislebertus
1087 4750 1152 4805 de
1173 4748 1367 4815 Turre,
1391 4747 1615 4820 Hagano

97 4837 362 4917 Roc,llngo
391 4846 616 4914 Miscus,
646 4842 933 4911 Goslenus,
972 4842 1246 4899 Gerardus
1279 4839 1431 4909 Duis,
1475 4837 1615 4895 Bru-

96 4931 281 5000 nardus,
310 4934 603 4991 Rainaldus
623 4933 739 4999 Fla,
768 4932 1086 4987 Rainaldus.

148 5012 390 5083 Willelmo
417 5029 485 5083 de
510 5026 801 5081 Turraboit
826 5024 895 5079 50
929 5024 1134 5080 solidos
1168 5039 1266 5095 pro
1290 5023 1615 5095 quibusdam

95 5116 563 5183 compositionibus;
595 5115 895 5171 Gisleberto
931 5114 1134 5169 solidos
1178 5112 1247 5168 '50
1276 5128 1375 5184 pro
1404 5114 1617 5169 redem-

95 5203 244 5269 ptione
275 5208 395 5278 equi
442 5209 589 5264 illius
628 5207 696 5263 de
745 5205 982 5264 Grosbof
1017 5220 1180 5277 quem
1224 5205 1366 5276 cepit
1396 5213 1452 5261 et
1483 5205 1616 5261 mihi

95 5293 304 5354 reddidit.
690 5297 700 5305 ’

1716 4568 1977 4635 crastino,
2022 4577 2287 4639 quantum
2342 4579 2664 4641 congrueret
2699 4569 2851 4640 justo
2890 4578 2946 4624 et
2987 4570 3204 4637 honori,
3243 4581 3300 4626 et

1716 4666 1983 4728 quantum
2009 4674 2226 4729 possem
2272 4667 2325 4714 et
2362 4660 2634 4716 deberem.
2682 4659 2748 4715 Et
2797 4675 2924 4716 mox
2969 4660 3295 4727 ascendens,

1716 4759 1931 4806 casatos
1952 4751 2213 4822 requisivi
2229 4760 2283 4807 et
2306 4752 2519 4808 nobiles
2540 4770 2679 4824 quos
2695 4754 2868 4825 potui,
2888 4753 2954 4807 ad
2985 4752 3294 4809 faciendum

1718 4841 1865 4911 quod
1898 4841 2217 4911 optuleram.
2270 4841 2487 4897 interim
2518 4844 2637 4914 ipse
2670 4844 3124 4900 christianitatem
3154 4846 3290 4900 mihi

1718 4933 1940 4989 abstulit
1965 4934 2112 5005 (211)
2146 4934 2220 4989 ita
2245 4941 2307 4989 ut
2346 4935 2616 5005 nuptiales
2647 4935 2739 5006 qui
2768 4924 2986 4997 aliunde
3010 4935 3296 4994 veniebant

1721 5025 1948 5082 missam
1976 5025 2325 5096 perdiderint,
2361 5033 2417 5080 et
2456 5042 2653 5096 corpus
2683 5028 3035 5097 sepulturam.
3067 5025 3180 5098 Ego
3210 5037 3296 5083 ta-

1722 5131 1848 5171 men
1898 5117 2045 5187 quod
2095 5117 2453 5188 promiseram
2497 5118 2742 5174 munitus
2789 5118 3020 5175 consilio
3062 5119 3293 5190 implere

1718 5206 1889 5273 vnlui,
1912 5215 1966 5261 et
1988 5207 2043 5261 in
2064 5223 2152 5261 me
2176 5223 2282 5262 non
2310 5208 2592 5275 remansit,
2624 5225 2724 5287 nec
2748 5210 2829 5266 sic
2851 5211 3074 5267 missam
3102 5210 3291 5265 habui.
3384 5248 3393 5257 .

1722 5296 1873 5353 Diem
1896 5298 2179 5354 constituit
2199 5299 2332 5354 mihi
2353 5299 2497 5370 apud
2518 5299 2758 5370 Eduam;
2784 5301 3020 5373 suscepi.
3045 5298 3297 5372 Cumque

1549 5422 1781 5481 ΝΟΤΑΞ.

150 5537 277 5666 (2107)
309 5563 360 5603 vr
416 5544 532 5600 Kal.
566 5543 674 5599 Jul.
716 5542 879 5598 habet
937 5536 1316 5609 Necrologium
1356 5534 1413 5590 S.
1465 5535 1620 5591 Beni-

150 5627 170 5666 η
232 5655 244 5666 .

306 5683 579 5766 Paschalis
599 5699 736 5766 papa
757 5680 955 5738 litteris
978 5695 1113 5766 ξνιιι
1139 5677 1257 5766 Kal.
1296 5675 1617 5766 ἕξιξῖξυρο

97 5746 212 5809 datis
228 5746 483 5828 Nergaudi
528 5746 845 5813 electionem
890 5750 1246 5809 conﬁrmavit.
1294 5747 1466 5804 Mansi
1495 5746 1610 5815 XX,

1723 5536 1882 5591 1017.
1908 5536 1971 5591 Κ.

1791 5607 1939 5748 (209)
1966 5606 2208 5691 Gouchy.

1811 5677 1937 5748 210)
1971 5677 2132 5748 banke
2160 5695 2208 5732 ιιι

1811 5677 1937 5749 210)
1968 5677 2132 5749 .‘m'nke
2160 5677 2267 5732 imd
2292 5679 2538 5734 scharren
2567 5680 2879 5740 Teutonice.

1792 5747 2002 5822 (211)1.
2026 5766 2074 5805 e.
2102 5750 2274 5808 sacris
2310 5750 2443 5807 mihi
2466 5752 2760 5810 interdixit.
