3878 6310
565 348 674 408 359

1571 332 1877 393 HUGONIS
1914 330 2211 389 ABBATIS
2250 327 2824 420 FLAVINIACEN§IS
3686 335 3757 394 δα)

564 463 725 521 vellet
764 467 826 517 ut
849 459 1105 519 homines
1133 456 1226 513 illo
1250 455 1527 519 ducerem,
1555 451 1669 508 dixi
1697 466 1807 507 non
1837 449 2143 515 facturum;
2174 452 2222 511 Α
2246 447 2502 505 conscius
2538 447 2787 517 fuissem,
2823 455 2881 505 et
2912 446 3021 503 alia
3058 445 3294 518 quedam
3336 445 3641 519 objicientes.
3674 469 3758 524 qua

564 571 674 611 non
704 553 852 610 enim
900 562 1167 623 poteram,
1203 548 1332 620 quia
1375 560 1478 601 nec
1523 560 1659 601 usus
1701 542 1823 599 erat
1867 542 2147 599 aecclesize.

562 644 786 714 Quesivi
816 642 1291 705 christianitatem,
1314 652 1416 692 nec
1436 635 1624 691 habui.
1650 633 1856 690 Videns
1879 634 2009 710 quia
2038 646 2151 689 non

564 738 844 803 haberem,
870 735 938 790 de
974 731 1175 789 casatis
1214 728 1458 785 ecclesia:
1501 728 1708 783 salvam
1740 724 2071 780 firmantiam
2099 723 2152 780 ei

564 831 736 901 optuli
763 835 1024 900 quattuor
1072 823 1224 880 milia
1256 821 1584 888 solidurum,
1611 819 1900 875 Walonem
1935 818 2001 873 de
2023 815 2155 872 Sar-

565 920 752 986 matia,
805 917 1168 973 Gislebertum
1221 913 1289 969 de
1338 911 1656 977 Luciniaco,
1707 908 2035 965 Rainaldum
2086 907 2155 963 de

565 1010 735 1077 Roca,
770 1007 1025 1062 Milouem
1069 1005 1137 1061 de
1177 1003 1453 1070 Frollone,
1506 1001 1804 1057 Goslenum
1838 995 2152 1066 Sinemuro,

564 1099 909 1165 Rainaldum,
954 1105 1009 1153 et
1068 1095 1354 1168 Hugonem
1409 1094 1783 1165 prmpositum,
1841 1084 2155 1146 videntibus

563 1192 843 1249 canonicis
893 1191 1032 1257 suis,
1085 1188 1375 1255 Walterio,
1431 1185 1729 1256 Stephano,
1780 1183 2063 1251 Duranno,
2101 1191 2157 1239 et

563 1282 733 1354 laycis
760 1282 1005 1353 Aymone
1040 1288 1095 1333 et
1121 1277 1405 1345 Josberto;
1436 1286 1490 1331 et
1538 1277 1637 1331 hec
1687 1274 1893 1331 faciens
1927 1274 2154 1330 missam

560 1375 794 1445 quesivi,
825 1382 878 1429 et
926 1390 1036 1428 non
1077 1371 1275 1427 habui.
1303 1369 1432 1441 (Jul.
1468 1369 1582 1441 15.)
1610 1368 1818 1424 Eduam
1868 1368 1964 1434 ivi,
2002 1376 2057 1422 et
2098 1367 2155 1422 in

560 1467 781 1538 placito,
810 1466 943 1535 quia
974 1466 1048 1519 ita
1078 1479 1317 1535 egeram,
1356 1463 1584 1518 missam
1620 1470 1746 1516 ante
1786 1459 1891 1515 alia
1917 1459 2151 1531 quesivi,

560 1560 747 1615 ethoc
776 1573 873 1628 per
894 1557 1167 1628 judicium
1195 1555 1381 1612 curim.
1421 1554 1489 1609 Et
1514 1554 1775 1624 quoniam
1811 1553 1878 1607 de
1905 1553 2153 1609 testimo-

561 1650 671 1706 niis
713 1649 920 1704 nostris
965 1649 1151 1721 laycos
1179 1646 1457 1702 nominavi
1497 1655 1551 1701 et
1578 1644 1811 1711 ostendi,
1855 1654 1909 1700 et
1935 1645 2061 1715 quia
2088 1644 2155 1700 de

562 1741 682 1797 suis
716 1741 884 1812 laycis
920 1738 1230 1796 Bernardus
1272 1738 1631 1794 mariscalcus
1677 1746 1865 1792 noster
1904 1738 2153 1792 nomina-

2254 541 2488 612 probare
2529 557 2638 598 non
2660 549 2933 613 poterant,
2958 541 3197 596 maxime
3213 554 3341 596 cum
3380 550 3553 597 essent
3592 541 3758 604 infames

2256 650 2526 709 personae.
2550 634 2784 701 Quidam
2807 634 2973 690 etiam
3011 648 3205 689 eorum
3232 631 3553 691 Helinannus
3575 651 3647 694 me
3676 639 3758 695 reli-

2255 739 2346 787 cto
2368 730 2423 784 in
2452 743 2717 785 consessu
2744 727 2907 783 etiam
2935 726 3329 784 canonicon
3360 726 3581 794 sedebat,
3599 744 3696 786 cum
3716 747 3759 786 eo

2254 821 2617 885 manducans,
2641 819 2835 876 bibens
2874 828 2930 875 et
2948 818 3222 890 equitans.
3261 817 3375 890 Ego
3395 834 3516 874 cum
3537 835 3681 876 essem
3696 837 3760 891 pa-

2254 923 2411 970 ratus
2452 911 2717 969 canonice
2757 912 3093 983 respondere
3132 921 3187 966 et
3214 910 3471 981 judicari,
3508 916 3760 969 monadmm

2255 998 2438 1079 ipsum
2463 1014 2738 1072 nostrum,
2772 1019 2934 1076 quem
2958 1004 3094 1058 mihi
3122 1004 3415 1075 episcopus
3436 1004 3627 1072 tulerat,
3646 1021 3761 1061 cano-

2254 1100 2377 1155 nice
2397 1098 2679 1170 requisivi,
2712 1112 2814 1153 nec
2839 1096 3027 1151 habui.
3064 1094 3295 1166 insuper
3347 1095 3457 1151 vidi
3488 1112 3576 1153 eos
3601 1112 3672 1153 me
3700 1113 3762 1154 ac-

2256 1200 2535 1256 cusantes,
2561 1198 2617 1244 et
2637 1188 2955 1260 compulsus
2976 1204 3121 1255 sum,
3168 1203 3239 1243 ne
3269 1187 3431 1258 quasi
3451 1188 3691 1258 culpabilis
3708 1191 3761 1244 vi-

2254 1278 2433 1348 derer,
2478 1281 2595 1352 ipse
2623 1280 2704 1336 eis
2748 1280 3047 1350 praecipere
3086 1287 3147 1334 ut
3172 1294 3302 1349 erga
3345 1295 3434 1334 me
3470 1279 3762 1351 loquemur.

2254 1374 2519 1432 Abbatem
2544 1374 2617 1429 ibi
2642 1374 2881 1445 aliquem
2906 1389 3015 1430 non
3037 1372 3150 1428 vidi
3174 1391 3190 1438 ;
3217 1371 3487 1443 judicium
3505 1388 3686 1442 quoque
3706 1391 3762 1427 ce-

2254 1478 2410 1541 ptum
2433 1467 2639 1523 factum
2662 1483 2773 1522 non
2795 1466 2919 1534 fuit,
2946 1466 3076 1537 quia
3098 1465 3225 1520 talis
3248 1464 3482 1534 quedam
3510 1479 3765 1520 noscentur-

2254 1561 2346 1617 dia
2378 1560 2628 1627 sociavit,
2656 1559 2931 1616 mediante
2953 1558 3212 1629 episcopo
3234 1556 3572 1611 Cabilonensi
3588 1566 3634 1611 et
3650 1556 3765 1612 Anse

2255 1654 2373 1710 rieo
2395 1655 2708 1725 praeposito,
2733 1664 2793 1708 ut
2815 1651 3101 1709 redderem
3143 1650 3446 1715 hominem,
3473 1650 3560 1720 qui
3586 1650 3763 1721 probam

2256 1753 2603 1801 sacramento
2625 1761 2711 1800 me
2732 1745 3014 1801 conscium
3038 1760 3147 1799 non
3175 1742 3522 1810 fuisse,etsic
3546 1743 3763 1797 amicitiam

565 1833 641 1887 vit
662 1834 959 1905 Aymonem
991 1840 1046 1888 et
1066 1831 1401 1899 Josbertum,
1423 1831 1691 1902 judicium
1716 1830 1919 1885 factum
1951 1840 2031 1886 est
2054 1846 2150 1901 per
2185 1830 2225 1889 Β
2253 1837 2495 1908 episcopi
2517 1836 2838 1907 reciperem,
2860 1848 2913 1893 et
2944 1837 2999 1891 in
3027 1836 3259 1908 gratiam
3304 1834 3534 1890 redirem
3558 1853 3569 1888 :
3591 1833 3764 1900 feci,nec
3820 1860 3821 1885 ι

561 1926 791 1981 clericos
818 1933 872 1980 et
899 1926 1103 1997 laycos.
1130 1923 1489 1979 Firmantiam
1511 1931 1692 1978 autem
1718 1924 1859 1977 hanc
1880 1923 1953 1977 ita
1982 1922 2152 1978 fuisse

562 2017 799 2072 oblatam
830 2017 1099 2072 afﬁrmare
1120 2006 1412 2072 voluerunt
1440 2025 1733 2083 nostrates,
1767 2025 1825 2069 ut
1846 2015 2152 2086 judicatum

560 2108 759 2166 fuisset
778 2111 944 2166 etiam
981 2125 1078 2181 per
1118 2109 1261 2182 ignis
1294 2116 1389 2164 aut
1420 2125 1577 2180 aqua:
1614 2107 1903 2179 judicium.
1953 2106 2029 2163 De
2066 2106 2153 2163 his

560 2199 765 2257 factum
798 2211 884 2257 est
912 2201 1226 2271 hujusmodi
1251 2201 1559 2272 judicium:

635 2294 901 2360 Quoniam
929 2294 1091 2348 abbas
1116 2302 1166 2348 et
1195 2294 1279 2347 sui
1308 2291 1611 2348 Josbertum
1637 2308 1739 2346 non
1762 2291 2052 2346 nominavit
2082 2288 2154 2344 ad

561 2384 821 2456 placitum
876 2385 1262 2455 accipiendum,
1312 2384 1409 2438 hoc
1457 2384 1605 2438 debet
1654 2400 1767 2438 esse
1812 2385 1869 2437 in
1918 2391 2152 2452 respectu

562 2476 703 2548 quod
733 2477 896 2531 abbas
927 2479 1150 2549 requirit
1202 2477 1265 2531 de
1296 2478 1460 2531 missa
1492 2477 1815 2547 recipienda,
1851 2485 1903 2530 et
1938 2486 2154 2547 propter

562 2570 661 2624 hoc
690 2570 801 2641 ipse
848 2586 952 2625 non
986 2570 1130 2627 debet
1161 2569 1347 2625 babere
1393 2579 1683 2641 respectant
1719 2569 1783 2625 de
1806 2567 2029 2639 justitia
2058 2568 2155 2623 Ito-

561 2663 768 2717 minum
809 2662 1077 2734 facienda.

632 2753 832 2810 Audito
870 2754 975 2810 hoc
1008 2754 1216 2825 judicio
1242 2752 1523 2824 obstupui,
1554 2761 1609 2808 et
1638 2751 1929 2809 consilium
1965 2750 2154 2808 :eccle-

561 2846 658 2902 site
680 2847 825 2919 quod
851 2859 1011 2903 antea
1033 2847 1333 2903 habueram
1355 2845 1640 2917 requisivi,
1666 2860 1766 2901 nec
1782 2844 1968 2900 habui.
1993 2843 2156 2899 Cum—

562 2955 671 3010 que
701 2940 882 2995 adhuc
928 2955 1178 2995 morarer
1228 2939 1282 2993 in
1326 2938 1558 2994 consilio
1612 2936 1798 3008 placiti
1846 2946 1903 2992 et
1938 2936 2153 3007 judicii,

563 3031 713 3102 rupit
739 3031 1024 3102 placitum,
1054 3038 1108 3109 et
1134 3030 1269 3086 abiit
1295 3045 1622 3101 pransurus.
1671 3027 1795 3084 Misi
1820 3028 1889 3083 ad
1916 3044 2071 3101 eum,
2101 3039 2156 3085 et

562 3132 875 3194 respectum
908 3122 1143 3195 quesivi,
1165 3132 1221 3179 et
1246 3138 1356 3179 non
1379 3121 1568 3190 habui,
1600 3118 1706 3176 nisi
1731 3119 2000 3193 judicium
2036 3121 2155 3178 lau-
2187 3158 2209 3195 In

562 3215 775 3272 darem.

636 3304 914 3377 Quantum
942 3323 1043 3381 pro
1068 3306 1382 3379 hujusmodi
1405 3305 1607 3380 placito
1634 3305 1946 3379 gravaverit
1976 3306 2155 3365 eccle—

563 3401 727 3471 siam,
754 3402 885 3458 hinc
907 3400 1090 3474 colligi
1113 3410 1313 3473 potest,
1350 3402 1498 3473 quod
1527 3403 1632 3458 hac
1659 3402 1851 3458 eadem
1892 3403 2155 3474 septima-

563 3486 667 3562 na,
687 3510 796 3567 qua
831 3495 939 3552 hoc
967 3495 1173 3553 factum
1212 3504 1316 3563 est,
1360 3504 1579 3551 centum
1608 3512 1780 3568 equos
1806 3497 2013 3568 absque
2041 3512 2158 3554 ser—

562 3587 839 3643 vientihus
858 3586 946 3655 28,
963 3588 1051 3656 5η,
1066 3585 1152 3655 4'8,
1166 3586 1253 3655 5°,
1273 3586 1336 3641 6a
1350 3584 1502 3643 feriis
1518 3586 1681 3643 Edua:
1698 3604 1785 3644 me
1798 3597 1981 3643 tenere
1996 3586 2153 3656 fecit;

564 3688 620 3735 et
653 3679 1027 3736 communiam
1076 3679 1348 3736 Eduensis
1377 3688 1433 3735 et
1456 3678 1842 3737 Cabilonensis
1864 3681 2159 3751 pareechia:

564 3788 859 3843 supernos
884 3781 1073 3843 postea
1094 3771 1470 3828 Flaviniacum
1492 3772 1737 3844 juratam
1764 3773 2035 3830 adducere
2056 3788 2158 3828 vo-

566 3864 850 3936 luit,quod
862 3850 1316 3921 tameninfectum
1327 3865 1613 3922 remansit.
1628 3864 2162 3922 Voluitetiaminter-

567 3959 750 4016 dicere
772 3975 963 4015 omnes
973 3959 1140 4016 cellas
1160 3969 1214 4015 et
1224 3960 1344 4016 loca
1357 3959 1425 4015 ad
1446 3975 1547 4016 nos
1565 3960 1924 4032 pertinentia;
1952 3958 2046 4016 sed
2064 3960 2163 4015 ob-

570 4052 705 4109 stitit
730 4053 872 4109 votis
893 4054 1014 4124 ejus
1037 4053 1324 4125 integritas
1348 4054 1575 4124 capituli
1601 4052 1906 4119 Eduensis;
1941 4052 2163 4108 fecisset

571 4153 775 4211 tamen,
806 4145 913 4202 nisi
934 4146 1259 4203 obstitisset.
1288 4144 1532 4201 Tandem
1554 4161 1680 4203 cum
1710 4145 2039 4201 multociens
2064 4162 2164 4215 pro

573 4237 675 4292 hac
696 4252 863 4314 causa
887 4237 1096 4293 Eduam
1140 4238 1434 4305 venissem,
1481 4237 1752 4307 justitiam
1801 4246 2162 4306 praesentalis,

568 4336 621 4382 et
665 4328 961 4399 aliquando
1005 4326 1441 4405 misericordiam
1485 4340 1759 4396 quaerens,
1781 4334 1835 4380 et
1860 4342 1960 4381 nec
2000 4325 2166 4397 justi-

571 4420 701 4475 tiam
724 4420 1039 4476 habuissem
1064 4435 1165 4495 nec
1192 4418 1649 4486 misericordiam,
1691 4418 1922 4477 consilio
1960 4428 2014 4474 et
2038 4419 2167 4475 hor-

571 4498 686 4566 tatu
710 4512 830 4582 ejus
857 4511 1079 4583 quidam
1104 4510 1336 4566 fratrum
1392 4520 1707 4565 nostrorum
1750 4508 2166 4566 insurrexerunt

573 4603 628 4658 in
656 4620 761 4671 me,
787 4603 1028 4658 dicentes
1076 4617 1163 4657 me
1184 4601 1470 4658 conscium
1493 4600 1665 4656 fuisse
1695 4600 1981 4656 seditionis
2017 4601 2165 4659 illius

573 4711 671 4765 pro
701 4712 809 4766 qua
830 4694 929 4749 hec
951 4693 1269 4766 agebantur.
1300 4690 1363 4745 Et
1390 4691 1460 4746 ob
1483 4690 1537 4745 id
1559 4697 1784 4747 vocatus
1806 4689 2015 4746 Eduam
2037 4708 2165 4763 pro-

574 4786 744 4843 ficisci
769 4800 1039 4857 ceperam,
1063 4784 1296 4839 vallatus
1322 4782 1553 4838 consilio
1573 4782 1971 4838 monachorum
2004 4782 2163 4838 nobi-

575 4877 707 4932 lium
730 4886 784 4933 et
808 4876 1183 4943 servientium,
1210 4885 1270 4930 ut
1288 4874 1597 4943 credebam,
1625 4875 1771 4945 quod
1795 4883 1976 4930 tamen
2004 4875 2166 4931 amisi

576 4966 837 5023 instinctu
877 4968 1015 5038 ejus.
1047 4948 1186 5022 Nam
1212 4964 1548 5021 Bernardum
1592 4964 1660 5019 de
1705 4962 1986 5031 Montfort,
2032 4965 2163 5039 quia

574 5072 710 5111 suus
739 5065 857 5110 erat
884 5056 959 5135 de,
980 5055 1137 5111 feodo
1159 5055 1333 5110 sancti
1363 5052 1530 5133 Petri,
1562 5054 1651 5108 cui
1677 5054 2036 5124 promiseram
2065 5069 2159 5108 so-

575 5148 714 5203 lidos
735 5148 805 5202 50
819 5148 1097 5204 etbonum
1125 5157 1372 5204 nostrum
1409 5146 1642 5223 tenebat,
1692 5147 1807 5217 ipse
1848 5162 1917 5201 ne
1941 5162 2160 5201 mecum

573 5241 677 5296 iret
697 5241 992 5312 prohibuit.
1026 5239 1183 5309 Quod
1226 5240 1392 5297 ceteri
1438 5240 1705 5307 videntes,
1748 5255 1875 5296 cum
1911 5254 2163 5297 essemus

568 5334 665 5400 25,
690 5349 883 5389 omnes
904 5324 1250 5390 recesserunt
1293 5350 1323 5390 a
1354 5334 1533 5390 nobis.
1566 5332 1678 5405 Ego
1714 5334 1865 5389 solus
1887 5349 2013 5388 cum
2040 5333 2160 5388 solo

470 5500 475 5503 ν
572 5427 845 5482 monacho
866 5436 920 5482 et
944 5427 978 5481 5
1006 5427 1368 5484 servientibus
1422 5427 1661 5498 capitulo
1698 5442 1788 5482 me
1815 5426 2157 5498 prmsentavi.

570 5517 714 5574 Ecce
735 5519 881 5574 circa
922 5520 1112 5575 horam
1146 5519 1369 5576 tereiam
1400 5521 1761 5589 advenerunt,
1806 5519 2029 5577 conscio
2071 5534 2159 5585 eo,

570 5612 796 5683 quidam
822 5622 1157 5683 nostrorum,
1183 5623 1504 5693 accusantes
1526 5630 1613 5671 me
1635 5614 1692 5671 in
1715 5614 1991 5686 capitolio,
2016 5614 2163 5685 quod

2254 1931 2510 2003 gratiam,
2547 1946 2649 1986 nec
2683 1930 2910 1986 missam
2940 1928 3127 1984 habui.
3156 1927 3394 1999 Insuper
3433 1926 3674 1998 prohibuit
3702 1926 3765 1982 sub

2254 2021 2621 2091 anathemate,
2658 2037 2727 2077 ne
2750 2020 3011 2077 fratribus
3053 2019 3190 2092 ipsis
3213 2035 3315 2090 pro
3337 2020 3443 2075 hac
3472 2020 3535 2075 de
3554 2035 3685 2075 causa
3700 2018 3765 2073 ini-

2254 2114 2508 2180 micarer,
2531 2122 2588 2168 et
2624 2114 2852 2168 omnino
2876 2128 2973 2169 eos
2996 2128 3027 2168 a
3073 2122 3261 2167 nostra
3282 2111 3623 2182 dispositione
3648 2126 3766 2166 remo-

2254 2209 2369 2274 vit;
2396 2222 2465 2261 ne
2487 2206 2570 2262 vel
2598 2205 2780 2261 saltim
2830 2220 2926 2262 eos
2966 2204 3036 2261 ab
3058 2202 3431 2273 oboedientiis,
3477 2204 3650 2277 quibus
3679 2218 3766 2275 pre-

2253 2309 2434 2366 erant,
2459 2314 2818 2354 removerem.
3822 2292 3823 2295 “

2328 2390 2478 2462 (Dec.
2511 2389 2805 2460 6).Septies
2826 2402 3045 2463 propter
3066 2389 3174 2445 hoc
3213 2386 3479 2459 placitum
3502 2402 3528 2441 a
3551 2385 3666 2443 festo
3683 2400 3765 2456 apo-

2256 2483 2523 2538 stolorum
2549 2497 2723 2552 usque
2733 2482 2802 2536 ad
2826 2479 3028 2536 festum
3049 2480 3225 2536 sancti
3247 2477 3500 2535 Nicholai
3522 2478 3690 2532 Eduam
3707 2478 3764 2539 ivi,

2254 2590 2357 2631 nec
2375 2574 2669 2645 justitiam,
2693 2589 2796 2631 nec
2823 2573 3077 2645 gratiam,
3109 2586 3213 2627 nec
3259 2572 3491 2627 missam
3520 2570 3675 2630 habui.
3692 2584 3766 2623 ma-

2255 2666 2400 2720 xime
2421 2680 2547 2722 cum
2569 2665 2635 2720 ad
2668 2663 3117 2722 satisfaciendum
3144 2663 3195 2720 ei
3229 2664 3502 2734 quosdam
3543 2664 3764 2734 tamtum.

2255 2756 2351 2826 qui
2378 2755 2800 2827 impetebantur,
2824 2755 2919 2811 illo
2938 2753 3192 2811 duxerim
3230 2764 3430 2810 contra
3456 2771 3604 2810 usum
3636 2765 3764 2807 recte
3824 2753 3825 2803 ξ

2256 2847 2372 2903 siaa.
2398 2846 2549 2914 Quos
2570 2848 2805 2919 qualiter
2818 2848 2936 2918 ipse
2958 2846 3297 2913 tractaverit,
3340 2844 3509 2918 pudet
3545 2840 3769 2905 reminisci.

2256 2940 2495 2996 maxime
2520 2956 2648 2995 cum
2676 2941 2827 2996 nulla
2868 2948 3017 2997 esset
3036 2940 3258 2996 occasio
3295 2954 3400 3011 pro
3447 2950 3551 3006 qua
3592 2936 3683 2993 hac
3713 2936 3766 3005 agi

2255 3030 2535 3088 deberent.

2328 3123 2447 3196 (fol.
2463 3123 2605 3196 158’)
2625 3124 2847 3183 Fratres
2875 3139 3095 3196 quoque
3118 3133 3341 3181 nostros
3361 3122 3695 3187 Divionenses,
3710 3116 3768 3188 qui

2257 3215 2394 3273 mihi
2416 3217 2485 3273 ad
2498 3217 2755 3274 solatium
2772 3218 2976 3274 laboris
2995 3227 3052 3274 et
3070 3217 3281 3273 ordinis
3293 3216 3590 3274 custodiam
3607 3212 3770 3272 datilae-

2256 3321 2401 3378 rant,
2425 3311 2561 3366 mihi
2583 3309 2833 3377 abstulit,
2885 3310 3208 3382 praecipiens
3238 3302 3563 3367 auctoritate
3598 3323 3683 3380 qua
3708 3318 3769 3375 po-

2258 3412 2399 3458 terat
2418 3413 2473 3458 et
2486 3401 2738 3470 debebat,
2763 3412 2823 3457 ut
2852 3401 2993 3457 infra
3021 3402 3139 3458 dies
3168 3410 3282 3457 tres
3306 3402 3584 3458 Divionem
3615 3399 3769 3456 nisieos

2257 3494 2620 3559 remisissem,
2646 3504 2702 3550 et
2720 3508 2816 3550 eos
2845 3494 2941 3565 qui
2985 3494 3212 3565 projecti
3257 3495 3481 3551 fuerant
3515 3503 3767 3553 revocarent.

2258 3586 2469 3641 nullum
2493 3586 2548 3640 in
2569 3586 2801 3642 ecclesia
2822 3584 3071 3642 divir'ium
3116 3586 3357 3643 cilicium
3381 3587 3529 3643 fieret
3554 3594 3633 3654 ;et
3649 3584 3709 3639 sic
3734 3580 3769 3634 in

2258 3662 2562 3732 crastinum
2585 3692 2748 3732 mane
2768 3675 2914 3733 facto
2944 3676 3176 3732 Romam
3199 3676 3483 3748 profectus
3517 3686 3609 3743 est,
3631 3684 3674 3729 ut
3689 3670 3770 3726 nul.

2258 3768 2347 3824 lus
2375 3778 2523 3824 esset
2541 3769 2608 3824 de
2628 3769 2799 3825 missa
2820 3768 3131 3841 recipienda
3160 3770 3245 3825 vel
3267 3768 3531 3826 fratribus
3552 3760 3770 3823 retinendis

2260 3858 2659 3929 deprecationis
2680 3859 2853 3914 locus.
3398 3856 3419 3870 ‘

2331 3948 2465 4020 Ego,
2501 3948 2595 4020 qui
2622 3952 2774 4004 tant'o
2815 3948 3151 4005 constrictus
3193 3948 3433 4005 articulo
3453 3947 3629 4005 vellem
3658 3943 3768 4000 etiam

2263 4039 2472 4110 majora
2527 4040 2845 4111 promittere
2881 4071 2952 4081 —
3002 4041 3177 4096 nimio
3223 4042 3378 4103 enim
3411 4041 3553 4099 tedio
3586 4036 3767 4109 angebat.

2262 4137 2409 4208 quod
2437 4137 2605 4192 tantis
2629 4136 2933 4207 injuriabar
2976 4137 3472 4207 tribulationibus;
3511 4133 3766 4207 siquidem:

2265 4230 2405 4288 festo
2430 4231 2806 4301 apostolorum
2852 4228 2999 4286 Petri
3043 4214 3122 4285 et.
3152 4225 3312 4285 Pauli
3365 4245 3542 4301 usque
3581 4227 3638 4284 ad
3675 4223 3768 4279 die»

2265 4324 2446 4394 ipsum
2488 4322 2632 4378 beati
2668 4320 2917 4379 Nicholai
2942 4322 3120 4378 natale
3146 4322 3443 4394 insignem,
3466 4336 3570 4393 quo
3589 4319 3669 4375 hec
3687 4327 3769 4385 g5-

2265 4426 2319 4473 ta
2351 4424 2500 4482 sunt,
2533 4416 2683 4493 nulla
2730 4430 2853 4470 mea
2905 4415 3062 4486 culpa
3111 4414 3414 4484 existente,
3456 4415 3625 4470 divino
3649 4406 3770 4464 cilicio

2268 4508 2620 4584 Flaviniacus
2651 4515 2942 4562 vacaverat
2966 4515 3019 4562 et
3046 4507 3328 4576 sepultura
3351 4536 3427 4546 —
3455 4504 3647 4563 decrevi
3668 4494 3769 4555 omni

2268 4600 2341 4668 ei,
2370 4600 2536 4656 etiam
2575 4599 2629 4653 in
2654 4599 2947 4655 contrariis
2976 4610 3032 4654 et
3064 4598 3273 4667 noxiis;
3317 4598 3480 4655 subdi
3519 4590 3768 4654 obedientil.

2270 4703 2331 4749 ut
2355 4693 2439 4747 vel
2474 4692 2555 4749 sic
2578 4691 2859 4761 leniretur,
2876 4700 2929 4747 et
2951 4700 3240 4762 pacaretur
3271 4692 3443 4746 animi
3475 4691 3587 4761 ejus
3601 4685 3771 4759 perlim'

2270 4787 2376 4854 tia;
2411 4795 2465 4840 et
2505 4785 2636 4841 dum
2687 4784 2906 4839 ruinam
2938 4783 3101 4855 quasi
3150 4783 3321 4840 vitare
3368 4785 3539 4851 volui,
3584 4774 3771 4836 immanis

2271 4877 2558 4950 praecipitii
2581 4876 2648 4909 "7
2677 4876 2958 4947 baratrum
2989 4876 3218 4932 incurri.
3258 4875 3375 4932 Hoc
3399 4877 3542 4933 enim
3591 4874 3639 4928 in
3677 4868 3772 4922 facto

2267 4986 2371 5040 nec
2418 4970 2539 5040 ejus
2595 4968 2895 5024 amicitiam
2952 4968 3299 5039 recuperavi,
3329 4986 3500 5040 quam
3546 4950 3773 5032 numquam

2267 5062 2472 5130 habui,
2528 5076 2631 5116 nec
2690 5060 3085 5117 monachorum
3147 5070 3466 5117 nostrorum
3533 5057 3772 5115 caritatem;

2266 5156 2401 5226 quin
2430 5154 2634 5225 potius,
2665 5153 2813 5223 quod
2843 5153 2950 5223 ipsi
2982 5153 3305 5223 querebant,
3338 5153 3407 5209 ad
3431 5151 3572 5224 quod
3594 5145 3774 5207 intende-

2264 5246 2602 5318 bant,patris
2626 5245 2799 5301 nostri
2822 5244 3173 5301 Divionensis
3200 5255 3254 5301 et
3281 5244 3509 5302 fratrum
3539 5248 3773 5302 rostrorum

2267 5338 2686 5394 unauimitatem
2716 5337 2938 5392 offendi.
2964 5335 3030 5392 Et
3056 5337 3278 5407 quidem
3316 5336 3454 5394 satis
3506 5340 3662 5409 digne.
3684 5327 3773 5383 Nam

2268 5446 2367 5502 pro
2391 5430 2605 5486 meritis
2632 5439 2752 5486 acta
2780 5444 2868 5484 res
2890 5438 2994 5496 est,
3045 5439 3105 5484 ut
3147 5429 3241 5499 qui
3272 5429 3483 5488 malum
3513 5430 3705 5485 feceram
3729 5443 3773 5457 ’-

2269 5523 2417 5595 quod
2466 5534 2676 5579 certum
2705 5532 2790 5579 est
2827 5523 3034 5577 malum
3072 5522 3206 5577 mihi
3256 5537 3404 5591 esse,
3464 5526 3624 5583 bonos
3659 5534 3682 5571 a
3720 5523 3773 5565 ωε

2270 5615 2536 5671 mittendo
2568 5624 2629 5672 ut
2657 5615 2867 5672 veniret
2894 5613 3102 5671 bonum
3128 5654 3144 5683 ,
3175 5613 3335 5684 cujus
3387 5614 3594 5673 venturi
3632 5604 3772 5664 nullan

1846 5705 2076 5765 VAerE
2115 5704 2409 5764 LECTION
2419 5705 2518 5764 ES.

645 5797 713 5835 ⁸²⁷
740 5798 904 5870 pcipii
927 5816 972 5856 c.
