3878 6310
44 349 126 404 361

44 458 280 514 habebam
337 454 714 511 confidentiam
740 495 755 520 ,
789 454 912 509 -sed
974 454 1272 524 plenariam
1328 451 1575 506 difiiden—
1605 447 1652 502 Λ

43 553 154 607 tiam
180 577 261 613 —-,
284 556 344 602 ut
367 546 855 616 impraesentiarum
880 555 1044 615 patet,
1079 546 1196 614 ipse
1234 559 1334 599 nec
1374 544 1578 598 bonum

29 640 267 706 gbaberem
297 637 440 706 quod
467 650 574 690 non
597 635 901 699 credebam,
926 643 979 690 et
999 635 1145 703 quod
1167 633 1434 687 habebam
1458 647 1582 701 per-

28 699 221 794 iderem.
248 699 456 784 ut-sola
498 727 712 782 vexatio
766 699 1097 782 intellectum
1147 727 1302 782 daret
1348 699 1577 780 auditui.

44 821 210 892 Recepi
233 819 572 891 postmodum
599 819 999 874 absolutionem
1032 835 1062 872 a
1107 818 1374 888 Lugdune
1401 859 1416 883 ,
1471 833 1582 872 non

41 922 194 965 tamen
216 925 308 980 per
335 924 482 974 eum,
506 909 634 978 quia
656 923 751 977 per
775 907 1269 977 archiepiscopum,
1291 916 1344 963 et
1366 908 1582 962 interim

43 1000 154 1053 dum
175 999 373 1054 absens
395 998 499 1054 fuit
531 999 738 1068 quievi,
771 998 879 1054 nisi
913 999 1058 1068 quod
1082 999 1272 1054 omnia
1321 999 1378 1053 in
1428 999 1584 1069 pejus

42 1105 177 1144 ruere
190 1089 434 1145 videbam
456 1103 556 1158 pro
578 1089 930 1144 destitutione
956 1089 1186 1155 ordinis,
1213 1097 1267 1143 et
1293 1089 1585 1144 emendare

42 1180 252 1248 nequivi,
283 1180 412 1250 quia
454 1179 604 1234 solus
631 1194 800 1233 eram.
833 1177 989 1233 Tunc
1033 1179 1149 1248 cepi
1203 1179 1405 1233 sentire
1452 1177 1584 1247 quid

42 1270 398 1338 cogitaverant,
431 1268 561 1337 quid
589 1275 1065 1337 attemptaverant,
1112 1265 1245 1336 quid
1286 1265 1584 1320 machinati

45 1357 245 1423 fuerant,
268 1372 392 1412 cum
411 1357 523 1426 jam
553 1356 844 1411 emendare
873 1370 984 1410 non
1006 1364 1271 1424 poteram.

99 1449 297 1504 lnterim
320 1448 426 1504 feci
451 1463 636 1519 pacem
653 1464 776 1502 cum
799 1446 1064 1502 Rainaldo
1079 1447 1145 1501 de
1164 1445 1586 1517 Granciaco,qui

45 1539 384 1610 frequentibus
427 1539 818 1609 irruptionibus
845 1549 899 1594 et
921 1536 1417 1608 deprsedationibus
1460 1552 1584 1591 om-

46 1633 117 1685 nia
138 1642 309 1687 nostra
334 1633 707 1701 perturbabat,
724 1641 779 1686 et
797 1631 923 1702 quia
941 1631 1148 1700 justam
1171 1645 1396 1685 causam
1419 1631 1586 1684 habe-

47 1721 134 1784 bat,
159 1720 223 1774 60
249 1721 297 1776 ei
323 1721 531 1777 solidos
557 1722 860 1791 composui.
905 1719 1101 1777 Pacem
1124 1720 1287 1774 etiam
1315 1734 1439 1775 cum
1461 1718 1583 1773 Wi-
1617 1770 1660 1828 Β

46 1811 163 1864 done
199 1810 264 1866 de
313 1809 612 1866 Luciniaco
649 1809 816 1866 fratre
852 1811 994 1881 ejus,
1046 1820 1100 1866 et
1149 1810 1216 1866 d'e
1262 1807 1388 1864 fedo
1435 1808 1582 1878 quod

47 1902 484 1971 calumpniabatur
523 1903 664 1958 duos
693 1903 755 1958 ei
801 1903 1015 1958 modios
1053 1913 1108 1958 et
1153 1912 1280 1959 octo
1315 1902 1584 1958 sextarios

47 1990 242 2057 reddidi,
299 1992 431 2046 dum
467 2001 615 2047 tutor
665 2001 813 2048 esset
871 1991 1108 2048 filiorum
1147 1992 1369 2048 Tebaldi
1425 1992 1581 2060 Rufi;

47 2091 265 2148 quartum
303 2081 441 2138 mihi
497 2083 657 2138 laude
703 2084 891 2140 uxoris
925 2100 1040 2141 suae
1087 2093 1143 2140 et
1198 2085 1434 2141 filiorum
1481 2087 1584 2144 do-

49 2171 189 2238 navit,
215 2171 519 2227 hominium
549 2171 700 2240 fecit,
736 2183 792 2229 et
813 2174 1124 2230 ﬁdelitatem
1149 2175 1373 2244 juravit.

105 2260 205 2328 llis,
234 2263 326 2333 qui
354 2264 633 2335 graviores
659 2273 838 2332 erant,
868 2265 944 2321 ita
971 2266 1202 2336 pacatis,
1239 2281 1339 2336 pro
1380 2265 1590 2323 Walte-

51 2352 115 2406 rio
151 2353 211 2407 de
241 2353 464 2420 insulis,
521 2370 685 2425 quem
736 2357 1210 2427 calumpniabatur
1254 2356 1590 2413 Gislebertus

52 2441 295 2511 lischius,
319 2446 390 2501 55
420 2445 630 2502 solidos
667 2445 814 2514 dedi,
851 2456 905 2502 et
935 2462 1036 2517 pro
1082 2447 1195 2502 filio
1229 2448 1440 2504 sororis
1468 2448 1590 2517 ejus

53 2532 290 2592 lsolidos
360 2546 416 2592 et
484 2545 653 2592 totam
709 2552 903 2594 eorum
974 2538 1287 2609 progeniem
1348 2539 1590 2609 quietam

54 2634 212 2678 sancto
243 2622 403 2682 Petro
442 2634 498 2680 et
531 2633 722 2682 sancto
753 2624 999 2696 Prejecto
1032 2624 1156 2682 feci.
1189 2627 1384 2682 Actum
1413 2626 1592 2683 Flavi-

55 2729 201 2770 mace.

109 2803 290 2861 Ducem
308 2821 410 2877 pro
434 2807 772 2866 salvamento
789 2808 956 2880 (212),
971 2809 1118 2878 quod
1140 2809 1392 2864 homines
1418 2808 1593 2865 nostri

56 2895 108 2948 de
141 2895 343 2954 Galiaco
385 2909 582 2954 contra
631 2899 726 2970 jus
774 2909 830 2956 et
882 2915 1045 2955 usum
1080 2901 1128 2955 ei
1157 2900 1290 2955 dare
1317 2899 1592 2968 volebant,

58 2985 386 3047 Flaviniacum
425 2993 616 3049 venire
648 2993 782 3060 feci;
811 3001 866 3048 et
887 3007 984 3063 per
1004 2992 1274 3062 judicium
1308 2993 1476 3048 curiae
1495 3007 1596 3049 no-

59 3087 158 3133 stre
173 3090 222 3136 et
237 3097 367 3148 sure,
381 3081 516 3152 quia
529 3080 737 3138 fmdum
752 3091 1004 3138 nostrum
1025 3081 1278 3148 habebat,
1297 3081 1600 3137 salvamen—
1619 3103 1668 3168 α

59 3179 150 3224 tum
169 3173 332 3242 ipsum
357 3174 620 3244 vurpivit.
639 3173 746 3230 Cui
771 3188 875 3245 ego
911 3189 1114 3244 equum
1139 3184 1358 3230 centum
1386 3175 1593 3232 solido-

62 3278 158 3318 rum
187 3282 278 3336 pro
307 3267 520 3322 honore
550 3267 694 3323 dedi.

115 3357 352 3414 Arnulfus
374 3359 546 3414 etiam
575 3359 643 3415 de
666 3359 964 3427 Grosboes,
998 3369 1220 3431 accepta
1261 3375 1292 3416 a
1329 3361 1488 3418 nobis
1507 3377 1600 3418 so-

62 3445 238 3514 cietate,
266 3461 318 3505 et
345 3452 414 3506 15
437 3451 631 3507 solidis
661 3465 761 3522 pro
789 3453 1042 3520 caritate,
1094 3454 1234 3510 duas
1269 3453 1506 3512 familias
1533 3456 1602 3511 de

65 3537 178 3595 [telo
203 3545 367 3600 sancti
407 3543 558 3600 Petri
602 3545 658 3601 in
703 3543 951 3601 Cleriaco
995 3554 1050 3601 et
1097 3546 1400 3618 Ageruiaco
1443 3548 1602 3604 nobis

66 3632 276 3701 reddidit,
329 3646 380 3694 et
423 3637 644 3693 tertiam
701 3638 858 3694 nobis
888 3647 1076 3694 contra
1106 3637 1408 3710 Aymonem
1438 3639 1602 3695 Lovcl

66 3724 253 3782 militem
295 3740 548 3785 nostrum
579 3729 930 3800 conquisivit.
987 3729 1242 3786 Reddidit
1266 3741 1320 3787 et
1349 3747 1602 3788 mansum

69 3827 204 3868 unum
228 3817 279 3871 in
303 3818 658 3876 Cavanniaco
684 3821 752 3876 de
771 3829 914 3876 terra
948 3821 1121 3876 sancti
1172 3820 1318 3877 Petri
1367 3821 1434 3877 de
1481 3821 1604 3877 fedo

69 3917 147 3956 suo
181 3906 495 3977 Flaviniaci,
535 3911 749 3968 vidente
772 3911 838 3967 Κ.
861 3913 1087 3982 majore,
1115 3921 1169 3968 et
1191 3913 1304 3968 filio
1357 3913 1603 3983 ejusdem

69 3994 262 4053 Amulli.
312 4001 516 4056 Actum
566 4001 619 4056 4.
675 4000 810 4058 feria
861 4002 1058 4072 jejunii
1101 4002 1310 4059 mensis
1361 4001 1632 4073 Septem-.

70 4080 175 4140 bris.

125 4177 275 4246 Aymo
309 4197 534 4251 quoque
560 4182 627 4237 de
656 4183 910 4238 Griniaco
943 4184 1248 4240 hominium
1269 4184 1605 4255 recognovit,

71 4274 290 4326 ctaoster
314 4271 496 4329 factus
521 4284 622 4328 est.
648 4274 943 4330 Walterius
987 4292 1199 4332 necnon
1240 4277 1306 4332 de
1347 4277 1609 4332 Grinione

66 4367 148 4422 pro
167 4361 262 4416 lilio
281 4379 381 4418 suo
404 4365 679 4419 monacho
706 4375 903 4420 terram
933 4383 1185 4436 magnam
1215 4377 1267 4422 et
1291 4376 1506 4436 pratum
1530 4367 1609 4420 in—

1253 330 1663 394 CHRONICON.

1682 363 1748 376 --
1769 332 1897 389 LIB.
1931 333 1992 388 ΙΙ.
3149 343 3266 400 δα.

1677 445 1850 500 ciente
1872 453 1925 500 et
1959 444 2232 512 laudante,
2266 446 2623 508 hereditatem
2653 465 2810 507 suam
2855 451 2911 508 in
2950 455 3256 528 Agerniaco

1684 537 1847 590 sitam
1879 536 1935 590 in
1957 536 2117 591 terris
2153 537 2313 592 cultis
2346 547 2399 594 et
2445 539 2686 608 incultis,
2716 545 3008 616 mancipiis
3046 547 3253 602 utrius-

1682 641 1790 696 que
1812 641 1997 694 scxus,
2054 637 2246 684 sancto
2295 628 2455 686 Petro
2506 634 2832 690 contradens
2877 651 3041 706 super
3085 637 3258 693 altare

1683 717 1902 784 posuit,
1951 732 2015 772 ea
2046 719 2353 774 conditione
2379 729 2437 774 ut
2465 721 2640 791 neptis
2663 723 2784 792 ejus
2814 739 2975 780 soror
3011 725 3258 799 Hugonis

1683 807 1750 863 de
1805 806 2161 874 Curenciaco,
2202 824 2266 864 ea
2319 811 2552 866 obeunte
2581 812 2672 867 illa
2699 815 2982 884 potiretur,
3033 827 3086 873 et
3130 829 3258 888 post

1683 899 1804 968 ejus
1825 899 2035 953 obitum
2067 900 2310 955 dominio
2330 902 2592 958 ascclesiae
2615 903 3042 963 Flaviniacensis
3062 909 3252 964 eadem

1685 988 2016 1059 proveniret.
2057 987 2339 1044 Defunctis
2383 991 2660 1062 utrisque,
2701 993 2768 1048 de
2811 994 3121 1050 haereditate
3153 1012 3255 1052 nos

1684 1080 2023 1136 vestivimus.
2053 1078 2261 1134 Etcum
2288 1080 2751 1151 calumpniaretur
2772 1085 3062 1152 praedictus
3080 1085 3252 1158 fingo,

1683 1171 1895 1242 judicio
1919 1171 2066 1236 dato,
2105 1171 2244 1226 duos
2274 1172 2544 1240 legitimos
2583 1173 2834 1230 homines
2875 1177 3256 1244 produximus,

1685 1261 1926 1332 praedicti
1961 1261 2116 1317 fundi
2143 1277 2361 1316 servum
2387 1261 2480 1330 qui
2509 1263 2712 1332 pariter
2747 1265 2908 1320 datus
2933 1275 3044 1331 est,
3070 1276 3123 1322 et
3153 1269 3258 1322 mi-

1686 1353 1968 1408 nistralem
1992 1353 2236 1422 ejusdem
2265 1351 2417 1407 fundi
2447 1353 2622 1408 nostri
2653 1354 2748 1422 qui
2771 1355 3036 1423 interfuit,
3057 1366 3110 1412 et
3131 1370 3258 1426 pro-

1686 1445 1817 1501 bare
1829 1446 2118 1500 voluerunt
2140 1446 2342 1501 donum
2367 1447 2440 1500 ita
2458 1446 2682 1502 factum.
2701 1447 3055 1518 Expectawm
3075 1461 3256 1509 tamen

1686 1546 1771 1592 est
1811 1545 1871 1590 ut
1899 1537 2181 1590 audiretur
2236 1537 2375 1591 idem
2420 1537 2688 1606 judicium
2740 1539 2797 1593 in
2850 1541 3045 1609 majori
3083 1541 3236 1596 curia

1686 1624 1882 1680 Actum
1905 1624 2236 1696 Agemiiaco.
2275 1623 2367 1681 Sic
2399 1635 2600 1682 terram
2623 1628 2935 1684 habuimus.

1762 1713 1989 1770 Redemi
2014 1715 2178 1774 etiam
2213 1716 2352 1771 duos
2372 1732 2617 1783 mansos,
2637 1718 2663 1771 1
2690 1718 2831 1773 intra
2851 1720 3058 1774 curiam
3081 1720 3258 1775 Lalia-

1689 1808 1772 1874 ci,
1820 1808 1988 1863 alium
2037 1817 2190 1863 extra
2237 1809 2480 1876 curiam,
2533 1810 2804 1865 solventes
2851 1825 3072 1883 quoque
3118 1827 3263 1866 anno

1690 1901 1758 1954 12
1779 1899 2055 1966 denarios,
2070 1900 2106 1954 2
2119 1899 2327 1967 solidis,
2343 1915 2468 1955 cum
2483 1901 2588 1956 iret
2601 1900 2918 1972 Hispaniam
2942 1892 3259 1958 Folcuinus.

1689 1991 1886 2047 Actum
1915 1989 2251 2046 Flaviniaco.

1757 2081 2093 2139 Adcielmum
2129 2097 2349 2155 quoque
2372 2091 2425 2140 et
2451 2082 2784 2156 progeniem
2803 2082 2924 2155 ejus
2956 2083 3170 2157 apti-nui
3194 2085 3265 2142 ab

1688 2175 1878 2230 eodem
1901 2173 2166 2232 Folcuino
2194 2177 2262 2230 12
2291 2176 2502 2232 solidis.
2541 2177 2738 2232 Actum
2764 2175 3006 2232 Galiaco.

1758 2265 2100 2336 Tapetiolum
2128 2267 2324 2334 etiam,
2353 2265 2501 2337 quod
2543 2264 2725 2323 Carlet
2779 2266 3003 2335 dicitur,
3055 2267 3263 2323 redemi

1847 2355 1972 2410 idis.

1847 2355 1916 2408 id'
1957 2397 1972 2410 .

1691 2355 1726 2410 5
1759 2355 2072 2519 ῖὲζι.ιῗ59.)
2098 2446 2233 2504 Duci
2257 2462 2459 2519 equum
2485 2448 2509 2502 l
2537 2447 2660 2503 dedi
2683 2447 2750 2502 10
2770 2447 3037 2503 librarum
3053 2461 3154 2518 pro
3181 2447 3268 2501 in-

1693 2539 1926 2595 solentia
1955 2541 2119 2597 unius
2153 2543 2444 2598 servientis
2470 2543 2665 2609 nostri,
2695 2551 2750 2598 et
2769 2543 2886 2613 ipse
2906 2535 3148 2598 laudavit
3167 2556 3266 2597 no-

1692 2628 1780 2686 bis
1807 2630 2012 2685 donum
2047 2631 2194 2702 quod
2211 2631 2440 2701 quilibet
2459 2631 2616 2688 miles
2646 2632 2768 2702 ejus
2802 2631 2869 2688 de
2898 2630 3022 2688 fedo
3043 2646 3150 2688 suo
3183 2631 3269 2687 fa-

1693 2728 1840 2776 ceret
1862 2719 2261 2776 Flaviniacensi
2287 2721 2554 2777 ecclesiae.

1767 2809 2030 2866 Walterio
2055 2811 2124 2866 de
2151 2809 2294 2866 Tilio
2318 2812 2374 2866 in
2397 2810 2730 2882 adjutorium
2749 2811 2996 2868 ecclesia:
3021 2811 3088 2867 de
3115 2809 3269 2868 Pris-

1695 2903 1848 2958 ciaco
1871 2917 2075 2972 equum
2104 2918 2274 2957 unum
2304 2902 2375 2957 50
2403 2901 2704 2958 solidorum
2729 2901 2876 2956 dedi.
3119 2907 3123 2910 ’

1768 2993 1950 3048 Erleio
1971 3003 2026 3049 et
2047 2991 2272 3048 Widoni
2299 2993 2540 3049 dominis
2576 2991 2912 3048 Colticarum
2955 2993 3026 3047 40
3066 2996 3272 3048 sotidos

1698 3084 1841 3152 dedi,
1859 3097 1912 3142 et
1934 3085 2039 3157 ipsi
2055 3085 2413 3157 vurpiverunt
2431 3099 2622 3140 omnes
2643 3083 2818 3140 malas
2844 3083 3270 3140 consuetudines

1698 3175 1752 3231 in
1780 3175 2042 3232 Celticus.

1767 3267 1828 3322 ln
1851 3269 2112 3324 thesauro
2141 3266 2389 3324 ecclesia:
2417 3267 2518 3323 hec
2542 3267 2728 3323 addita
2751 3275 2913 3334 sunt,
2950 3265 3274 3322 filacterium

1701 3361 1726 3415 1
1773 3361 1918 3432 quod
1945 3361 2093 3417 dedit
2125 3360 2422 3416 Walterius
2460 3361 2765 3416 monachus
2809 3361 2876 3415 de
2922 3359 3102 3428 Grin.,
3147 3374 3276 3414 cum

1703 3451 1958 3522 mappula
1988 3453 2226 3522 pretiosa
2275 3462 2330 3508 et
2382 3453 2504 3506 alba
2537 3455 2745 3523 parata.
2783 3450 3012 3507 Certim
3044 3451 3068 3506 1
3107 3465 3276 3520 quam

1699 3543 1849 3599 dedit
1873 3540 2165 3599 Teubodus
2200 3559 2328 3598 cum
2365 3543 2596 3598 mantili.
2643 3543 2795 3597 Alba:
2843 3543 2878 3597 5
2927 3556 3067 3612 quas
3117 3539 3276 3612 llugo

1702 3634 2006 3690 monachus
2029 3635 2097 3692 de
2121 3634 2395 3690 Belloloco
2423 3635 2666 3690 moriens
2689 3633 2824 3688 mihi
2852 3633 3006 3688 misit
3025 3647 3150 3688 cum
3179 3646 3277 3686 ca-

1702 3725 1805 3779 lice
1831 3733 2107 3796 argenteo,
2139 3726 2233 3795 qui
2256 3735 2341 3780 est
2361 3726 2506 3796 apud
2536 3726 2952 3781 Bellumlocum.
2981 3723 3198 3780 Calices
3217 3725 3275 3790 2,

1703 3832 1848 3871 unus
1890 3817 1944 3871 in
1995 3825 2110 3871 toto
2155 3817 2472 3884 deauratus,
2503 3831 2645 3886 quos
2669 3816 2828 3872 Walo
2861 3817 3166 3872 monachus
3211 3815 3280 3870 de

1706 3907 1852 3962 Roca
1874 3907 2023 3974 fecit,
2057 3923 2182 3962 cum
2213 3923 2384 3978 cappa
2419 3909 2442 3963 1
2467 3910 2536 3964 (10
2554 3909 2722 3980 pallio
2741 3917 2795 3964 et
2821 3909 3010 3964 casula
3043 3917 3098 3964 et
3123 3907 3280 3964 stolis

1703 3996 1741 4049 2
1762 4007 1815 4051 et
1841 3997 1979 4053 albis
1999 3999 2052 4052 4.
2077 3998 2228 4053 ΛΠ)το
2246 3997 2282 4050 2
2313 4014 2451 4068 quas
2481 3997 2610 4054 fecit
2635 3999 2912 4070 Gyrardus
2939 4000 3006 4054 de
3031 3998 3277 4054 Colticis.

1707 4084 1844 4140 Alba
1871 4088 1894 4140 1
1927 4087 1981 4140 in
2011 4089 2219 4156 capella
2246 4097 2457 4154 nostra,
2488 4104 2653 4158 quam
2679 4090 2818 4143 mihi
2845 4089 2995 4144 dedit
3019 4105 3158 4144 uxor
3178 4089 3284 4146 Go-

1710 4179 1867 4234 zelini
1894 4179 1960 4234 de
1986 4179 2180 4233 Besua.
2209 4179 2344 4234 Alba
2377 4195 2541 4248 quam
2567 4180 2702 4234 mihi
2722 4180 2868 4234 dedit
2893 4179 3038 4236 Βοιό
3059 4182 3127 4236 (10
3154 4181 3279 4247 Bar,

1710 4270 1945 4325 Baldrici
1972 4270 2118 4326 filius
2166 4285 2332 4340 super
2359 4269 2572 4335 Albam,
2611 4271 2832 4340 quando
2875 4281 3063 4326 noster
3101 4271 3282 4328 factus

1711 4371 1812 4418 est.
1849 4362 2237 4432 Supersedium
2264 4363 2314 4416 1.
2341 4362 2565 4418 Redemi
2597 4362 2764 4418 etiam
2805 4363 3081 4432 palliolum
3111 4380 3282 4418 unum

73 4443 424 4508 dominicatum
448 4454 606 4524 juxta
632 4455 954 4512 Corticcllas
998 4458 1153 4512 multi
1207 4457 1376 4526 precii
1419 4465 1611 4513 sancto
1643 4460 1688 4516 Β
1714 4453 1782 4508 50
1825 4455 2014 4509 solidis
2063 4462 2118 4509 et
2169 4454 2236 4508 de
2258 4469 2324 4509 eo
2358 4454 2588 4508 limbum
2615 4455 2668 4508 in
2711 4455 2893 4524 pallio.
2945 4471 3056 4526 quo
3085 4471 3284 4525 corpus

71 4529 280 4610 Ire-iectu
325 4546 498 4601 dedit.
557 4548 754 4602 Actum
803 4548 894 4603 die
938 4548 1080 4604 festo
1128 4547 1187 4604 S.
1219 4549 1365 4604 Petri
1391 4549 1461 4604 ad
1489 4549 1610 4603 vin-

74 4625 190 4682 una.

78 4757 88 4778 .
133 4717 378 4790 Raynerio
405 4726 478 4780 de
502 4725 750 4793 Diusmo,
780 4744 880 4797 pro
899 4729 1230 4798 quihusdam
1265 4726 1616 4796 compositio-

80 4806 226 4992 ἕως,
247 4814 444 4883 quibus
475 4826 619 4872 terra
645 4819 711 4873 de
734 4819 1034 4889 Empiliaco
1056 4820 1395 4884 vastabatur,
1423 4817 1495 4871 30
1533 4833 1617 4873 so-

138 4917 190 4955 os
218 4905 376 4963 dedit.

138 4917 190 4955 os
218 4905 376 4963 dedit.

86 4991 270 5067 Lllugo
333 5001 400 5055 de
461 5001 662 5056 Asiaco
713 5011 934 5071 accepta
984 5019 1015 5058 a
1069 5003 1228 5058 nobis
1267 5002 1527 5057 societate
1563 5010 1617 5056 et

87 5075 302 5146 Isolidis
356 5107 459 5160 pro
521 5093 750 5146 caritate
808 5093 956 5148 dedit
1006 5106 1196 5149 sancto
1247 5092 1406 5147 Petro
1454 5091 1616 5146 femi-

90 5169 184 5464 ξω
211 5181 448 5240 Walonis
482 5186 748 5250 sacristae,
791 5187 1045 5242 laudante
1081 5188 1192 5242 filio
1225 5202 1355 5261 suo,
1391 5195 1445 5240 ct
1481 5186 1619 5240 alias

145 5273 311 5329 asdam
355 5275 425 5330 de
475 5278 732 5348 progenie
779 5279 920 5348 ejus,
961 5278 1218 5333 feminam
1255 5277 1462 5334 scilicet
1497 5276 1619 5330 Cri—

131 5375 240 5416 iam.

145 5273 311 5329 asdam
355 5275 425 5330 de
475 5278 732 5348 progenie
779 5279 920 5348 ejus,
961 5278 1218 5333 feminam
1255 5277 1462 5334 scilicet
1497 5276 1621 5330 Cri-

131 5375 240 5416 tam.

143 5449 360 5516 Quodam
392 5461 828 5519 sanctimonialis
852 5463 1026 5518 sancti
1047 5461 1314 5516 Johannis
1329 5460 1620 5526 Eduensis,

100 5469 219 5706 θοι·
242 5548 498 5619 Aymonis
532 5553 715 5619 Lovel,
749 5556 938 5611 eodem
966 5554 1132 5610 fratre
1168 5569 1270 5610 suo
1297 5554 1512 5609 vidente
1539 5552 1620 5607 fa-

1544 5669 1620 5706 Ν(

165 5559 219 5597 or
242 5548 498 5619 Aymonis
532 5553 715 5619 Lovel,
749 5556 938 5611 eodem
966 5554 1132 5610 fratre
1168 5569 1270 5610 suo
1297 5554 1512 5609 vidente
1539 5552 1623 5607 fa-

1714 4548 1888 4604 sancti
1913 4547 2142 4618 Prejecti
2167 4548 2470 4604 involutum
2496 4545 2601 4603 fuit
2622 4546 2727 4602 500
2751 4556 2806 4602 et
2829 4562 2896 4602 eo
2924 4547 3160 4616 amplius
3192 4562 3286 4600 an-

1715 4645 1823 4708 nis,
1850 4642 1972 4698 feci.

1787 4734 1994 4789 Bovoni
2021 4734 2276 4803 praedicto
2303 4735 2370 4790 de
2408 4734 2545 4800 Bar,
2573 4750 2700 4790 cum
2734 4736 2876 4805 apud
2915 4734 3286 4788 Flaviniacum

1719 4827 2018 4895 requireret
2047 4842 2076 4880 a
2107 4842 2194 4881 me
2223 4825 2426 4882 foedum
2465 4842 2656 4890 suum,
2692 4829 2821 4896 quia
2866 4825 3090 4880 haberet
3119 4825 3286 4881 filiam

1704 4917 1986 4990 .Folcuini,
2012 4917 2078 4971 de
2106 4933 2293 4972 sorore
2315 4918 2526 4972 abbatis
2547 4916 2775 4982 Odonis,
2800 4917 2893 4986 qui
2918 4917 3057 4970 idem
3088 4917 3290 4973 fecerat

1720 5017 2119 5074 casamentum,
2149 5009 2201 5063 id
2231 5017 2317 5064 est
2343 5010 2736 5064 salvamentum
2777 5007 3060 5063 hominum
3115 5011 3290 5064 sancti

1723 5099 1890 5165 Petri,
1922 5101 2015 5170 qui
2038 5109 2167 5154 sunt
2187 5099 2242 5153 in
2265 5109 2445 5154 castro
2474 5099 2567 5152 illo
2600 5099 2683 5152 vel
2711 5097 2766 5152 in
2787 5098 2930 5152 villis
2972 5098 3024 5152 in
3058 5099 3288 5154 circuitu

1725 5192 1915 5255 castri,
1945 5192 2094 5245 nolui
2125 5192 2174 5245 ei
2203 5192 2269 5244 ad
2295 5192 2513 5259 plenum
2555 5191 2813 5256 reddere,
2871 5191 3002 5260 quia
3057 5193 3291 5263 legeram

1725 5292 1931 5339 cartam
1957 5292 2215 5352 quantam
2243 5281 2442 5336 factam
2471 5282 2786 5337 hominibus
2807 5284 2974 5338 castri
2998 5283 3291 5347 Blesensis,

1726 5373 1820 5442 qui
1843 5381 1972 5426 sunt
1997 5371 2169 5425 sancti
2194 5370 2358 5436 Petri,
2385 5379 2440 5423 et
2459 5371 2688 5424 verebar
2710 5387 2777 5426 ne
2814 5373 2966 5427 idem.
2993 5383 3177 5429 essent
3200 5383 3297 5428 aut

1726 5464 1794 5518 de
1815 5464 2041 5517 eisdem.
2073 5462 2275 5516 Tamen
2321 5477 2444 5517 cum
2485 5464 2640 5518 multi
2695 5472 2863 5520 testes
2909 5466 3292 5528 accessissent,

1728 5556 1876 5626 quod
1915 5554 2210 5609 Folcuinus
2249 5555 2390 5609 idem
2439 5557 2831 5612 salvamentum
2870 5558 3170 5622 habuisset,
3223 5557 3295 5609 ila

1544 5669 1749 5726 NOTAE

151 5744 278 5817 (212)
307 5749 644 5823 Schutzgeld.

369 5844 642 5906 PATROL.
679 5847 884 5911 CLIV.

2948 5825 3021 5883 12
