3878 6310
643 335 751 393 505

1624 327 1922 392 HUGONIS
1958 332 2248 389 ABBATIS
2284 317 2846 394 FLM’INIACENSIS

3750 347 3832 400 361

645 450 915 518 concessi,
935 457 1000 504 ut
1029 450 1077 504 si
1102 458 1202 520 ego
1227 463 1324 518 per
1353 455 1600 510 nostros,
1620 447 1799 500 misso
1828 445 2029 500 nunclo
2071 454 2125 500 et
2161 458 2220 498 re
2248 451 2294 506 Α
2324 446 2378 500 in
2400 446 2433 499 3
2463 448 2622 501 annis
2655 490 2670 514 ,
2707 449 2742 501 9
2794 449 3076 504 mensibus
3100 451 3314 516 minus,
3355 451 3510 507 solidi
3545 453 3648 508 duo
3683 456 3835 523 milia,

641 541 942 618 explorata,
988 549 1084 593 aut
1136 540 1238 608 ipsi
1295 537 1541 591 homines
1571 551 1666 606 per
1693 550 1751 590 se
1793 536 1942 604 ipsos
1971 535 2205 604 probare

631 631 951 700 potuissent
983 629 1129 700 quod
1159 643 1451 697 numquam
1488 625 1722 680 fuissent
1763 641 1818 678 in
1847 625 2200 690 salvamento,

639 721 813 776 nichil
835 721 884 775 ei
910 720 1133 784 dabam,
1164 718 1292 788 quia
1339 716 1513 787 magis
1560 716 1859 771 aecclesiam
1885 730 2050 785 quam
2077 731 2204 769 eum

640 811 942 883 diligerem.
973 808 1068 864 Sin
1100 809 1274 874 aliter,
1318 807 1540 863 haberet
1567 807 1711 876 quod
1743 807 1830 860 sui
1868 806 2010 876 juris
2038 815 2201 860 esset.

637 903 707 959 Et
743 904 814 958 ita
850 911 1032 958 noster
1057 901 1234 958 factus
1261 910 1366 968 est,
1416 910 1821 956 sacramentum
1873 908 2052 954 tamen
2093 917 2203 955 non

643 993 822 1062 accepi
849 1009 912 1048 ea
945 1009 1043 1062 pro
1078 1009 1264 1049 causa.
1297 992 1490 1048 Actum
1516 991 1828 1046 Flaviniaco
1861 992 1914 1045 in
1941 992 2198 1046 claustro.

640 1085 828 1140 Testes
853 1099 871 1139 ‘:
889 1084 1176 1140 'Gerartlus
1197 1085 1366 1154 prior,
1395 1083 1704 1148 Achadeus,
1731 1081 2064 1138 llelinandus
2091 1099 2206 1136 mo-

637 1173 799 1228 nachi
821 1192 835 1240 ;
861 1173 1004 1245 'layci
1024 1193 1050 1228 .:
1081 1173 1239 1245 Hugo
1271 1174 1615 1244 praepositus,
1649 1171 1981 1242 Raynaldus,
2005 1181 2057 1226 et
2087 1187 2202 1226 ser-

637 1265 869 1331 vientes,
886 1263 1199 1336 Raynaldus
1221 1263 1366 1318 ﬁlius
1389 1263 1682 1333 praepositi,
1697 1261 1982 1318 Gislerius.
1998 1262 2080 1316 Ab
2099 1261 2202 1315 hoc

633 1363 950 1408 casamento
972 1355 1096 1409 illos
1139 1354 1207 1408 de
1241 1353 1438 1406 Arvico
1463 1351 1729 1417 subtraxi,
1754 1351 1820 1406 de
1844 1351 2045 1421 quibus
2074 1365 2203 1404 cen-

635 1459 760 1498 sum
792 1445 1082 1510 habebam,
1113 1458 1305 1499 caseos
1351 1443 1578 1508 scilicet,
1608 1451 1660 1497 et
1699 1442 1821 1497 illos
1862 1442 2062 1512 quibus
2097 1440 2200 1494 fuit

2312 540 2550 606 exceptis
2605 541 2752 609 quod
2798 541 2984 595 datum
3020 550 3075 596 et
3118 543 3172 595 in
3209 558 3350 612 pane
3402 553 3456 597 et
3492 544 3616 599 vino
3648 556 3696 600 et
3738 563 3834 601 ves-

2314 630 2412 684 titu
2449 629 2675 686 fratrum
2706 673 2721 698 ,
2778 633 2832 686 in
2867 633 3252 702 procuratione
3295 635 3567 705 hospitum
3591 679 3606 701 ,
3629 637 3678 692 in
3699 638 3835 694 bobus

2311 727 2365 774 et
2389 721 2545 789 equis
2586 730 2640 776 et
2675 722 2848 777 vineis
2889 732 2942 778 et
2993 722 3048 778 in
3083 725 3232 779 omni
3277 734 3464 780 nostro
3514 737 3750 797 apparatu
3797 741 3836 783 et

2309 811 2581 879 expensis.

2379 897 2462 953 Ab
2485 899 2858 955 incarnatione
2881 899 3094 956 Domini
3116 901 3270 958 1099.
3295 903 3507 959 Abhinc
3530 903 3831 976 multiplicata

2309 996 2439 1044 sunt
2457 990 2597 1043 mala
2624 990 2676 1042 in
2708 999 2846 1044 terra
2876 1001 3084 1059 nostra,
3114 994 3208 1048 sed
3235 995 3338 1050 hec
3364 995 3599 1050 interim.

2380 1076 2458 1131 Eo
2484 1093 2650 1142 anno,
2678 1080 2853 1148 prima
2880 1080 3013 1134 hora
3044 1083 3240 1149 noctis,
3266 1098 3296 1136 a
3321 1092 3473 1153 parte
3492 1085 3742 1155 aquilonis
3763 1087 3829 1141 lux

2308 1165 2498 1237 ingens
2523 1167 2682 1236 quasi
2710 1168 2853 1238 ignis
2881 1170 3123 1225 ardentis
3151 1172 3373 1238 emissa,
3398 1189 3571 1243 usque
3598 1190 3744 1245 prope
3766 1177 3828 1230 di-

2307 1255 2570 1322 luculum,
2597 1265 2810 1311 noctem
2839 1273 3007 1330 prope
3034 1262 3301 1315 convertit
3319 1263 3375 1316 in
3395 1263 3557 1317 diem.
3582 1263 3690 1330 Quo
3705 1265 3826 1319 etiam

2306 1361 2452 1400 anno
2477 1347 2687 1418 hiemps
2709 1349 2870 1404 solito
2900 1352 3147 1421 asperior
3181 1361 3304 1408 octo
3331 1355 3605 1409 continuis
3625 1356 3827 1410 ebdoma-

2305 1436 2464 1492 dibus
2497 1438 2788 1506 inhorruit,
2821 1441 2895 1494 ita
2924 1450 2985 1496 ut
3012 1442 3237 1509 bestias,
3271 1459 3421 1510 aves,
3459 1445 3697 1500 homines
3718 1462 3823 1515 quo-

632 1546 783 1591 earta
807 1535 969 1591 facta.
1003 1533 1207 1590 Omnes
1238 1549 1478 1604 quoque,
1521 1535 1569 1589 si
1610 1535 1841 1605 probare
1870 1535 2194 1603 potuissent,
2237 1534 2283 1562 “
2303 1544 2409 1597 que
2435 1529 2720 1598 plerosque
2743 1532 2828 1586 vis
2871 1533 3071 1601 algoris
3098 1535 3358 1591 existeret
3392 1537 3480 1590 "'.
3515 1537 3734 1593 Fuerunt
3757 1539 3822 1608 qui

630 1633 695 1678 ut
717 1625 850 1678 dixi.
876 1623 1031 1690 Quod
1057 1634 1110 1680 et
1131 1625 1244 1695 ipse
1269 1627 1526 1680 laudavit.

661 1725 668 1731 '
703 1716 800 1773 His
828 1718 1043 1773 interim
1065 1720 1284 1775 omissis
1306 1719 1588 1789 superiora
1611 1728 1940 1789 repetamus.
1965 1717 2085 1773 Non
2113 1729 2194 1775 ta-

632 1819 756 1860 men
781 1809 1255 1878 prmtermittamus
1285 1807 1542 1863 feminam
1573 1809 1718 1862 illam
1741 1849 1756 1875 ,
1786 1825 1949 1880 quam
1988 1808 2197 1865 Deoda-

629 1904 720 1951 tus
755 1897 971 1953 tenebat
1011 1899 1077 1954 de
1119 1897 1310 1954 Noeirs
1333 1941 1349 1965 ,
1385 1915 1506 1969 qua:
1556 1909 1740 1954 nostra
1780 1909 1916 1967 erat,
1963 1909 2016 1956 et
2046 1909 2198 1970 pater

629 1988 910 2056 dimidius,
935 2003 1168 2062 querum
1197 2000 1353 2046 erant
1374 1989 1408 2044 6
1434 1989 1550 2056 ﬁlii,
1581 2005 1720 2061 quos
1752 1991 1825 2046 ita
1848 2007 1973 2046 cum
2004 1993 2196 2048 abbate

626 2079 801 2134 Sancti
832 2077 1032 2134 Valerii
1069 2079 1292 2152 Hugone
1337 2081 1680 2151 partivimus,
1730 2082 1785 2136 in
1826 2092 1976 2153 parte
2004 2085 2195 2140 matris

627 2168 662 2222 5
720 2169 893 2238 ﬁlios,
925 2170 981 2225 in
1009 2172 1182 2241 patris
1221 2187 1350 2226 vero
1391 2187 1561 2226 unum
1615 2182 1671 2227 et
1733 2173 1964 2229 alterum
2029 2175 2193 2230 dimi-

624 2259 775 2314 dium
798 2301 814 2327 ,
870 2270 924 2317 et
979 2277 1203 2318 censum
1249 2263 1445 2332 capitis
1470 2264 1605 2317 mihi
1633 2264 1870 2334 primum
1905 2265 2057 2320 misit
2083 2280 2194 2322 ma-

625 2359 724 2405 ter.
765 2350 979 2408 Partem
1019 2353 1261 2408 etiamin
1295 2353 1622 2425 Berengerio
1661 2365 1715 2410 et
1751 2354 2015 2410 fratribus
2051 2357 2190 2427 ejus,

623 2458 787 2512 quam
811 2445 1045 2516 acceptis
1071 2444 1138 2500 10
1162 2444 1352 2504 solidis
1372 2445 1672 2504 Rainaldus
1693 2447 1760 2503 de
1786 2445 2008 2519 Colpeio
2032 2449 2192 2505 nobis

623 2533 851 2591 dimisit.

693 2623 863 2695 Igitur
882 2641 1101 2685 reverso
1128 2645 1160 2685 a
1186 2628 1359 2685 Roma
1387 2630 1664 2702 episcopo,
1702 2631 1918 2687 occurri
1961 2645 2012 2688 et
2047 2632 2191 2702 apud

604 2713 962 2786 .Sedel"cum,
991 2727 1047 2775 et
1084 2721 1318 2793 benigne
1366 2731 1672 2793 susceptus,
1731 2723 1920 2779 osculo
1956 2724 2190 2780 donatus

620 2822 745 2862 sum
789 2817 844 2864 et
896 2811 1106 2881 gratiis.
1136 2811 1318 2867 Altera
1341 2814 1458 2870 vice
1487 2815 1556 2868 ab
1577 2830 1642 2869 eo
1674 2815 1872 2870 ibidem
1908 2825 2186 2883 evocatus,

605 2911 743 2971 post
772 2905 975 2959 multas
999 2903 1234 2974 injurias
1265 2906 1428 2961 ﬁnem
1449 2909 1516 2962 de
1545 2909 1801 2964 omnibus
1816 2925 1915 2980 pro
1938 2910 2004 2964 10
2033 2909 2200 2966 libris'

618 2988 743 3045 feci.
778 2991 1027 3058 Quesivit
1055 2995 1233 3050 iturus
1263 2995 1328 3050 ad
1354 3012 1557 3068 regem,
1587 3006 1648 3052 ut
1675 2999 1884 3053 mulam
1914 2999 2020 3054 sibi
2050 3016 2188 3069 prae-

2301 1618 2564 1686 dicerent,
2590 1622 2764 1676 lucem
2788 1623 2934 1678 illam
2966 1625 3147 1679 datam
3182 1642 3212 1680 a
3242 1627 3354 1681 Deo
3385 1627 3440 1680 in
3477 1642 3654 1682 necem
3678 1638 3723 1682 et
3753 1631 3818 1682 de-

2296 1709 2587 1780 jectionem
2622 1711 3069 1781 Sarracenorum,
3103 1716 3309 1774 ferente
3342 1733 3410 1773 eo
3459 1719 3756 1789 adjutorium
3783 1728 3821 1771 et

2225 1777 2272 1837 Β
2298 1777 2443 1856 vires
2477 1803 2750 1872 praebente
2793 1777 3285 1862 Jherosolimitanis
3333 1809 3401 1863 ad
3435 1777 3749 1864 sternendam
3783 1819 3820 1864 et

2297 1893 2523 1948 omnino
2547 1896 2975 1952 consumendam
3000 1899 3399 1954 multitudinem
3431 1902 3680 1970 principis
3704 1901 3818 1955 Babi-

2296 1981 2476 2050 loniae,
2506 1985 2599 2054 qui
2630 1995 2854 2042 venerat
2884 1989 2951 2043 ad
2979 1990 3337 2058 proterendos
3361 2005 3462 2046 eos
3502 1992 3595 2060 qui
3623 1991 3816 2046 Hieroso-

2295 2073 2482 2128 limam
2504 2086 2779 2145 ceperant,
2802 2094 3037 2148 quorum
3063 2096 3329 2136 numerus
3347 2091 3468 2136 erat
3495 2090 3557 2136 ut
3583 2096 3722 2136 arena
3741 2097 3817 2134 ma-

2294 2165 2392 2231 ris,
2415 2173 2471 2220 et
2491 2167 2562 2220 ob
2585 2167 2638 2220 id
2663 2167 2838 2222 lucem
2859 2169 3122 2226 divinitus
3140 2171 3431 2237 directam,
3453 2187 3523 2226 ne
3543 2171 3812 2234 cbristianis,

2294 2254 2390 2322 qui
2423 2269 2490 2308 eo
2513 2255 2600 2310 die
2625 2256 3012 2325 pmliabantur
3041 2259 3224 2329 praelia
3248 2258 3489 2328 Domini,
3516 2261 3666 2316 etiam
3689 2261 3731 2314 in
3747 2273 3812 2312 no-

2293 2353 2378 2398 cte
2422 2345 2516 2399 lux
2559 2347 2772 2402 deesset
2825 2349 2892 2404 ad
2942 2349 3325 2406 contritionem
3378 2351 3562 2421 gentis
3611 2352 3807 2407 adversa.

2293 2432 2488 2490 Utrum
2524 2437 2598 2492 ita
2623 2438 2712 2504 sit,
2738 2453 2808 2492 an
2846 2439 3039 2510 igneus
3071 2441 3160 2495 ille
3198 2442 3458 2511 splendor
3479 2443 3571 2513 qui
3605 2442 3807 2512 apparuit.

2291 2535 2347 2581 et
2386 2527 2556 2598 igneae
2585 2529 2691 2584 illae
2715 2531 2864 2586 acies
2893 2532 3270 2600 portenderint
3300 2533 3620 2588 effusionem
3644 2531 3806 2588 humani

2293 2621 2595 2693 sanguinis,
2621 2637 2744 2690 quae
2771 2637 2839 2677 eo
2871 2622 2959 2678 die
2980 2631 3035 2679 et
3053 2625 3300 2694 sequenti
3337 2623 3486 2679 facta
3507 2633 3602 2690 est,
3626 2625 3736 2678 sicut
3757 2623 3806 2674 le-

2291 2711 2470 2780 gimus
2499 2711 2701 2767 factum
2731 2729 2854 2768 cum
2888 2715 3198 2770 immineret
3221 2716 3430 2771 bellum
3462 2718 3587 2770 illud
3614 2717 3803 2771 lacrima.

2291 2803 2397 2857 bile
2422 2803 2564 2857 inter
2600 2803 2742 2860 ﬁlios
2781 2803 3042 2860 Ludovici
3081 2805 3166 2861 Pii
3190 2807 3568 2877 imperatoris;
3597 2823 3656 2861 an
3678 2807 3802 2860 immi-

2290 2901 2420 2948 neat
2448 2892 2631 2963 aliqua
2675 2895 2881 2950 mundo
2917 2896 3217 2963 tribulatio,
3257 2905 3318 2950 ut
3343 2897 3544 2968 legitur
3575 2897 3736 2952 factum
3758 2908 3802 2946 en

2289 2998 2435 3038 anno
2471 3000 2582 3055 quo
2607 2984 2918 3042 Ludovicus
2945 3001 3042 3042 rex
3071 3001 3101 3042 a
3130 2986 3379 3058 Hugonis
3412 2989 3584 3060 Magni
3610 3001 3799 3058 piorum

617 3090 842 3137 starem.
873 3081 1006 3154 Ego,
1034 3085 1129 3155 qui
1165 3086 1284 3157 ejus
1318 3101 1562 3142 amorem
1601 3089 1882 3158 sitiebam,
1932 3106 2096 3162 quem
2136 3101 2188 3148 et

2295 3075 2440 3131 tione
2461 3085 2746 3146 separatus
2779 3085 2884 3144 est,
2921 3079 3141 3148 quando
3172 3079 3314 3133 idem
3348 3079 3569 3150 signum
3597 3077 3794 3174 apparuit.

617 3173 858 3229 sciebam
880 3175 1149 3232 difﬁcilem
1180 3178 1235 3233 in
1258 3179 1614 3250 adquirenda,
1635 3182 1810 3250 optuli
1845 3182 1895 3237 ei
1923 3183 2184 3254 optimam
2285 3167 2614 3236 Porwndens
2646 3165 3026 3238 Hunsarowm
3044 3178 3274 3239 pestem.
3288 3186 3418 3240 quae
3433 3186 3556 3225 mox
3573 3167 3794 3225 θετίιετίη-

619 3263 845 3332 mulam,
877 3281 1042 3335 quam
1075 3282 1239 3322 manu
1262 3269 1328 3324 ad
1359 3284 1582 3324 manum
1609 3286 1847 3326 emeram
1872 3274 1973 3328 150
1997 3276 2187 3332 solidis

612 3351 668 3409 et
695 3354 819 3409 dedi
843 3356 913 3410 ei.
946 3355 1130 3414 Et‘sic
1151 3360 1379 3415 veniens
1413 3361 1482 3415 ad
1517 3360 1716 3416 festum
1745 3365 1920 3419 sancti
1947 3363 2183 3434 Nazarii,

615 3444 841 3499 honeste
889 3444 940 3500 ei
997 3446 1216 3514 servivi,
1256 3458 1309 3504 et
1355 3459 1541 3522 gratus
1572 3453 1726 3508 redii.
1766 3453 1872 3509 Pro
1903 3456 2104 3526 placito
2133 3467 2188 3514 et

613 3534 722 3590 ﬁne
747 3535 839 3588 illo
863 3533 1138 3606 Stephano
1159 3539 1306 3595 dedit
1324 3541 1395 3594 20
1427 3540 1650 3610 solidos,
1681 3543 1925 3602 llubaldo
1953 3549 2044 3616 20,
2068 3549 2183 3604 Hu-

613 3627 739 3696 goni
763 3623 994 3696 Spiriac.
1025 3629 1115 3696 40,
1153 3629 1418 3688 Rainaldo
1446 3633 1534 3701 40,
1568 3635 1826 3693 Teuhodo
1859 3640 1942 3708 10,
1967 3639 2182 3714 Hugoni

613 3715 806 3772 Misem
837 3719 890 3786 5,
917 3720 1154 3776 Gosleno
1178 3723 1260 3779 10.
1444 3735 1448 3739 ·

621 3812 626 3838 ⁵
682 3807 791 3865 Pro
815 3826 957 3882 equo
981 3812 1209 3884 Gyrardi
1235 3817 1488 3872 monachi
1519 3819 1641 3875 dedi
1664 3837 1762 3891 pro
1789 3827 2183 3897 compositione
2218 3878 2220 3881 .

610 3897 802 3954 Miloni
827 3903 1148 3960 constabulo
1175 3905 1242 3960 10
1269 3907 1493 3964 solidos.

681 3987 800 4044 lam
830 4007 998 4064 prope
1040 3996 1242 4052 oblitus
1275 4013 1426 4054 eram
1466 4001 1613 4071 quod
1651 4001 1874 4059 furnum
1917 4006 2058 4062 villae
2088 4024 2182 4064 ca-

607 4079 976 4139 iumniabatur
998 4087 1219 4157 quidam
1259 4087 1611 4148 Erembertus
1651 4094 1718 4150 de
1751 4095 2095 4165 Massiviaco,
2128 4110 2181 4155 et

611 4171 951 4239 praebendam
981 4187 1036 4230 et
1076 4191 1330 4248 campum
1362 4183 1537 4236 sancti
1565 4182 1891 4253 Clementis,
1931 4189 2057 4258 quia
2083 4204 2182 4259 pro

611 4261 703 4317 his
729 4262 834 4317 500
861 4265 1066 4321 solidos
1098 4267 1322 4323 dederat
1376 4280 1528 4339 pater
1579 4287 1713 4328 suus
1743 4273 1918 4331 Odoni
1973 4278 2178 4346 abbati,

605 4361 834 4422 excepto
863 4355 1009 4424 quod
1039 4357 1384 4425 praebendam
1413 4375 1510 4428 pro
1533 4364 1813 4432 sepultura
1847 4382 1947 4421 sua
1977 4369 2178 4425 donas-

606 4450 709 4495 set.
745 4441 898 4496 Unde
923 4459 1050 4498 cum
1079 4461 1166 4500 me
1197 4447 1386 4502 multis
1430 4450 1642 4519 placitis
1685 4467 1988 4524 gravasset,
2019 4467 2074 4513 et
2107 4461 2178 4515 ob
2209 4456 2254 4512 D
2278 4457 2412 4512 dens
2447 4472 2534 4511 me
2562 4457 2921 4512 contubernio
2961 4473 3245 4514 servorum
3275 4468 3518 4524 tuorum,
3550 4466 3595 4512 et
3623 4441 3764 4524 reum,

607 4547 904 4602 gravamen
953 4536 1120 4592 homo
1150 4537 1307 4594 ducis
1351 4551 1400 4596 et
1444 4546 1716 4614 praepositi
1774 4545 2178 4608 Sinemurensis

611 4622 786 4678 tactus
807 4633 970 4691 esset,
995 4635 1050 4680 et
1074 4634 1240 4684 testes
1265 4632 1530 4698 quosdam
1559 4648 1588 4689 e
1613 4633 1872 4692 fratribus
1892 4679 1906 4704 ,
1938 4641 2031 4710 qui
2075 4642 2180 4696 hoc

608 4713 876 4782 viderant,
900 4715 1268 4786 produxisset,
1299 4721 1380 4775 eis
1408 4716 1633 4778 omnino
1657 4725 1733 4780 illi
1775 4727 2176 4798 deﬁcientibus,

603 4805 876 4872 judicium
922 4808 1238 4878 habuimus,
1263 4813 1406 4882 quod
1440 4829 1630 4885 pacem
1648 4817 1805 4873 nobis
1827 4819 1882 4874 in
1897 4830 2178 4890 posterum

601 4899 857 4954 contulit.

679 4988 756 5044 lbi
781 4992 1101 5061 praepositus
1125 4993 1532 5054 Sinemurensis
1563 5012 1814 5055 mansum
1850 5003 1876 5056 1
1915 5005 2170 5061 vestitum

604 5078 662 5131 in
691 5078 1016 5136 ﬂassiniaeo
1058 5093 1246 5139 nostro
1272 5095 1461 5142 sancto
1484 5085 1645 5142 Petro
1695 5097 1750 5143 et
1803 5101 1994 5148 sancto
2037 5093 2170 5149 Pre-

600 5166 747 5237 jeeto
777 5169 924 5226 dedit
948 5187 1048 5241 pro
1061 5188 1254 5252 amore
1279 5184 1488 5240 nostro,
1512 5177 1755 5246 quietum
1785 5181 1855 5235 ab
1883 5184 2029 5237 omni
2051 5200 2178 5239 exa-

603 5259 802 5328 ctione,
819 5263 913 5332 qui
937 5264 1092 5319 nobis
1115 5265 1274 5321 debet
1295 5281 1486 5322 omnes
1505 5273 1945 5329 consuetudines.
1973 5276 2168 5332 Actum

604 5348 940 5409 Flaviniaeo.

653 5441 813 5514 .Sunt
866 5443 923 5498 in
963 5459 1179 5501 summa
1223 5461 1347 5516 qua:
1381 5447 1501 5505 dedi
1543 5451 1596 5505 in
1631 5453 1877 5522 proﬁcuo
1911 5458 2168 5515 Μιδείας

1941 5568 2172 5627 ἾΑΠΙΕ
2205 5572 2608 5630 LECTIONES.

670 5644 740 5677 δ”
763 5647 840 5698 ita
861 5649 1052 5724 eodem;
1075 5650 1185 5721 lege
1206 5654 1559 5724 extingueret.

621 5659 740 5734 ..ς-³·
763 5659 840 5698 ua
861 5659 1052 5734 codem,-
1075 5659 1185 5721 lege
1206 5659 1559 5724 extingueret.
1659 5659 1726 5690 δ”
1762 5661 1837 5715 ita
1867 5679 1914 5716 ε.
1948 5665 2170 5734 operis?

600 5721 904 5773 litterarum
930 5721 994 5774 A.
1027 5723 1080 5774 in
1110 5739 1274 5795 marg.
1309 5742 1354 5777 ε.

2241 3989 2252 4002 ’
2283 3996 2614 4052 admirandae
2643 4006 2696 4053 et
2724 3999 3012 4054 ineﬁ'abilis
3035 4001 3307 4070 patientiae
3335 4011 3443 4058 tua:
3468 4011 3520 4057 et
3544 3998 3776 4054 misericor-

2283 3263 2474 3330 valuit,
2484 3263 2717 3318 viderint
2727 3277 2962 3334 quorum
2979 3265 3099 3335 opis
3112 3266 3179 3297 "’
3191 3274 3276 3320 est
3290 3266 3343 3320 id
3357 3266 3586 3337 experiri
3599 3275 3643 3320 et
3653 3276 3791 3332 cogno-

2286 3367 2457 3410 scere.
2489 3353 2616 3410 Visa
2638 3365 2722 3412 est
2741 3365 2922 3412 autem
2959 3358 3052 3413 lux
3081 3359 3134 3413 in
3173 3368 3324 3430 parte
3353 3359 3642 3432 aquilonari
3662 3369 3788 3410 versus

2285 3446 2417 3502 solis
2431 3461 2707 3516 occasum,
2717 3457 2773 3504 et
2787 3457 2945 3504 nocte
2956 3449 3261 3506 declinante
3273 3452 3608 3523 respiciendo
3621 3448 3787 3522 porris“

2285 3538 2446 3592 batur
2459 3539 2514 3593 in
2527 3549 2733 3609 ortum,
2749 3542 2844 3597 sed
2867 3543 3251 3598 antelucanum
3276 3544 3608 3616 aliquantum
3621 3541 3783 3598 delituit.

2261 3677 2279 3706 δ
2355 3629 2469 3686 Hoc
2493 3646 2639 3686 anno
2662 3631 3068 3691 obiitUrbanus
3089 3650 3249 3706 papa,
3273 3635 3557 3693 Paschalis
3575 3630 3780 3690 successit

2283 3721 2430 3778 Obiit
2469 3724 2706 3779 domnus
2734 3724 3002 3781 Rodulfus
3045 3727 3214 3782 abbas
3263 3726 3614 3783 Virdunensis
3647 3725 3674 3779 5
3704 3719 3779 3773 liaL
3809 3715 3813 3777 ι¹

2282 3814 2484 3884 Aprilis
2514 3813 2642 3886 (Jul.
2676 3815 2791 3887 29),
2816 3827 2870 3871 et
2891 3815 3046 3888 Hugo
3077 3817 3246 3873 abbas
3274 3817 3545 3874 Eduensis
3566 3818 3639 3869 ⁵⁸⁸.

2354 3905 2596 3977 (FoLMl
2610 3907 2648 3978 .)
2667 3906 2862 3964 Verum
2879 3910 3394 3966 considerantimihi
3409 3909 3778 3982 dispensatione!

3781 3817 3809 4020 l

3774 4020 3799 4293 ’

3672 4514 3752 4593 tam

3672 4511 3779 4837 ᾖ

3697 4837 3768 4928 Il

3689 5136 3754 5318 .1

3685 5390 3744 5595 i

3684 5595 3735 5911 1

2281 4090 2404 4154 dite,
2446 4090 2603 4159 cujus
2640 4105 2751 4146 non
2777 4101 2860 4147 est
2892 4107 3154 4147 numerus
3185 4093 3238 4148 in
3286 4109 3399 4161 me,
3442 4093 3564 4148 libet
3602 4089 3776 4144 inirem!

2282 4182 2703 4237 eonsiderationi
2751 4184 3118 4240 miserationis
3159 4194 3286 4251 tute,
3329 4198 3638 4256 quamquam
3665 4185 3774 4244 svi"

2281 4287 2370 4328 me
2411 4273 2522 4328 sint
2565 4273 2701 4340 haec,
2729 4273 2949 4330 Christe
2983 4294 2995 4328 :
3028 4277 3303 4346 quomodo
3333 4287 3543 4347 raptum
3575 4273 3632 4327 ab
3651 4263 3752 4322 uteri

2281 4365 2384 4420 bus
2411 4365 2595 4419 ditasti
2621 4365 2780 4420 donis
2801 4367 3336 4435 superhahundantis
3359 4367 3566 4438 pietatis
3584 4373 3679 4420 tuae.
3696 4369 3748 4411 ιη

2277 4549 2450 4618 gratia
2490 4556 2544 4602 te
2577 4548 2951 4619 diligentium;
2995 4550 3271 4619 quomodo
3301 4551 3372 4604 ab
3413 4551 3613 4604 ineunte
3646 4547 3752 4598 atati:

2277 4653 2402 4692 cum
2433 4637 2546 4707 jam
2570 4638 2704 4691 irem
2728 4653 2825 4707 per
2849 4638 3005 4694 devia
3034 4649 3089 4693 et
3115 4638 3346 4704 lubrica,
3380 4648 3434 4693 et
3454 4649 3656 4709 praeceps
3675 4641 3746 4698 ΡΜ

2276 4729 2589 4799 ‘cipitantem
2636 4737 2848 4784 atatem
2893 4744 3168 4798 sequerer,
3205 4730 3560 4785 confessionis
3595 4722 3746 4792 antiqu

2276 4837 2373 4877 cor
2394 4821 2664 4876 lubricum
2685 4819 2953 4879 medendo
2973 4821 3246 4890 respirare
3283 4822 3519 4886 sinebas,
3545 4827 3590 4874 et
3616 4813 3708 4882 fugit

2274 4923 2382 4971 tem
2419 4924 2472 4968 te
2491 4915 2725 4983 quadam
2753 4913 2947 4968 blanda
2969 4922 3025 4967 et
3050 4914 3326 4983 inopinata
3353 4930 3452 4970 nec
3472 4911 3650 4982 cognita
3671 4903 3718 4957 mi

2275 5006 2570 5062 revocabas
2609 5005 2926 5071 dulcedine;
2973 5020 3192 5075 quoque
3225 5006 3410 5071 modo,
3441 5004 3525 5060 ubi
3555 4998 3646 5071 jugi
3671 5006 3714 5047 ω

2272 5097 2530 5153 fessionis
2557 5097 2798 5151 remedio
2825 5097 3221 5165 aliquantulum
3253 5105 3458 5152 tractus
3479 5090 3618 5148 didici
3636 5088 3660 5140 il

2276 5191 2436 5244 hrosa
2460 5204 2670 5254 cavere,
2694 5203 3024 5257 quamquam
3048 5187 3287 5242 nondum
3315 5187 3512 5242 tederel
3534 5197 3604 5238 me
3625 5173 3704 5231 adi

2273 5289 2484 5351 tegrum
2507 5278 2875 5349 perversitatis
2896 5293 3050 5343 meas,
3073 5279 3147 5332 ita
3181 5287 3240 5332 ut
3268 5279 3461 5332 scirem
3491 5273 3696 5328 intellectu

2273 5388 2464 5442 opere,
2509 5370 2654 5440 quod
2703 5370 2876 5440 perdis
2919 5386 3096 5423 omnes
3143 5371 3231 5439 qui
3273 5370 3584 5438 fornicamur
3619 5359 3682 5413 ait

2271 5463 2446 5536 (Psal.
2471 5477 2642 5525 Lxxn,
2664 5460 2779 5531 27),
2802 5468 3072 5514 remotum
3105 5469 3158 5512 et
3191 5469 3516 5532 segregatum
3542 5470 3569 5508 a
3589 5460 3684 5506 cons

2266 5668 2332 5698 ⁵³⁸
2360 5665 2520 5721 Verte
2543 5663 2585 5718 ll
2613 5662 2742 5720 folia
2777 5670 2832 5719 et
2875 5663 2994 5734 lege
3017 5664 3314 5721 secundum
3338 5651 3684 5718 determinatiow
