3878 6310
38 415 126 469 565

1246 402 1654 462 CIIRONICON.
1686 437 1753 444 —
1776 405 1897 461 LIB.
1939 407 2001 463 ll.

3155 407 3260 465 366

38 531 101 584 tio
130 540 306 582 eorum
327 538 558 596 quorum
585 523 641 577 in
686 521 864 578 medio
892 521 1222 586 coalueram,
1264 521 1330 575 ad
1363 530 1578 576 exteras
1611 523 1652 580 Λ
1683 529 1884 586 matus,
1918 521 1986 575 de
2015 536 2122 591 qua
2163 521 2440 578 suscitasti
2472 537 2578 588 me,
2617 520 2762 592 jnste
2804 534 2988 578 rerum
3035 523 3260 592 arbiter,

26 593 185 673 lerras
215 593 482 670 nolentem
503 623 557 670 et
581 621 972 684 repugnantem
996 621 1050 668 et
1072 613 1231 683 quasi
1254 613 1586 667 nescientem

34 705 273 771 cdnxisti;
298 705 390 760 ubi
411 705 649 774 positum
671 703 1048 759 benedictione
1077 703 1351 773 insperata
1379 712 1431 757 et
1453 704 1589 757 mul-

35 795 178 866 tiplici
206 793 404 860 ditasti,
433 794 604 864 gratia
631 793 838 848 scilicet
858 807 1138 848 servorum
1164 802 1380 846 tuorum
1410 792 1586 847 aduri-

34 886 188 951 rabili,
217 884 310 954 qui
354 883 408 937 in
435 899 520 937 me
546 883 844 953 diligebant
888 883 1034 953 quod
1066 882 1394 938 nesciebam.
1436 882 1590 938 Licet

36 978 79 1033 in
103 979 178 1034 his
200 987 310 1044 tua,
344 977 507 1042 Deus,
539 977 702 1044 dona,
735 978 837 1032 etsi
865 976 1092 1048 refugus
1123 985 1178 1032 et
1207 976 1454 1032 desertor
1479 976 1587 1030 mei

35 1072 199 1140 ipsius.
227 1070 607 1140 intelligebam.
637 1068 814 1136 Juvat,
845 1069 1090 1138 inquam,
1121 1067 1415 1122 memorari
1447 1067 1584 1121 mihi

36 1163 80 1216 in
104 1177 180 1218 me
217 1161 516 1216 dulcedinis
545 1169 669 1226 tute,
712 1175 819 1229 qua
855 1159 1134 1214 misereris
1163 1158 1443 1224 omnium,
1473 1159 1587 1214 sal-

37 1270 147 1308 vans
171 1254 414 1308 homines
436 1261 488 1306 et
506 1253 786 1322 iumenta;
817 1251 870 1305 id
897 1259 982 1304 est
1004 1259 1059 1304 et
1077 1249 1196 1305 illos
1226 1250 1464 1314 salvans,
1492 1250 1586 1318 qui

38 1344 396 1398 rationabiliter
415 1343 659 1398 viventes
684 1357 791 1396 non
818 1341 1214 1396 obliviscuntur
1233 1341 1512 1412 dignitatis
1532 1341 1587 1394 in

35 1451 123 1502 qua
147 1443 194 1488 et
217 1450 312 1504 pro
346 1449 456 1503 qua
487 1433 654 1508 creati
686 1441 833 1499 sunt,
864 1440 918 1486 et
947 1447 1061 1497 eos,
1092 1431 1186 1502 qui
1209 1432 1586 1501 iumentorum

38 1541 162 1579 more
193 1525 428 1578 viventes
458 1523 584 1579 facti
621 1533 749 1577 sunt
786 1531 846 1576 ut
869 1537 1044 1591 equus
1071 1530 1124 1576 et
1162 1521 1362 1586 mulus,
1387 1520 1587 1591 quibus

37 1632 124 1668 non
163 1625 238 1671 est
281 1616 610 1680 intellectus,
650 1631 748 1685 per
787 1613 1136 1684 penitentiam
1183 1629 1346 1682 supra
1396 1613 1602 1682 prima.

38 1707 230 1776 originis
249 1722 511 1776 reparans
531 1707 880 1776 dignitatem;
919 1705 1058 1759 inter
1079 1720 1219 1775 quos
1240 1713 1294 1758 et
1316 1719 1401 1758 me
1424 1703 1585 1774 gibbo

39 1808 345 1866 peccatorum
372 1797 695 1864 defamem,
720 1797 974 1851 vanitatis
1003 1805 1058 1851 et
1091 1795 1325 1850 levitatis
1358 1796 1585 1850 horrore

39 1889 330 1953 sordentem,
371 1890 441 1943 ad
463 1889 834 1958 deponendam
859 1888 1120 1942 malitiam
1147 1895 1200 1941 et
1222 1887 1583 1942 inclinandam

39 1980 264 2034 cervicem
291 1980 476 2035 cordis
494 1980 628 2050 jugo
657 1979 935 2034 servitutis
979 1988 1086 2033 tua:
1107 1978 1466 2032 edomandam
1490 1992 1587 2046 per

1688 611 1831 665 idem
1860 621 2084 666 sanctus
2103 611 2281 668 Jesus.
2309 611 2449 680 Quid
2473 614 2526 666 in
2558 628 2645 668 me
2667 622 2887 683 operata
2912 615 3145 672 sint‘hec
3167 625 3260 671 tua

1687 701 1986 772 magnalia,
2025 702 2188 768 Deus,
2221 712 2314 759 aut
2358 705 2411 756 in
2457 718 2567 773 quo
2613 705 2866 759 miseram
2895 706 3136 762 animam
3179 707 3262 762 le-

1687 795 1932 864 thargico
1967 809 2162 850 somno
2195 810 2532 866 oppressam,
2565 797 2632 851 ad
2659 805 2710 851 te
2742 797 3063 865 timendum,
3095 808 3148 854 te
3173 797 3262 854 di-

1687 884 1984 956 ligendum,
2033 901 2296 956 exurgere
2337 896 2392 941 et
2432 887 2688 957 evigilare
2737 887 3070 955 docuerunt;
3107 889 3262 945 testis

1687 984 1772 1031 est
1807 977 2119 1046 repatriatio
2158 986 2366 1044 nostra,
2401 979 2554 1034 testis
2595 979 2934 1050 subsequens
2967 981 3076 1035 vita
3103 995 3260 1047 mea,

1687 1080 1809 1135 qua:
1836 1067 1986 1136 pium
2022 1067 2312 1122 Dominum
2357 1069 2423 1123 de
2452 1069 2663 1138 placato
2690 1071 2914 1126 reddere
2938 1072 3112 1141 possit
3147 1071 3288 1126 ira-.

1686 1165 1825 1226 tum,
1861 1175 1968 1213 non
1995 1175 2118 1228 qua:
2135 1158 2400 1214 offensum
2429 1161 2558 1215 dare
2591 1162 2821 1218 squiciat
2841 1164 3211 1219 conciliatum.

1760 1246 1898 1317 (Fol.
1927 1249 2090 1318 ΗΓ.)
2115 1248 2180 1302 Et
2201 1265 2347 1305 nunc
2359 1249 2458 1305 bec
2471 1250 2884 1322 qualiacumque
2907 1265 3093 1309 nostra
3115 1255 3260 1327 legat

1687 1338 1781 1407 qui
1801 1340 1964 1405 volet,
2005 1340 2225 1394 irrideat
2247 1349 2308 1396 ut
2335 1342 2497 1408 volet,
2525 1343 2820 1398 dummodo
2846 1345 3009 1401 libeat
3037 1355 3092 1402 et
3131 1365 3264 1403 con-

1687 1429 1909 1484 cedatur
1938 1430 2218 1486 immorari
2243 1433 2841 1491 memorimdnlcedinis
2863 1447 2987 1502 tum,
3013 1445 3108 1507 qui
3138 1455 3264 1509 pec-

1687 1529 1900 1575 cantem
1932 1521 2168 1578 sustines
2193 1523 2258 1578 ad
2293 1524 2668 1593 penitentiam,
2695 1535 2750 1580 et
2772 1528 3042 1595 parcendo
3067 1530 3266 1586 invitas

1687 1610 1753 1666 ad
1776 1610 2172 1666 conciliandam
2198 1614 2520 1670 sustinentis
2542 1614 2876 1684 patientiam.
2904 1616 3032 1673 Inde
3051 1635 3082 1674 e
3100 1622 3264 1676 vesti-

1687 1702 1776 1772 gio
1807 1702 1897 1756 illa
1925 1712 2112 1758 nostra
2145 1705 2507 1774 promotione,
2543 1721 2664 1776 quae
2691 1723 2837 1763 nunc
2866 1709 3023 1766 nobis
3049 1710 3263 1766 horrori

1686 1799 1790 1857 est,
1841 1803 2145 1862 promotus,
2177 1803 2360 1849 utrum
2411 1797 2582 1866 gratia
2618 1805 2711 1852 tua
2743 1813 2812 1852 an
2860 1800 3129 1869 permissu
3180 1801 3266 1856 vel

1682 1883 1889 1953 judicio
1934 1885 2142 1952 nescio,
2183 1901 2448 1956 perparvo
2475 1889 2736 1958 temporis
2771 1893 2956 1960 spacio
2986 1901 3268 1963 assumpta

1687 1973 2020 2043 praelationis
2059 1977 2331 2046 gravitas,
2381 1993 2508 2032 cum
2553 1979 2608 2032 in
2639 1995 2727 2035 me
2761 1979 3031 2048 durasset,
3078 1998 3270 2052 super-

41 2083 140 2125 tuos
161 2072 438 2136 evocabas,
469 2080 524 2126 et
546 2087 633 2126 me
657 2071 793 2126 mihi
825 2071 928 2141 ipsi
952 2071 1174 2126 sordere
1199 2070 1397 2124 intuitu
1424 2071 1587 2124 mise-
1629 2065 1847 2120 Vducta
1877 2065 1996 2142 ejus
2018 2068 2228 2136 species
2249 2068 2436 2124 multis
2462 2071 2640 2126 modis
2659 2071 2734 2126 ita
2756 2072 3063 2128 oblitterata
3084 2085 3187 2141 est,
3211 2083 3272 2130 ut

43 2164 230 2218 rationis
253 2174 354 2219 tua:
384 2163 643 2218 faciebas.
673 2160 716 2217 Ο
741 2161 1018 2217 miseriam
1044 2176 1240 2225 meam,
1265 2176 1386 2230 quae
1414 2161 1481 2215 ad
1508 2169 1588 2215 tet

42 2257 299 2310 vocationis
330 2254 786 2326 ingeminationes
807 2269 912 2307 non
942 2252 1253 2323 evigilabat!
1285 2251 1474 2320 utique
1503 2251 1588 2305 ni-

44 2347 126 2399 mia
146 2347 324 2418 rubigo
349 2362 471 2400 mea
492 2363 588 2416 per
611 2346 789 2418 ignem
821 2345 1168 2415 excoquenda
1200 2351 1336 2409 erat,
1366 2351 1419 2396 et
1443 2342 1584 2409 ideo,

44 2437 121 2490 etsi
145 2452 351 2506 surgere
381 2437 642 2502 conabar,
666 2436 842 2491 scoria
865 2435 1154 2504 voluptatis
1183 2434 1386 2488 inolitae
1410 2449 1589 2504 prava:

46 2528 411 2583 consuetudinis
448 2527 799 2599 aggravabar.
828 2525 1172 2596 Projeceram
1210 2533 1336 2596 post
1377 2533 1589 2594 tergum

46 2627 226 2686 peccata
251 2635 399 2686 mea;
426 2619 710 2690 denigrata
744 2619 889 2672 enim
915 2626 1032 2673 erat
1060 2616 1226 2672 facies
1249 2633 1391 2682 mea,
1415 2625 1468 2671 et
1502 2624 1587 2670 ta-

48 2725 143 2764 men
168 2718 218 2764 tu
245 2710 296 2765 in
321 2711 498 2766 servis
524 2711 634 2765 tuis
659 2709 909 2780 diligens,
940 2724 1048 2763 non
1084 2707 1356 2762 feditatem
1386 2721 1586 2773 meam,

49 2802 120 2854 sed
146 2803 469 2858 curationem
496 2802 552 2856 in
577 2817 663 2856 me
684 2817 806 2872 quae
833 2815 862 2854 a
891 2808 944 2856 te
969 2800 1140 2871 gratia
1168 2807 1261 2854 tua
1283 2798 1464 2853 futura
1483 2810 1588 2864 est,

51 2891 228 2949 sinebas
254 2911 335 2950 me
376 2895 461 2950 ire
485 2903 540 2948 et
571 2893 903 2964 prosperari,
928 2900 987 2946 ut
1019 2907 1144 2947 cum
1176 2891 1291 2946 haec
1321 2891 1590 2960 reciperes

51 2997 72 3033 a
93 2984 314 3055 diligente
352 3001 466 3040 non
503 2995 575 3050 te,
613 2984 708 3039 sed
739 2983 829 3038 illa
864 2983 989 3039 data
1009 2991 1100 3037 tua
1127 2983 1208 3036 vel
1231 2981 1508 3051 permissa.
1533 2980 1590 3034 in

52 3074 211 3142 quibus
238 3077 624 3147 prosperabar.
670 3077 929 3131 adurerer
961 3075 1084 3144 igne
1113 3073 1500 3138 tribulationis,
1536 3081 1592 3128 et

1689 2171 1798 2210 non
1825 2157 1938 2227 jam
1980 2159 2160 2227 qualis
2185 2175 2386 2228 essem,
2417 2177 2604 2217 verum
2633 2164 2810 2234 qualis
2854 2164 3052 2221 fuerim
3093 2183 3270 2221 reme-

1688 2244 1892 2300 morari
1922 2247 2136 2304 diflicile
2165 2260 2331 2317 esset,
2355 2251 2441 2306 ve'l
2475 2253 2605 2322 quia
2641 2255 2878 2311 honores
2908 2261 3122 2312 mutant
3150 2274 3271 2313 mo-

1689 2351 1798 2402 res,
1826 2337 1911 2390 vel
1937 2338 2066 2407 quia
2102 2339 2156 2393 id
2191 2341 2502 2397 merebatur
2541 2343 2828 2401 insolentia
2863 2362 3098 2414 morum,
3129 2365 3268 2404 non-

1688 2425 1839 2494 dum,
1871 2436 1932 2482 ut
1963 2428 2207 2496 decebat,
2250 2431 2640 2490 satisfactionis
2667 2436 2890 2491 verbere
2925 2439 3187 2510 castigata
3217 2450 3272 2494 et

1689 2517 2086 2573 emendationis
2109 2520 2355 2575 antidoto
2395 2531 2605 2577 curata.
2640 2522 2778 2580 Hinc
2806 2525 3003 2581 iterum
3035 2529 3269 2584 infirmi-

1689 2604 1815 2658 tatis
1861 2607 2236 2674 commonitio,
2279 2609 2503 2678 privatae
2531 2619 2585 2665 et
2611 2612 2842 2680 publica:
2871 2614 3271 2684 inquietudinis

1691 2695 2110 2764 animadversio,
2143 2699 2234 2753 illa
2279 2699 2347 2755 de
2373 2700 2681 2756 dormitorii
2710 2703 2913 2760 salario
2940 2705 3150 2774 plancis
3176 2707 3272 2762 de-

1691 2785 1996 2843 ficientibus
2026 2789 2109 2844 vel
2131 2789 2363 2856 sublatis
2383 2791 2565 2858 ruina,
2591 2791 2758 2848 immo
2778 2796 3139 2865 propulsatio,
3161 2813 3272 2867 qua

1691 2877 1764 2932 ita
1794 2878 2019 2936 allectus
2044 2897 2189 2948 sum,
2219 2890 2281 2937 ut
2318 2883 2427 2938 vita
2457 2899 2546 2939 me
2584 2899 2769 2942 carere
2795 2887 3096 2948 crederem.
3133 2887 3271 2944 Nam

1690 2978 1745 3024 et
1774 2972 1998 3042 sanguis
2034 2973 2104 3027 ab
2126 2973 2354 3030 auribus
2382 2974 2718 3043 eliciebatur,
2741 2993 2868 3032 cum
2899 2979 3274 3036 misericordia

1692 3072 1784 3119 tua
1818 3064 1886 3119 ad
1933 3065 2330 3122 invocationem
2375 3067 2615 3124 nominis
2654 3067 2883 3139 Prejecti
2924 3071 3183 3140 martiris,
3219 3083 3276 3128 et

54 3166 194 3220 saltim
217 3178 340 3224 tunc
368 3168 695 3239 intelligeret
715 3167 965 3237 impietas
994 3181 1114 3220 mea
1139 3165 1278 3220 mala
1312 3181 1430 3229 sua,
1465 3181 1592 3220 cum
1619 3186 1662 3242 ο
1695 3157 1823 3211 boni
1851 3157 2017 3212 studii
2043 3159 2358 3228 exequutio,
2394 3159 2450 3213 in
2481 3175 2590 3229 qua
2625 3159 2832 3216 invenit
2859 3177 2946 3217 me
2969 3177 3132 3219 casus
3160 3180 3275 3234 Ipse

55 3272 128 3321 pro
159 3259 347 3315 eisdem
393 3261 560 3315 malis
595 3260 858 3328 inciperet
879 3258 992 3328 jam
1039 3258 1238 3327 puniri.
1279 3256 1417 3324 Quid
1451 3257 1594 3312 refe-

55 3363 160 3411 ram,
186 3351 372 3419 quibus
397 3367 491 3405 me
529 3350 744 3404 nunciis
788 3350 854 3404 ad
884 3349 1310 3404 meliorationem
1350 3349 1405 3403 in
1455 3350 1593 3404 mari

56 3441 350 3510 navigatione
380 3451 573 3496 nostra
600 3442 902 3512 procelloso
936 3441 1129 3510 spiritu
1157 3441 1325 3496 maris
1350 3449 1403 3495 et
1424 3457 1592 3510 quas-

56 3531 222 3587 satione
249 3535 423 3601 navis,
473 3549 593 3604 qum
631 3549 726 3604 per
760 3549 818 3589 se
843 3533 1057 3586 infirma
1089 3533 1319 3602 piscium
1355 3533 1592 3602 impulsu

57 3624 370 3692 quatiebatur,
403 3627 698 3697 adgravata
747 3624 1141 3696 prmmonuisti,
1177 3635 1231 3680 et
1275 3633 1592 3680 stertentem

58 3729 208 3770 somno
245 3719 527 3788 teporis'et
570 3717 908 3789 negligentia:
953 3716 1195 3772 excitare
1242 3725 1470 3772 conatus
1511 3732 1591 3784 es,

58 3819 149 3857 cum
179 3809 536 3877 gubernaculo
585 3809 778 3873 fracto,
805 3808 926 3862 velo
966 3808 1019 3861 vi
1054 3815 1340 3862 ventorum
1379 3807 1446 3862 ad
1475 3821 1591 3860 me-

55 3895 172 3952 dium
203 3916 364 3971 usque
386 3900 585 3966 scisso,
609 3900 789 3955 nautis
811 3899 1006 3954 timore
1027 3899 1331 3965 dissolutis,
1358 3914 1594 3968 praesen—

59 3993 138 4039 tem
159 3989 476 4047 intentarent
499 3994 680 4047 omnia
706 4000 958 4059 mortem,
979 4007 1115 4046 nave
1131 3991 1249 4046 solo
1265 3990 1362 4043 tibi
1384 3989 1590 4055 relicta,

57 4085 97 4130 et
113 4082 353 4147 quandam
379 4084 435 4138 in
463 4083 779 4154 vertiginem
813 4083 1060 4138 rotante?
1085 4080 1129 4137 Ο
1154 4080 1330 4151 qualis
1351 4080 1438 4133 illa
1464 4088 1594 4134 tunc

59 4165 159 4224 liora
189 4177 352 4229 cram!
379 4191 547 4245 quam
576 4175 713 4229 bene
744 4175 1018 4239 credulus,
1041 4188 1204 4242 quam
1235 4172 1318 4226 vel
1344 4172 1590 4237 devotus,

60 4271 184 4328 illam
222 4267 484 4333 penitens,
519 4282 685 4336 quam
746 4267 800 4318 in
849 4264 1210 4334 promittenda
1251 4263 1593 4332 correptione

62 4353 255 4420 sedulus,
283 4367 543 4412 constans
585 4366 639 4412 et
679 4357 992 4411 benivolus!
1031 4371 1195 4426 quam
1246 4363 1592 4425 peccatorum

64 4451 258 4498 Iteorum
303 4455 596 4522 accusator
649 4455 702 4499 et
731 4446 897 4516 judcx
945 4445 1274 4500 fidissimus!
1325 4459 1486 4514 quam
1537 4442 1592 4496 in

1695 3277 1760 3285 —
1783 3263 1910 3302 nam
1929 3247 2132 3303 circam
2163 3249 2310 3320 (215)
2338 3250 2623 3306 matutinis
2652 3252 2861 3307 exactis
2889 3251 3178 3321 faciebam,
3201 3285 3268 3294 -

1695 3353 1726 3392 a
1752 3339 1944 3394 mortis
1973 3338 2225 3396 faucibus
2252 3341 2532 3412 eripuerit.
2563 3341 2629 3397 Et
2649 3343 2868 3412 quidem
2899 3359 2966 3401 eo
2987 3346 3106 3416 ipso
3138 3355 3276 3402 tem-

1695 3446 1844 3500 pore,
1873 3446 2059 3486 mense
2080 3446 2299 3502 quoque
2340 3433 2550 3500 eodem,
2580 3434 2634 3488 in
2675 3433 2968 3492 Colticensi
3010 3439 3144 3493 cella
3172 3455 3274 3493 no-

1695 3530 1808 3576 stra
1833 3539 1865 3576 a
1899 3523 2220 3579 dormitorio
2255 3539 2350 3594 per
2382 3525 2778 3596 przecipitium;
2825 3528 2954 3583 item
2985 3527 3039 3586 in
3068 3528 3276 3585 Melun-

1695 3612 1848 3668 densi
1889 3614 2139 3669 eoenobio
2165 3629 2320 3686 aeque
2340 3615 2450 3671 duo
2485 3617 2738 3672 monachi
2769 3617 2926 3688 lapsi,
2960 3635 3068 3673 non
3091 3629 3274 3675 tamen

1697 3704 1828 3759 satis
1851 3705 1918 3760 de
1941 3714 2051 3760 tam
2073 3706 2378 3763 imminenti
2400 3707 2682 3764 altitudine
2705 3718 2765 3764 ut
2784 3725 2905 3782 ego,
2930 3710 3276 3768 confessione

1694 3803 1748 3850 et
1774 3799 2161 3854 communione
2201 3809 2529 3856 caruerant:
2578 3801 2711 3856 mihi
2751 3799 2924 3873 pietas
2966 3811 3057 3858 tua
3106 3805 3274 3859 vitam

1696 3887 1938 3966 indulsit,
1963 3891 2058 3960 qui
2087 3892 2189 3947 etsi
2217 3902 2492 3964 gravatus,
2522 3909 2630 3949 non
2661 3903 2842 3950 tamen
2871 3895 3052 3966 aliqua
3082 3911 3278 3966 corpo-

1695 3978 1773 4034 ris
1796 3962 1948 4049 ρὲἶιτὶθ
1983 3998 2104 4037 sum
2135 3962 2540 4054 pessumdatus,
2590 4000 2924 4057 quamquam
2961 3962 3098 4043 cum
3139 3962 3277 4044 ditii-

1695 4071 1894 4126 cultate
1918 4074 2136 4128 sanitati
2157 4076 2418 4142 redditus,
2441 4078 2620 4133 adhuc
2638 4093 2830 4133 casum
2843 4079 3074 4134 doleam.
3099 4078 3278 4146 Quam

1693 4166 1862 4220 tantis
1881 4165 2159 4222 beneficiis
2189 4168 2487 4237 gratiarum
2515 4173 2806 4235 actionem,
2832 4171 2920 4225 die
2944 4185 3052 4240 qua
3084 4172 3276 4241 iacens

1696 4258 1751 4312 in
1777 4259 1917 4313 lecto
1944 4259 2101 4328 signo
2121 4260 2457 4315 sanctissimi
2478 4261 2616 4314 clavi
2640 4261 2716 4314 tui
2741 4271 3166 4333 sanctarumque
3189 4281 3276 4320 re-

1695 4350 1987 4421 liquiarum
2022 4352 2320 4407 munimine
2349 4353 2594 4422 signatus
2614 4369 2758 4419 sum,
2787 4365 2842 4409 et
2862 4355 3137 4410 ablutione
3164 4357 3277 4411 vir-

1695 4441 1914 4498 tutifera
1943 4451 2180 4513 potatus,
2219 4452 2344 4513 post
2379 4444 2666 4502 decursam
2691 4446 3134 4502 ebdomadariam
3167 4449 3278 4502 mei

67 4537 362 4591 conversione
398 4517 617 4592 morum
655 4547 709 4592 et
733 4536 1109 4592 emendatione
1153 4537 1278 4590 vita:
1310 4535 1591 4605 paratissi-
1623 4517 1666 4572 Ῑ)
1691 4535 1865 4605 ipsius
1906 4535 2308 4602 alienationem,
2347 4537 2707 4606 rependerim,
2747 4553 3122 4594 rememorans
3149 4553 3278 4594 eru-

69 4617 177 4702 bus!
207 4624 388 4684 Vidisti
428 4631 568 4695 bzec,
598 4628 847 4694 Domine,
880 4637 933 4684 et
969 4627 1212 4682 liberasti
1248 4643 1372 4693 me;
1417 4642 1589 4681 exau-

71 4705 156 4796 Esti
178 4734 270 4788 me,
292 4730 343 4775 et
381 4723 702 4777 consolatus
733 4737 792 4776 es
817 4736 922 4786 me,
955 4729 1008 4774 et
1042 4735 1374 4789 quamquam
1400 4718 1592 4788 despe-

111 4811 219 4872 tum,
240 4826 567 4882 quamquam
593 4812 971 4876 novissimum,
997 4826 1120 4865 cum
1147 4809 1307 4879 primi
1329 4809 1593 4864 movisse-

137 4913 198 4950 Sa
228 4911 398 4969 portu,
449 4904 603 4957 illesa
644 4919 779 4957 nave
813 4918 936 4956 cum
988 4902 1244 4957 omnibus
1272 4917 1394 4972 quae
1437 4901 1491 4955 in
1526 4916 1590 4956 ea

137 4998 199 5052 nt,
229 4999 375 5050 terra
400 4996 680 5050 reddidisti
713 5009 816 5048 me.
852 4993 957 5049 Sed
989 5003 1049 5048 ut
1081 4994 1272 5064 pedem
1299 5001 1457 5047 terrae
1491 5009 1590 5062 ap-

136 5080 164 5143 i,
209 5085 287 5139 illa
335 5087 540 5142 dudum
588 5088 779 5142 devota
833 5086 972 5141 inter
1025 5085 1222 5139 fluctus
1267 5083 1497 5139 fervoris
1539 5092 1593 5138 et

131 5174 403 5233 endationis
432 5181 722 5249 promissio
752 5177 1151 5249 aliquantulum
1188 5175 1395 5246 friguit,
1427 5191 1591 5246 quam

153 5278 204 5314 θη
230 5267 477 5323 reductus
519 5269 686 5323 menti
736 5276 912 5323 terror
952 5283 1018 5322 ex
1062 5272 1175 5321 toto
1205 5273 1500 5335 tepescere,
1535 5273 1595 5319 ut

151 5352 242 5419 plet,
276 5374 378 5414 non
406 5362 553 5416 sivit.

157 5445 427 5518 ubsequuta
457 5461 592 5507 este
614 5452 844 5522 vestigio
873 5452 977 5506 alia
1006 5450 1307 5506 vocationis
1349 5449 1590 5520 compel-

137 5534 192 5587 tis
215 5537 413 5596 iteratio
439 5558 566 5597 mox
593 5552 653 5597 ut
688 5543 915 5614 Bajocas
945 5542 1090 5608 veni,
1125 5541 1415 5596 infirmitas
1445 5541 1591 5596 scili-

1688 4628 1873 4694 besco,
1899 4628 2228 4684 erubescens
2271 4627 2594 4697 confundor,
2623 4639 2678 4685 et
2704 4631 2849 4700 quod
2877 4639 3008 4687 tunc
3037 4645 3144 4685 non
3170 4629 3277 4685 feci

1685 4720 1798 4790 jam
1829 4719 1989 4786 facio,
2027 4720 2339 4790 supplicans
2362 4729 2422 4776 ut
2447 4730 2666 4791 accepta
2693 4721 2790 4776 tibi
2815 4723 2886 4778 sit
2911 4721 3278 4777 confessionis

1689 4821 1744 4867 et
1782 4812 1958 4866 laudis
1992 4811 2193 4866 oblatio
2222 4820 2276 4866 et
2315 4812 2455 4867 inter
2500 4812 2704 4882 ﬂagella
2753 4812 3140 4868 misericordiae
3167 4820 3280 4869 tua!

1691 4905 1809 4974 ipsa
1838 4914 2051 4960 erratus
2097 4905 2202 4958 mei
2246 4912 2459 4974 tuaeque
2498 4904 2717 4973 pietatis
2759 4904 3163 4958 rememoratio.
3211 4903 3280 4960 Et

1698 4997 1826 5066 quia
1861 4997 2041 5051 omnia
2092 4996 2319 5051 adversa
2351 4996 2514 5050 habet
2541 4997 2634 5066 qui
2662 4995 2762 5050 sibi
2795 4995 3064 5065 displicet,
3086 4996 3142 5051 in
3173 4996 3280 5051 hoc

1700 5088 1796 5142 tibi
1819 5089 2033 5158 placere
2077 5097 2292 5159 appeto,
2330 5088 2475 5158 quod
2503 5088 2660 5148 mihi
2697 5095 2748 5142 te
2785 5089 3044 5157 donante,
3091 5098 3144 5144 te
3192 5089 3278 5144 fa-

1698 5179 1893 5245 ciente,
1925 5179 2204 5249 displiceo.

1769 5270 1909 5325 Sunt
1937 5270 2115 5324 adbuc
2150 5271 2304 5340 plura
2342 5269 2644 5326 dulcedinis
2685 5280 2790 5328 tua:
2830 5273 3163 5328 monimenta
3193 5274 3280 5328 in-

1695 5370 1849 5431 grato
1871 5361 2131 5427 adhibita,
2160 5377 2333 5430 usque
2367 5361 2434 5415 ad
2463 5362 2577 5416 haec
2605 5363 2659 5416 in
2697 5363 2903 5434 quibus
2919 5351 3065 5420 nunc
3091 5381 3280 5421 versa-

1694 5462 1784 5508 tur
1806 5453 1986 5508 anima
2019 5469 2158 5519 mea,
2189 5453 2244 5507 in
2271 5453 2471 5523 quibus
2497 5453 2623 5523 quia
2656 5453 2849 5522 faciem
2887 5464 3036 5510 tuam
3066 5457 3276 5512 reveri-

1691 5555 1781 5602 tus
1810 5561 1920 5601 non
1945 5561 2088 5611 sum,
2122 5544 2270 5616 juste
2296 5561 2441 5599 versa
2468 5547 2622 5600 estin
2651 5546 2852 5601 luctum
2897 5549 3103 5602 cithara
3136 5565 3276 5613 mea,

167 5643 256 5695 qua
293 5635 514 5689 omnino
540 5635 859 5706 desperatus
895 5651 1037 5702 sum,
1084 5644 1139 5691 et
1181 5634 1337 5706 quasi
1374 5633 1589 5690 concla-
1687 5647 1737 5690 et
1763 5653 2015 5709 organum
2057 5653 2225 5692 meum
2273 5637 2328 5691 in
2365 5653 2484 5692 voce
2516 5639 2753 5708 ﬂentium
2799 5639 2940 5712 (Job.
2985 5655 3115 5707 xxx,
3158 5639 3273 5708 51).

1693 5727 1772 5782 Ε.
2333 5730 2386 5754 ,,
3019 5727 3023 5732 .

104 5806 243 5881 θθιῖ»)
275 5815 423 5874 Circa
453 5817 858 5876 Teutoniccdie
883 5820 1063 5874 ruude.
