3878 6310
606 385 712 442 567
1628 372 1929 434 "U00le
1965 368 2263 430 ABBATIS
2300 372 2870 434 FLAVINIACENSIS
3766 389 3859 446 ωε

579 499 794 571 'ltaque
815 505 1111 570 proclamet
1133 495 1227 553 tibi
1277 503 1385 551 tota
1415 494 1719 550 substantia
1747 493 1922 548 nostri
1970 492 2027 546 in
2055 506 2188 546 voce
2214 492 2261 549 Α
2286 489 2647 560 dissipantur!
2681 491 2747 548 Et
2777 493 2996 563 quidem
3025 495 3175 548 nervi
3205 496 3584 554 testiculorum
3617 497 3857 558 Beedmot

608 591 954 646 exultationis
991 597 1045 644 et
1068 587 1423 644 confessionis
1456 605 1469 638 :
1498 585 1679 640 omnia
1713 600 1838 654 qua:
1874 583 2052 638 fecisti
2081 599 2184 638 no-
2285 583 2546 653 perplexi,
2583 599 2709 640 ossa
2734 585 2856 655 ejus
2890 587 3037 641 velut
3067 587 3260 642 ῐὶδῑιιιευ
3287 590 3431 656 a-ris,
3459 592 3726 663 cartilago
3751 594 3856 664 ejus

614 683 690 743 vis
719 681 775 736 in
803 695 932 736 vero
959 679 1164 750 judicio
1197 677 1389 732 fecisti.
1429 675 1754 740 Proclamct,
1795 675 2049 743 inquam,
2081 674 2184 728 tibi
2285 673 2502 728 lamina:
2528 673 2716 730 ferrese
2743 675 2862 744 (Job
2891 693 2979 744 xL,
3009 677 3097 747 12)
3125 697 3138 732 :
3162 679 3288 748 quia
3315 692 3641 751 argumenta
3669 684 3853 738 diaboli

619 774 716 828 rita
759 787 879 826 mea
905 780 1060 836 tota,
1104 778 1229 824 ante
1275 769 1672 838 promotionem
1714 766 2012 836 .peccatrix,
2056 773 2184 834 post
2285 763 2705 832 inexplicabilia,
2750 765 2978 820 consilia
3022 781 3217 821 sonora
3248 768 3466 837 quidem
3498 786 3598 840 per
3623 772 3850 826 dulcedi-

602 865 997 934 promotionem
1036 861 1297 916 irritatrix
1339 878 1354 915 :
1396 859 1494 914 tibi
1521 859 1888 929 peccavimus,
1923 864 1978 913 et
2019 869 2182 911 mane-
2282 870 2406 909 nem
2454 855 2547 910 sed
2588 856 2806 910 enervia
2855 873 2951 926 per
2994 858 3406 914 delectationem
3434 901 3450 925 ,
3505 862 3636 916 vitia
3690 865 3849 932 specie

602 954 741 1010 datis
757 954 864 1008 tuis
889 969 996 1007 non
1012 949 2182 1019 obedivimus.Condcmpnetsetotamjudi-
2281 945 2540 998 virtutum
2587 946 2826 1016 palliata.
2878 945 3016 1016 (Fol.
3066 946 3214 1018 Hi.)
3249 949 3521 1004 Absorbct
3571 950 3843 1006 Leviathan

601 1045 741 1100 dicio
767 1060 888 1111 suo,
911 1045 1024 1113 jam
1051 1044 1207 1114 quasi
1234 1044 1627 1111 condernpnata
1666 1040 1873 1110 judicio
1899 1042 2176 1108 humano;
2280 1035 2370 1090 hic
2396 1036 2642 1101 ﬂuvium,
2669 1045 2724 1090 et
2753 1051 2862 1091 non
2887 1038 3138 1105 miratur,
3169 1048 3222 1093 et
3250 1040 3410 1095 habet
3437 1041 3695 1097 ﬁduciam
3717 1046 3840 1114 quod

598 1148 780 1192 etnon
806 1153 900 1207 spe
919 1138 1306 1207 recuperandae
1329 1127 1717 1201 secularitatis,
1740 1135 1832 1190 sed
1855 1149 2038 1190 amore
2059 1149 2180 1204 pro-
2279 1126 2468 1182 inﬂuat
2507 1127 2759 1184 Jordauis
2802 1130 2854 1182 in
2891 1145 2954 1184 os
2983 1130 3102 1200 ejus
3134 1130 3326 1201 (lbid.,
3374 1133 3494 1202 l8);
3543 1134 3640 1188 sed
3681 1135 3837 1204 perfo-

595 1231 852 1284 vocandm
873 1230 927 1283 in
960 1244 1019 1284 se
1038 1229 1185 1298 justo
1216 1235 1436 1292 exertae,
1459 1234 1515 1281 et
1544 1225 1716 1296 magis
1741 1226 2024 1296 magisque
2051 1239 2177 1280 exe.
2277 1225 2393 1271 rata
2431 1217 2648 1272 maxilla
2683 1219 2803 1288 ejus
2835 1220 2998 1274 hamo
3040 1221 3310 1289 passionis
3347 1222 3657 1291 dominicze,
3691 1226 3832 1279 electa

593 1321 775 1375 renum
804 1319 1000 1375 divinas
1043 1318 1550 1384 animadversionis,
1577 1317 1834 1387 quoniam
1855 1333 1957 1388 ego
1990 1317 2044 1370 in
2074 1316 2174 1371 na.
2276 1313 2459 1362 tenere
2488 1307 2696 1377 nequit,
2724 1308 2828 1363 etsi
2852 1309 2998 1363 llill'O
3030 1310 3326 1381 aliquando
3353 1311 3604 1379 inﬂuant,
3634 1315 3831 1369 traicere

593 1411 731 1479 galla
753 1419 999 1479 paratus,
1033 1411 1127 1479 qui
1150 1409 1437 1480 fragilitate
1457 1409 1680 1478 deliqui,
1710 1408 1855 1463 unde
1887 1408 2082 1486 merito
2104 1406 2173 1462 ad
2273 1415 2382 1454 non
2415 1401 2670 1470 pmvalel
2698 1403 2830 1471 quin
2860 1401 3100 1456 efﬂuant.

591 1513 786 1569 penam
817 1502 1004 1555 videar
1025 1501 1221 1555 debere
1257 1501 1452 1569 aptari,
1475 1507 1530 1554 et
1561 1500 1714 1554 dolor
1755 1513 1911 1554 meus
1933 1507 2060 1554 ante
2082 1514 2172 1554 me
2341 1491 2468 1547 Dies
2511 1501 2629 1546 erat
2669 1492 2957 1548 dominicas
2984 1494 3421 1552 Rcsurrectionis
3467 1497 3676 1554 honore
3715 1499 3829 1553 insi-

592 1599 933 1658 estsemper,
953 1590 1078 1659 quia
1099 1590 1416 1644 amandatis
1434 1589 1542 1645 tuis
1555 1589 1839 1646 declinavi.
1865 1588 2002 1655 Quid
2022 1590 2169 1644 enim
2270 1586 2392 1657 guis
2433 1587 2598 1656 (Apr.
2651 1587 2778 1658 10),
2825 1587 3119 1642 missarum
3159 1589 3481 1659 sollempuia
3527 1590 3833 1661 agebantur,

591 1678 826 1734 referam
848 1687 960 1733 tam
985 1680 1208 1735 evidens
1231 1687 1341 1734 tua:
1375 1680 1590 1748 pietatis
1611 1679 1891 1747 indicium,
1913 1681 2060 1750 quod
2087 1695 2169 1734 ra-
2267 1678 2554 1734 aderamus
2595 1691 2806 1733 omnes.
2851 1677 3014 1734 Forte
3053 1695 3252 1749 porcus
3296 1681 3613 1736 discurrens
3665 1681 3832 1734 invisi-

592 1783 690 1822 rus
724 1769 996 1825 invenitur
1021 1779 1116 1824 aut
1142 1785 1280 1840 pene
1311 1771 1494 1826 nullus
1537 1771 1633 1840 qui
1658 1771 1870 1841 ignoret
1893 1769 2167 1825 Flavinia-
2195 1819 2239 1844 ῃ
2267 1770 2393 1826 bilis
2415 1811 2432 1836 ,
2477 1771 2571 1826 sed
2615 1770 2892 1826 sensibilis
2917 1812 2932 1838 ,
2989 1773 3219 1826 chorum
3271 1772 3613 1844 peragrando
3666 1767 3831 1826 sentiri

724 1819 984 1825 --η---η-
1023 1819 1114 1824 ην
1143 1819 1277 1840 rm-
1312 1819 1492 1826 -------
1541 1819 1633 1840 -.--
1660 1819 1869 1841 -ο--τ-ν-
1894 1819 2138 1825 ---------
2269 1819 2432 1836 --ηη
2477 1819 2571 1826 ---
2615 1819 2890 1826 -ν---------
2917 1819 2932 1838 .
2994 1819 3219 1826 ς-------
3271 1819 3609 1844 runca-~-

602 1857 862 1925 eensium,
900 1874 1025 1914 cum
1055 1860 1287 1915 redirem
1317 1875 1349 1914 a
1379 1859 1668 1916 Sinemuro
1693 1870 1879 1932 septus
1901 1861 2164 1916 comitatu
2195 1819 2241 1880 Β
2268 1863 2429 1917 datus
2459 1869 2563 1927 est,
2599 1871 2654 1916 et
2678 1877 2872 1918 sensus
2911 1871 2996 1918 est
3023 1878 3055 1916 a
3083 1863 3316 1930 cunctis,
3363 1879 3395 1918 a
3436 1878 3525 1918 me
3567 1863 3686 1933 ipso
3712 1877 3829 1932 quo-

605 1948 983 2006 nonacborum
1015 1957 1069 2004 et
1102 1951 1402 2021 laycorum,
1431 1950 1571 2005 inter
1599 1951 1938 2006 cboruschos
1968 1961 2023 2007 et
2051 1961 2167 2008 tur—
2267 1969 2395 2024 que,
2422 1968 2547 2008 cum
2573 1953 2688 2022 jam
2723 1953 2846 2009 aliis
2875 1953 3115 2009 vicissim
3147 1954 3250 2009 sibi
3281 1953 3335 2008 id
3365 1963 3502 2009 nutu
3539 1955 3827 2025 significan-

589 2041 742 2096 bines
780 2041 1116 2110 tempestatis
1149 2042 1484 2109 inundantia,
1521 2041 1726 2098 fulmen
1759 2051 1886 2100 ante
1931 2059 2164 2114 conspe-
2264 2042 2413 2098 tibus
2457 2041 2868 2112 perdidicissem
2891 2084 2905 2109 ,
2945 2057 3182 2113 moxque
3229 2043 3524 2098 sensissem
3551 2085 3566 2109 ,
3623 2053 3677 2097 et
3721 2043 3827 2111 quid

587 2141 707 2186 ctus
737 2140 950 2188 nostros
975 2132 1258 2201 cecidisse,
1283 2134 1357 2188 ita
1377 2142 1437 2188 ut
1460 2134 1632 2189 bestia
1652 2135 1741 2189 cui
1762 2135 2016 2190 sedebam
2042 2135 2166 2207 igne
2264 2137 2611 2209 portenderet
2636 2137 3022 2208 intelligerem;
3056 2137 3254 2192 iterato
3279 2152 3311 2192 a
3339 2153 3426 2192 me
3467 2137 3706 2192 sentitur
3735 2138 3824 2206 jam

585 2222 705 2292 ipso
727 2223 964 2278 ustulata
999 2233 1161 2295 caput
1189 2233 1377 2294 pectus
1406 2233 1461 2279 et
1493 2240 1679 2292 crura,
1713 2241 1808 2296 per
1838 2224 1908 2280 l0
1929 2226 2046 2282 dies
2071 2227 2160 2281 vix
2263 2225 2661 2292 stomachante,
2707 2234 2761 2281 et
2794 2241 2922 2280 vere
2951 2225 3185 2294 dolente,
3231 2234 3286 2280 et
3319 2225 3374 2278 in
3423 2241 3511 2279 me
3539 2226 3716 2295 primo
3750 2240 3824 2293 pro

584 2313 800 2369 stabulo
823 2315 1038 2369 extrahi
1073 2324 1276 2385 posset,
1312 2324 1366 2371 et
1395 2329 1483 2371 me
1517 2316 1803 2371 clementia
1832 2324 1926 2371 tua
1965 2317 2163 2372 immu-
2263 2317 2369 2372 hoc
2396 2316 2515 2386 ipso
2543 2315 2857 2388 indignante
2885 2316 3040 2384 adeo,
3085 2323 3146 2372 ut
3189 2315 3244 2370 in
3283 2331 3407 2370 eum
3441 2316 3824 2371 conculcatione

583 2417 707 2459 nem
734 2419 765 2459 a
794 2405 999 2462 lesione
1019 2407 1271 2473 servavit,
1307 2423 1432 2462 cum
1471 2415 1596 2464 ante
1621 2423 1709 2462 me
1739 2423 1847 2463 non
1870 2409 2030 2480 longe
2061 2423 2160 2463 cu-
2262 2423 2370 2478 qua
2409 2416 2650 2477 poteram
2684 2408 3009 2476 desevirem,
3048 2423 3158 2478 qua
3196 2417 3355 2462 actus
3397 2408 3450 2462 in
3501 2408 3688 2478 fugam
3725 2423 3819 2461 cum

581 2493 696 2550 bito
721 2509 835 2552 uno
863 2496 1067 2553 fulmen
1102 2497 1284 2568 ipsum
1324 2498 1620 2555 ceciderit?
1655 2497 1810 2565 Quod
1837 2499 1892 2553 in
1921 2499 2162 2555 crastino
2261 2500 2519 2572 grunnitu
2550 2500 2812 2570 quodam,
2844 2500 2938 2570 qui
2973 2509 3026 2555 et
3055 2499 3230 2554 audiri
3255 2498 3451 2571 potuit,
3483 2500 3629 2553 ultra
3667 2495 3818 2554 semul

577 2586 853 2655 quesitum
899 2597 955 2644 et
997 2589 1276 2645 inventum
1320 2599 1424 2658 est,
1462 2590 1719 2648 omnibus
1763 2591 2160 2647 admirantibus
2262 2606 2371 2645 non
2403 2591 2599 2660 potuit.
2645 2589 3070 2661 lngemiscebam
3105 2589 3292 2645 dolore
3319 2589 3610 2656 continuo,
3655 2598 3707 2643 et
3744 2586 3815 2641 tibi

577 2679 855 2746 quomodo
879 2679 1036 2736 vivus
1062 2681 1353 2749 eraserim,
1402 2690 1498 2736 aut
1540 2682 1800 2751 immunis
1836 2697 1868 2737 a
1915 2681 2158 2750 laesione,
2260 2682 2364 2736 soli
2390 2680 2606 2748 ﬂebam,
2638 2682 2809 2753 cybus
2846 2681 2902 2735 in
2931 2681 3196 2747 lacrimis,
3228 2689 3391 2752 potus
3423 2690 3543 2736 erat
3575 2681 3632 2734 in
3669 2679 3812 2748 suspi-

575 2770 995 2840 quamplurimis
1037 2788 1257 2844 quoque
1299 2773 1524 2829 sinistro
1557 2773 1611 2828 id
1659 2774 1843 2829 omine
1892 2775 2160 2844 iuterpre-
2259 2771 2465 2827 riis:et
2489 2783 2548 2828 ut
2570 2787 2657 2827 me
2679 2787 2962 2843 purgares,
2984 2771 3078 2843 qui
3102 2771 3226 2827 aliis
3244 2772 3542 2843 purgandis
3567 2773 3814 2827 institutus

575 2861 840 2928 tantibus,
894 2863 1201 2920 maleficum
1251 2878 1339 2919 me
1377 2872 1434 2919 et
1467 2871 1644 2920 morte
1688 2865 1934 2936 dignum,
1994 2880 2156 2935 quem
2257 2879 2429 2931 eram,
2466 2865 2632 2920 tacito
2658 2865 3008 2921 conscientia:
3041 2865 3245 2936 gemitu
3275 2865 3675 2936 supplieabam,
3712 2863 3808 2934 quia

577 2949 723 3007 Deus
763 2953 889 3022 ipsa
924 2935 1025 3010 su'a
1077 2955 1550 3011 animadversione
1596 2935 1925 3011 monstraret
1963 2956 2159 3010 merito
2257 2959 2409 3006 tanto
2432 2951 2680 3006 videbam
2712 2967 2797 3008 me
2828 2935 3125 3007 invalidum
3167 2935 3406 3024 peccatis
3446 2953 3807 3024 meis‘exigen-

572 3045 929 3114 puniendum.
982 3045 1142 3102 Forte
1192 3056 1374 3102 autem
1434 3045 1570 3101 mihi
1611 3046 1834 3117 junctus
1881 3047 2160 3116 equitabat
2257 3041 2402 3097 tibus
2423 3042 2491 3097 ad
2515 3042 2832 3112 corrigenda
2862 3043 3110 3112 quaedam
3139 3042 3344 3114 gravia,
3369 3058 3494 3114 quae
3517 3044 3638 3098 solo
3661 3051 3807 3096 tamen

572 3141 700 3188 ante
757 3148 846 3189 me
891 3149 1059 3206 eques
1113 3145 1378 3203 armatus,
1428 3145 1483 3192 et
1532 3145 1649 3192 toto
1705 3153 1932 3208 corpore
1964 3140 2158 3208 pluvia:
2183 3164 2227 3223 ρ
2257 3133 2442 3188 auditu
2478 3134 2795 3200 didiceram,
2822 3143 3028 3204 quanto
3054 3135 3340 3190 videbatur
3381 3135 3516 3190 mibi
3564 3137 3618 3191 id
3661 3153 3718 3189 ex
3745 3135 3803 3187 in-

572 3224 855 3294 expositus
883 3261 898 3292 ,
974 3226 1151 3296 clipeo
1212 3241 1272 3282 se
1330 3241 1560 3282 recurvo
1603 3236 1658 3283 et
1710 3243 1874 3299 supra
1925 3243 1984 3284 se
2027 3245 2154 3300 pro-
2257 3226 2422 3280 curize
2460 3241 2594 3280 mea:
2638 3233 2693 3281 et
2733 3225 3069 3297 negligentia:
3111 3226 3319 3281 desidia
3366 3227 3680 3296 procedere.
3725 3224 3801 3277 Sed

574 3323 725 3369 tento
784 3316 1092 3383 munierat,
1146 3317 1241 3388 qui
1291 3317 1425 3372 dum
1482 3333 1625 3388 equo
1679 3319 1984 3376 calcaribus
2030 3330 2152 3377 acto
2252 3316 2381 3387 quid
2407 3317 2530 3372 dico
2559 3315 2764 3388 gravia,
2799 3332 2923 3371 cum
2955 3332 3023 3371 ne
3049 3317 3258 3371 minuta
3300 3317 3522 3388 quidem
3568 3317 3799 3385 corriget

569 3419 818 3475 gressum
864 3407 1168 3474 accelerat,
1225 3407 1280 3461 in
1343 3407 1462 3478 ipsa
1522 3408 1767 3464 fulminis
1823 3409 2152 3479 iaculatione
2251 3407 2650 3476 praevalebam?
2692 3405 2767 3460 Ita
2799 3423 2828 3460 a
2857 3421 2943 3460 me
2968 3407 3147 3462 omnis
3175 3406 3369 3472 virtus,
3398 3408 3583 3461 omnis
3603 3407 3796 3478 justitia,

568 3488 816 3552 lanceam
855 3512 1102 3553 aversam
1142 3496 1385 3565 ferebat;
1434 3500 1590 3570 cujus
1633 3501 1766 3554 mihi
1807 3501 1976 3570 acies,
2017 3503 2148 3558 dum
2251 3498 2430 3552 omnis
2459 3497 2623 3568 rigor,
2663 3505 2940 3567 postremo
2969 3497 3230 3567 quidquid
3258 3497 3386 3550 illud
3417 3498 3668 3567 estquod
3694 3511 3795 3566 pm-
3841 3535 3845 3570 ρ

565 3597 728 3660 pavet
769 3597 824 3643 et
873 3589 942 3644 ad
995 3598 1205 3645 tantam
1251 3567 1515 3647 visionem
1561 3592 1843 3660 hebescit,
1885 3567 2004 3664 ipso
2047 3610 2149 3650 suo
2249 3589 2417 3644 latum
2463 3567 2655 3655 decet,
2703 3605 2732 3642 a
2779 3604 2866 3644 mc
2907 3597 3239 3654 recesserat.
3286 3587 3445 3658 quasi
3491 3587 3654 3643 factis
3695 3586 3792 3654 ipsis
3835 3567 3843 3664 ,I'

565 3681 763 3736 timore
803 3696 993 3751 gressu
1032 3682 1344 3748 retardato,
1398 3683 1722 3739 acceleranti
1763 3685 1898 3742 mihi
1942 3685 2148 3757 gutturi
2249 3681 2382 3734 mihi
2422 3679 2751 3750 loquereris,
2793 3689 2847 3734 et
2885 3680 3112 3746 diceres,
3160 3695 3246 3734 me
3288 3679 3465 3749 primo
3505 3679 3786 3733 curandum.

565 3769 748 3839 inlisa,
784 3772 891 3829 nisi
929 3782 1006 3840 tu,
1040 3772 1207 3842 Deus,
1251 3774 1483 3829 bestiam
1513 3776 1601 3830 cui
1629 3776 1942 3832 insedebam
1983 3793 2013 3831 a
2046 3793 2148 3834 suo
2247 3769 2381 3837 Quis
2413 3772 2557 3826 enim
2588 3787 2687 3841 ego
2717 3779 2866 3833 tune.
2887 3770 2972 3825 vel
3002 3767 3180 3839 qualis
3204 3771 3388 3824 eram?
3416 3768 3620 3840 Utique
3645 3771 3787 3824 homo.
3821 3769 3826 3842 ἒ

564 3866 768 3933 impetu
798 3863 1168 3930 refraenasses,
1199 3873 1254 3919 et
1287 3866 1421 3921 socii
1455 3867 1858 3922 conclamatum
1889 3868 2044 3922 illum
2078 3868 2146 3924 ad
2246 3862 2334 3916 cui
2365 3863 2546 3916 omnia
2582 3861 2648 3916 ad
2678 3869 2863 3915 votum
2910 3862 3289 3931 suppetebant,
3319 3860 3534 3932 singula
3583 3876 3672 3931 pro
3696 3864 3784 3910 vcta

565 3956 842 4010 anteriora
875 3955 1286 4026 compulissent,
1321 3956 1444 4012 vita:
1471 3971 1558 4012 me
1584 3966 1856 4012 extorrem
1887 3957 2142 4014 dedisset.
2245 3959 2420 4018 erant,
2465 3959 2526 4005 ut
2563 3951 2696 4005 mihi
2739 3951 2841 4022 ipsi
2886 3952 3063 4020 palam
3102 3951 3325 4005 daretur
3367 3951 3621 4022 intelligi,
3649 3950 3688 4003 si
3716 3944 3783 3999 lilii

565 4047 698 4114 Quae
731 4047 928 4118 duplex
957 4047 1132 4103 nostri
1158 4048 1388 4103 salvatio
1417 4048 1504 4104 his
1532 4049 1628 4119 qui
1657 4050 1929 4118 viderunt,
1969 4059 2024 4107 et
2049 4052 2145 4122 qui
2245 4043 2580 4098 adhesisscm
2601 4083 2616 4108 ,
2663 4058 2765 4097 nec
2804 4042 2927 4096 vita:
2973 4042 3273 4097 remissiori
3331 4041 3486 4096 frena
3538 4043 3780 4098 laxassrm.

562 4139 870 4206 audierunt,
917 4138 1058 4194 facta
1090 4147 1172 4195 est
1199 4138 1483 4194 miraculo.
1530 4137 1650 4194 1am
1692 4141 2025 4210 praeterierat
2051 4142 2144 4196 illa
2245 4135 2660 4190 succedentibus
2705 4134 2978 4204 utrimque
3035 4134 3312 4204 prosperis
3367 4149 3461 4188 rex
3512 4149 3710 4196 essem,
3742 4135 3780 4179 tl

560 4239 748 4286 nostra
786 4230 1040 4301 superius
1079 4231 1248 4286 relata
1294 4231 1590 4300 imperitia;
1635 4232 1750 4301 jam
1795 4233 1966 4288 multa
2012 4235 2141 4300 alia,
2242 4241 2368 4280 vere
2409 4241 2522 4280 rex.
2567 4224 2671 4290 Qui
2717 4225 2862 4279 enim
2895 4225 3208 4280 dominatur
3246 4224 3431 4280 animo
3471 4241 3595 4288 suo,
3633 4222 3779 4276 melior

559 4335 682 4391 quae
717 4335 1041 4376 enumerare
1073 4321 1392 4392 perlongum
1435 4328 1541 4388 est,
1585 4330 1681 4377 tua
1713 4323 1974 4379 beneﬁcia
2005 4325 2142 4379 mihi
2241 4325 2328 4373 est
2351 4326 2719 4386 expugnatore
2744 4316 2991 4381 urbium;
3029 4316 3159 4386 quia
3184 4331 3314 4370 vero
3351 4315 3502 4386 regia
3549 4314 3668 4370 mihi
3703 4306 3776 4378 ipsi

558 4413 792 4482 ingrato,
820 4412 917 4466 sed
946 4427 1056 4466 non
1079 4426 1472 4481 usquequaque
1511 4411 1760 4482 inpensa,
1798 4413 2064 4469 docebant
2091 4423 2143 4470 te
2241 4410 2474 4464 viluerat
2499 4409 2755 4479 dignitas,
2800 4417 2853 4463 et
2896 4424 3091 4462 nomen
3121 4407 3266 4478 quod
3299 4407 3498 4462 merito
3529 4409 3774 4463 honoratur

558 4501 876 4566 amandum,
907 4500 1004 4556 tibi
1031 4501 1423 4566 adherendum,
1463 4501 1510 4556 si
1537 4500 1870 4558 invenissent
1913 4519 2010 4559 cor
2035 4505 2139 4561 do-
2164 4502 2219 4563 Β
2244 4499 2568 4563 sorducrat,
2625 4497 2818 4552 sordes
2873 4513 3008 4552 mea:
3053 4497 3244 4552 {uetere
3301 4496 3551 4552 fecerunt
3599 4498 3769 4550 odorﬂl

557 4592 680 4658 cile,
707 4590 1019 4646 benivolum
1056 4599 1112 4646 et
1143 4591 1366 4646 humile.
1404 4591 1544 4658 Quid
1570 4601 1673 4660 est,
1704 4576 1848 4650 Deus
1871 4593 2134 4664 piissime,
2237 4607 2441 4658 meum,
2471 4599 2531 4646 ut
2561 4588 2773 4646 fructus
2799 4589 3106 4660 penitentize
3135 4590 3326 4646 darent
3367 4591 3589 4645 odorem
3617 4600 3770 4646 suum.

554 4681 833 4752 quomodo
898 4681 1134 4751 procella
1188 4682 1332 4736 venti
1390 4681 1711 4738 inundantis
1771 4684 2137 4742 secularitatis
2235 4692 2289 4738 te
2318 4683 2657 4737 illuminantc
2703 4681 2958 4736 tenebras
3003 4697 3175 4747 meas,
3221 4689 3274 4736 et
3313 4683 3636 4735 cmundautc
3669 4690 3786 4752 con-4

555 4771 854 4842 grassantis
877 4771 1057 4841 rapuit
1081 4788 1168 4828 me
1196 4773 1265 4828 ad
1291 4773 1376 4828 te?
1393 4773 1760 4830 Abstrahebar
1785 4783 1839 4830 et
1862 4777 2132 4845 videbam,
2235 4773 2518 4829 scientiam
2552 4781 2818 4828 nostram.
2857 4770 3012 4827 Unde
3055 4787 3164 4825 non
3208 4772 3262 4826 in
3289 4771 3518 4844 longum
3549 4764 3776 4846 prosper?

555 4863 806 4931 rapiebar
830 4871 885 4917 et
910 4861 1496 4918 sentiebamzfurabar
1523 4863 1654 4918 mihi
1686 4864 1850 4935 ipsia
1880 4881 1966 4920 me
1993 4866 2132 4936 ipso,
2235 4869 2343 4916 tate
2401 4863 2670 4916 malorum
2727 4877 2973 4916 meorum
3033 4859 3236 4916 fruitus
3292 4877 3436 4916 sum.
3498 4861 3608 4915 Non
3656 4856 3762 4909 enim

553 4960 608 5006 et
639 4953 907 5018 dolebam,
937 4963 992 5008 et
1019 4954 1076 5008 in
1096 4963 1391 5024 conspectu
1423 4963 1520 5009 tuo
1545 4956 1847 5025 gemebant,
1879 4966 1932 5012 ct
1967 4973 2130 5013 cura-
2237 4952 2395 5008 multi
2426 4953 2692 5006 tinxerant
2730 4952 2865 5018 dies,
2909 4961 2963 5006 et
3002 4952 3234 5007 visitasti
3275 4967 3362 5008 me
3397 4953 3566 5024 gratia
3599 4944 3766 5026 pici-alit

552 5041 756 5096 tionem
801 5043 1071 5110 sitiebam,
1112 5053 1168 5100 et
1196 5060 1228 5100 a
1258 5054 1310 5099 te
1347 5045 1611 5100 vindicari
1638 5055 1692 5101 ct
1719 5048 1963 5104 consumi
2001 5065 2129 5118 pec-
2238 5053 2362 5109 tum,
2395 5053 2455 5098 ut
2489 5044 2753 5099 discerem
2785 5057 3006 5112 sperare
3040 5043 3095 5097 in
3135 5051 3207 5109 te,
3249 5058 3360 5096 non
3392 5043 3448 5097 in
3473 5042 3660 5096 incerto
3685 5036 3762 5118 hri-3

551 5137 672 5185 cata
701 5146 820 5186 mea
848 5133 1152 5202 cupiebam,
1199 5148 1320 5204 qua:
1359 5133 1472 5204 jam
1507 5135 1621 5205 ipse
1651 5137 1747 5190 tibi
1778 5139 2042 5194 confitens
2073 5140 2127 5194 in
2227 5133 2322 5204 jus
2346 5133 2497 5200 vim;
2541 5134 2853 5188 decreverat
2880 5133 3025 5186 enim
3051 5132 3232 5188 facere
3273 5134 3378 5189 hoc
3411 5148 3598 5187 manus
3627 5123 3736 5182 omni

551 5234 640 5274 me
680 5220 998 5290 puniebam,
1043 5237 1375 5293 quamquam
1424 5239 1532 5278 non
1575 5238 1748 5294 usque
1791 5226 1859 5280 ad
1907 5227 2123 5297 dignam
2231 5225 2490 5299 potentiae
2529 5232 2653 5278 tuae.
2697 5221 2837 5276 Hora
2879 5222 3255 5278 celebrabatxr
3294 5225 3481 5289 tercia,
3525 5223 3752 5276 interemi

548 5309 941 5378 paenitentiam.
986 5312 1138 5369 Licet
1179 5313 1324 5369 enim
1370 5329 1456 5370 me
1499 5330 1722 5385 peccare
1760 5315 2027 5384 dolerem,
2070 5327 2124 5372 et
2231 5313 2350 5384 ipse
2379 5315 2560 5369 choris
2586 5313 2950 5384 psallentium.
2980 5311 3347 5382 Subrepserat
3372 5312 3504 5366 mihi
3535 5311 3612 5364 illa
3645 5301 3752 5386 mgf

548 5401 839 5473 aliquando
879 5419 1301 5476 compungerer,
1346 5422 1452 5461 non
1497 5415 1678 5462 tamen
1724 5408 1778 5462 in
1825 5408 1933 5464 ﬁne
1967 5425 2120 5464 com-
2227 5406 2386 5472 tatio,
2412 5422 2576 5476 quam
2607 5413 2659 5460 te
2687 5405 3032 5475 permittente
3060 5412 3114 5459 et
3140 5404 3380 5459 donante
3403 5404 3561 5458 habet
3581 5398 3656 5471 qui
3678 5393 3710 5448 si

546 5494 848 5565 pungebar,
883 5503 942 5550 ut
967 5511 1194 5566 peccare
1225 5497 1564 5565 desisterem,
1603 5499 1748 5568 quod
1790 5507 1874 5555 est
1910 5515 2122 5555 summa
2229 5498 2518 5568 displicet:
2546 5513 2632 5552 me
2666 5497 2920 5551 arborem
2947 5493 3366 5562 infructuosam,
3408 5505 3598 5548 terram
3629 5479 3726 5578 im"?

546 5586 872 5655 penitentite.
917 5586 980 5640 Ei
1008 5587 1168 5642 mihi!
1213 5589 1488 5659 quomodo
1520 5591 1868 5660 perturbatur
1911 5592 2129 5646 animus
2231 5587 2356 5642 liter
2380 5597 2758 5656 occupantem,
2801 5584 3011 5639 fructus
3048 5584 3178 5639 boni
3216 5583 3602 5654 Operis'afferrc
3636 5573 3692 5626 lii

529 5676 952 5744 prasidentium
1007 5676 1192 5732 favore
1242 5679 1580 5734 adulantium
1611 5681 1634 5734 ?
1691 5679 1976 5747 Quomodo
2035 5676 2132 5752 qui
2235 5679 2495 5744 dientem,
2523 5677 2742 5748 dignam
2770 5676 2978 5732 succidi
3002 5684 3057 5730 et
3081 5675 3324 5731 sucendi.
3363 5672 3482 5728 Non
3521 5685 3624 5726 esse
3643 5662 3696 5717 ﬁli

546 5763 686 5817 liciti
709 5764 984 5833 dicuntur,
1015 5767 1376 5838 decipiuntur,
1407 5777 1460 5823 et
1486 5769 1586 5825 viae
1611 5785 1895 5840 gressuum
1926 5785 2116 5826 eorum
2237 5778 2548 5825 sanctorum
2579 5769 2671 5839 qui
2703 5776 2886 5825 tenent
2910 5768 3029 5824 loca
3058 5783 3270 5834 eorum,
3304 5765 3392 5825 scd
3429 5767 3521 5838 qui
3550 5776 3654 5817 exet

3773 4743 3791 4946 ἶ

3736 4946 3783 5244 ἢ

3717 5244 3756 5263 κ..

3711 5319 3750 5356 τε·

3711 5479 3726 5502 Ἰ.

3655 5697 3751 6269 7
