  <div class='ocr_page' id='page_1' title='image "/cluster/home/n/w/nwhite01/storage/ocr_20150623/154/hvd.32044015473820/190.png"; bbox 0 0 3878 6310; ppageno 0'>
   <div class='ocr_carea' id='block_1_1' title="bbox 108 392 206 448">
    <p class='ocr_par' dir='ltr' id='par_1_1' title="bbox 108 392 206 448">
     <span class='ocr_line' id='line_1_1' title="bbox 108 392 206 448; baseline 0.01 -1"><span class='ocrx_word' id='word_1_1' title='bbox 108 392 206 448; x_wconf 75' lang='lat'><strong>369</strong></span> 
     </span>
    </p>
   </div>
   <div class='ocr_carea' id='block_1_2' title="bbox 1322 403 2077 468">
    <p class='ocr_par' dir='ltr' id='par_1_2' title="bbox 1322 403 2077 468">
     <span class='ocr_line' id='line_1_2' title="bbox 1322 403 2077 468; baseline 0.011 -8"><span class='ocrx_word' id='word_1_2' title='bbox 1322 403 1734 464; x_wconf 74' lang='lat' dir='ltr'><strong>CHRONICON.</strong></span> <span class='ocrx_word' id='word_1_3' title='bbox 1757 440 1828 452; x_wconf 91' lang='lat'><strong>—-</strong></span> <span class='ocrx_word' id='word_1_4' title='bbox 1853 410 1978 468; x_wconf 71' lang='lat' dir='ltr'><strong>LIB.</strong></span> <span class='ocrx_word' id='word_1_5' title='bbox 2020 412 2077 468; x_wconf 84' lang='lat' dir='ltr'><strong>Il.</strong></span> 
     </span>
    </p>
   </div>
   <div class='ocr_carea' id='block_1_3' title="bbox 3256 420 3387 476">
    <p class='ocr_par' dir='ltr' id='par_1_3' title="bbox 3256 420 3387 476">
     <span class='ocr_line' id='line_1_3' title="bbox 3256 420 3387 476; baseline 0 -1"><span class='ocrx_word' id='word_1_6' title='bbox 3256 420 3387 476; x_wconf 57' lang='grc' dir='ltr'><strong>τιθε-</strong></span> 
     </span>
    </p>
   </div>
   <div class='ocr_carea' id='block_1_4' title="bbox 107 513 3361 604">
    <p class='ocr_par' dir='ltr' id='par_1_4' title="bbox 107 513 3361 604">
     <span class='ocr_line' id='line_1_4' title="bbox 107 513 3361 604; baseline 0.009 -43"><span class='ocrx_word' id='word_1_7' title='bbox 107 520 262 577; x_wconf 82' lang='lat' dir='ltr'><strong>opera</strong></span> <span class='ocrx_word' id='word_1_8' title='bbox 307 522 521 576; x_wconf 84' lang='lat' dir='ltr'><strong>eorum,</strong></span> <span class='ocrx_word' id='word_1_9' title='bbox 547 526 635 566; x_wconf 91' lang='lat' dir='ltr'><strong>me</strong></span> <span class='ocrx_word' id='word_1_10' title='bbox 677 513 828 567; x_wconf 89' lang='lat' dir='ltr'><strong>omni</strong></span> <span class='ocrx_word' id='word_1_11' title='bbox 870 514 1220 573; x_wconf 69' lang='lat' dir='ltr'><strong>lacrimarum</strong></span> <span class='ocrx_word' id='word_1_12' title='bbox 1259 519 1408 576; x_wconf 90' lang='lat' dir='ltr'><strong>fonte</strong></span> <span class='ocrx_word' id='word_1_13' title='bbox 1431 523 1694 597; x_wconf 86' lang='lat' dir='ltr'><strong>plaiigen-</strong></span> <span class='ocrx_word' id='word_1_14' title='bbox 1723 526 1771 582; x_wconf 82' lang='grc' dir='ltr'><strong>Α</strong></span> <span class='ocrx_word' id='word_1_15' title='bbox 1795 526 1978 581; x_wconf 86' lang='lat' dir='ltr'><strong>minus</strong></span> <span class='ocrx_word' id='word_1_16' title='bbox 2012 541 2282 596; x_wconf 82' lang='lat' dir='ltr'><strong>curarem,</strong></span> <span class='ocrx_word' id='word_1_17' title='bbox 2329 539 2382 585; x_wconf 90' lang='lat' dir='ltr'><strong>et</strong></span> <span class='ocrx_word' id='word_1_18' title='bbox 2428 531 2660 587; x_wconf 72' lang='lat' dir='ltr'><strong>cessisse</strong></span> <span class='ocrx_word' id='word_1_19' title='bbox 2705 547 2802 588; x_wconf 82' lang='lat' dir='ltr'><strong>eos</strong></span> <span class='ocrx_word' id='word_1_20' title='bbox 2849 542 3012 604; x_wconf 84' lang='lat' dir='ltr'><strong>atque</strong></span> <span class='ocrx_word' id='word_1_21' title='bbox 3054 531 3122 591; x_wconf 79' lang='lat' dir='ltr'><strong>ab</strong></span> <span class='ocrx_word' id='word_1_22' title='bbox 3166 532 3361 603; x_wconf 78' lang='lat' dir='ltr'><strong>injuria</strong></span> 
     </span>
    </p>
   </div>
   <div class='ocr_carea' id='block_1_5' title="bbox 105 601 1709 683">
    <p class='ocr_par' dir='ltr' id='par_1_5' title="bbox 105 601 1709 683">
     <span class='ocr_line' id='line_1_5' title="bbox 105 601 1709 683; baseline 0.008 -28"><span class='ocrx_word' id='word_1_23' title='bbox 105 601 268 666; x_wconf 82' lang='lat' dir='ltr'><strong>dum,</strong></span> <span class='ocrx_word' id='word_1_24' title='bbox 311 617 423 672; x_wconf 91' lang='lat' dir='ltr'><strong>quo</strong></span> <span class='ocrx_word' id='word_1_25' title='bbox 463 619 624 658; x_wconf 86' lang='lat' dir='ltr'><strong>nemo</strong></span> <span class='ocrx_word' id='word_1_26' title='bbox 664 607 837 676; x_wconf 87' lang='lat' dir='ltr'><strong>magis</strong></span> <span class='ocrx_word' id='word_1_27' title='bbox 877 618 1094 671; x_wconf 80' lang='lat' dir='ltr'><strong>noceret</strong></span> <span class='ocrx_word' id='word_1_28' title='bbox 1137 611 1192 664; x_wconf 92' lang='lat' dir='ltr'><strong>in</strong></span> <span class='ocrx_word' id='word_1_29' title='bbox 1233 614 1500 679; x_wconf 69' lang='lat' dir='ltr'><strong>aecclesia,</strong></span> <span class='ocrx_word' id='word_1_30' title='bbox 1544 615 1709 683; x_wconf 82' lang='lat' dir='ltr'><strong>quo-&quot;</strong></span> 
     </span>
    </p>
   </div>
   <div class='ocr_carea' id='block_1_6' title="bbox 107 693 1688 773">
    <p class='ocr_par' dir='ltr' id='par_1_6' title="bbox 107 693 1688 773">
     <span class='ocr_line' id='line_1_6' title="bbox 107 693 1688 773; baseline 0.008 -27"><span class='ocrx_word' id='word_1_31' title='bbox 107 693 245 746; x_wconf 84' lang='lat' dir='ltr'><strong>niam</strong></span> <span class='ocrx_word' id='word_1_32' title='bbox 277 702 334 747; x_wconf 90' lang='lat' dir='ltr'><strong>et</strong></span> <span class='ocrx_word' id='word_1_33' title='bbox 362 708 618 762; x_wconf 84' lang='lat' dir='ltr'><strong>perverse</strong></span> <span class='ocrx_word' id='word_1_34' title='bbox 647 695 916 765; x_wconf 80' lang='lat' dir='ltr'><strong>vivebam,</strong></span> <span class='ocrx_word' id='word_1_35' title='bbox 949 701 1293 772; x_wconf 89' lang='lat' dir='ltr'><strong>speciemque</strong></span> <span class='ocrx_word' id='word_1_36' title='bbox 1323 704 1601 773; x_wconf 88' lang='lat' dir='ltr'><strong>religionis</strong></span> <span class='ocrx_word' id='word_1_37' title='bbox 1633 711 1688 758; x_wconf 89' lang='lat' dir='ltr'><strong>et</strong></span> 
     </span>
    </p>
   </div>
   <div class='ocr_carea' id='block_1_7' title="bbox 107 788 1686 858">
    <p class='ocr_par' dir='ltr' id='par_1_7' title="bbox 107 788 1686 858">
     <span class='ocr_line' id='line_1_7' title="bbox 107 788 1686 858; baseline 0.004 -16"><span class='ocrx_word' id='word_1_38' title='bbox 107 789 282 843; x_wconf 87' lang='lat' dir='ltr'><strong>locum</strong></span> <span class='ocrx_word' id='word_1_39' title='bbox 326 788 660 858; x_wconf 68' lang='lat' dir='ltr'><strong>praelationis</strong></span> <span class='ocrx_word' id='word_1_40' title='bbox 701 789 900 846; x_wconf 89' lang='lat' dir='ltr'><strong>habere</strong></span> <span class='ocrx_word' id='word_1_41' title='bbox 937 792 1177 847; x_wconf 90' lang='lat' dir='ltr'><strong>videbar.</strong></span> <span class='ocrx_word' id='word_1_42' title='bbox 1220 792 1534 849; x_wconf 85' lang='lat' dir='ltr'><strong>Clamabam</strong></span> <span class='ocrx_word' id='word_1_43' title='bbox 1578 811 1686 850; x_wconf 90' lang='lat' dir='ltr'><strong>non</strong></span> 
     </span>
    </p>
   </div>
   <div class='ocr_carea' id='block_1_8' title="bbox 107 880 1688 956">
    <p class='ocr_par' dir='ltr' id='par_1_8' title="bbox 107 880 1688 956">
     <span class='ocr_line' id='line_1_8' title="bbox 107 880 1688 956; baseline 0.004 -23"><span class='ocrx_word' id='word_1_44' title='bbox 107 894 270 950; x_wconf 82' lang='lat' dir='ltr'><strong>parvo</strong></span> <span class='ocrx_word' id='word_1_45' title='bbox 301 880 517 945; x_wconf 82' lang='lat' dir='ltr'><strong>affectu,</strong></span> <span class='ocrx_word' id='word_1_46' title='bbox 548 881 762 936; x_wconf 90' lang='lat' dir='ltr'><strong>interno</strong></span> <span class='ocrx_word' id='word_1_47' title='bbox 789 890 997 936; x_wconf 89' lang='lat' dir='ltr'><strong>tantum</strong></span> <span class='ocrx_word' id='word_1_48' title='bbox 1026 885 1204 939; x_wconf 86' lang='lat' dir='ltr'><strong>cordis</strong></span> <span class='ocrx_word' id='word_1_49' title='bbox 1231 886 1454 956; x_wconf 91' lang='lat' dir='ltr'><strong>gemitu,</strong></span> <span class='ocrx_word' id='word_1_50' title='bbox 1483 899 1577 942; x_wconf 92' lang='lat' dir='ltr'><strong>ore</strong></span> <span class='ocrx_word' id='word_1_51' title='bbox 1607 887 1688 941; x_wconf 76' lang='lat' dir='ltr'><strong>si-</strong></span> 
     </span>
    </p>
   </div>
   <div class='ocr_carea' id='block_1_9' title="bbox 107 971 1689 1048">
    <p class='ocr_par' dir='ltr' id='par_1_9' title="bbox 107 971 1689 1048">
     <span class='ocr_line' id='line_1_9' title="bbox 107 971 1689 1048; baseline 0.005 -24"><span class='ocrx_word' id='word_1_52' title='bbox 107 971 254 1036; x_wconf 63' lang='lat' dir='ltr'><strong>lenti,</strong></span> <span class='ocrx_word' id='word_1_53' title='bbox 283 971 430 1041; x_wconf 89' lang='lat' dir='ltr'><strong>quod</strong></span> <span class='ocrx_word' id='word_1_54' title='bbox 461 980 520 1026; x_wconf 86' lang='lat' dir='ltr'><strong>tu</strong></span> <span class='ocrx_word' id='word_1_55' title='bbox 563 971 752 1038; x_wconf 90' lang='lat' dir='ltr'><strong>dabas,</strong></span> <span class='ocrx_word' id='word_1_56' title='bbox 776 973 923 1042; x_wconf 91' lang='lat' dir='ltr'><strong>quod</strong></span> <span class='ocrx_word' id='word_1_57' title='bbox 955 973 1103 1029; x_wconf 91' lang='lat' dir='ltr'><strong>cordi</strong></span> <span class='ocrx_word' id='word_1_58' title='bbox 1124 975 1486 1044; x_wconf 79' lang='lat' dir='ltr'><strong>aspiraveras,</strong></span> <span class='ocrx_word' id='word_1_59' title='bbox 1512 992 1689 1048; x_wconf 88' lang='lat' dir='ltr'><strong>usque</strong></span> 
     </span>
    </p>
   </div>
   <div class='ocr_carea' id='block_1_10' title="bbox 108 1061 1687 1137">
    <p class='ocr_par' dir='ltr' id='par_1_10' title="bbox 108 1061 1687 1137">
     <span class='ocr_line' id='line_1_10' title="bbox 108 1061 1687 1137; baseline 0.006 -22"><span class='ocrx_word' id='word_1_60' title='bbox 108 1061 166 1115; x_wconf 84' lang='lat' dir='ltr'><strong>ad</strong></span> <span class='ocrx_word' id='word_1_61' title='bbox 225 1062 345 1118; x_wconf 88' lang='lat' dir='ltr'><strong>oris</strong></span> <span class='ocrx_word' id='word_1_62' title='bbox 400 1061 759 1118; x_wconf 70' lang='lat' dir='ltr'><strong>suffusionem</strong></span> <span class='ocrx_word' id='word_1_63' title='bbox 782 1104 797 1128; x_wconf 89' lang='lat'><strong>,</strong></span> <span class='ocrx_word' id='word_1_64' title='bbox 856 1072 912 1118; x_wconf 90' lang='lat' dir='ltr'><strong>et</strong></span> <span class='ocrx_word' id='word_1_65' title='bbox 959 1065 1122 1121; x_wconf 84' lang='lat' dir='ltr'><strong>credo</strong></span> <span class='ocrx_word' id='word_1_66' title='bbox 1176 1068 1323 1137; x_wconf 88' lang='lat' dir='ltr'><strong>quod</strong></span> <span class='ocrx_word' id='word_1_67' title='bbox 1379 1069 1687 1125; x_wconf 86' lang='lat' dir='ltr'><strong>exaudieris</strong></span> 
     </span>
    </p>
   </div>
   <div class='ocr_carea' id='block_1_11' title="bbox 107 1150 1688 1230">
    <p class='ocr_par' dir='ltr' id='par_1_11' title="bbox 107 1150 1688 1230">
     <span class='ocr_line' id='line_1_11' title="bbox 107 1150 1688 1230; baseline 0.009 -27"><span class='ocrx_word' id='word_1_68' title='bbox 107 1165 293 1205; x_wconf 84' lang='lat' dir='ltr'><strong>vocem</strong></span> <span class='ocrx_word' id='word_1_69' title='bbox 320 1166 520 1206; x_wconf 86' lang='lat' dir='ltr'><strong>meam.</strong></span> <span class='ocrx_word' id='word_1_70' title='bbox 551 1150 847 1209; x_wconf 84' lang='lat' dir='ltr'><strong>Ostendisti</strong></span> <span class='ocrx_word' id='word_1_71' title='bbox 889 1155 1034 1209; x_wconf 91' lang='lat' dir='ltr'><strong>enim</strong></span> <span class='ocrx_word' id='word_1_72' title='bbox 1064 1171 1222 1212; x_wconf 90' lang='lat' dir='ltr'><strong>servo</strong></span> <span class='ocrx_word' id='word_1_73' title='bbox 1251 1167 1345 1213; x_wconf 91' lang='lat' dir='ltr'><strong>tuo</strong></span> <span class='ocrx_word' id='word_1_74' title='bbox 1373 1174 1496 1230; x_wconf 85' lang='lat' dir='ltr'><strong>quae</strong></span> <span class='ocrx_word' id='word_1_75' title='bbox 1525 1176 1688 1230; x_wconf 92' lang='lat' dir='ltr'><strong>opor-</strong></span> 
     </span>
    </p>
   </div>
   <div class='ocr_carea' id='block_1_12' title="bbox 107 1240 1686 1324">
    <p class='ocr_par' dir='ltr' id='par_1_12' title="bbox 107 1240 1686 1324">
     <span class='ocr_line' id='line_1_12' title="bbox 107 1240 1686 1324; baseline 0.008 -30"><span class='ocrx_word' id='word_1_76' title='bbox 107 1241 251 1295; x_wconf 85' lang='lat' dir='ltr'><strong>tebat</strong></span> <span class='ocrx_word' id='word_1_77' title='bbox 280 1240 397 1295; x_wconf 83' lang='lat' dir='ltr'><strong>ﬁeri</strong></span> <span class='ocrx_word' id='word_1_78' title='bbox 425 1243 555 1309; x_wconf 91' lang='lat' dir='ltr'><strong>cito,</strong></span> <span class='ocrx_word' id='word_1_79' title='bbox 585 1242 817 1313; x_wconf 89' lang='lat' dir='ltr'><strong>loquens</strong></span> <span class='ocrx_word' id='word_1_80' title='bbox 841 1259 974 1301; x_wconf 89' lang='lat' dir='ltr'><strong>voce</strong></span> <span class='ocrx_word' id='word_1_81' title='bbox 1005 1255 1095 1302; x_wconf 91' lang='lat' dir='ltr'><strong>tua</strong></span> <span class='ocrx_word' id='word_1_82' title='bbox 1121 1247 1333 1305; x_wconf 89' lang='lat' dir='ltr'><strong>interna</strong></span> <span class='ocrx_word' id='word_1_83' title='bbox 1359 1259 1412 1306; x_wconf 90' lang='lat' dir='ltr'><strong>et</strong></span> <span class='ocrx_word' id='word_1_84' title='bbox 1437 1252 1686 1324; x_wconf 88' lang='lat' dir='ltr'><strong>mystica,</strong></span> 
     </span>
    </p>
   </div>
   <div class='ocr_carea' id='block_1_13' title="bbox 108 1332 1688 1411">
    <p class='ocr_par' dir='ltr' id='par_1_13' title="bbox 108 1332 1688 1411">
     <span class='ocr_line' id='line_1_13' title="bbox 108 1332 1688 1411; baseline 0.008 -27"><span class='ocrx_word' id='word_1_85' title='bbox 108 1332 275 1386; x_wconf 83' lang='lat' dir='ltr'><strong>multa</strong></span> <span class='ocrx_word' id='word_1_86' title='bbox 305 1347 426 1388; x_wconf 89' lang='lat' dir='ltr'><strong>esse</strong></span> <span class='ocrx_word' id='word_1_87' title='bbox 451 1344 672 1403; x_wconf 89' lang='lat' dir='ltr'><strong>peccata</strong></span> <span class='ocrx_word' id='word_1_88' title='bbox 703 1351 842 1403; x_wconf 90' lang='lat' dir='ltr'><strong>mea,</strong></span> <span class='ocrx_word' id='word_1_89' title='bbox 869 1351 968 1407; x_wconf 92' lang='lat' dir='ltr'><strong>pro</strong></span> <span class='ocrx_word' id='word_1_90' title='bbox 989 1339 1188 1408; x_wconf 90' lang='lat' dir='ltr'><strong>quibus</strong></span> <span class='ocrx_word' id='word_1_91' title='bbox 1209 1341 1490 1411; x_wconf 79' lang='lat' dir='ltr'><strong>expiandis</strong></span> <span class='ocrx_word' id='word_1_92' title='bbox 1520 1342 1688 1398; x_wconf 89' lang='lat' dir='ltr'><strong>trium</strong></span> 
     </span>
    </p>
   </div>
   <div class='ocr_carea' id='block_1_14' title="bbox 108 1423 1688 1504">
    <p class='ocr_par' dir='ltr' id='par_1_14' title="bbox 108 1423 1688 1504">
     <span class='ocr_line' id='line_1_14' title="bbox 108 1423 1688 1504; baseline 0.008 -26"><span class='ocrx_word' id='word_1_93' title='bbox 108 1423 236 1478; x_wconf 88' lang='lat' dir='ltr'><strong>mihi</strong></span> <span class='ocrx_word' id='word_1_94' title='bbox 273 1425 499 1480; x_wconf 80' lang='lat' dir='ltr'><strong>daretur</strong></span> <span class='ocrx_word' id='word_1_95' title='bbox 538 1427 706 1497; x_wconf 90' lang='lat' dir='ltr'><strong>optio,</strong></span> <span class='ocrx_word' id='word_1_96' title='bbox 753 1437 848 1483; x_wconf 92' lang='lat' dir='ltr'><strong>aut</strong></span> <span class='ocrx_word' id='word_1_97' title='bbox 888 1428 1086 1485; x_wconf 83' lang='lat' dir='ltr'><strong>famem</strong></span> <span class='ocrx_word' id='word_1_98' title='bbox 1114 1440 1420 1499; x_wconf 74' lang='lat' dir='ltr'><strong>venturam,</strong></span> <span class='ocrx_word' id='word_1_99' title='bbox 1450 1450 1557 1504; x_wconf 90' lang='lat' dir='ltr'><strong>qua</strong></span> <span class='ocrx_word' id='word_1_100' title='bbox 1585 1450 1688 1504; x_wconf 93' lang='lat' dir='ltr'><strong>po-</strong></span> 
     </span>
    </p>
   </div>
   <div class='ocr_carea' id='block_1_15' title="bbox 109 1515 1691 1595">
    <p class='ocr_par' dir='ltr' id='par_1_15' title="bbox 109 1515 1691 1595">
     <span class='ocr_line' id='line_1_15' title="bbox 109 1515 1691 1595; baseline 0.009 -28"><span class='ocrx_word' id='word_1_101' title='bbox 109 1515 231 1584; x_wconf 92' lang='lat' dir='ltr'><strong>pulo</strong></span> <span class='ocrx_word' id='word_1_102' title='bbox 262 1516 535 1572; x_wconf 87' lang='lat' dir='ltr'><strong>dilabente</strong></span> <span class='ocrx_word' id='word_1_103' title='bbox 569 1526 625 1573; x_wconf 88' lang='lat' dir='ltr'><strong>et</strong></span> <span class='ocrx_word' id='word_1_104' title='bbox 657 1518 711 1572; x_wconf 91' lang='lat' dir='ltr'><strong>in</strong></span> <span class='ocrx_word' id='word_1_105' title='bbox 745 1527 974 1574; x_wconf 88' lang='lat' dir='ltr'><strong>mortem</strong></span> <span class='ocrx_word' id='word_1_106' title='bbox 1013 1530 1203 1578; x_wconf 89' lang='lat' dir='ltr'><strong>ruente</strong></span> <span class='ocrx_word' id='word_1_107' title='bbox 1232 1532 1340 1578; x_wconf 87' lang='lat' dir='ltr'><strong>tota</strong></span> <span class='ocrx_word' id='word_1_108' title='bbox 1370 1525 1691 1595; x_wconf 87' lang='lat' dir='ltr'><strong>pessumda-</strong></span> 
     </span>
    </p>
   </div>
   <div class='ocr_carea' id='block_1_16' title="bbox 110 1608 1688 1684">
    <p class='ocr_par' dir='ltr' id='par_1_16' title="bbox 110 1608 1688 1684">
     <span class='ocr_line' id='line_1_16' title="bbox 110 1608 1688 1684; baseline 0.008 -25"><span class='ocrx_word' id='word_1_109' title='bbox 110 1615 258 1660; x_wconf 88' lang='lat' dir='ltr'><strong>retur</strong></span> <span class='ocrx_word' id='word_1_110' title='bbox 291 1608 542 1674; x_wconf 76' lang='lat' dir='ltr'><strong>abbatia,</strong></span> <span class='ocrx_word' id='word_1_111' title='bbox 574 1618 669 1662; x_wconf 90' lang='lat' dir='ltr'><strong>aut</strong></span> <span class='ocrx_word' id='word_1_112' title='bbox 702 1609 1166 1681; x_wconf 78' lang='lat' dir='ltr'><strong>impugnationem</strong></span> <span class='ocrx_word' id='word_1_113' title='bbox 1197 1613 1570 1684; x_wconf 89' lang='lat' dir='ltr'><strong>diripientium</strong></span> <span class='ocrx_word' id='word_1_114' title='bbox 1603 1617 1688 1671; x_wconf 91' lang='lat' dir='ltr'><strong>vi-</strong></span> 
     </span>
    </p>
   </div>
   <div class='ocr_carea' id='block_1_17' title="bbox 108 1699 1692 1776">
    <p class='ocr_par' dir='ltr' id='par_1_17' title="bbox 108 1699 1692 1776">
     <span class='ocr_line' id='line_1_17' title="bbox 108 1699 1692 1776; baseline 0.006 -24"><span class='ocrx_word' id='word_1_115' title='bbox 108 1699 356 1754; x_wconf 84' lang='lat' dir='ltr'><strong>cinorum</strong></span> <span class='ocrx_word' id='word_1_116' title='bbox 404 1701 514 1770; x_wconf 88' lang='lat' dir='ltr'><strong>pati</strong></span> <span class='ocrx_word' id='word_1_117' title='bbox 563 1703 862 1771; x_wconf 89' lang='lat' dir='ltr'><strong>populum,</strong></span> <span class='ocrx_word' id='word_1_118' title='bbox 921 1719 1026 1772; x_wconf 90' lang='lat' dir='ltr'><strong>qua</strong></span> <span class='ocrx_word' id='word_1_119' title='bbox 1074 1705 1149 1759; x_wconf 89' lang='lat' dir='ltr'><strong>ita</strong></span> <span class='ocrx_word' id='word_1_120' title='bbox 1201 1705 1606 1776; x_wconf 85' lang='lat' dir='ltr'><strong>dilapidaretur,</strong></span> <span class='ocrx_word' id='word_1_121' title='bbox 1630 1717 1692 1762; x_wconf 89' lang='lat' dir='ltr'><strong>ut</strong></span> 
     </span>
    </p>
   </div>
   <div class='ocr_carea' id='block_1_18' title="bbox 108 1793 1690 1866">
    <p class='ocr_par' dir='ltr' id='par_1_18' title="bbox 108 1793 1690 1866">
     <span class='ocr_line' id='line_1_18' title="bbox 108 1793 1690 1866; baseline 0.006 -22"><span class='ocrx_word' id='word_1_122' title='bbox 108 1807 265 1848; x_wconf 89' lang='lat' dir='ltr'><strong>mons</strong></span> <span class='ocrx_word' id='word_1_123' title='bbox 297 1793 412 1862; x_wconf 89' lang='lat' dir='ltr'><strong>ipse</strong></span> <span class='ocrx_word' id='word_1_124' title='bbox 439 1794 723 1848; x_wconf 89' lang='lat' dir='ltr'><strong>rarissimo</strong></span> <span class='ocrx_word' id='word_1_125' title='bbox 753 1794 1082 1851; x_wconf 91' lang='lat' dir='ltr'><strong>incoleretur</strong></span> <span class='ocrx_word' id='word_1_126' title='bbox 1108 1797 1431 1866; x_wconf 83' lang='lat' dir='ltr'><strong>habitatore,</strong></span> <span class='ocrx_word' id='word_1_127' title='bbox 1472 1811 1567 1856; x_wconf 90' lang='lat' dir='ltr'><strong>aut</strong></span> <span class='ocrx_word' id='word_1_128' title='bbox 1603 1815 1690 1854; x_wconf 90' lang='lat' dir='ltr'><strong>me</strong></span> 
     </span>
    </p>
   </div>
   <div class='ocr_carea' id='block_1_19' title="bbox 106 1861 1763 1959">
    <p class='ocr_par' dir='ltr' id='par_1_19' title="bbox 106 1861 1763 1959">
     <span class='ocr_line' id='line_1_19' title="bbox 106 1861 1763 1959; baseline 0.007 -23"><span class='ocrx_word' id='word_1_129' title='bbox 106 1883 295 1954; x_wconf 85' lang='lat' dir='ltr'><strong>fugere</strong></span> <span class='ocrx_word' id='word_1_130' title='bbox 327 1885 576 1940; x_wconf 90' lang='lat' dir='ltr'><strong>inimicos</strong></span> <span class='ocrx_word' id='word_1_131' title='bbox 615 1901 766 1942; x_wconf 88' lang='lat' dir='ltr'><strong>meos</strong></span> <span class='ocrx_word' id='word_1_132' title='bbox 790 1895 1032 1958; x_wconf 90' lang='lat' dir='ltr'><strong>tempore</strong></span> <span class='ocrx_word' id='word_1_133' title='bbox 1059 1891 1300 1959; x_wconf 71' lang='lat' dir='ltr'><strong>prieﬁxo,</strong></span> <span class='ocrx_word' id='word_1_134' title='bbox 1337 1891 1456 1947; x_wconf 87' lang='lat' dir='ltr'><strong>illos</strong></span> <span class='ocrx_word' id='word_1_135' title='bbox 1485 1892 1690 1947; x_wconf 87' lang='lat' dir='ltr'><strong>invale-</strong></span> <span class='ocrx_word' id='word_1_136' title='bbox 1718 1861 1763 1922; x_wconf 73' lang='grc' dir='ltr'><strong><em>Β</em></strong></span> 
     </span>
    </p>
   </div>
   <div class='ocr_carea' id='block_1_20' title="bbox 109 1979 1690 2048">
    <p class='ocr_par' dir='ltr' id='par_1_20' title="bbox 109 1979 1690 2048">
     <span class='ocr_line' id='line_1_20' title="bbox 109 1979 1690 2048; baseline 0.004 -17"><span class='ocrx_word' id='word_1_137' title='bbox 109 1993 281 2042; x_wconf 74' lang='lat' dir='ltr'><strong>scene,</strong></span> <span class='ocrx_word' id='word_1_138' title='bbox 331 1993 418 2032; x_wconf 91' lang='lat' dir='ltr'><strong>me</strong></span> <span class='ocrx_word' id='word_1_139' title='bbox 458 1979 684 2034; x_wconf 89' lang='lat' dir='ltr'><strong>omnino</strong></span> <span class='ocrx_word' id='word_1_140' title='bbox 726 1979 977 2048; x_wconf 86' lang='lat' dir='ltr'><strong>deficere,</strong></span> <span class='ocrx_word' id='word_1_141' title='bbox 1023 1990 1084 2036; x_wconf 92' lang='lat' dir='ltr'><strong>ut</strong></span> <span class='ocrx_word' id='word_1_142' title='bbox 1126 1984 1350 2038; x_wconf 89' lang='lat' dir='ltr'><strong>omnino</strong></span> <span class='ocrx_word' id='word_1_143' title='bbox 1390 1999 1500 2038; x_wconf 91' lang='lat' dir='ltr'><strong>non</strong></span> <span class='ocrx_word' id='word_1_144' title='bbox 1543 1992 1690 2039; x_wconf 91' lang='lat' dir='ltr'><strong>esset</strong></span> 
     </span>
    </p>
   </div>
   <div class='ocr_carea' id='block_1_21' title="bbox 107 2070 1684 2143">
    <p class='ocr_par' dir='ltr' id='par_1_21' title="bbox 107 2070 1684 2143">
     <span class='ocr_line' id='line_1_21' title="bbox 107 2070 1684 2143; baseline 0.004 -20"><span class='ocrx_word' id='word_1_145' title='bbox 107 2070 195 2140; x_wconf 82' lang='lat' dir='ltr'><strong>qui</strong></span> <span class='ocrx_word' id='word_1_146' title='bbox 228 2085 318 2125; x_wconf 89' lang='lat' dir='ltr'><strong>me</strong></span> <span class='ocrx_word' id='word_1_147' title='bbox 344 2071 578 2125; x_wconf 89' lang='lat' dir='ltr'><strong>amicum</strong></span> <span class='ocrx_word' id='word_1_148' title='bbox 611 2082 932 2143; x_wconf 79' lang='lat' dir='ltr'><strong>agnosceret</strong></span> <span class='ocrx_word' id='word_1_149' title='bbox 953 2082 1008 2129; x_wconf 88' lang='lat' dir='ltr'><strong>et</strong></span> <span class='ocrx_word' id='word_1_150' title='bbox 1032 2083 1092 2129; x_wconf 91' lang='lat' dir='ltr'><strong>ut</strong></span> <span class='ocrx_word' id='word_1_151' title='bbox 1119 2076 1296 2130; x_wconf 87' lang='lat' dir='ltr'><strong>amico</strong></span> <span class='ocrx_word' id='word_1_152' title='bbox 1323 2075 1684 2142; x_wconf 82' lang='lat' dir='ltr'><strong>benefaceret,</strong></span> 
     </span>
    </p>
   </div>
   <div class='ocr_carea' id='block_1_22' title="bbox 107 2161 1689 2238">
    <p class='ocr_par' dir='ltr' id='par_1_22' title="bbox 107 2161 1689 2238">
     <span class='ocr_line' id='line_1_22' title="bbox 107 2161 1689 2238; baseline 0.006 -25"><span class='ocrx_word' id='word_1_153' title='bbox 107 2169 158 2214; x_wconf 89' lang='lat' dir='ltr'><strong>et</strong></span> <span class='ocrx_word' id='word_1_154' title='bbox 182 2170 371 2216; x_wconf 89' lang='lat' dir='ltr'><strong>tamen</strong></span> <span class='ocrx_word' id='word_1_155' title='bbox 401 2161 621 2218; x_wconf 81' lang='lat' dir='ltr'><strong>infamia</strong></span> <span class='ocrx_word' id='word_1_156' title='bbox 655 2179 773 2219; x_wconf 89' lang='lat' dir='ltr'><strong>mea</strong></span> <span class='ocrx_word' id='word_1_157' title='bbox 804 2165 858 2219; x_wconf 91' lang='lat' dir='ltr'><strong>in</strong></span> <span class='ocrx_word' id='word_1_158' title='bbox 887 2166 1035 2220; x_wconf 89' lang='lat' dir='ltr'><strong>omni</strong></span> <span class='ocrx_word' id='word_1_159' title='bbox 1064 2166 1331 2236; x_wconf 89' lang='lat' dir='ltr'><strong>tripertito</strong></span> <span class='ocrx_word' id='word_1_160' title='bbox 1357 2167 1462 2222; x_wconf 89' lang='lat' dir='ltr'><strong>hoc</strong></span> <span class='ocrx_word' id='word_1_161' title='bbox 1490 2183 1689 2238; x_wconf 85' lang='lat' dir='ltr'><strong>purga-</strong></span> 
     </span>
    </p>
   </div>
   <div class='ocr_carea' id='block_1_23' title="bbox 107 2254 1689 2325">
    <p class='ocr_par' dir='ltr' id='par_1_23' title="bbox 107 2254 1689 2325">
     <span class='ocr_line' id='line_1_23' title="bbox 107 2254 1689 2325; baseline 0.003 -18"><span class='ocrx_word' id='word_1_162' title='bbox 107 2254 274 2309; x_wconf 84' lang='lat' dir='ltr'><strong>tionis</strong></span> <span class='ocrx_word' id='word_1_163' title='bbox 314 2271 508 2325; x_wconf 81' lang='lat' dir='ltr'><strong>genere</strong></span> <span class='ocrx_word' id='word_1_164' title='bbox 535 2271 645 2312; x_wconf 91' lang='lat' dir='ltr'><strong>non</strong></span> <span class='ocrx_word' id='word_1_165' title='bbox 674 2257 866 2311; x_wconf 83' lang='lat' dir='ltr'><strong>lateret</strong></span> <span class='ocrx_word' id='word_1_166' title='bbox 891 2275 904 2311; x_wconf 90' lang='lat'><strong>:</strong></span> <span class='ocrx_word' id='word_1_167' title='bbox 929 2272 1050 2312; x_wconf 92' lang='lat' dir='ltr'><strong>esse</strong></span> <span class='ocrx_word' id='word_1_168' title='bbox 1093 2266 1274 2313; x_wconf 90' lang='lat' dir='ltr'><strong>autem</strong></span> <span class='ocrx_word' id='word_1_169' title='bbox 1317 2259 1370 2313; x_wconf 91' lang='lat' dir='ltr'><strong>in</strong></span> <span class='ocrx_word' id='word_1_170' title='bbox 1412 2260 1689 2314; x_wconf 85' lang='lat' dir='ltr'><strong>voluntate</strong></span> 
     </span>
    </p>
   </div>
   <div class='ocr_carea' id='block_1_24' title="bbox 106 2345 1689 2418">
    <p class='ocr_par' dir='ltr' id='par_1_24' title="bbox 106 2345 1689 2418">
     <span class='ocr_line' id='line_1_24' title="bbox 106 2345 1689 2418; baseline 0.003 -21"><span class='ocrx_word' id='word_1_171' title='bbox 106 2359 246 2408; x_wconf 84' lang='lat' dir='ltr'><strong>mea,</strong></span> <span class='ocrx_word' id='word_1_172' title='bbox 295 2353 354 2398; x_wconf 91' lang='lat' dir='ltr'><strong>ut</strong></span> <span class='ocrx_word' id='word_1_173' title='bbox 395 2345 802 2400; x_wconf 87' lang='lat' dir='ltr'><strong>adbreviaretur</strong></span> <span class='ocrx_word' id='word_1_174' title='bbox 845 2346 973 2400; x_wconf 90' lang='lat' dir='ltr'><strong>mali</strong></span> <span class='ocrx_word' id='word_1_175' title='bbox 1014 2355 1226 2416; x_wconf 89' lang='lat' dir='ltr'><strong>tempus</strong></span> <span class='ocrx_word' id='word_1_176' title='bbox 1273 2349 1689 2418; x_wconf 86' lang='lat' dir='ltr'><strong>exaggeratione</strong></span> 
     </span>
    </p>
   </div>
   <div class='ocr_carea' id='block_1_25' title="bbox 106 2435 1689 2510">
    <p class='ocr_par' dir='ltr' id='par_1_25' title="bbox 106 2435 1689 2510">
     <span class='ocr_line' id='line_1_25' title="bbox 106 2435 1689 2510; baseline 0.006 -23"><span class='ocrx_word' id='word_1_177' title='bbox 106 2435 361 2490; x_wconf 67' lang='lat' dir='ltr'><strong>vindicta:</strong></span> <span class='ocrx_word' id='word_1_178' title='bbox 386 2437 568 2491; x_wconf 91' lang='lat' dir='ltr'><strong>acrius</strong></span> <span class='ocrx_word' id='word_1_179' title='bbox 595 2437 932 2503; x_wconf 90' lang='lat' dir='ltr'><strong>inundantis,</strong></span> <span class='ocrx_word' id='word_1_180' title='bbox 971 2454 1038 2492; x_wconf 91' lang='lat' dir='ltr'><strong>aii</strong></span> <span class='ocrx_word' id='word_1_181' title='bbox 1068 2439 1481 2510; x_wconf 88' lang='lat' dir='ltr'><strong>prolongaretur</strong></span> <span class='ocrx_word' id='word_1_182' title='bbox 1506 2456 1689 2496; x_wconf 90' lang='lat' dir='ltr'><strong>moro-</strong></span> 
     </span>
    </p>
   </div>
   <div class='ocr_carea' id='block_1_26' title="bbox 108 2526 1689 2602">
    <p class='ocr_par' dir='ltr' id='par_1_26' title="bbox 108 2526 1689 2602">
     <span class='ocr_line' id='line_1_26' title="bbox 108 2526 1689 2602; baseline 0.005 -22"><span class='ocrx_word' id='word_1_183' title='bbox 108 2526 266 2581; x_wconf 87' lang='lat' dir='ltr'><strong>sitate</strong></span> <span class='ocrx_word' id='word_1_184' title='bbox 299 2527 529 2598; x_wconf 87' lang='lat' dir='ltr'><strong>alicujus</strong></span> <span class='ocrx_word' id='word_1_185' title='bbox 563 2528 952 2585; x_wconf 86' lang='lat' dir='ltr'><strong>deliiiiationis.</strong></span> <span class='ocrx_word' id='word_1_186' title='bbox 995 2528 1262 2602; x_wconf 90' lang='lat' dir='ltr'><strong>Obstupui</strong></span> <span class='ocrx_word' id='word_1_187' title='bbox 1293 2531 1361 2587; x_wconf 88' lang='lat' dir='ltr'><strong>ad</strong></span> <span class='ocrx_word' id='word_1_188' title='bbox 1387 2547 1574 2588; x_wconf 76' lang='lat' dir='ltr'><strong>vocem</strong></span> <span class='ocrx_word' id='word_1_189' title='bbox 1609 2534 1689 2588; x_wconf 85' lang='lat' dir='ltr'><strong>lo-</strong></span> 
     </span>
    </p>
   </div>
   <div class='ocr_carea' id='block_1_27' title="bbox 105 2618 1690 2694">
    <p class='ocr_par' dir='ltr' id='par_1_27' title="bbox 105 2618 1690 2694">
     <span class='ocr_line' id='line_1_27' title="bbox 105 2618 1690 2694; baseline 0.005 -24"><span class='ocrx_word' id='word_1_190' title='bbox 105 2618 348 2687; x_wconf 86' lang='lat' dir='ltr'><strong>quentis,</strong></span> <span class='ocrx_word' id='word_1_191' title='bbox 392 2627 446 2674; x_wconf 89' lang='lat' dir='ltr'><strong>et</strong></span> <span class='ocrx_word' id='word_1_192' title='bbox 483 2635 608 2675; x_wconf 92' lang='lat' dir='ltr'><strong>cum</strong></span> <span class='ocrx_word' id='word_1_193' title='bbox 648 2629 859 2675; x_wconf 91' lang='lat' dir='ltr'><strong>artarer</strong></span> <span class='ocrx_word' id='word_1_194' title='bbox 897 2623 1196 2692; x_wconf 87' lang='lat' dir='ltr'><strong>responsis,</strong></span> <span class='ocrx_word' id='word_1_195' title='bbox 1231 2624 1535 2694; x_wconf 79' lang='lat' dir='ltr'><strong>recogitans</strong></span> <span class='ocrx_word' id='word_1_196' title='bbox 1562 2624 1690 2694; x_wconf 88' lang='lat' dir='ltr'><strong>quia</strong></span> 
     </span>
    </p>
   </div>
   <div class='ocr_carea' id='block_1_28' title="bbox 107 2711 1687 2787">
    <p class='ocr_par' dir='ltr' id='par_1_28' title="bbox 107 2711 1687 2787">
     <span class='ocr_line' id='line_1_28' title="bbox 107 2711 1687 2787; baseline 0.004 -24"><span class='ocrx_word' id='word_1_197' title='bbox 107 2725 206 2779; x_wconf 81' lang='lat' dir='ltr'><strong>ego</strong></span> <span class='ocrx_word' id='word_1_198' title='bbox 249 2725 373 2764; x_wconf 89' lang='lat' dir='ltr'><strong>sum</strong></span> <span class='ocrx_word' id='word_1_199' title='bbox 411 2711 504 2781; x_wconf 90' lang='lat' dir='ltr'><strong>qui</strong></span> <span class='ocrx_word' id='word_1_200' title='bbox 547 2713 784 2780; x_wconf 89' lang='lat' dir='ltr'><strong>peccavi,</strong></span> <span class='ocrx_word' id='word_1_201' title='bbox 828 2728 928 2782; x_wconf 90' lang='lat' dir='ltr'><strong>ego</strong></span> <span class='ocrx_word' id='word_1_202' title='bbox 971 2713 1064 2784; x_wconf 91' lang='lat' dir='ltr'><strong>qui</strong></span> <span class='ocrx_word' id='word_1_203' title='bbox 1107 2713 1293 2785; x_wconf 91' lang='lat' dir='ltr'><strong>inique</strong></span> <span class='ocrx_word' id='word_1_204' title='bbox 1330 2715 1437 2787; x_wconf 89' lang='lat' dir='ltr'><strong>egi,</strong></span> <span class='ocrx_word' id='word_1_205' title='bbox 1473 2715 1687 2770; x_wconf 89' lang='lat' dir='ltr'><strong>subdidi</strong></span> 
     </span>
    </p>
   </div>
   <div class='ocr_carea' id='block_1_29' title="bbox 108 2800 1690 2872">
    <p class='ocr_par' dir='ltr' id='par_1_29' title="bbox 108 2800 1690 2872">
     <span class='ocr_line' id='line_1_29' title="bbox 108 2800 1690 2872; baseline 0.004 -18"><span class='ocrx_word' id='word_1_206' title='bbox 108 2815 194 2854; x_wconf 89' lang='lat' dir='ltr'><strong>me</strong></span> <span class='ocrx_word' id='word_1_207' title='bbox 211 2800 442 2870; x_wconf 62' lang='lat' dir='ltr'><strong>iustitiae</strong></span> <span class='ocrx_word' id='word_1_208' title='bbox 465 2800 582 2869; x_wconf 89' lang='lat' dir='ltr'><strong>Dei,</strong></span> <span class='ocrx_word' id='word_1_209' title='bbox 608 2803 869 2872; x_wconf 90' lang='lat' dir='ltr'><strong>quoniam</strong></span> <span class='ocrx_word' id='word_1_210' title='bbox 900 2805 1098 2871; x_wconf 90' lang='lat' dir='ltr'><strong>bonus,</strong></span> <span class='ocrx_word' id='word_1_211' title='bbox 1140 2814 1195 2861; x_wconf 90' lang='lat' dir='ltr'><strong>et</strong></span> <span class='ocrx_word' id='word_1_212' title='bbox 1223 2806 1278 2860; x_wconf 91' lang='lat' dir='ltr'><strong>in</strong></span> <span class='ocrx_word' id='word_1_213' title='bbox 1309 2806 1554 2862; x_wconf 89' lang='lat' dir='ltr'><strong>seculum</strong></span> <span class='ocrx_word' id='word_1_214' title='bbox 1584 2806 1690 2861; x_wconf 92' lang='lat' dir='ltr'><strong>mi-</strong></span> 
     </span>
    </p>
   </div>
   <div class='ocr_carea' id='block_1_30' title="bbox 108 2896 1693 2967">
    <p class='ocr_par' dir='ltr' id='par_1_30' title="bbox 108 2896 1693 2967">
     <span class='ocr_line' id='line_1_30' title="bbox 108 2896 1693 2967; baseline 0.005 -17"><span class='ocrx_word' id='word_1_215' title='bbox 108 2896 407 2951; x_wconf 81' lang='lat' dir='ltr'><strong>sericordia</strong></span> <span class='ocrx_word' id='word_1_216' title='bbox 435 2897 574 2967; x_wconf 87' lang='lat' dir='ltr'><strong>ejus.</strong></span> <span class='ocrx_word' id='word_1_217' title='bbox 620 2896 844 2955; x_wconf 89' lang='lat' dir='ltr'><strong>Timens</strong></span> <span class='ocrx_word' id='word_1_218' title='bbox 877 2915 1008 2956; x_wconf 88' lang='lat' dir='ltr'><strong>vero</strong></span> <span class='ocrx_word' id='word_1_219' title='bbox 1033 2916 1102 2957; x_wconf 92' lang='lat' dir='ltr'><strong>ne</strong></span> <span class='ocrx_word' id='word_1_220' title='bbox 1125 2901 1410 2958; x_wconf 90' lang='lat' dir='ltr'><strong>deﬁcerem</strong></span> <span class='ocrx_word' id='word_1_221' title='bbox 1436 2902 1492 2957; x_wconf 91' lang='lat' dir='ltr'><strong>iii</strong></span> <span class='ocrx_word' id='word_1_222' title='bbox 1523 2903 1693 2958; x_wconf 90' lang='lat' dir='ltr'><strong>tribu-</strong></span> 
     </span>
    </p>
   </div>
   <div class='ocr_carea' id='block_1_31' title="bbox 109 2987 1694 3065">
    <p class='ocr_par' dir='ltr' id='par_1_31' title="bbox 109 2987 1694 3065">
     <span class='ocr_line' id='line_1_31' title="bbox 109 2987 1694 3065; baseline 0.005 -24"><span class='ocrx_word' id='word_1_223' title='bbox 109 2987 425 3056; x_wconf 88' lang='lat' dir='ltr'><strong>lationibus,</strong></span> <span class='ocrx_word' id='word_1_224' title='bbox 451 3005 578 3045; x_wconf 90' lang='lat' dir='ltr'><strong>cum</strong></span> <span class='ocrx_word' id='word_1_225' title='bbox 609 3005 824 3045; x_wconf 89' lang='lat' dir='ltr'><strong>orarem</strong></span> <span class='ocrx_word' id='word_1_226' title='bbox 855 2992 1124 3046; x_wconf 89' lang='lat' dir='ltr'><strong>reservari</strong></span> <span class='ocrx_word' id='word_1_227' title='bbox 1154 2993 1289 3048; x_wconf 90' lang='lat' dir='ltr'><strong>inibi</strong></span> <span class='ocrx_word' id='word_1_228' title='bbox 1317 2994 1531 3065; x_wconf 89' lang='lat' dir='ltr'><strong>aliquos</strong></span> <span class='ocrx_word' id='word_1_229' title='bbox 1556 2995 1694 3049; x_wconf 90' lang='lat' dir='ltr'><strong>ami-</strong></span> 
     </span>
    </p>
   </div>
   <div class='ocr_carea' id='block_1_32' title="bbox 109 3082 1694 3156">
    <p class='ocr_par' dir='ltr' id='par_1_32' title="bbox 109 3082 1694 3156">
     <span class='ocr_line' id='line_1_32' title="bbox 109 3082 1694 3156; baseline 0.006 -23"><span class='ocrx_word' id='word_1_230' title='bbox 109 3095 333 3148; x_wconf 87' lang='lat' dir='ltr'><strong>corum,</strong></span> <span class='ocrx_word' id='word_1_231' title='bbox 384 3097 619 3152; x_wconf 89' lang='lat' dir='ltr'><strong>quorum</strong></span> <span class='ocrx_word' id='word_1_232' title='bbox 661 3082 905 3138; x_wconf 89' lang='lat' dir='ltr'><strong>consiliis</strong></span> <span class='ocrx_word' id='word_1_233' title='bbox 953 3091 1284 3156; x_wconf 83' lang='lat' dir='ltr'><strong>protegerer,</strong></span> <span class='ocrx_word' id='word_1_234' title='bbox 1329 3101 1440 3142; x_wconf 90' lang='lat' dir='ltr'><strong>non</strong></span> <span class='ocrx_word' id='word_1_235' title='bbox 1482 3085 1694 3156; x_wconf 85' lang='lat' dir='ltr'><strong>cptinui</strong></span> 
     </span>
    </p>
   </div>
   <div class='ocr_carea' id='block_1_33' title="bbox 1786 624 3364 696">
    <p class='ocr_par' dir='ltr' id='par_1_33' title="bbox 1786 624 3364 696">
     <span class='ocr_line' id='line_1_33' title="bbox 1786 624 3364 696; baseline 0.006 -26"><span class='ocrx_word' id='word_1_236' title='bbox 1786 627 1973 672; x_wconf 89' lang='lat' dir='ltr'><strong>nostra</strong></span> <span class='ocrx_word' id='word_1_237' title='bbox 2018 635 2283 687; x_wconf 90' lang='lat' dir='ltr'><strong>cessasse,</strong></span> <span class='ocrx_word' id='word_1_238' title='bbox 2332 637 2431 691; x_wconf 89' lang='lat' dir='ltr'><strong>pro</strong></span> <span class='ocrx_word' id='word_1_239' title='bbox 2475 638 2540 679; x_wconf 92' lang='lat' dir='ltr'><strong>eo</strong></span> <span class='ocrx_word' id='word_1_240' title='bbox 2575 624 2721 694; x_wconf 89' lang='lat' dir='ltr'><strong>quod</strong></span> <span class='ocrx_word' id='word_1_241' title='bbox 2766 635 2994 680; x_wconf 80' lang='lat' dir='ltr'><strong>conatus</strong></span> <span class='ocrx_word' id='word_1_242' title='bbox 3029 640 3218 683; x_wconf 87' lang='lat' dir='ltr'><strong>eorum</strong></span> <span class='ocrx_word' id='word_1_243' title='bbox 3247 625 3364 696; x_wconf 89' lang='lat' dir='ltr'><strong>.jam</strong></span> 
     </span>
    </p>
   </div>
   <div class='ocr_carea' id='block_1_34' title="bbox 1785 709 3366 790">
    <p class='ocr_par' dir='ltr' id='par_1_34' title="bbox 1785 709 3366 790">
     <span class='ocr_line' id='line_1_34' title="bbox 1785 709 3366 790; baseline 0.006 -29"><span class='ocrx_word' id='word_1_244' title='bbox 1785 709 2026 763; x_wconf 92' lang='lat' dir='ltr'><strong>secundo</strong></span> <span class='ocrx_word' id='word_1_245' title='bbox 2067 710 2254 766; x_wconf 90' lang='lat' dir='ltr'><strong>irritus</strong></span> <span class='ocrx_word' id='word_1_246' title='bbox 2299 711 2476 769; x_wconf 89' lang='lat' dir='ltr'><strong>factus</strong></span> <span class='ocrx_word' id='word_1_247' title='bbox 2523 723 2660 781; x_wconf 89' lang='lat' dir='ltr'><strong>erat,</strong></span> <span class='ocrx_word' id='word_1_248' title='bbox 2685 715 3004 790; x_wconf 45' lang='lat' dir='ltr'><strong>.crederem,</strong></span> <span class='ocrx_word' id='word_1_249' title='bbox 3040 723 3096 770; x_wconf 92' lang='lat' dir='ltr'><strong>et</strong></span> <span class='ocrx_word' id='word_1_250' title='bbox 3131 717 3366 770; x_wconf 81' lang='lat' dir='ltr'><strong>maxime</strong></span> 
     </span>
    </p>
   </div>
   <div class='ocr_carea' id='block_1_35' title="bbox 1785 800 3366 876">
    <p class='ocr_par' dir='ltr' id='par_1_35' title="bbox 1785 800 3366 876">
     <span class='ocr_line' id='line_1_35' title="bbox 1785 800 3366 876; baseline 0.006 -24"><span class='ocrx_word' id='word_1_251' title='bbox 1785 814 1884 868; x_wconf 89' lang='lat' dir='ltr'><strong>pro</strong></span> <span class='ocrx_word' id='word_1_252' title='bbox 1907 800 2024 871; x_wconf 90' lang='lat' dir='ltr'><strong>jugi</strong></span> <span class='ocrx_word' id='word_1_253' title='bbox 2052 815 2242 857; x_wconf 91' lang='lat' dir='ltr'><strong>eorum</strong></span> <span class='ocrx_word' id='word_1_254' title='bbox 2272 804 2555 875; x_wconf 90' lang='lat' dir='ltr'><strong>obsequio,</strong></span> <span class='ocrx_word' id='word_1_255' title='bbox 2586 807 2680 876; x_wconf 88' lang='lat' dir='ltr'><strong>qui</strong></span> <span class='ocrx_word' id='word_1_256' title='bbox 2702 815 2883 861; x_wconf 91' lang='lat' dir='ltr'><strong>tamen</strong></span> <span class='ocrx_word' id='word_1_257' title='bbox 2915 821 3022 861; x_wconf 89' lang='lat' dir='ltr'><strong>non</strong></span> <span class='ocrx_word' id='word_1_258' title='bbox 3050 807 3184 862; x_wconf 87' lang='lat' dir='ltr'><strong>satis</strong></span> <span class='ocrx_word' id='word_1_259' title='bbox 3206 815 3366 876; x_wconf 82' lang='lat' dir='ltr'><strong>aptus</strong></span> 
     </span>
    </p>
   </div>
   <div class='ocr_carea' id='block_1_36' title="bbox 1784 888 3367 964">
    <p class='ocr_par' dir='ltr' id='par_1_36' title="bbox 1784 888 3367 964">
     <span class='ocr_line' id='line_1_36' title="bbox 1784 888 3367 964; baseline 0.003 -22"><span class='ocrx_word' id='word_1_260' title='bbox 1784 896 1839 943; x_wconf 93' lang='lat' dir='ltr'><strong>et</strong></span> <span class='ocrx_word' id='word_1_261' title='bbox 1867 888 1986 944; x_wconf 91' lang='lat' dir='ltr'><strong>ideo</strong></span> <span class='ocrx_word' id='word_1_262' title='bbox 2013 905 2204 958; x_wconf 91' lang='lat' dir='ltr'><strong>parum</strong></span> <span class='ocrx_word' id='word_1_263' title='bbox 2240 900 2357 946; x_wconf 87' lang='lat' dir='ltr'><strong>erat</strong></span> <span class='ocrx_word' id='word_1_264' title='bbox 2383 902 2658 964; x_wconf 84' lang='lat' dir='ltr'><strong>acceptus,</strong></span> <span class='ocrx_word' id='word_1_265' title='bbox 2687 894 2762 949; x_wconf 92' lang='lat' dir='ltr'><strong>ita</strong></span> <span class='ocrx_word' id='word_1_266' title='bbox 2793 904 2852 948; x_wconf 93' lang='lat' dir='ltr'><strong>ut</strong></span> <span class='ocrx_word' id='word_1_267' title='bbox 2877 894 3041 949; x_wconf 91' lang='lat' dir='ltr'><strong>etiam</strong></span> <span class='ocrx_word' id='word_1_268' title='bbox 3082 893 3367 949; x_wconf 87' lang='lat' dir='ltr'><strong>referenti-</strong></span> 
     </span>
    </p>
   </div>
   <div class='ocr_carea' id='block_1_37' title="bbox 1784 979 3384 1054">
    <p class='ocr_par' dir='ltr' id='par_1_37' title="bbox 1784 979 3384 1054">
     <span class='ocr_line' id='line_1_37' title="bbox 1784 979 3384 1054; baseline 0.002 -18"><span class='ocrx_word' id='word_1_269' title='bbox 1784 979 1889 1036; x_wconf 87' lang='lat' dir='ltr'><strong>bus</strong></span> <span class='ocrx_word' id='word_1_270' title='bbox 1928 995 2038 1034; x_wconf 91' lang='lat' dir='ltr'><strong>non</strong></span> <span class='ocrx_word' id='word_1_271' title='bbox 2075 980 2372 1049; x_wconf 90' lang='lat' dir='ltr'><strong>crederem,</strong></span> <span class='ocrx_word' id='word_1_272' title='bbox 2412 986 2558 1039; x_wconf 89' lang='lat' dir='ltr'><strong>sensi</strong></span> <span class='ocrx_word' id='word_1_273' title='bbox 2588 985 2825 1040; x_wconf 87' lang='lat' dir='ltr'><strong>tamdem</strong></span> <span class='ocrx_word' id='word_1_274' title='bbox 2865 991 2918 1040; x_wconf 92' lang='lat' dir='ltr'><strong>et</strong></span> <span class='ocrx_word' id='word_1_275' title='bbox 2956 992 3212 1054; x_wconf 86' lang='lat' dir='ltr'><strong>expertus</strong></span> <span class='ocrx_word' id='word_1_276' title='bbox 3243 999 3384 1039; x_wconf 85' lang='lat' dir='ltr'><strong>sum.</strong></span> 
     </span>
    </p>
   </div>
   <div class='ocr_carea' id='block_1_38' title="bbox 1784 1070 3388 1142">
    <p class='ocr_par' dir='ltr' id='par_1_38' title="bbox 1784 1070 3388 1142">
     <span class='ocr_line' id='line_1_38' title="bbox 1784 1070 3388 1142; baseline 0.002 -17"><span class='ocrx_word' id='word_1_277' title='bbox 1784 1085 1948 1142; x_wconf 91' lang='lat' dir='ltr'><strong>quem</strong></span> <span class='ocrx_word' id='word_1_278' title='bbox 1971 1070 2060 1125; x_wconf 87' lang='lat' dir='ltr'><strong>vix</strong></span> <span class='ocrx_word' id='word_1_279' title='bbox 2087 1073 2240 1142; x_wconf 91' lang='lat' dir='ltr'><strong>potui</strong></span> <span class='ocrx_word' id='word_1_280' title='bbox 2271 1088 2491 1142; x_wconf 90' lang='lat' dir='ltr'><strong>sperare</strong></span> <span class='ocrx_word' id='word_1_281' title='bbox 2533 1075 2796 1131; x_wconf 87' lang='lat' dir='ltr'><strong>dolorem.</strong></span> <span class='ocrx_word' id='word_1_282' title='bbox 2833 1076 3058 1132; x_wconf 86' lang='lat' dir='ltr'><strong>Avertat</strong></span> <span class='ocrx_word' id='word_1_283' title='bbox 3097 1074 3242 1129; x_wconf 88' lang='lat' dir='ltr'><strong>Deus</strong></span> <span class='ocrx_word' id='word_1_284' title='bbox 3283 1075 3388 1129; x_wconf 70' lang='lat' dir='ltr'><strong>lii--</strong></span> 
     </span>
    </p>
   </div>
   <div class='ocr_carea' id='block_1_39' title="bbox 1785 1162 3366 1222">
    <p class='ocr_par' dir='ltr' id='par_1_39' title="bbox 1785 1162 3366 1222">
     <span class='ocr_line' id='line_1_39' title="bbox 1785 1162 3366 1222; baseline 0.001 -5"><span class='ocrx_word' id='word_1_285' title='bbox 1785 1162 1925 1218; x_wconf 87' lang='lat' dir='ltr'><strong>riam</strong></span> <span class='ocrx_word' id='word_1_286' title='bbox 1969 1162 2111 1218; x_wconf 87' lang='lat' dir='ltr'><strong>hanc</strong></span> <span class='ocrx_word' id='word_1_287' title='bbox 2151 1165 2222 1219; x_wconf 90' lang='lat' dir='ltr'><strong>ab</strong></span> <span class='ocrx_word' id='word_1_288' title='bbox 2261 1165 2508 1221; x_wconf 60' lang='lat' dir='ltr'><strong>accclesia</strong></span> <span class='ocrx_word' id='word_1_289' title='bbox 2549 1168 2678 1222; x_wconf 76' lang='lat' dir='ltr'><strong>sua!</strong></span> <span class='ocrx_word' id='word_1_290' title='bbox 2726 1167 2781 1222; x_wconf 92' lang='lat' dir='ltr'><strong>in</strong></span> <span class='ocrx_word' id='word_1_291' title='bbox 2823 1182 2912 1222; x_wconf 89' lang='lat' dir='ltr'><strong>me</strong></span> <span class='ocrx_word' id='word_1_292' title='bbox 2953 1166 3176 1220; x_wconf 89' lang='lat' dir='ltr'><strong>ﬁniatur</strong></span> <span class='ocrx_word' id='word_1_293' title='bbox 3217 1174 3366 1221; x_wconf 91' lang='lat' dir='ltr'><strong>tanta</strong></span> 
     </span>
    </p>
   </div>
   <div class='ocr_carea' id='block_1_40' title="bbox 1785 1253 3364 1328">
    <p class='ocr_par' dir='ltr' id='par_1_40' title="bbox 1785 1253 3364 1328">
     <span class='ocr_line' id='line_1_40' title="bbox 1785 1253 3364 1328; baseline 0.001 -21"><span class='ocrx_word' id='word_1_294' title='bbox 1785 1253 2029 1322; x_wconf 87' lang='lat' dir='ltr'><strong>malicia;</strong></span> <span class='ocrx_word' id='word_1_295' title='bbox 2079 1255 2187 1311; x_wconf 84' lang='lat' dir='ltr'><strong>huc</strong></span> <span class='ocrx_word' id='word_1_296' title='bbox 2230 1271 2351 1310; x_wconf 89' lang='lat' dir='ltr'><strong>eam</strong></span> <span class='ocrx_word' id='word_1_297' title='bbox 2392 1253 2608 1313; x_wconf 89' lang='lat' dir='ltr'><strong>venisse</strong></span> <span class='ocrx_word' id='word_1_298' title='bbox 2653 1256 2898 1312; x_wconf 83' lang='lat' dir='ltr'><strong>suﬁiciat.</strong></span> <span class='ocrx_word' id='word_1_299' title='bbox 2953 1255 3062 1312; x_wconf 86' lang='lat' dir='ltr'><strong>Ilec</strong></span> <span class='ocrx_word' id='word_1_300' title='bbox 3111 1255 3364 1328; x_wconf 82' lang='lat' dir='ltr'><strong>Vigilium</strong></span> 
     </span>
    </p>
   </div>
   <div class='ocr_carea' id='block_1_41' title="bbox 1785 1344 3368 1418">
    <p class='ocr_par' dir='ltr' id='par_1_41' title="bbox 1785 1344 3368 1418">
     <span class='ocr_line' id='line_1_41' title="bbox 1785 1344 3368 1418; baseline -0.001 -16"><span class='ocrx_word' id='word_1_301' title='bbox 1785 1344 2070 1402; x_wconf 84' lang='lat' dir='ltr'><strong>diaconem</strong></span> <span class='ocrx_word' id='word_1_302' title='bbox 2100 1345 2156 1400; x_wconf 92' lang='lat' dir='ltr'><strong>in</strong></span> <span class='ocrx_word' id='word_1_303' title='bbox 2187 1345 2400 1402; x_wconf 88' lang='lat' dir='ltr'><strong>Silverii</strong></span> <span class='ocrx_word' id='word_1_304' title='bbox 2432 1363 2582 1418; x_wconf 67' lang='lat' dir='ltr'><strong>papae</strong></span> <span class='ocrx_word' id='word_1_305' title='bbox 2607 1347 2907 1403; x_wconf 87' lang='lat' dir='ltr'><strong>beatissimi</strong></span> <span class='ocrx_word' id='word_1_306' title='bbox 2948 1347 3180 1402; x_wconf 89' lang='lat' dir='ltr'><strong>armavit</strong></span> <span class='ocrx_word' id='word_1_307' title='bbox 3221 1346 3368 1416; x_wconf 90' lang='lat' dir='ltr'><strong>deje—</strong></span> 
     </span>
    </p>
   </div>
   <div class='ocr_carea' id='block_1_42' title="bbox 1786 1433 3370 1508">
    <p class='ocr_par' dir='ltr' id='par_1_42' title="bbox 1786 1433 3370 1508">
     <span class='ocr_line' id='line_1_42' title="bbox 1786 1433 3370 1508; baseline -0.003 -15"><span class='ocrx_word' id='word_1_308' title='bbox 1786 1433 2044 1504; x_wconf 87' lang='lat' dir='ltr'><strong>ctionem,</strong></span> <span class='ocrx_word' id='word_1_309' title='bbox 2075 1444 2130 1492; x_wconf 90' lang='lat' dir='ltr'><strong>et</strong></span> <span class='ocrx_word' id='word_1_310' title='bbox 2157 1437 2288 1492; x_wconf 91' lang='lat' dir='ltr'><strong>dum</strong></span> <span class='ocrx_word' id='word_1_311' title='bbox 2308 1438 2430 1508; x_wconf 81' lang='lat' dir='ltr'><strong>rjus</strong></span> <span class='ocrx_word' id='word_1_312' title='bbox 2457 1438 2770 1508; x_wconf 89' lang='lat' dir='ltr'><strong>concupivit</strong></span> <span class='ocrx_word' id='word_1_313' title='bbox 2795 1437 2997 1503; x_wconf 89' lang='lat' dir='ltr'><strong>sedem,</strong></span> <span class='ocrx_word' id='word_1_314' title='bbox 3031 1437 3258 1506; x_wconf 84' lang='lat' dir='ltr'><strong>adeptus</strong></span> <span class='ocrx_word' id='word_1_315' title='bbox 3285 1444 3370 1490; x_wconf 89' lang='lat' dir='ltr'><strong>est</strong></span> 
     </span>
    </p>
   </div>
   <div class='ocr_carea' id='block_1_43' title="bbox 1789 1527 3368 1599">
    <p class='ocr_par' dir='ltr' id='par_1_43' title="bbox 1789 1527 3368 1599">
     <span class='ocr_line' id='line_1_43' title="bbox 1789 1527 3368 1599; baseline -0.004 -13"><span class='ocrx_word' id='word_1_316' title='bbox 1789 1528 2151 1586; x_wconf 81' lang='lat' dir='ltr'><strong>anathematis</strong></span> <span class='ocrx_word' id='word_1_317' title='bbox 2178 1529 2649 1599; x_wconf 85' lang='lat' dir='ltr'><strong>dampnationem;</strong></span> <span class='ocrx_word' id='word_1_318' title='bbox 2683 1544 2846 1599; x_wconf 90' lang='lat' dir='ltr'><strong>quam</strong></span> <span class='ocrx_word' id='word_1_319' title='bbox 2877 1529 3224 1598; x_wconf 88' lang='lat' dir='ltr'><strong>postmodum</strong></span> <span class='ocrx_word' id='word_1_320' title='bbox 3251 1527 3368 1596; x_wconf 91' lang='lat' dir='ltr'><strong>pari</strong></span> 
     </span>
    </p>
   </div>
   <div class='ocr_carea' id='block_1_44' title="bbox 1788 1617 3373 1692">
    <p class='ocr_par' dir='ltr' id='par_1_44' title="bbox 1788 1617 3373 1692">
     <span class='ocr_line' id='line_1_44' title="bbox 1788 1617 3373 1692; baseline -0.005 -14"><span class='ocrx_word' id='word_1_321' title='bbox 1788 1631 1936 1679; x_wconf 87' lang='lat' dir='ltr'><strong>sorte</strong></span> <span class='ocrx_word' id='word_1_322' title='bbox 1963 1623 2225 1677; x_wconf 87' lang='lat' dir='ltr'><strong>multatus</strong></span> <span class='ocrx_word' id='word_1_323' title='bbox 2259 1622 2514 1692; x_wconf 79' lang='lat' dir='ltr'><strong>expiavit.</strong></span> <span class='ocrx_word' id='word_1_324' title='bbox 2553 1620 2678 1676; x_wconf 66' lang='lat' dir='ltr'><strong>l-Iaac</strong></span> <span class='ocrx_word' id='word_1_325' title='bbox 2720 1620 2909 1690; x_wconf 86' lang='lat' dir='ltr'><strong>pestis,</strong></span> <span class='ocrx_word' id='word_1_326' title='bbox 2947 1627 3006 1673; x_wconf 89' lang='lat' dir='ltr'><strong>ut</strong></span> <span class='ocrx_word' id='word_1_327' title='bbox 3038 1619 3104 1673; x_wconf 92' lang='lat' dir='ltr'><strong>de</strong></span> <span class='ocrx_word' id='word_1_328' title='bbox 3131 1617 3373 1686; x_wconf 88' lang='lat' dir='ltr'><strong>speciali,</strong></span> 
     </span>
    </p>
   </div>
   <div class='ocr_carea' id='block_1_45' title="bbox 1789 1711 3375 1781">
    <p class='ocr_par' dir='ltr' id='par_1_45' title="bbox 1789 1711 3375 1781">
     <span class='ocr_line' id='line_1_45' title="bbox 1789 1711 3375 1781; baseline -0.002 -16"><span class='ocrx_word' id='word_1_329' title='bbox 1789 1711 1918 1781; x_wconf 89' lang='lat' dir='ltr'><strong>quia</strong></span> <span class='ocrx_word' id='word_1_330' title='bbox 1953 1711 2238 1766; x_wconf 88' lang='lat' dir='ltr'><strong>innumera</strong></span> <span class='ocrx_word' id='word_1_331' title='bbox 2265 1719 2582 1778; x_wconf 91' lang='lat' dir='ltr'><strong>occurrunt,</strong></span> <span class='ocrx_word' id='word_1_332' title='bbox 2628 1711 2845 1764; x_wconf 87' lang='lat' dir='ltr'><strong>interim</strong></span> <span class='ocrx_word' id='word_1_333' title='bbox 2875 1718 3174 1774; x_wconf 89' lang='lat' dir='ltr'><strong>taceamus,</strong></span> <span class='ocrx_word' id='word_1_334' title='bbox 3211 1723 3375 1778; x_wconf 87' lang='lat' dir='ltr'><strong>gene-</strong></span> 
     </span>
    </p>
   </div>
   <div class='ocr_carea' id='block_1_46' title="bbox 1789 1799 3372 1870">
    <p class='ocr_par' dir='ltr' id='par_1_46' title="bbox 1789 1799 3372 1870">
     <span class='ocr_line' id='line_1_46' title="bbox 1789 1799 3372 1870; baseline -0.003 -14"><span class='ocrx_word' id='word_1_335' title='bbox 1789 1802 1891 1857; x_wconf 90' lang='lat' dir='ltr'><strong>rali</strong></span> <span class='ocrx_word' id='word_1_336' title='bbox 1931 1803 2060 1857; x_wconf 89' lang='lat' dir='ltr'><strong>tabe</strong></span> <span class='ocrx_word' id='word_1_337' title='bbox 2098 1804 2280 1857; x_wconf 88' lang='lat' dir='ltr'><strong>omnia</strong></span> <span class='ocrx_word' id='word_1_338' title='bbox 2323 1802 2437 1857; x_wconf 88' lang='lat' dir='ltr'><strong>fere</strong></span> <span class='ocrx_word' id='word_1_339' title='bbox 2469 1802 2644 1856; x_wconf 90' lang='lat' dir='ltr'><strong>nostri</strong></span> <span class='ocrx_word' id='word_1_340' title='bbox 2688 1801 2948 1870; x_wconf 89' lang='lat' dir='ltr'><strong>temporis</strong></span> <span class='ocrx_word' id='word_1_341' title='bbox 2975 1799 3219 1868; x_wconf 90' lang='lat' dir='ltr'><strong>eorrupit</strong></span> <span class='ocrx_word' id='word_1_342' title='bbox 3257 1814 3372 1853; x_wconf 92' lang='lat' dir='ltr'><strong>mo-</strong></span> 
     </span>
    </p>
   </div>
   <div class='ocr_carea' id='block_1_47' title="bbox 1789 1890 3378 1963">
    <p class='ocr_par' dir='ltr' id='par_1_47' title="bbox 1789 1890 3378 1963">
     <span class='ocr_line' id='line_1_47' title="bbox 1789 1890 3378 1963; baseline -0.003 -16"><span class='ocrx_word' id='word_1_343' title='bbox 1789 1893 2065 1959; x_wconf 88' lang='lat' dir='ltr'><strong>nasteria;</strong></span> <span class='ocrx_word' id='word_1_344' title='bbox 2113 1901 2167 1948; x_wconf 87' lang='lat' dir='ltr'><strong>et</strong></span> <span class='ocrx_word' id='word_1_345' title='bbox 2211 1893 2412 1963; x_wconf 88' lang='lat' dir='ltr'><strong>ignitus</strong></span> <span class='ocrx_word' id='word_1_346' title='bbox 2453 1893 2542 1948; x_wconf 90' lang='lat' dir='ltr'><strong>ille</strong></span> <span class='ocrx_word' id='word_1_347' title='bbox 2586 1907 2808 1962; x_wconf 87' lang='lat' dir='ltr'><strong>serpens</strong></span> <span class='ocrx_word' id='word_1_348' title='bbox 2850 1890 3378 1946; x_wconf 81' lang='lat' dir='ltr'><strong>obmurmurationis</strong></span> 
     </span>
    </p>
   </div>
   <div class='ocr_carea' id='block_1_48' title="bbox 1787 1981 3372 2053">
    <p class='ocr_par' dir='ltr' id='par_1_48' title="bbox 1787 1981 3372 2053">
     <span class='ocr_line' id='line_1_48' title="bbox 1787 1981 3372 2053; baseline -0.003 -16"><span class='ocrx_word' id='word_1_349' title='bbox 1787 1982 1990 2037; x_wconf 88' lang='lat' dir='ltr'><strong>malum</strong></span> <span class='ocrx_word' id='word_1_350' title='bbox 2027 1999 2057 2037; x_wconf 91' lang='lat' dir='ltr'><strong>a</strong></span> <span class='ocrx_word' id='word_1_351' title='bbox 2086 1983 2284 2053; x_wconf 90' lang='lat' dir='ltr'><strong>populo</strong></span> <span class='ocrx_word' id='word_1_352' title='bbox 2323 1981 2549 2038; x_wconf 73' lang='lat' dir='ltr'><strong>Iudaico</strong></span> <span class='ocrx_word' id='word_1_353' title='bbox 2591 1982 2843 2053; x_wconf 90' lang='lat' dir='ltr'><strong>migravit</strong></span> <span class='ocrx_word' id='word_1_354' title='bbox 2876 1982 2931 2035; x_wconf 92' lang='lat' dir='ltr'><strong>in</strong></span> <span class='ocrx_word' id='word_1_355' title='bbox 2958 1981 3148 2037; x_wconf 89' lang='lat' dir='ltr'><strong>turbas</strong></span> <span class='ocrx_word' id='word_1_356' title='bbox 3178 1996 3372 2035; x_wconf 85' lang='lat' dir='ltr'><strong>mona-</strong></span> 
     </span>
    </p>
   </div>
   <div class='ocr_carea' id='block_1_49' title="bbox 1787 2072 3375 2146">
    <p class='ocr_par' dir='ltr' id='par_1_49' title="bbox 1787 2072 3375 2146">
     <span class='ocr_line' id='line_1_49' title="bbox 1787 2072 3375 2146; baseline -0.002 -17"><span class='ocrx_word' id='word_1_357' title='bbox 1787 2076 2015 2130; x_wconf 88' lang='lat' dir='ltr'><strong>chorum</strong></span> <span class='ocrx_word' id='word_1_358' title='bbox 2037 2116 2052 2142; x_wconf 89' lang='lat'><strong>,</strong></span> <span class='ocrx_word' id='word_1_359' title='bbox 2094 2084 2153 2130; x_wconf 90' lang='lat' dir='ltr'><strong>ut</strong></span> <span class='ocrx_word' id='word_1_360' title='bbox 2174 2076 2285 2146; x_wconf 89' lang='lat' dir='ltr'><strong>jam</strong></span> <span class='ocrx_word' id='word_1_361' title='bbox 2315 2090 2452 2145; x_wconf 90' lang='lat' dir='ltr'><strong>pene</strong></span> <span class='ocrx_word' id='word_1_362' title='bbox 2481 2076 2550 2130; x_wconf 90' lang='lat' dir='ltr'><strong>ab</strong></span> <span class='ocrx_word' id='word_1_363' title='bbox 2574 2075 2652 2130; x_wconf 91' lang='lat' dir='ltr'><strong>eis</strong></span> <span class='ocrx_word' id='word_1_364' title='bbox 2680 2075 2805 2145; x_wconf 88' lang='lat' dir='ltr'><strong>quis</strong></span> <span class='ocrx_word' id='word_1_365' title='bbox 2833 2073 2978 2130; x_wconf 89' lang='lat' dir='ltr'><strong>ﬁlius</strong></span> <span class='ocrx_word' id='word_1_366' title='bbox 3008 2073 3177 2145; x_wconf 86' lang='lat' dir='ltr'><strong>patris</strong></span> <span class='ocrx_word' id='word_1_367' title='bbox 3209 2072 3375 2127; x_wconf 91' lang='lat' dir='ltr'><strong>bene-</strong></span> 
     </span>
    </p>
   </div>
   <div class='ocr_carea' id='block_1_50' title="bbox 1787 2166 3367 2239">
    <p class='ocr_par' dir='ltr' id='par_1_50' title="bbox 1787 2166 3367 2239">
     <span class='ocr_line' id='line_1_50' title="bbox 1787 2166 3367 2239; baseline -0.003 -18"><span class='ocrx_word' id='word_1_368' title='bbox 1787 2166 2079 2222; x_wconf 90' lang='lat' dir='ltr'><strong>dictionem</strong></span> <span class='ocrx_word' id='word_1_369' title='bbox 2102 2176 2377 2222; x_wconf 90' lang='lat' dir='ltr'><strong>mereatur</strong></span> <span class='ocrx_word' id='word_1_370' title='bbox 2394 2183 2620 2238; x_wconf 90' lang='lat' dir='ltr'><strong>prorsus</strong></span> <span class='ocrx_word' id='word_1_371' title='bbox 2646 2167 2951 2239; x_wconf 87' lang='lat' dir='ltr'><strong>ignoretur;</strong></span> <span class='ocrx_word' id='word_1_372' title='bbox 2979 2183 3010 2220; x_wconf 92' lang='lat' dir='ltr'><strong>a</strong></span> <span class='ocrx_word' id='word_1_373' title='bbox 3033 2166 3232 2236; x_wconf 90' lang='lat' dir='ltr'><strong>quibus</strong></span> <span class='ocrx_word' id='word_1_374' title='bbox 3257 2180 3367 2218; x_wconf 89' lang='lat' dir='ltr'><strong>non</strong></span> 
     </span>
    </p>
   </div>
   <div class='ocr_carea' id='block_1_51' title="bbox 1788 2258 3375 2329">
    <p class='ocr_par' dir='ltr' id='par_1_51' title="bbox 1788 2258 3375 2329">
     <span class='ocr_line' id='line_1_51' title="bbox 1788 2258 3375 2329; baseline -0.001 -18"><span class='ocrx_word' id='word_1_375' title='bbox 1788 2265 2001 2311; x_wconf 87' lang='lat' dir='ltr'><strong>tantum</strong></span> <span class='ocrx_word' id='word_1_376' title='bbox 2048 2265 2264 2327; x_wconf 87' lang='lat' dir='ltr'><strong>patrum</strong></span> <span class='ocrx_word' id='word_1_377' title='bbox 2315 2259 2566 2329; x_wconf 87' lang='lat' dir='ltr'><strong>pudenda</strong></span> <span class='ocrx_word' id='word_1_378' title='bbox 2615 2258 2957 2326; x_wconf 88' lang='lat' dir='ltr'><strong>revelantur,</strong></span> <span class='ocrx_word' id='word_1_379' title='bbox 3008 2272 3117 2312; x_wconf 92' lang='lat' dir='ltr'><strong>non</strong></span> <span class='ocrx_word' id='word_1_380' title='bbox 3162 2263 3375 2311; x_wconf 89' lang='lat' dir='ltr'><strong>tantum</strong></span> 
     </span>
    </p>
   </div>
   <div class='ocr_carea' id='block_1_52' title="bbox 1789 2348 3374 2417">
    <p class='ocr_par' dir='ltr' id='par_1_52' title="bbox 1789 2348 3374 2417">
     <span class='ocr_line' id='line_1_52' title="bbox 1789 2348 3374 2417; baseline -0.001 -14"><span class='ocrx_word' id='word_1_381' title='bbox 1789 2348 2070 2417; x_wconf 79' lang='lat' dir='ltr'><strong>fratribus,</strong></span> <span class='ocrx_word' id='word_1_382' title='bbox 2117 2366 2304 2405; x_wconf 89' lang='lat' dir='ltr'><strong>verum</strong></span> <span class='ocrx_word' id='word_1_383' title='bbox 2349 2351 2623 2407; x_wconf 78' lang='lat' dir='ltr'><strong>extraneis</strong></span> <span class='ocrx_word' id='word_1_384' title='bbox 2670 2351 3024 2416; x_wconf 90' lang='lat' dir='ltr'><strong>irrisoribus,</strong></span> <span class='ocrx_word' id='word_1_385' title='bbox 3072 2349 3167 2404; x_wconf 89' lang='lat' dir='ltr'><strong>sed</strong></span> <span class='ocrx_word' id='word_1_386' title='bbox 3209 2348 3374 2403; x_wconf 87' lang='lat' dir='ltr'><strong>etiam</strong></span> 
     </span>
    </p>
   </div>
   <div class='ocr_carea' id='block_1_53' title="bbox 1789 2440 3376 2511">
    <p class='ocr_par' dir='ltr' id='par_1_53' title="bbox 1789 2440 3376 2511">
     <span class='ocr_line' id='line_1_53' title="bbox 1789 2440 3376 2511; baseline 0 -17"><span class='ocrx_word' id='word_1_387' title='bbox 1789 2440 1906 2511; x_wconf 85' lang='lat' dir='ltr'><strong>ipsa</strong></span> <span class='ocrx_word' id='word_1_388' title='bbox 1950 2449 2174 2510; x_wconf 90' lang='lat' dir='ltr'><strong>paterna</strong></span> <span class='ocrx_word' id='word_1_389' title='bbox 2220 2442 2431 2497; x_wconf 89' lang='lat' dir='ltr'><strong>viscera</strong></span> <span class='ocrx_word' id='word_1_390' title='bbox 2475 2442 2821 2509; x_wconf 92' lang='lat' dir='ltr'><strong>scinduntur,</strong></span> <span class='ocrx_word' id='word_1_391' title='bbox 2865 2441 2996 2498; x_wconf 91' lang='lat' dir='ltr'><strong>dum</strong></span> <span class='ocrx_word' id='word_1_392' title='bbox 3039 2456 3144 2510; x_wconf 86' lang='lat' dir='ltr'><strong>pax</strong></span> <span class='ocrx_word' id='word_1_393' title='bbox 3185 2440 3376 2494; x_wconf 77' lang='lat' dir='ltr'><strong>accele-</strong></span> 
     </span>
    </p>
   </div>
   <div class='ocr_carea' id='block_1_54' title="bbox 1790 2529 3377 2603">
    <p class='ocr_par' dir='ltr' id='par_1_54' title="bbox 1790 2529 3377 2603">
     <span class='ocr_line' id='line_1_54' title="bbox 1790 2529 3377 2603; baseline -0.002 -17"><span class='ocrx_word' id='word_1_394' title='bbox 1790 2533 2045 2599; x_wconf 90' lang='lat' dir='ltr'><strong>siastica,</strong></span> <span class='ocrx_word' id='word_1_395' title='bbox 2087 2533 2293 2603; x_wconf 88' lang='lat' dir='ltr'><strong>glutine</strong></span> <span class='ocrx_word' id='word_1_396' title='bbox 2328 2533 2575 2589; x_wconf 89' lang='lat' dir='ltr'><strong>caritatis</strong></span> <span class='ocrx_word' id='word_1_397' title='bbox 2617 2534 2883 2601; x_wconf 86' lang='lat' dir='ltr'><strong>rescisso,</strong></span> <span class='ocrx_word' id='word_1_398' title='bbox 2925 2532 3220 2589; x_wconf 86' lang='lat' dir='ltr'><strong>dirimitur.</strong></span> <span class='ocrx_word' id='word_1_399' title='bbox 3273 2529 3377 2584; x_wconf 85' lang='lat' dir='ltr'><strong>Ubi</strong></span> 
     </span>
    </p>
   </div>
   <div class='ocr_carea' id='block_1_55' title="bbox 1789 2623 3377 2695">
    <p class='ocr_par' dir='ltr' id='par_1_55' title="bbox 1789 2623 3377 2695">
     <span class='ocr_line' id='line_1_55' title="bbox 1789 2623 3377 2695; baseline -0.003 -16"><span class='ocrx_word' id='word_1_400' title='bbox 1789 2640 1919 2695; x_wconf 87' lang='lat' dir='ltr'><strong>ergo</strong></span> <span class='ocrx_word' id='word_1_401' title='bbox 1962 2624 2186 2695; x_wconf 84' lang='lat' dir='ltr'><strong>privatis</strong></span> <span class='ocrx_word' id='word_1_402' title='bbox 2236 2624 2478 2680; x_wconf 89' lang='lat' dir='ltr'><strong>consiliis</strong></span> <span class='ocrx_word' id='word_1_403' title='bbox 2533 2624 2890 2680; x_wconf 79' lang='lat' dir='ltr'><strong>factiosorum</strong></span> <span class='ocrx_word' id='word_1_404' title='bbox 2915 2663 2930 2690; x_wconf 92' lang='lat'><strong>,</strong></span> <span class='ocrx_word' id='word_1_405' title='bbox 2985 2640 3094 2678; x_wconf 91' lang='lat' dir='ltr'><strong>non</strong></span> <span class='ocrx_word' id='word_1_406' title='bbox 3138 2623 3377 2677; x_wconf 90' lang='lat' dir='ltr'><strong>ﬁliorum</strong></span> 
     </span>
    </p>
   </div>
   <div class='ocr_carea' id='block_1_56' title="bbox 1791 2713 3379 2784">
    <p class='ocr_par' dir='ltr' id='par_1_56' title="bbox 1791 2713 3379 2784">
     <span class='ocr_line' id='line_1_56' title="bbox 1791 2713 3379 2784; baseline -0.001 -15"><span class='ocrx_word' id='word_1_407' title='bbox 1791 2715 1894 2769; x_wconf 88' lang='lat' dir='ltr'><strong>sibi</strong></span> <span class='ocrx_word' id='word_1_408' title='bbox 1921 2714 2022 2784; x_wconf 90' lang='lat' dir='ltr'><strong>ipsi</strong></span> <span class='ocrx_word' id='word_1_409' title='bbox 2052 2714 2171 2769; x_wconf 90' lang='lat' dir='ltr'><strong>visa</strong></span> <span class='ocrx_word' id='word_1_410' title='bbox 2197 2721 2280 2769; x_wconf 91' lang='lat' dir='ltr'><strong>est</strong></span> <span class='ocrx_word' id='word_1_411' title='bbox 2312 2715 2648 2784; x_wconf 88' lang='lat' dir='ltr'><strong>processisse</strong></span> <span class='ocrx_word' id='word_1_412' title='bbox 2674 2714 3005 2784; x_wconf 89' lang='lat' dir='ltr'><strong>calumpnia,</strong></span> <span class='ocrx_word' id='word_1_413' title='bbox 3041 2730 3108 2769; x_wconf 89' lang='lat' dir='ltr'><strong>ex</strong></span> <span class='ocrx_word' id='word_1_414' title='bbox 3149 2713 3379 2770; x_wconf 85' lang='lat' dir='ltr'><strong>occultis</strong></span> 
     </span>
    </p>
   </div>
   <div class='ocr_carea' id='block_1_57' title="bbox 1791 2804 3379 2877">
    <p class='ocr_par' dir='ltr' id='par_1_57' title="bbox 1791 2804 3379 2877">
     <span class='ocr_line' id='line_1_57' title="bbox 1791 2804 3379 2877; baseline -0.001 -17"><span class='ocrx_word' id='word_1_415' title='bbox 1791 2805 2004 2862; x_wconf 90' lang='lat' dir='ltr'><strong>insidiis</strong></span> <span class='ocrx_word' id='word_1_416' title='bbox 2041 2806 2107 2861; x_wconf 86' lang='lat' dir='ltr'><strong>ad</strong></span> <span class='ocrx_word' id='word_1_417' title='bbox 2141 2815 2356 2876; x_wconf 89' lang='lat' dir='ltr'><strong>apertas</strong></span> <span class='ocrx_word' id='word_1_418' title='bbox 2380 2806 2629 2877; x_wconf 90' lang='lat' dir='ltr'><strong>prorupit</strong></span> <span class='ocrx_word' id='word_1_419' title='bbox 2662 2806 2998 2873; x_wconf 89' lang='lat' dir='ltr'><strong>inimicitias,</strong></span> <span class='ocrx_word' id='word_1_420' title='bbox 3027 2813 3083 2861; x_wconf 88' lang='lat' dir='ltr'><strong>et</strong></span> <span class='ocrx_word' id='word_1_421' title='bbox 3109 2804 3256 2876; x_wconf 92' lang='lat' dir='ltr'><strong>quod</strong></span> <span class='ocrx_word' id='word_1_422' title='bbox 3283 2819 3379 2874; x_wconf 87' lang='lat' dir='ltr'><strong>per</strong></span> 
     </span>
    </p>
   </div>
   <div class='ocr_carea' id='block_1_58' title="bbox 1792 2897 3378 2971">
    <p class='ocr_par' dir='ltr' id='par_1_58' title="bbox 1792 2897 3378 2971">
     <span class='ocr_line' id='line_1_58' title="bbox 1792 2897 3378 2971; baseline -0.002 -18"><span class='ocrx_word' id='word_1_423' title='bbox 1792 2898 1970 2953; x_wconf 88' lang='lat' dir='ltr'><strong>socios</strong></span> <span class='ocrx_word' id='word_1_424' title='bbox 1991 2898 2380 2970; x_wconf 90' lang='lat' dir='ltr'><strong>disperserant,</strong></span> <span class='ocrx_word' id='word_1_425' title='bbox 2412 2899 2546 2954; x_wconf 90' lang='lat' dir='ltr'><strong>mihi</strong></span> <span class='ocrx_word' id='word_1_426' title='bbox 2575 2899 2677 2971; x_wconf 90' lang='lat' dir='ltr'><strong>ipsi</strong></span> <span class='ocrx_word' id='word_1_427' title='bbox 2705 2898 2994 2957; x_wconf 75' lang='lat' dir='ltr'><strong>inerubide,</strong></span> <span class='ocrx_word' id='word_1_428' title='bbox 3026 2897 3174 2970; x_wconf 76' lang='grc'><strong>(214)</strong></span> <span class='ocrx_word' id='word_1_429' title='bbox 3199 2897 3378 2968; x_wconf 85' lang='lat' dir='ltr'><strong>palam</strong></span> 
     </span>
    </p>
   </div>
   <div class='ocr_carea' id='block_1_59' title="bbox 1791 2987 3382 3062">
    <p class='ocr_par' dir='ltr' id='par_1_59' title="bbox 1791 2987 3382 3062">
     <span class='ocr_line' id='line_1_59' title="bbox 1791 2987 3382 3062; baseline 0.001 -21"><span class='ocrx_word' id='word_1_430' title='bbox 1791 2989 2074 3057; x_wconf 87' lang='lat' dir='ltr'><strong>protestati</strong></span> <span class='ocrx_word' id='word_1_431' title='bbox 2095 2997 2241 3062; x_wconf 84' lang='lat' dir='ltr'><strong>sunt.</strong></span> <span class='ocrx_word' id='word_1_432' title='bbox 2263 2987 2481 3057; x_wconf 85' lang='lat' dir='ltr'><strong>Fateor,</strong></span> <span class='ocrx_word' id='word_1_433' title='bbox 2506 2989 2786 3058; x_wconf 90' lang='lat' dir='ltr'><strong>erubui,et</strong></span> <span class='ocrx_word' id='word_1_434' title='bbox 2803 2989 2872 3045; x_wconf 89' lang='lat' dir='ltr'><strong>ad</strong></span> <span class='ocrx_word' id='word_1_435' title='bbox 2891 3004 2979 3044; x_wconf 91' lang='lat' dir='ltr'><strong>me</strong></span> <span class='ocrx_word' id='word_1_436' title='bbox 2999 2988 3177 3060; x_wconf 90' lang='lat' dir='ltr'><strong>ipsum</strong></span> <span class='ocrx_word' id='word_1_437' title='bbox 3198 3002 3382 3044; x_wconf 32' lang='lat' dir='ltr'><strong>revera</strong></span> 
     </span>
    </p>
   </div>
   <div class='ocr_carea' id='block_1_60' title="bbox 1794 3078 3382 3152">
    <p class='ocr_par' dir='ltr' id='par_1_60' title="bbox 1794 3078 3382 3152">
     <span class='ocr_line' id='line_1_60' title="bbox 1794 3078 3382 3152; baseline 0.001 -19"><span class='ocrx_word' id='word_1_438' title='bbox 1794 3093 1910 3144; x_wconf 87' lang='lat' dir='ltr'><strong>sus,</strong></span> <span class='ocrx_word' id='word_1_439' title='bbox 1942 3079 2188 3150; x_wconf 91' lang='lat' dir='ltr'><strong>cogitans</strong></span> <span class='ocrx_word' id='word_1_440' title='bbox 2216 3081 2346 3151; x_wconf 91' lang='lat' dir='ltr'><strong>quia</strong></span> <span class='ocrx_word' id='word_1_441' title='bbox 2365 3080 2578 3152; x_wconf 82' lang='lat' dir='ltr'><strong>judicia</strong></span> <span class='ocrx_word' id='word_1_442' title='bbox 2607 3089 2719 3148; x_wconf 81' lang='lat' dir='ltr'><strong>tua,</strong></span> <span class='ocrx_word' id='word_1_443' title='bbox 2756 3079 2923 3146; x_wconf 87' lang='lat' dir='ltr'><strong>Deus,</strong></span> <span class='ocrx_word' id='word_1_444' title='bbox 2957 3079 3177 3150; x_wconf 77' lang='lat' dir='ltr'><strong>abyssus</strong></span> <span class='ocrx_word' id='word_1_445' title='bbox 3211 3078 3382 3135; x_wconf 76' lang='lat' dir='ltr'><strong>multa</strong></span> 
     </span>
    </p>
   </div>
   <div class='ocr_carea' id='block_1_61' title="bbox 113 3165 3382 3252">
    <p class='ocr_par' dir='ltr' id='par_1_61' title="bbox 113 3165 3382 3252">
     <span class='ocr_line' id='line_1_61' title="bbox 113 3165 3382 3252; baseline 0 -29"><span class='ocrx_word' id='word_1_446' title='bbox 113 3169 214 3224; x_wconf 88' lang='lat' dir='ltr'><strong>nisi</strong></span> <span class='ocrx_word' id='word_1_447' title='bbox 257 3171 487 3240; x_wconf 88' lang='lat' dir='ltr'><strong>gratiam</strong></span> <span class='ocrx_word' id='word_1_448' title='bbox 532 3171 702 3242; x_wconf 89' lang='lat' dir='ltr'><strong>patris</strong></span> <span class='ocrx_word' id='word_1_449' title='bbox 744 3173 951 3238; x_wconf 88' lang='lat' dir='ltr'><strong>nostri,</strong></span> <span class='ocrx_word' id='word_1_450' title='bbox 993 3165 1155 3243; x_wconf 72' lang='lat' dir='ltr'><strong>quc&#39;m</strong></span> <span class='ocrx_word' id='word_1_451' title='bbox 1193 3174 1357 3230; x_wconf 90' lang='lat' dir='ltr'><strong>etiam</strong></span> <span class='ocrx_word' id='word_1_452' title='bbox 1398 3175 1694 3232; x_wconf 87' lang='lat' dir='ltr'><strong>novissime</strong></span> <span class='ocrx_word' id='word_1_453' title='bbox 1719 3195 1762 3252; x_wconf 72' lang='grc' dir='ltr'>ο</span> <span class='ocrx_word' id='word_1_454' title='bbox 1796 3165 1978 3241; x_wconf 69' lang='grc' dir='ltr'><strong>(Ρεαιι</strong></span> <span class='ocrx_word' id='word_1_455' title='bbox 2013 3187 2177 3237; x_wconf 64' lang='lat' dir='ltr'><strong>“XV.</strong></span> <span class='ocrx_word' id='word_1_456' title='bbox 2211 3171 2295 3243; x_wconf 79' lang='grc'><strong>7).</strong></span> <span class='ocrx_word' id='word_1_457' title='bbox 2327 3189 2451 3229; x_wconf 90' lang='lat' dir='ltr'><strong>cum</strong></span> <span class='ocrx_word' id='word_1_458' title='bbox 2479 3173 2658 3228; x_wconf 89' lang='lat' dir='ltr'><strong>solum</strong></span> <span class='ocrx_word' id='word_1_459' title='bbox 2694 3188 2781 3228; x_wconf 93' lang='lat' dir='ltr'><strong>me</strong></span> <span class='ocrx_word' id='word_1_460' title='bbox 2811 3171 3112 3227; x_wconf 88' lang='lat' dir='ltr'><strong>invenirem</strong></span> <span class='ocrx_word' id='word_1_461' title='bbox 3149 3171 3215 3227; x_wconf 89' lang='lat' dir='ltr'><strong>de</strong></span> <span class='ocrx_word' id='word_1_462' title='bbox 3243 3169 3382 3225; x_wconf 89' lang='lat' dir='ltr'><strong>ami-</strong></span> 
     </span>
    </p>
   </div>
   <div class='ocr_carea' id='block_1_62' title="bbox 114 3257 1696 3334">
    <p class='ocr_par' dir='ltr' id='par_1_62' title="bbox 114 3257 1696 3334">
     <span class='ocr_line' id='line_1_62' title="bbox 114 3257 1696 3334; baseline 0.006 -23"><span class='ocrx_word' id='word_1_463' title='bbox 114 3257 398 3315; x_wconf 80' lang='lat' dir='ltr'><strong>babiturus</strong></span> <span class='ocrx_word' id='word_1_464' title='bbox 437 3275 548 3315; x_wconf 90' lang='lat' dir='ltr'><strong>non</strong></span> <span class='ocrx_word' id='word_1_465' title='bbox 585 3276 783 3328; x_wconf 90' lang='lat' dir='ltr'><strong>essem,</strong></span> <span class='ocrx_word' id='word_1_466' title='bbox 827 3271 881 3317; x_wconf 88' lang='lat' dir='ltr'><strong>et</strong></span> <span class='ocrx_word' id='word_1_467' title='bbox 917 3263 1098 3318; x_wconf 84' lang='lat' dir='ltr'><strong>audivi</strong></span> <span class='ocrx_word' id='word_1_468' title='bbox 1140 3263 1286 3334; x_wconf 89' lang='lat' dir='ltr'><strong>quod</strong></span> <span class='ocrx_word' id='word_1_469' title='bbox 1313 3263 1508 3320; x_wconf 86' lang='lat' dir='ltr'><strong>domus</strong></span> <span class='ocrx_word' id='word_1_470' title='bbox 1538 3263 1696 3322; x_wconf 89' lang='lat' dir='ltr'><strong>ducis</strong></span> 
     </span>
    </p>
   </div>
   <div class='ocr_carea' id='block_1_63' title="bbox 114 3352 1696 3427">
    <p class='ocr_par' dir='ltr' id='par_1_63' title="bbox 114 3352 1696 3427">
     <span class='ocr_line' id='line_1_63' title="bbox 114 3352 1696 3427; baseline 0.006 -22"><span class='ocrx_word' id='word_1_471' title='bbox 114 3353 351 3408; x_wconf 87' lang='lat' dir='ltr'><strong>maxime</strong></span> <span class='ocrx_word' id='word_1_472' title='bbox 385 3352 666 3408; x_wconf 79' lang='lat' dir='ltr'><strong>infamiam</strong></span> <span class='ocrx_word' id='word_1_473' title='bbox 701 3354 954 3410; x_wconf 87' lang='lat' dir='ltr'><strong>dilataret</strong></span> <span class='ocrx_word' id='word_1_474' title='bbox 995 3364 1050 3410; x_wconf 91' lang='lat' dir='ltr'><strong>et</strong></span> <span class='ocrx_word' id='word_1_475' title='bbox 1084 3357 1458 3427; x_wconf 87' lang='lat' dir='ltr'><strong>ampliﬁcaret.</strong></span> <span class='ocrx_word' id='word_1_476' title='bbox 1498 3355 1696 3414; x_wconf 86' lang='lat' dir='ltr'><strong>Preca-</strong></span> 
     </span>
    </p>
   </div>
   <div class='ocr_carea' id='block_1_64' title="bbox 117 3445 1694 3515">
    <p class='ocr_par' dir='ltr' id='par_1_64' title="bbox 117 3445 1694 3515">
     <span class='ocr_line' id='line_1_64' title="bbox 117 3445 1694 3515; baseline 0.004 -19"><span class='ocrx_word' id='word_1_477' title='bbox 117 3453 205 3498; x_wconf 83' lang='lat' dir='ltr'><strong>tus</strong></span> <span class='ocrx_word' id='word_1_478' title='bbox 237 3458 383 3510; x_wconf 82' lang='lat' dir='ltr'><strong>sum,</strong></span> <span class='ocrx_word' id='word_1_479' title='bbox 411 3452 472 3500; x_wconf 89' lang='lat' dir='ltr'><strong>ut</strong></span> <span class='ocrx_word' id='word_1_480' title='bbox 497 3445 771 3515; x_wconf 68' lang='lat' dir='ltr'><strong>patientia:</strong></span> <span class='ocrx_word' id='word_1_481' title='bbox 801 3445 999 3501; x_wconf 90' lang='lat' dir='ltr'><strong>virtute</strong></span> <span class='ocrx_word' id='word_1_482' title='bbox 1026 3446 1290 3513; x_wconf 88' lang='lat' dir='ltr'><strong>munirer,</strong></span> <span class='ocrx_word' id='word_1_483' title='bbox 1337 3463 1405 3503; x_wconf 90' lang='lat' dir='ltr'><strong>ne</strong></span> <span class='ocrx_word' id='word_1_484' title='bbox 1434 3449 1694 3504; x_wconf 83' lang='lat' dir='ltr'><strong>subcum-</strong></span> 
     </span>
    </p>
   </div>
   <div class='ocr_carea' id='block_1_65' title="bbox 118 3536 1698 3610">
    <p class='ocr_par' dir='ltr' id='par_1_65' title="bbox 118 3536 1698 3610">
     <span class='ocr_line' id='line_1_65' title="bbox 118 3536 1698 3610; baseline 0.003 -19"><span class='ocrx_word' id='word_1_485' title='bbox 118 3536 323 3602; x_wconf 83' lang='lat' dir='ltr'><strong>berem,</strong></span> <span class='ocrx_word' id='word_1_486' title='bbox 369 3545 422 3592; x_wconf 90' lang='lat' dir='ltr'><strong>et</strong></span> <span class='ocrx_word' id='word_1_487' title='bbox 461 3538 794 3593; x_wconf 84' lang='lat' dir='ltr'><strong>ammonitus</strong></span> <span class='ocrx_word' id='word_1_488' title='bbox 834 3554 955 3593; x_wconf 90' lang='lat' dir='ltr'><strong>sum</strong></span> <span class='ocrx_word' id='word_1_489' title='bbox 997 3538 1052 3593; x_wconf 90' lang='lat' dir='ltr'><strong>in</strong></span> <span class='ocrx_word' id='word_1_490' title='bbox 1092 3539 1443 3595; x_wconf 89' lang='lat' dir='ltr'><strong>tribulatione</strong></span> <span class='ocrx_word' id='word_1_491' title='bbox 1485 3555 1698 3610; x_wconf 87' lang='lat' dir='ltr'><strong>semper</strong></span> 
     </span>
    </p>
   </div>
   <div class='ocr_carea' id='block_1_66' title="bbox 121 3628 1700 3701">
    <p class='ocr_par' dir='ltr' id='par_1_66' title="bbox 121 3628 1700 3701">
     <span class='ocr_line' id='line_1_66' title="bbox 121 3628 1700 3701; baseline 0.004 -20"><span class='ocrx_word' id='word_1_492' title='bbox 121 3628 318 3699; x_wconf 81' lang='lat' dir='ltr'><strong>gratias</strong></span> <span class='ocrx_word' id='word_1_493' title='bbox 349 3645 529 3701; x_wconf 83' lang='lat' dir='ltr'><strong>agere,</strong></span> <span class='ocrx_word' id='word_1_494' title='bbox 555 3645 682 3684; x_wconf 88' lang='lat' dir='ltr'><strong>vera</strong></span> <span class='ocrx_word' id='word_1_495' title='bbox 711 3630 1055 3701; x_wconf 90' lang='lat' dir='ltr'><strong>ejusjudieia</strong></span> <span class='ocrx_word' id='word_1_496' title='bbox 1087 3631 1331 3698; x_wconf 84' lang='lat' dir='ltr'><strong>laudare,</strong></span> <span class='ocrx_word' id='word_1_497' title='bbox 1361 3641 1414 3688; x_wconf 90' lang='lat' dir='ltr'><strong>et</strong></span> <span class='ocrx_word' id='word_1_498' title='bbox 1437 3648 1557 3686; x_wconf 92' lang='lat' dir='ltr'><strong>mea</strong></span> <span class='ocrx_word' id='word_1_499' title='bbox 1587 3648 1700 3687; x_wconf 85' lang='lat' dir='ltr'><strong>ma-</strong></span> 
     </span>
    </p>
   </div>
   <div class='ocr_carea' id='block_1_67' title="bbox 121 3721 1699 3795">
    <p class='ocr_par' dir='ltr' id='par_1_67' title="bbox 121 3721 1699 3795">
     <span class='ocr_line' id='line_1_67' title="bbox 121 3721 1699 3795; baseline 0.003 -20"><span class='ocrx_word' id='word_1_500' title='bbox 121 3721 311 3776; x_wconf 86' lang='lat' dir='ltr'><strong>lefacta</strong></span> <span class='ocrx_word' id='word_1_501' title='bbox 350 3737 609 3777; x_wconf 87' lang='lat' dir='ltr'><strong>accusare</strong></span> <span class='ocrx_word' id='word_1_502' title='bbox 649 3741 661 3776; x_wconf 89' lang='lat'><strong>:</strong></span> <span class='ocrx_word' id='word_1_503' title='bbox 695 3723 801 3778; x_wconf 91' lang='lat' dir='ltr'><strong>hoc</strong></span> <span class='ocrx_word' id='word_1_504' title='bbox 843 3724 1026 3778; x_wconf 88' lang='lat' dir='ltr'><strong>addito</strong></span> <span class='ocrx_word' id='word_1_505' title='bbox 1081 3724 1246 3794; x_wconf 91' lang='lat' dir='ltr'><strong>quod,</strong></span> <span class='ocrx_word' id='word_1_506' title='bbox 1293 3724 1548 3795; x_wconf 90' lang='lat' dir='ltr'><strong>quotiens</strong></span> <span class='ocrx_word' id='word_1_507' title='bbox 1594 3726 1699 3781; x_wconf 91' lang='lat' dir='ltr'><strong>hoc</strong></span> 
     </span>
    </p>
   </div>
   <div class='ocr_carea' id='block_1_68' title="bbox 120 3811 1700 3887">
    <p class='ocr_par' dir='ltr' id='par_1_68' title="bbox 120 3811 1700 3887">
     <span class='ocr_line' id='line_1_68' title="bbox 120 3811 1700 3887; baseline 0.003 -21"><span class='ocrx_word' id='word_1_508' title='bbox 120 3811 394 3879; x_wconf 86' lang='lat' dir='ltr'><strong>fecissem,</strong></span> <span class='ocrx_word' id='word_1_509' title='bbox 425 3814 553 3867; x_wconf 82' lang='lat' dir='ltr'><strong>mali</strong></span> <span class='ocrx_word' id='word_1_510' title='bbox 581 3813 778 3869; x_wconf 91' lang='lat' dir='ltr'><strong>molem</strong></span> <span class='ocrx_word' id='word_1_511' title='bbox 810 3814 1148 3886; x_wconf 87' lang='lat' dir='ltr'><strong>levigandam</strong></span> <span class='ocrx_word' id='word_1_512' title='bbox 1179 3815 1548 3871; x_wconf 89' lang='lat' dir='ltr'><strong>consolatione</strong></span> <span class='ocrx_word' id='word_1_513' title='bbox 1573 3833 1700 3887; x_wconf 91' lang='lat' dir='ltr'><strong>pro-</strong></span> 
     </span>
    </p>
   </div>
   <div class='ocr_carea' id='block_1_69' title="bbox 121 3908 1697 3980">
    <p class='ocr_par' dir='ltr' id='par_1_69' title="bbox 121 3908 1697 3980">
     <span class='ocr_line' id='line_1_69' title="bbox 121 3908 1697 3980; baseline -0.001 -14"><span class='ocrx_word' id='word_1_514' title='bbox 121 3909 434 3980; x_wconf 80' lang='lat' dir='ltr'><strong>pinquante.</strong></span> <span class='ocrx_word' id='word_1_515' title='bbox 495 3908 761 3964; x_wconf 82' lang='lat' dir='ltr'><strong>Futurum</strong></span> <span class='ocrx_word' id='word_1_516' title='bbox 817 3919 998 3966; x_wconf 86' lang='lat' dir='ltr'><strong>autem</strong></span> <span class='ocrx_word' id='word_1_517' title='bbox 1051 3919 1112 3966; x_wconf 91' lang='lat' dir='ltr'><strong>ut</strong></span> <span class='ocrx_word' id='word_1_518' title='bbox 1161 3909 1384 3968; x_wconf 87' lang='lat' dir='ltr'><strong>infamia</strong></span> <span class='ocrx_word' id='word_1_519' title='bbox 1438 3919 1697 3978; x_wconf 89' lang='lat' dir='ltr'><strong>cessaret,</strong></span> 
     </span>
    </p>
   </div>
   <div class='ocr_carea' id='block_1_70' title="bbox 122 4001 1702 4070">
    <p class='ocr_par' dir='ltr' id='par_1_70' title="bbox 122 4001 1702 4070">
     <span class='ocr_line' id='line_1_70' title="bbox 122 4001 1702 4070; baseline 0.003 -16"><span class='ocrx_word' id='word_1_520' title='bbox 122 4002 288 4070; x_wconf 87' lang='lat' dir='ltr'><strong>gratia</strong></span> <span class='ocrx_word' id='word_1_521' title='bbox 313 4001 532 4066; x_wconf 72' lang='lat' dir='ltr'><strong>rediret,</strong></span> <span class='ocrx_word' id='word_1_522' title='bbox 557 4001 834 4059; x_wconf 88' lang='lat' dir='ltr'><strong>tribulatio</strong></span> <span class='ocrx_word' id='word_1_523' title='bbox 861 4009 1225 4069; x_wconf 88' lang='lat' dir='ltr'><strong>evanesceret,</strong></span> <span class='ocrx_word' id='word_1_524' title='bbox 1249 4002 1550 4057; x_wconf 89' lang='lat' dir='ltr'><strong>consolatio</strong></span> <span class='ocrx_word' id='word_1_525' title='bbox 1575 4017 1702 4058; x_wconf 90' lang='lat' dir='ltr'><strong>suc-</strong></span> 
     </span>
    </p>
   </div>
   <div class='ocr_carea' id='block_1_71' title="bbox 122 4091 1702 4162">
    <p class='ocr_par' dir='ltr' id='par_1_71' title="bbox 122 4091 1702 4162">
     <span class='ocr_line' id='line_1_71' title="bbox 122 4091 1702 4162; baseline 0.001 -18"><span class='ocrx_word' id='word_1_526' title='bbox 122 4100 428 4149; x_wconf 88' lang='lat' dir='ltr'><strong>cresceret:</strong></span> <span class='ocrx_word' id='word_1_527' title='bbox 459 4100 588 4147; x_wconf 90' lang='lat' dir='ltr'><strong>tunc</strong></span> <span class='ocrx_word' id='word_1_528' title='bbox 630 4108 739 4146; x_wconf 90' lang='lat' dir='ltr'><strong>non</strong></span> <span class='ocrx_word' id='word_1_529' title='bbox 776 4092 1126 4148; x_wconf 81' lang='lat' dir='ltr'><strong>obliviscerer</strong></span> <span class='ocrx_word' id='word_1_530' title='bbox 1167 4091 1404 4158; x_wconf 89' lang='lat' dir='ltr'><strong>Domini,</strong></span> <span class='ocrx_word' id='word_1_531' title='bbox 1440 4091 1536 4162; x_wconf 90' lang='lat' dir='ltr'><strong>qui</strong></span> <span class='ocrx_word' id='word_1_532' title='bbox 1577 4106 1702 4161; x_wconf 89' lang='lat' dir='ltr'><strong>per-</strong></span> 
     </span>
    </p>
   </div>
   <div class='ocr_carea' id='block_1_72' title="bbox 121 4183 1703 4255">
    <p class='ocr_par' dir='ltr' id='par_1_72' title="bbox 121 4183 1703 4255">
     <span class='ocr_line' id='line_1_72' title="bbox 121 4183 1703 4255; baseline 0 -18"><span class='ocrx_word' id='word_1_533' title='bbox 121 4185 252 4240; x_wconf 85' lang='lat' dir='ltr'><strong>cutit</strong></span> <span class='ocrx_word' id='word_1_534' title='bbox 278 4193 334 4239; x_wconf 91' lang='lat' dir='ltr'><strong>et</strong></span> <span class='ocrx_word' id='word_1_535' title='bbox 362 4193 540 4250; x_wconf 88' lang='lat' dir='ltr'><strong>sanat,</strong></span> <span class='ocrx_word' id='word_1_536' title='bbox 569 4183 734 4240; x_wconf 91' lang='lat' dir='ltr'><strong>deicit</strong></span> <span class='ocrx_word' id='word_1_537' title='bbox 763 4193 816 4238; x_wconf 90' lang='lat' dir='ltr'><strong>et</strong></span> <span class='ocrx_word' id='word_1_538' title='bbox 843 4183 1065 4250; x_wconf 83' lang='lat' dir='ltr'><strong>allevat;</strong></span> <span class='ocrx_word' id='word_1_539' title='bbox 1111 4183 1270 4255; x_wconf 92' lang='lat' dir='ltr'><strong>cujus</strong></span> <span class='ocrx_word' id='word_1_540' title='bbox 1305 4183 1511 4255; x_wconf 84' lang='lat' dir='ltr'><strong>ﬂagella</strong></span> <span class='ocrx_word' id='word_1_541' title='bbox 1537 4183 1703 4238; x_wconf 91' lang='lat' dir='ltr'><strong>mise-</strong></span> 
     </span>
    </p>
   </div>
   <div class='ocr_carea' id='block_1_73' title="bbox 123 4272 1701 4347">
    <p class='ocr_par' dir='ltr' id='par_1_73' title="bbox 123 4272 1701 4347">
     <span class='ocr_line' id='line_1_73' title="bbox 123 4272 1701 4347; baseline 0.003 -22"><span class='ocrx_word' id='word_1_542' title='bbox 123 4274 360 4331; x_wconf 88' lang='lat' dir='ltr'><strong>rationes</strong></span> <span class='ocrx_word' id='word_1_543' title='bbox 401 4283 550 4340; x_wconf 89' lang='lat' dir='ltr'><strong>sunt,</strong></span> <span class='ocrx_word' id='word_1_544' title='bbox 599 4275 824 4330; x_wconf 88' lang='lat' dir='ltr'><strong>verbera</strong></span> <span class='ocrx_word' id='word_1_545' title='bbox 870 4276 1293 4347; x_wconf 82' lang='lat' dir='ltr'><strong>propiciationes</strong></span> <span class='ocrx_word' id='word_1_546' title='bbox 1339 4282 1485 4331; x_wconf 87' lang='lat' dir='ltr'><strong>sunt.</strong></span> <span class='ocrx_word' id='word_1_547' title='bbox 1538 4272 1701 4330; x_wconf 88' lang='lat' dir='ltr'><strong>Plura</strong></span> 
     </span>
    </p>
   </div>
   <div class='ocr_carea' id='block_1_74' title="bbox 120 4364 1340 4435">
    <p class='ocr_par' dir='ltr' id='par_1_74' title="bbox 120 4364 1340 4435">
     <span class='ocr_line' id='line_1_74' title="bbox 120 4364 1340 4435; baseline 0.002 -19"><span class='ocrx_word' id='word_1_548' title='bbox 120 4372 379 4430; x_wconf 70' lang='lat' dir='ltr'><strong>pra-terea</strong></span> <span class='ocrx_word' id='word_1_549' title='bbox 409 4380 532 4434; x_wconf 73' lang='lat' dir='ltr'><strong>quae</strong></span> <span class='ocrx_word' id='word_1_550' title='bbox 566 4364 914 4433; x_wconf 89' lang='lat' dir='ltr'><strong>inplebuntur</strong></span> <span class='ocrx_word' id='word_1_551' title='bbox 947 4373 1187 4435; x_wconf 90' lang='lat' dir='ltr'><strong>tempore</strong></span> <span class='ocrx_word' id='word_1_552' title='bbox 1219 4380 1340 4421; x_wconf 90' lang='lat' dir='ltr'><strong>suo.</strong></span> 
     </span>
    </p>
   </div>
   <div class='ocr_carea' id='block_1_75' title="bbox 194 4455 1701 4532">
    <p class='ocr_par' dir='ltr' id='par_1_75' title="bbox 194 4455 1701 4532">
     <span class='ocr_line' id='line_1_75' title="bbox 194 4455 1701 4532; baseline 0.009 -25"><span class='ocrx_word' id='word_1_553' title='bbox 194 4455 330 4527; x_wconf 83' lang='lat' dir='ltr'><strong>(Fol.</strong></span> <span class='ocrx_word' id='word_1_554' title='bbox 366 4457 508 4527; x_wconf 76' lang='lat'><strong>159‘)</strong></span> <span class='ocrx_word' id='word_1_555' title='bbox 549 4456 775 4513; x_wconf 83' lang='lat' dir='ltr'><strong>Tercius</strong></span> <span class='ocrx_word' id='word_1_556' title='bbox 814 4457 978 4528; x_wconf 84' lang='lat' dir='ltr'><strong>igitur</strong></span> <span class='ocrx_word' id='word_1_557' title='bbox 1017 4459 1275 4529; x_wconf 85' lang='lat' dir='ltr'><strong>agebatur</strong></span> <span class='ocrx_word' id='word_1_558' title='bbox 1313 4475 1511 4528; x_wconf 88' lang='lat' dir='ltr'><strong>annus,</strong></span> <span class='ocrx_word' id='word_1_559' title='bbox 1533 4468 1588 4516; x_wconf 82' lang='lat' dir='ltr'><strong>et</strong></span> <span class='ocrx_word' id='word_1_560' title='bbox 1620 4459 1701 4532; x_wconf 76' lang='lat' dir='ltr'><strong>lp-</strong></span> 
     </span>
    </p>
   </div>
   <div class='ocr_carea' id='block_1_76' title="bbox 1796 3263 3384 3335">
    <p class='ocr_par' dir='ltr' id='par_1_76' title="bbox 1796 3263 3384 3335">
     <span class='ocr_line' id='line_1_76' title="bbox 1796 3263 3384 3335; baseline -0.002 -16"><span class='ocrx_word' id='word_1_561' title='bbox 1796 3264 1896 3330; x_wconf 89' lang='lat' dir='ltr'><strong>cis,</strong></span> <span class='ocrx_word' id='word_1_562' title='bbox 1934 3264 2234 3335; x_wconf 89' lang='lat' dir='ltr'><strong>objurgatis</strong></span> <span class='ocrx_word' id='word_1_563' title='bbox 2267 3265 2346 3321; x_wconf 90' lang='lat' dir='ltr'><strong>eis</strong></span> <span class='ocrx_word' id='word_1_564' title='bbox 2373 3265 2674 3332; x_wconf 75' lang='lat' dir='ltr'><strong>assurrexi,</strong></span> <span class='ocrx_word' id='word_1_565' title='bbox 2716 3273 2770 3321; x_wconf 90' lang='lat' dir='ltr'><strong>et</strong></span> <span class='ocrx_word' id='word_1_566' title='bbox 2803 3264 2973 3320; x_wconf 88' lang='lat' dir='ltr'><strong>multa</strong></span> <span class='ocrx_word' id='word_1_567' title='bbox 3009 3263 3232 3319; x_wconf 89' lang='lat' dir='ltr'><strong>volvens</strong></span> <span class='ocrx_word' id='word_1_568' title='bbox 3259 3277 3384 3332; x_wconf 70' lang='lat' dir='ltr'><strong>qua:</strong></span> 
     </span>
    </p>
   </div>
   <div class='ocr_carea' id='block_1_77' title="bbox 1795 3354 3378 3425">
    <p class='ocr_par' dir='ltr' id='par_1_77' title="bbox 1795 3354 3378 3425">
     <span class='ocr_line' id='line_1_77' title="bbox 1795 3354 3378 3425; baseline -0.003 -14"><span class='ocrx_word' id='word_1_569' title='bbox 1795 3355 2074 3414; x_wconf 77' lang='lat' dir='ltr'><strong>audieram</strong></span> <span class='ocrx_word' id='word_1_570' title='bbox 2126 3373 2227 3414; x_wconf 91' lang='lat' dir='ltr'><strong>nec</strong></span> <span class='ocrx_word' id='word_1_571' title='bbox 2269 3358 2636 3424; x_wconf 61' lang='lat' dir='ltr'><strong>credideram,</strong></span> <span class='ocrx_word' id='word_1_572' title='bbox 2680 3356 2892 3412; x_wconf 89' lang='lat' dir='ltr'><strong>foveam</strong></span> <span class='ocrx_word' id='word_1_573' title='bbox 2934 3354 3070 3410; x_wconf 91' lang='lat' dir='ltr'><strong>mihi</strong></span> <span class='ocrx_word' id='word_1_574' title='bbox 3110 3363 3378 3425; x_wconf 87' lang='lat' dir='ltr'><strong>paratam,</strong></span> 
     </span>
    </p>
   </div>
   <div class='ocr_carea' id='block_1_78' title="bbox 1794 3445 3380 3520">
    <p class='ocr_par' dir='ltr' id='par_1_78' title="bbox 1794 3445 3380 3520">
     <span class='ocr_line' id='line_1_78' title="bbox 1794 3445 3380 3520; baseline -0.003 -17"><span class='ocrx_word' id='word_1_575' title='bbox 1794 3448 1950 3503; x_wconf 90' lang='lat' dir='ltr'><strong>dolos</strong></span> <span class='ocrx_word' id='word_1_576' title='bbox 1982 3457 2193 3519; x_wconf 86' lang='lat' dir='ltr'><strong>aptatos</strong></span> <span class='ocrx_word' id='word_1_577' title='bbox 2227 3448 2484 3517; x_wconf 87' lang='lat' dir='ltr'><strong>intellexi,</strong></span> <span class='ocrx_word' id='word_1_578' title='bbox 2521 3449 2844 3520; x_wconf 88' lang='lat' dir='ltr'><strong>decrevique</strong></span> <span class='ocrx_word' id='word_1_579' title='bbox 2875 3448 3111 3504; x_wconf 87' lang='lat' dir='ltr'><strong>tamdem</strong></span> <span class='ocrx_word' id='word_1_580' title='bbox 3141 3445 3380 3516; x_wconf 84' lang='lat' dir='ltr'><strong>experiri</strong></span> 
     </span>
    </p>
   </div>
   <div class='ocr_carea' id='block_1_79' title="bbox 1796 3536 3380 3612">
    <p class='ocr_par' dir='ltr' id='par_1_79' title="bbox 1796 3536 3380 3612">
     <span class='ocr_line' id='line_1_79' title="bbox 1796 3536 3380 3612; baseline -0.003 -18"><span class='ocrx_word' id='word_1_581' title='bbox 1796 3536 2092 3607; x_wconf 88' lang='lat' dir='ltr'><strong>fortunam,</strong></span> <span class='ocrx_word' id='word_1_582' title='bbox 2129 3541 2174 3596; x_wconf 93' lang='lat' dir='ltr'><strong>si</strong></span> <span class='ocrx_word' id='word_1_583' title='bbox 2203 3541 2380 3596; x_wconf 91' lang='lat' dir='ltr'><strong>saltim</strong></span> <span class='ocrx_word' id='word_1_584' title='bbox 2413 3541 2469 3595; x_wconf 91' lang='lat' dir='ltr'><strong>in</strong></span> <span class='ocrx_word' id='word_1_585' title='bbox 2503 3541 2588 3596; x_wconf 91' lang='lat' dir='ltr'><strong>his</strong></span> <span class='ocrx_word' id='word_1_586' title='bbox 2617 3555 2757 3612; x_wconf 90' lang='lat' dir='ltr'><strong>quos</strong></span> <span class='ocrx_word' id='word_1_587' title='bbox 2784 3540 2978 3595; x_wconf 90' lang='lat' dir='ltr'><strong>ceteris</strong></span> <span class='ocrx_word' id='word_1_588' title='bbox 3011 3537 3380 3609; x_wconf 61' lang='lat' dir='ltr'><strong>praefeceram,</strong></span> 
     </span>
    </p>
   </div>
   <div class='ocr_carea' id='block_1_80' title="bbox 1797 3629 3389 3703">
    <p class='ocr_par' dir='ltr' id='par_1_80' title="bbox 1797 3629 3389 3703">
     <span class='ocr_line' id='line_1_80' title="bbox 1797 3629 3389 3703; baseline -0.004 -16"><span class='ocrx_word' id='word_1_589' title='bbox 1797 3630 1958 3687; x_wconf 85' lang='lat' dir='ltr'><strong>ﬁdem</strong></span> <span class='ocrx_word' id='word_1_590' title='bbox 2019 3633 2337 3688; x_wconf 89' lang='lat' dir='ltr'><strong>invenirem.</strong></span> <span class='ocrx_word' id='word_1_591' title='bbox 2396 3631 2461 3688; x_wconf 88' lang='lat' dir='ltr'><strong>Et</strong></span> <span class='ocrx_word' id='word_1_592' title='bbox 2515 3633 2641 3688; x_wconf 91' lang='lat' dir='ltr'><strong>licet</strong></span> <span class='ocrx_word' id='word_1_593' title='bbox 2699 3632 2948 3703; x_wconf 90' lang='lat' dir='ltr'><strong>pluribus</strong></span> <span class='ocrx_word' id='word_1_594' title='bbox 2998 3629 3389 3701; x_wconf 84' lang='lat' dir='ltr'><strong>experimentis</strong></span> 
     </span>
    </p>
   </div>
   <div class='ocr_carea' id='block_1_81' title="bbox 1799 3723 3389 3795">
    <p class='ocr_par' dir='ltr' id='par_1_81' title="bbox 1799 3723 3389 3795">
     <span class='ocr_line' id='line_1_81' title="bbox 1799 3723 3389 3795; baseline -0.004 -17"><span class='ocrx_word' id='word_1_595' title='bbox 1799 3739 1965 3778; x_wconf 87' lang='lat' dir='ltr'><strong>unam</strong></span> <span class='ocrx_word' id='word_1_596' title='bbox 2007 3739 2196 3780; x_wconf 91' lang='lat' dir='ltr'><strong>eorum</strong></span> <span class='ocrx_word' id='word_1_597' title='bbox 2225 3725 2559 3780; x_wconf 86' lang='lat' dir='ltr'><strong>voluntatem</strong></span> <span class='ocrx_word' id='word_1_598' title='bbox 2588 3723 2803 3791; x_wconf 90' lang='lat' dir='ltr'><strong>scirem,</strong></span> <span class='ocrx_word' id='word_1_599' title='bbox 2836 3723 3069 3795; x_wconf 83' lang='lat' dir='ltr'><strong>cogitavi</strong></span> <span class='ocrx_word' id='word_1_600' title='bbox 3104 3730 3285 3775; x_wconf 91' lang='lat' dir='ltr'><strong>tamen</strong></span> <span class='ocrx_word' id='word_1_601' title='bbox 3318 3735 3389 3773; x_wconf 24' lang='lat' dir='ltr'><strong>co.</strong></span> 
     </span>
    </p>
   </div>
   <div class='ocr_carea' id='block_1_82' title="bbox 1799 3815 3388 3887">
    <p class='ocr_par' dir='ltr' id='par_1_82' title="bbox 1799 3815 3388 3887">
     <span class='ocr_line' id='line_1_82' title="bbox 1799 3815 3388 3887; baseline -0.004 -18"><span class='ocrx_word' id='word_1_602' title='bbox 1799 3815 1934 3869; x_wconf 84' lang='lat' dir='ltr'><strong>mihi</strong></span> <span class='ocrx_word' id='word_1_603' title='bbox 1956 3816 2079 3871; x_wconf 72' lang='lat' dir='ltr'><strong>ilios</strong></span> <span class='ocrx_word' id='word_1_604' title='bbox 2101 3817 2292 3872; x_wconf 91' lang='lat' dir='ltr'><strong>vinciri</strong></span> <span class='ocrx_word' id='word_1_605' title='bbox 2321 3833 2480 3887; x_wconf 90' lang='lat' dir='ltr'><strong>posse</strong></span> <span class='ocrx_word' id='word_1_606' title='bbox 2507 3816 2688 3882; x_wconf 92' lang='lat' dir='ltr'><strong>modo,</strong></span> <span class='ocrx_word' id='word_1_607' title='bbox 2719 3815 2764 3871; x_wconf 89' lang='lat' dir='ltr'><strong>si</strong></span> <span class='ocrx_word' id='word_1_608' title='bbox 2787 3815 3166 3869; x_wconf 89' lang='lat' dir='ltr'><strong>auctoritatem</strong></span> <span class='ocrx_word' id='word_1_609' title='bbox 3192 3827 3388 3867; x_wconf 25' lang='lat' dir='ltr'><strong>eorum.</strong></span> 
     </span>
    </p>
   </div>
   <div class='ocr_carea' id='block_1_83' title="bbox 1800 3905 3385 3980">
    <p class='ocr_par' dir='ltr' id='par_1_83' title="bbox 1800 3905 3385 3980">
     <span class='ocr_line' id='line_1_83' title="bbox 1800 3905 3385 3980; baseline -0.004 -15"><span class='ocrx_word' id='word_1_610' title='bbox 1800 3907 1907 3965; x_wconf 84' lang='lat' dir='ltr'><strong>illis</strong></span> <span class='ocrx_word' id='word_1_611' title='bbox 1935 3923 2287 3980; x_wconf 90' lang='lat' dir='ltr'><strong>opponerem,</strong></span> <span class='ocrx_word' id='word_1_612' title='bbox 2327 3917 2381 3962; x_wconf 91' lang='lat' dir='ltr'><strong>et</strong></span> <span class='ocrx_word' id='word_1_613' title='bbox 2421 3917 2651 3964; x_wconf 84' lang='lat' dir='ltr'><strong>conatus</strong></span> <span class='ocrx_word' id='word_1_614' title='bbox 2693 3907 2910 3963; x_wconf 92' lang='lat' dir='ltr'><strong>illorum</strong></span> <span class='ocrx_word' id='word_1_615' title='bbox 2943 3906 3161 3961; x_wconf 89' lang='lat' dir='ltr'><strong>illicitos</strong></span> <span class='ocrx_word' id='word_1_616' title='bbox 3187 3905 3385 3960; x_wconf 83' lang='lat' dir='ltr'><strong>borum</strong></span> 
     </span>
    </p>
   </div>
   <div class='ocr_carea' id='block_1_84' title="bbox 1800 3995 3386 4072">
    <p class='ocr_par' dir='ltr' id='par_1_84' title="bbox 1800 3995 3386 4072">
     <span class='ocr_line' id='line_1_84' title="bbox 1800 3995 3386 4072; baseline -0.003 -18"><span class='ocrx_word' id='word_1_617' title='bbox 1800 4000 2064 4072; x_wconf 83' lang='lat' dir='ltr'><strong>gravitate</strong></span> <span class='ocrx_word' id='word_1_618' title='bbox 2111 4015 2459 4068; x_wconf 89' lang='lat' dir='ltr'><strong>coercerem;</strong></span> <span class='ocrx_word' id='word_1_619' title='bbox 2515 4017 2624 4071; x_wconf 80' lang='lat' dir='ltr'><strong>qua</strong></span> <span class='ocrx_word' id='word_1_620' title='bbox 2664 4008 2850 4054; x_wconf 91' lang='lat' dir='ltr'><strong>tamen</strong></span> <span class='ocrx_word' id='word_1_621' title='bbox 2896 3997 3174 4053; x_wconf 88' lang='lat' dir='ltr'><strong>molitione</strong></span> <span class='ocrx_word' id='word_1_622' title='bbox 3218 3995 3386 4050; x_wconf 86' lang='lat' dir='ltr'><strong>nichil</strong></span> 
     </span>
    </p>
   </div>
   <div class='ocr_carea' id='block_1_85' title="bbox 1800 4089 3387 4164">
    <p class='ocr_par' dir='ltr' id='par_1_85' title="bbox 1800 4089 3387 4164">
     <span class='ocr_line' id='line_1_85' title="bbox 1800 4089 3387 4164; baseline -0.003 -18"><span class='ocrx_word' id='word_1_623' title='bbox 1800 4091 2025 4164; x_wconf 89' lang='lat' dir='ltr'><strong>profeci.</strong></span> <span class='ocrx_word' id='word_1_624' title='bbox 2054 4091 2326 4146; x_wconf 88' lang='lat' dir='ltr'><strong>Dederunt</strong></span> <span class='ocrx_word' id='word_1_625' title='bbox 2349 4093 2494 4147; x_wconf 88' lang='lat' dir='ltr'><strong>enim</strong></span> <span class='ocrx_word' id='word_1_626' title='bbox 2523 4093 2657 4147; x_wconf 89' lang='lat' dir='ltr'><strong>mihi</strong></span> <span class='ocrx_word' id='word_1_627' title='bbox 2683 4092 2870 4158; x_wconf 90' lang='lat' dir='ltr'><strong>verba,</strong></span> <span class='ocrx_word' id='word_1_628' title='bbox 2909 4107 3018 4146; x_wconf 90' lang='lat' dir='ltr'><strong>non</strong></span> <span class='ocrx_word' id='word_1_629' title='bbox 3043 4089 3293 4155; x_wconf 90' lang='lat' dir='ltr'><strong>consilia,</strong></span> <span class='ocrx_word' id='word_1_630' title='bbox 3326 4097 3387 4142; x_wconf 89' lang='lat' dir='ltr'><strong>ut</strong></span> 
     </span>
    </p>
   </div>
   <div class='ocr_carea' id='block_1_86' title="bbox 1801 4181 3385 4252">
    <p class='ocr_par' dir='ltr' id='par_1_86' title="bbox 1801 4181 3385 4252">
     <span class='ocr_line' id='line_1_86' title="bbox 1801 4181 3385 4252; baseline -0.002 -14"><span class='ocrx_word' id='word_1_631' title='bbox 1801 4183 2037 4238; x_wconf 87' lang='lat' dir='ltr'><strong>Colticas</strong></span> <span class='ocrx_word' id='word_1_632' title='bbox 2063 4183 2216 4249; x_wconf 90' lang='lat' dir='ltr'><strong>irem,</strong></span> <span class='ocrx_word' id='word_1_633' title='bbox 2262 4198 2374 4252; x_wconf 93' lang='lat' dir='ltr'><strong>quo</strong></span> <span class='ocrx_word' id='word_1_634' title='bbox 2401 4183 2514 4252; x_wconf 91' lang='lat' dir='ltr'><strong>jam</strong></span> <span class='ocrx_word' id='word_1_635' title='bbox 2541 4190 2732 4237; x_wconf 89' lang='lat' dir='ltr'><strong>exacto</strong></span> <span class='ocrx_word' id='word_1_636' title='bbox 2768 4198 2913 4236; x_wconf 86' lang='lat' dir='ltr'><strong>anno</strong></span> <span class='ocrx_word' id='word_1_637' title='bbox 2950 4190 3005 4237; x_wconf 91' lang='lat' dir='ltr'><strong>et</strong></span> <span class='ocrx_word' id='word_1_638' title='bbox 3042 4197 3108 4236; x_wconf 90' lang='lat' dir='ltr'><strong>eo</strong></span> <span class='ocrx_word' id='word_1_639' title='bbox 3151 4181 3385 4250; x_wconf 92' lang='lat' dir='ltr'><strong>amplius</strong></span> 
     </span>
    </p>
   </div>
   <div class='ocr_carea' id='block_1_87' title="bbox 1802 4272 3385 4344">
    <p class='ocr_par' dir='ltr' id='par_1_87' title="bbox 1802 4272 3385 4344">
     <span class='ocr_line' id='line_1_87' title="bbox 1802 4272 3385 4344; baseline -0.005 -13"><span class='ocrx_word' id='word_1_640' title='bbox 1802 4291 1910 4331; x_wconf 90' lang='lat' dir='ltr'><strong>non</strong></span> <span class='ocrx_word' id='word_1_641' title='bbox 1947 4274 2179 4340; x_wconf 88' lang='lat' dir='ltr'><strong>fueram,</strong></span> <span class='ocrx_word' id='word_1_642' title='bbox 2211 4273 2368 4344; x_wconf 90' lang='lat' dir='ltr'><strong>quasi</strong></span> <span class='ocrx_word' id='word_1_643' title='bbox 2397 4273 2463 4327; x_wconf 90' lang='lat' dir='ltr'><strong>ad</strong></span> <span class='ocrx_word' id='word_1_644' title='bbox 2497 4273 2571 4328; x_wconf 88' lang='lat' dir='ltr'><strong>ibi</strong></span> <span class='ocrx_word' id='word_1_645' title='bbox 2600 4273 2944 4343; x_wconf 87' lang='lat' dir='ltr'><strong>pausandum</strong></span> <span class='ocrx_word' id='word_1_646' title='bbox 2987 4281 3112 4341; x_wconf 90' lang='lat' dir='ltr'><strong>post</strong></span> <span class='ocrx_word' id='word_1_647' title='bbox 3143 4272 3385 4326; x_wconf 89' lang='lat' dir='ltr'><strong>laborem</strong></span> 
     </span>
    </p>
   </div>
   <div class='ocr_carea' id='block_1_88' title="bbox 1802 4361 3386 4434">
    <p class='ocr_par' dir='ltr' id='par_1_88' title="bbox 1802 4361 3386 4434">
     <span class='ocr_line' id='line_1_88' title="bbox 1802 4361 3386 4434; baseline -0.006 -10"><span class='ocrx_word' id='word_1_648' title='bbox 1802 4367 1998 4424; x_wconf 89' lang='lat' dir='ltr'><strong>messis</strong></span> <span class='ocrx_word' id='word_1_649' title='bbox 2037 4374 2090 4422; x_wconf 90' lang='lat' dir='ltr'><strong>et</strong></span> <span class='ocrx_word' id='word_1_650' title='bbox 2129 4364 2562 4431; x_wconf 91' lang='lat' dir='ltr'><strong>vindemiarum,</strong></span> <span class='ocrx_word' id='word_1_651' title='bbox 2619 4363 2754 4434; x_wconf 90' lang='lat' dir='ltr'><strong>ipsis</strong></span> <span class='ocrx_word' id='word_1_652' title='bbox 2801 4363 3017 4418; x_wconf 90' lang='lat' dir='ltr'><strong>interim</strong></span> <span class='ocrx_word' id='word_1_653' title='bbox 3056 4361 3386 4416; x_wconf 82' lang='lat' dir='ltr'><strong>laboraturis</strong></span> 
     </span>
    </p>
   </div>
   <div class='ocr_carea' id='block_1_89' title="bbox 1803 4453 3383 4532">
    <p class='ocr_par' dir='ltr' id='par_1_89' title="bbox 1803 4453 3383 4532">
     <span class='ocr_line' id='line_1_89' title="bbox 1803 4453 3383 4532; baseline -0.004 -17"><span class='ocrx_word' id='word_1_654' title='bbox 1803 4476 1904 4532; x_wconf 91' lang='lat' dir='ltr'><strong>pro</strong></span> <span class='ocrx_word' id='word_1_655' title='bbox 1936 4474 2068 4530; x_wconf 87' lang='lat' dir='ltr'><strong>pace</strong></span> <span class='ocrx_word' id='word_1_656' title='bbox 2101 4468 2154 4514; x_wconf 89' lang='lat' dir='ltr'><strong>et</strong></span> <span class='ocrx_word' id='word_1_657' title='bbox 2189 4457 2369 4532; x_wconf 89' lang='lat' dir='ltr'><strong>quiete</strong></span> <span class='ocrx_word' id='word_1_658' title='bbox 2406 4464 2614 4524; x_wconf 89' lang='lat' dir='ltr'><strong>nostra,</strong></span> <span class='ocrx_word' id='word_1_659' title='bbox 2655 4472 2716 4512; x_wconf 90' lang='lat' dir='ltr'><strong>re</strong></span> <span class='ocrx_word' id='word_1_660' title='bbox 2745 4463 2926 4511; x_wconf 90' lang='lat' dir='ltr'><strong>autem</strong></span> <span class='ocrx_word' id='word_1_661' title='bbox 2962 4470 3091 4510; x_wconf 90' lang='lat' dir='ltr'><strong>vera</strong></span> <span class='ocrx_word' id='word_1_662' title='bbox 3130 4453 3198 4509; x_wconf 91' lang='lat' dir='ltr'><strong>ad</strong></span> <span class='ocrx_word' id='word_1_663' title='bbox 3233 4455 3383 4522; x_wconf 85' lang='lat' dir='ltr'><strong>quod</strong></span> 
     </span>
    </p>
   </div>
   <div class='ocr_carea' id='block_1_90' title="bbox 126 4535 3391 4623">
    <p class='ocr_par' dir='ltr' id='par_1_90' title="bbox 126 4535 3391 4623">
     <span class='ocr_line' id='line_1_90' title="bbox 126 4535 3391 4623; baseline -0.003 -17"><span class='ocrx_word' id='word_1_664' title='bbox 126 4551 236 4609; x_wconf 82' lang='lat' dir='ltr'><strong>sius</strong></span> <span class='ocrx_word' id='word_1_665' title='bbox 268 4556 400 4610; x_wconf 91' lang='lat' dir='ltr'><strong>anni</strong></span> <span class='ocrx_word' id='word_1_666' title='bbox 441 4556 645 4610; x_wconf 89' lang='lat' dir='ltr'><strong>mensis</strong></span> <span class='ocrx_word' id='word_1_667' title='bbox 681 4570 858 4609; x_wconf 90' lang='lat' dir='ltr'><strong>nonus</strong></span> <span class='ocrx_word' id='word_1_668' title='bbox 897 4569 965 4609; x_wconf 82' lang='lat' dir='ltr'><strong>ex</strong></span> <span class='ocrx_word' id='word_1_669' title='bbox 1005 4569 1114 4623; x_wconf 90' lang='lat' dir='ltr'><strong>quo</strong></span> <span class='ocrx_word' id='word_1_670' title='bbox 1146 4553 1515 4607; x_wconf 85' lang='lat' dir='ltr'><strong>Flaviniacum</strong></span> <span class='ocrx_word' id='word_1_671' title='bbox 1541 4569 1704 4609; x_wconf 89' lang='lat' dir='ltr'><strong>vene—</strong></span> <span class='ocrx_word' id='word_1_672' title='bbox 1735 4535 1780 4590; x_wconf 77' lang='grc' dir='ltr'><strong>Ῑ)</strong></span> <span class='ocrx_word' id='word_1_673' title='bbox 1805 4549 2153 4605; x_wconf 88' lang='lat' dir='ltr'><strong>intendebant</strong></span> <span class='ocrx_word' id='word_1_674' title='bbox 2184 4548 2608 4620; x_wconf 79' lang='lat' dir='ltr'><strong>Oportunitatem</strong></span> <span class='ocrx_word' id='word_1_675' title='bbox 2634 4555 2688 4602; x_wconf 89' lang='lat' dir='ltr'><strong>et</strong></span> <span class='ocrx_word' id='word_1_676' title='bbox 2716 4548 2896 4605; x_wconf 86' lang='lat' dir='ltr'><strong>ocium</strong></span> <span class='ocrx_word' id='word_1_677' title='bbox 2925 4545 3169 4601; x_wconf 85' lang='lat' dir='ltr'><strong>absentia</strong></span> <span class='ocrx_word' id='word_1_678' title='bbox 3198 4553 3391 4614; x_wconf 80' lang='lat' dir='ltr'><strong>nostra</strong></span> 
     </span>
    </p>
   </div>
   <div class='ocr_carea' id='block_1_91' title="bbox 128 4642 1703 4716">
    <p class='ocr_par' dir='ltr' id='par_1_91' title="bbox 128 4642 1703 4716">
     <span class='ocr_line' id='line_1_91' title="bbox 128 4642 1703 4716; baseline -0.003 -18"><span class='ocrx_word' id='word_1_679' title='bbox 128 4661 260 4711; x_wconf 87' lang='lat' dir='ltr'><strong>rain,</strong></span> <span class='ocrx_word' id='word_1_680' title='bbox 289 4663 415 4703; x_wconf 91' lang='lat' dir='ltr'><strong>cum</strong></span> <span class='ocrx_word' id='word_1_681' title='bbox 447 4646 690 4716; x_wconf 87' lang='lat' dir='ltr'><strong>repetitis</strong></span> <span class='ocrx_word' id='word_1_682' title='bbox 720 4661 784 4702; x_wconf 89' lang='lat' dir='ltr'><strong>ea</strong></span> <span class='ocrx_word' id='word_1_683' title='bbox 814 4661 936 4715; x_wconf 73' lang='lat' dir='ltr'><strong>qua:</strong></span> <span class='ocrx_word' id='word_1_684' title='bbox 966 4643 1174 4701; x_wconf 87' lang='lat' dir='ltr'><strong>solebat</strong></span> <span class='ocrx_word' id='word_1_685' title='bbox 1209 4643 1508 4701; x_wconf 88' lang='lat' dir='ltr'><strong>domestica</strong></span> <span class='ocrx_word' id='word_1_686' title='bbox 1546 4642 1703 4698; x_wconf 86' lang='lat' dir='ltr'><strong>inali-</strong></span> 
     </span>
    </p>
   </div>
   <div class='ocr_carea' id='block_1_92' title="bbox 129 4731 1708 4806">
    <p class='ocr_par' dir='ltr' id='par_1_92' title="bbox 129 4731 1708 4806">
     <span class='ocr_line' id='line_1_92' title="bbox 129 4731 1708 4806; baseline -0.002 -18"><span class='ocrx_word' id='word_1_687' title='bbox 129 4735 212 4789; x_wconf 88' lang='lat' dir='ltr'><strong>cia</strong></span> <span class='ocrx_word' id='word_1_688' title='bbox 239 4752 324 4790; x_wconf 90' lang='lat' dir='ltr'><strong>me</strong></span> <span class='ocrx_word' id='word_1_689' title='bbox 350 4745 434 4791; x_wconf 84' lang='lat' dir='ltr'><strong>est</strong></span> <span class='ocrx_word' id='word_1_690' title='bbox 457 4752 712 4806; x_wconf 86' lang='lat' dir='ltr'><strong>aggressa</strong></span> <span class='ocrx_word' id='word_1_691' title='bbox 754 4734 1102 4804; x_wconf 88' lang='lat' dir='ltr'><strong>calumpniis,</strong></span> <span class='ocrx_word' id='word_1_692' title='bbox 1147 4742 1202 4788; x_wconf 91' lang='lat' dir='ltr'><strong>et</strong></span> <span class='ocrx_word' id='word_1_693' title='bbox 1236 4733 1557 4804; x_wconf 86' lang='lat' dir='ltr'><strong>majoribus,</strong></span> <span class='ocrx_word' id='word_1_694' title='bbox 1585 4731 1708 4787; x_wconf 85' lang='lat' dir='ltr'><strong>Deo</strong></span> 
     </span>
    </p>
   </div>
   <div class='ocr_carea' id='block_1_93' title="bbox 128 4826 1708 4899">
    <p class='ocr_par' dir='ltr' id='par_1_93' title="bbox 128 4826 1708 4899">
     <span class='ocr_line' id='line_1_93' title="bbox 128 4826 1708 4899; baseline 0.001 -21"><span class='ocrx_word' id='word_1_695' title='bbox 128 4827 314 4899; x_wconf 62' lang='lat' dir='ltr'><strong>utique</strong></span> <span class='ocrx_word' id='word_1_696' title='bbox 351 4828 732 4899; x_wconf 88' lang='lat' dir='ltr'><strong>permittente,</strong></span> <span class='ocrx_word' id='word_1_697' title='bbox 774 4842 937 4898; x_wconf 88' lang='lat' dir='ltr'><strong>quem</strong></span> <span class='ocrx_word' id='word_1_698' title='bbox 978 4827 1154 4883; x_wconf 91' lang='lat' dir='ltr'><strong>solum</strong></span> <span class='ocrx_word' id='word_1_699' title='bbox 1198 4827 1434 4896; x_wconf 88' lang='lat' dir='ltr'><strong>repperit</strong></span> <span class='ocrx_word' id='word_1_700' title='bbox 1472 4826 1708 4880; x_wconf 85' lang='lat' dir='ltr'><strong>turbavit</strong></span> 
     </span>
    </p>
   </div>
   <div class='ocr_carea' id='block_1_94' title="bbox 130 4895 1704 4989">
    <p class='ocr_par' dir='ltr' id='par_1_94' title="bbox 130 4895 1704 4989">
     <span class='ocr_line' id='line_1_94' title="bbox 131 4895 1404 4930; baseline 0.002 -4"><span class='ocrx_word' id='word_1_701' title='bbox 131 4895 401 4929; x_wconf 62' lang='grc' dir='ltr'><strong>,ν’λρ-π-έ·</strong></span> <span class='ocrx_word' id='word_1_702' title='bbox 421 4909 488 4916; x_wconf 31' lang='grc' dir='ltr'><strong>-Α</strong></span> <span class='ocrx_word' id='word_1_703' title='bbox 560 4919 570 4930; x_wconf 94' lang='grc'><em>.</em></span> <span class='ocrx_word' id='word_1_704' title='bbox 792 4895 809 4898; x_wconf 83' lang='grc'><strong><em>“</em></strong></span> <span class='ocrx_word' id='word_1_705' title='bbox 1195 4918 1204 4930; x_wconf 89' lang='grc'><strong>.</strong></span> <span class='ocrx_word' id='word_1_706' title='bbox 1252 4918 1263 4929; x_wconf 93' lang='grc'><strong>.</strong></span> <span class='ocrx_word' id='word_1_707' title='bbox 1299 4895 1309 4929; x_wconf 68' lang='grc' dir='ltr'>ζ</span> <span class='ocrx_word' id='word_1_708' title='bbox 1393 4917 1404 4928; x_wconf 89' lang='grc'><strong>.</strong></span> 
     </span>
     <span class='ocr_line' id='line_1_95' title="bbox 130 4918 1704 4989; baseline 0.001 -19"><span class='ocrx_word' id='word_1_709' title='bbox 130 4932 359 4986; x_wconf 75' lang='lat' dir='ltr'><strong>injuriis.</strong></span> <span class='ocrx_word' id='word_1_710' title='bbox 390 4918 467 4973; x_wconf 81' lang='lat' dir='ltr'><strong>Ac</strong></span> <span class='ocrx_word' id='word_1_711' title='bbox 491 4935 729 4989; x_wconf 90' lang='lat' dir='ltr'><strong>primum</strong></span> <span class='ocrx_word' id='word_1_712' title='bbox 759 4919 1009 4974; x_wconf 89' lang='lat' dir='ltr'><strong>clanculo</strong></span> <span class='ocrx_word' id='word_1_713' title='bbox 1034 4918 1136 4973; x_wconf 86' lang='lat' dir='ltr'><strong>ﬁde</strong></span> <span class='ocrx_word' id='word_1_714' title='bbox 1163 4919 1266 4973; x_wconf 78' lang='lat' dir='ltr'><strong>Sibi</strong></span> <span class='ocrx_word' id='word_1_715' title='bbox 1297 4934 1528 4972; x_wconf 87' lang='lat' dir='ltr'><strong>invicem</strong></span> <span class='ocrx_word' id='word_1_716' title='bbox 1559 4918 1704 4984; x_wconf 88' lang='lat' dir='ltr'><strong>data,</strong></span> 
     </span>
    </p>
   </div>
   <div class='ocr_carea' id='block_1_95' title="bbox 131 5007 1700 5080">
    <p class='ocr_par' dir='ltr' id='par_1_95' title="bbox 131 5007 1700 5080">
     <span class='ocr_line' id='line_1_96' title="bbox 131 5007 1700 5080; baseline 0 -18"><span class='ocrx_word' id='word_1_717' title='bbox 131 5007 321 5063; x_wconf 85' lang='lat' dir='ltr'><strong>fratres</strong></span> <span class='ocrx_word' id='word_1_718' title='bbox 347 5018 400 5064; x_wconf 88' lang='lat' dir='ltr'><strong>et</strong></span> <span class='ocrx_word' id='word_1_719' title='bbox 429 5009 521 5068; x_wconf 85' lang='lat' dir='ltr'><strong>filii</strong></span> <span class='ocrx_word' id='word_1_720' title='bbox 551 5010 724 5067; x_wconf 90' lang='lat' dir='ltr'><strong>nostri</strong></span> <span class='ocrx_word' id='word_1_721' title='bbox 754 5011 934 5080; x_wconf 90' lang='lat' dir='ltr'><strong>operis</strong></span> <span class='ocrx_word' id='word_1_722' title='bbox 961 5009 1124 5079; x_wconf 88' lang='lat' dir='ltr'><strong>hujus</strong></span> <span class='ocrx_word' id='word_1_723' title='bbox 1151 5009 1406 5064; x_wconf 91' lang='lat' dir='ltr'><strong>conscios</strong></span> <span class='ocrx_word' id='word_1_724' title='bbox 1435 5009 1537 5064; x_wconf 89' lang='lat' dir='ltr'><strong>sibi</strong></span> <span class='ocrx_word' id='word_1_725' title='bbox 1565 5024 1700 5063; x_wconf 89' lang='lat' dir='ltr'><strong>con-</strong></span> 
     </span>
    </p>
   </div>
   <div class='ocr_carea' id='block_1_96' title="bbox 129 5101 1705 5174">
    <p class='ocr_par' dir='ltr' id='par_1_96' title="bbox 129 5101 1705 5174">
     <span class='ocr_line' id='line_1_97' title="bbox 129 5101 1705 5174; baseline 0.002 -18"><span class='ocrx_word' id='word_1_726' title='bbox 129 5101 388 5169; x_wconf 84' lang='lat' dir='ltr'><strong>sciscunt,</strong></span> <span class='ocrx_word' id='word_1_727' title='bbox 417 5104 711 5172; x_wconf 88' lang='lat' dir='ltr'><strong>compliecs</strong></span> <span class='ocrx_word' id='word_1_728' title='bbox 737 5105 1024 5170; x_wconf 83' lang='lat' dir='ltr'><strong>advocant,</strong></span> <span class='ocrx_word' id='word_1_729' title='bbox 1062 5104 1302 5161; x_wconf 88' lang='lat' dir='ltr'><strong>fautores</strong></span> <span class='ocrx_word' id='word_1_730' title='bbox 1330 5105 1613 5174; x_wconf 89' lang='lat' dir='ltr'><strong>promissis</strong></span> <span class='ocrx_word' id='word_1_731' title='bbox 1649 5112 1705 5160; x_wconf 91' lang='lat' dir='ltr'><strong>et</strong></span> 
     </span>
    </p>
   </div>
   <div class='ocr_carea' id='block_1_97' title="bbox 133 5194 1706 5264">
    <p class='ocr_par' dir='ltr' id='par_1_97' title="bbox 133 5194 1706 5264">
     <span class='ocr_line' id='line_1_98' title="bbox 133 5194 1706 5264; baseline 0.004 -19"><span class='ocrx_word' id='word_1_732' title='bbox 133 5195 442 5249; x_wconf 87' lang='lat' dir='ltr'><strong>muneribus</strong></span> <span class='ocrx_word' id='word_1_733' title='bbox 481 5194 585 5249; x_wconf 86' lang='lat' dir='ltr'><strong>sibi</strong></span> <span class='ocrx_word' id='word_1_734' title='bbox 625 5194 938 5260; x_wconf 88' lang='lat' dir='ltr'><strong>conciliant,</strong></span> <span class='ocrx_word' id='word_1_735' title='bbox 989 5194 1113 5249; x_wconf 85' lang='lat' dir='ltr'><strong>inde</strong></span> <span class='ocrx_word' id='word_1_736' title='bbox 1152 5195 1255 5264; x_wconf 86' lang='lat' dir='ltr'><strong>ipsi</strong></span> <span class='ocrx_word' id='word_1_737' title='bbox 1294 5195 1434 5251; x_wconf 77' lang='lat' dir='ltr'><strong>idem</strong></span> <span class='ocrx_word' id='word_1_738' title='bbox 1480 5210 1706 5252; x_wconf 87' lang='lat' dir='ltr'><strong>accusa-</strong></span> 
     </span>
    </p>
   </div>
   <div class='ocr_carea' id='block_1_98' title="bbox 137 5286 1704 5356">
    <p class='ocr_par' dir='ltr' id='par_1_98' title="bbox 137 5286 1704 5356">
     <span class='ocr_line' id='line_1_99' title="bbox 137 5286 1704 5356; baseline 0.004 -21"><span class='ocrx_word' id='word_1_739' title='bbox 137 5292 281 5340; x_wconf 88' lang='lat' dir='ltr'><strong>tores</strong></span> <span class='ocrx_word' id='word_1_740' title='bbox 302 5297 353 5341; x_wconf 90' lang='lat' dir='ltr'><strong>et</strong></span> <span class='ocrx_word' id='word_1_741' title='bbox 381 5297 547 5344; x_wconf 89' lang='lat' dir='ltr'><strong>testes</strong></span> <span class='ocrx_word' id='word_1_742' title='bbox 581 5287 900 5356; x_wconf 88' lang='lat' dir='ltr'><strong>procedunt,</strong></span> <span class='ocrx_word' id='word_1_743' title='bbox 942 5295 998 5340; x_wconf 92' lang='lat' dir='ltr'><strong>et</strong></span> <span class='ocrx_word' id='word_1_744' title='bbox 1029 5287 1095 5341; x_wconf 90' lang='lat' dir='ltr'><strong>ad</strong></span> <span class='ocrx_word' id='word_1_745' title='bbox 1128 5287 1472 5344; x_wconf 87' lang='lat' dir='ltr'><strong>lacerandam</strong></span> <span class='ocrx_word' id='word_1_746' title='bbox 1501 5286 1704 5342; x_wconf 89' lang='lat' dir='ltr'><strong>famam</strong></span> 
     </span>
    </p>
   </div>
   <div class='ocr_carea' id='block_1_99' title="bbox 139 5374 1707 5446">
    <p class='ocr_par' dir='ltr' id='par_1_99' title="bbox 139 5374 1707 5446">
     <span class='ocr_line' id='line_1_100' title="bbox 139 5374 1707 5446; baseline 0.006 -25"><span class='ocrx_word' id='word_1_747' title='bbox 139 5378 369 5428; x_wconf 84' lang='lat' dir='ltr'><strong>nostram</strong></span> <span class='ocrx_word' id='word_1_748' title='bbox 421 5381 475 5426; x_wconf 91' lang='lat' dir='ltr'><strong>et</strong></span> <span class='ocrx_word' id='word_1_749' title='bbox 526 5374 919 5444; x_wconf 86' lang='lat' dir='ltr'><strong>inprobandam</strong></span> <span class='ocrx_word' id='word_1_750' title='bbox 961 5375 1127 5430; x_wconf 89' lang='lat' dir='ltr'><strong>vitam</strong></span> <span class='ocrx_word' id='word_1_751' title='bbox 1186 5385 1429 5430; x_wconf 88' lang='lat' dir='ltr'><strong>nostram</strong></span> <span class='ocrx_word' id='word_1_752' title='bbox 1477 5392 1707 5446; x_wconf 61' lang='lat' dir='ltr'><strong>quaeque</strong></span> 
     </span>
    </p>
   </div>
   <div class='ocr_carea' id='block_1_100' title="bbox 138 5465 1708 5538">
    <p class='ocr_par' dir='ltr' id='par_1_100' title="bbox 138 5465 1708 5538">
     <span class='ocr_line' id='line_1_101' title="bbox 138 5465 1708 5538; baseline 0.004 -24"><span class='ocrx_word' id='word_1_753' title='bbox 138 5472 356 5528; x_wconf 86' lang='lat' dir='ltr'><strong>possunt</strong></span> <span class='ocrx_word' id='word_1_754' title='bbox 401 5465 637 5536; x_wconf 83' lang='lat' dir='ltr'><strong>maligna</strong></span> <span class='ocrx_word' id='word_1_755' title='bbox 683 5467 1029 5532; x_wconf 90' lang='lat' dir='ltr'><strong>concinnant,</strong></span> <span class='ocrx_word' id='word_1_756' title='bbox 1069 5475 1393 5522; x_wconf 87' lang='lat' dir='ltr'><strong>accusantes</strong></span> <span class='ocrx_word' id='word_1_757' title='bbox 1434 5483 1520 5522; x_wconf 88' lang='lat' dir='ltr'><strong>me</strong></span> <span class='ocrx_word' id='word_1_758' title='bbox 1563 5467 1708 5538; x_wconf 91' lang='lat' dir='ltr'><strong>apud</strong></span> 
     </span>
    </p>
   </div>
   <div class='ocr_carea' id='block_1_101' title="bbox 141 5553 1709 5625">
    <p class='ocr_par' dir='ltr' id='par_1_101' title="bbox 141 5553 1709 5625">
     <span class='ocr_line' id='line_1_102' title="bbox 141 5553 1709 5625; baseline 0.006 -23"><span class='ocrx_word' id='word_1_759' title='bbox 141 5566 295 5605; x_wconf 84' lang='lat' dir='ltr'><strong>omne</strong></span> <span class='ocrx_word' id='word_1_760' title='bbox 315 5553 592 5609; x_wconf 89' lang='lat' dir='ltr'><strong>hominum</strong></span> <span class='ocrx_word' id='word_1_761' title='bbox 623 5570 793 5625; x_wconf 87' lang='lat' dir='ltr'><strong>genus</strong></span> <span class='ocrx_word' id='word_1_762' title='bbox 815 5555 1134 5611; x_wconf 88' lang='lat' dir='ltr'><strong>criminibus</strong></span> <span class='ocrx_word' id='word_1_763' title='bbox 1164 5554 1479 5621; x_wconf 87' lang='lat' dir='ltr'><strong>mortiferis,</strong></span> <span class='ocrx_word' id='word_1_764' title='bbox 1506 5564 1562 5611; x_wconf 89' lang='lat' dir='ltr'><strong>et</strong></span> <span class='ocrx_word' id='word_1_765' title='bbox 1587 5572 1709 5625; x_wconf 73' lang='lat' dir='ltr'><strong>quae</strong></span> 
     </span>
    </p>
   </div>
   <div class='ocr_carea' id='block_1_102' title="bbox 145 5641 1710 5718">
    <p class='ocr_par' dir='ltr' id='par_1_102' title="bbox 145 5641 1710 5718">
     <span class='ocr_line' id='line_1_103' title="bbox 145 5641 1710 5718; baseline 0.004 -22"><span class='ocrx_word' id='word_1_766' title='bbox 145 5641 269 5710; x_wconf 73' lang='lat' dir='ltr'><strong>ipsa:</strong></span> <span class='ocrx_word' id='word_1_767' title='bbox 305 5647 490 5702; x_wconf 89' lang='lat' dir='ltr'><strong>audire</strong></span> <span class='ocrx_word' id='word_1_768' title='bbox 537 5661 700 5701; x_wconf 91' lang='lat' dir='ltr'><strong>aures</strong></span> <span class='ocrx_word' id='word_1_769' title='bbox 745 5656 1183 5715; x_wconf 86' lang='lat' dir='ltr'><strong>expavescerent.</strong></span> <span class='ocrx_word' id='word_1_770' title='bbox 1233 5646 1389 5714; x_wconf 87' lang='lat' dir='ltr'><strong>Quod</strong></span> <span class='ocrx_word' id='word_1_771' title='bbox 1436 5664 1560 5712; x_wconf 88' lang='lat' dir='ltr'><strong>cum</strong></span> <span class='ocrx_word' id='word_1_772' title='bbox 1609 5663 1710 5718; x_wconf 88' lang='lat' dir='ltr'><strong>ego</strong></span> 
     </span>
    </p>
   </div>
   <div class='ocr_carea' id='block_1_103' title="bbox 1803 4638 3384 4715">
    <p class='ocr_par' dir='ltr' id='par_1_103' title="bbox 1803 4638 3384 4715">
     <span class='ocr_line' id='line_1_104' title="bbox 1803 4638 3384 4715; baseline -0.004 -20"><span class='ocrx_word' id='word_1_773' title='bbox 1803 4640 2079 4715; x_wconf 87' lang='lat' dir='ltr'><strong>adepturis</strong></span> <span class='ocrx_word' id='word_1_774' title='bbox 2111 4648 2171 4698; x_wconf 87' lang='lat' dir='ltr'><strong>ut</strong></span> <span class='ocrx_word' id='word_1_775' title='bbox 2197 4639 2539 4708; x_wconf 82' lang='lat' dir='ltr'><strong>perficerent.</strong></span> <span class='ocrx_word' id='word_1_776' title='bbox 2583 4638 2730 4707; x_wconf 81' lang='lat' dir='ltr'><strong>Feci,</strong></span> <span class='ocrx_word' id='word_1_777' title='bbox 2758 4649 2812 4695; x_wconf 91' lang='lat' dir='ltr'><strong>et</strong></span> <span class='ocrx_word' id='word_1_778' title='bbox 2841 4640 2945 4695; x_wconf 89' lang='lat' dir='ltr'><strong>hoc</strong></span> <span class='ocrx_word' id='word_1_779' title='bbox 2971 4638 3151 4694; x_wconf 88' lang='lat' dir='ltr'><strong>minus</strong></span> <span class='ocrx_word' id='word_1_780' title='bbox 3188 4646 3384 4700; x_wconf 82' lang='lat' dir='ltr'><strong>astute,</strong></span> 
     </span>
    </p>
   </div>
   <div class='ocr_carea' id='block_1_104' title="bbox 1801 4729 3385 4803">
    <p class='ocr_par' dir='ltr' id='par_1_104' title="bbox 1801 4729 3385 4803">
     <span class='ocr_line' id='line_1_105' title="bbox 1801 4729 3385 4803; baseline -0.003 -17"><span class='ocrx_word' id='word_1_781' title='bbox 1801 4741 1855 4787; x_wconf 92' lang='lat' dir='ltr'><strong>ct</strong></span> <span class='ocrx_word' id='word_1_782' title='bbox 1890 4733 2096 4803; x_wconf 83' lang='lat' dir='ltr'><strong>paratis</strong></span> <span class='ocrx_word' id='word_1_783' title='bbox 2136 4747 2258 4801; x_wconf 62' lang='lat' dir='ltr'><strong>quae</strong></span> <span class='ocrx_word' id='word_1_784' title='bbox 2295 4732 2605 4787; x_wconf 83' lang='lat' dir='ltr'><strong>necessaria</strong></span> <span class='ocrx_word' id='word_1_785' title='bbox 2641 4740 2827 4798; x_wconf 85' lang='lat' dir='ltr'><strong>erant,</strong></span> <span class='ocrx_word' id='word_1_786' title='bbox 2869 4729 3244 4785; x_wconf 88' lang='lat' dir='ltr'><strong>benedictione</strong></span> <span class='ocrx_word' id='word_1_787' title='bbox 3291 4743 3385 4782; x_wconf 88' lang='lat' dir='ltr'><strong>ac-</strong></span> 
     </span>
    </p>
   </div>
   <div class='ocr_carea' id='block_1_105' title="bbox 1804 4818 3385 4894">
    <p class='ocr_par' dir='ltr' id='par_1_105' title="bbox 1804 4818 3385 4894">
     <span class='ocr_line' id='line_1_106' title="bbox 1804 4818 3385 4894; baseline -0.004 -16"><span class='ocrx_word' id='word_1_788' title='bbox 1804 4831 1988 4894; x_wconf 86' lang='lat' dir='ltr'><strong>cepta,</strong></span> <span class='ocrx_word' id='word_1_789' title='bbox 2029 4823 2115 4877; x_wconf 89' lang='lat' dir='ltr'><strong>die</strong></span> <span class='ocrx_word' id='word_1_790' title='bbox 2146 4823 2179 4877; x_wconf 84' lang='lat'><strong>5</strong></span> <span class='ocrx_word' id='word_1_791' title='bbox 2215 4821 2331 4875; x_wconf 85' lang='lat' dir='ltr'><strong>Kal.</strong></span> <span class='ocrx_word' id='word_1_792' title='bbox 2365 4820 2584 4877; x_wconf 90' lang='lat' dir='ltr'><strong>Octobr.</strong></span> <span class='ocrx_word' id='word_1_793' title='bbox 2633 4821 2814 4892; x_wconf 86' lang='lat' dir='ltr'><strong>(Sept.</strong></span> <span class='ocrx_word' id='word_1_794' title='bbox 2853 4821 2944 4891; x_wconf 71' lang='lat'><strong>27)</strong></span> <span class='ocrx_word' id='word_1_795' title='bbox 2987 4836 3248 4890; x_wconf 88' lang='lat' dir='ltr'><strong>pransum</strong></span> <span class='ocrx_word' id='word_1_796' title='bbox 3283 4818 3385 4872; x_wconf 91' lang='lat' dir='ltr'><strong>ivi-</strong></span> 
     </span>
    </p>
   </div>
   <div class='ocr_carea' id='block_1_106' title="bbox 1804 4909 3386 4984">
    <p class='ocr_par' dir='ltr' id='par_1_106' title="bbox 1804 4909 3386 4984">
     <span class='ocr_line' id='line_1_107' title="bbox 1804 4909 3386 4984; baseline -0.003 -15"><span class='ocrx_word' id='word_1_797' title='bbox 1804 4930 1962 4980; x_wconf 78' lang='lat' dir='ltr'><strong>iuus,</strong></span> <span class='ocrx_word' id='word_1_798' title='bbox 2021 4913 2346 4984; x_wconf 88' lang='lat' dir='ltr'><strong>quibusdam</strong></span> <span class='ocrx_word' id='word_1_799' title='bbox 2395 4929 2459 4967; x_wconf 84' lang='lat' dir='ltr'><strong>ex</strong></span> <span class='ocrx_word' id='word_1_800' title='bbox 2505 4911 2807 4978; x_wconf 88' lang='lat' dir='ltr'><strong>fratribus,</strong></span> <span class='ocrx_word' id='word_1_801' title='bbox 2857 4909 3274 4979; x_wconf 89' lang='lat' dir='ltr'><strong>quamplurimis</strong></span> <span class='ocrx_word' id='word_1_802' title='bbox 3319 4925 3386 4964; x_wconf 82' lang='lat' dir='ltr'><strong>ex</strong></span> 
     </span>
    </p>
   </div>
   <div class='ocr_carea' id='block_1_107' title="bbox 1800 5001 3386 5077">
    <p class='ocr_par' dir='ltr' id='par_1_107' title="bbox 1800 5001 3386 5077">
     <span class='ocr_line' id='line_1_108' title="bbox 1800 5001 3386 5077; baseline -0.004 -15"><span class='ocrx_word' id='word_1_803' title='bbox 1800 5005 1969 5077; x_wconf 79' lang='lat' dir='ltr'><strong>laycis</strong></span> <span class='ocrx_word' id='word_1_804' title='bbox 2003 5005 2287 5059; x_wconf 82' lang='lat' dir='ltr'><strong>nobiscum</strong></span> <span class='ocrx_word' id='word_1_805' title='bbox 2317 5003 2784 5069; x_wconf 86' lang='lat' dir='ltr'><strong>accumbentibus,</strong></span> <span class='ocrx_word' id='word_1_806' title='bbox 2811 5009 3010 5072; x_wconf 88' lang='lat' dir='ltr'><strong>etpost</strong></span> <span class='ocrx_word' id='word_1_807' title='bbox 3037 5001 3197 5056; x_wconf 88' lang='lat' dir='ltr'><strong>solito</strong></span> <span class='ocrx_word' id='word_1_808' title='bbox 3223 5017 3386 5056; x_wconf 87' lang='lat' dir='ltr'><strong>accu-</strong></span> 
     </span>
    </p>
   </div>
   <div class='ocr_carea' id='block_1_108' title="bbox 1807 5093 3387 5170">
    <p class='ocr_par' dir='ltr' id='par_1_108' title="bbox 1807 5093 3387 5170">
     <span class='ocr_line' id='line_1_109' title="bbox 1807 5093 3387 5170; baseline -0.004 -18"><span class='ocrx_word' id='word_1_809' title='bbox 1807 5098 1980 5152; x_wconf 82' lang='lat' dir='ltr'><strong>ratius</strong></span> <span class='ocrx_word' id='word_1_810' title='bbox 2015 5097 2298 5156; x_wconf 88' lang='lat' dir='ltr'><strong>nobiscum</strong></span> <span class='ocrx_word' id='word_1_811' title='bbox 2337 5095 2827 5170; x_wconf 88' lang='lat' dir='ltr'><strong>progredientibus,</strong></span> <span class='ocrx_word' id='word_1_812' title='bbox 2868 5109 3077 5165; x_wconf 89' lang='lat' dir='ltr'><strong>nosque</strong></span> <span class='ocrx_word' id='word_1_813' title='bbox 3113 5093 3387 5148; x_wconf 88' lang='lat' dir='ltr'><strong>deducen-</strong></span> 
     </span>
    </p>
   </div>
   <div class='ocr_carea' id='block_1_109' title="bbox 1811 5185 3386 5261">
    <p class='ocr_par' dir='ltr' id='par_1_109' title="bbox 1811 5185 3386 5261">
     <span class='ocr_line' id='line_1_110' title="bbox 1811 5185 3386 5261; baseline -0.004 -17"><span class='ocrx_word' id='word_1_814' title='bbox 1811 5191 1977 5257; x_wconf 89' lang='lat' dir='ltr'><strong>tibus,</strong></span> <span class='ocrx_word' id='word_1_815' title='bbox 2019 5197 2130 5244; x_wconf 88' lang='lat' dir='ltr'><strong>tota</strong></span> <span class='ocrx_word' id='word_1_816' title='bbox 2158 5189 2310 5260; x_wconf 87' lang='lat' dir='ltr'><strong>plebe</strong></span> <span class='ocrx_word' id='word_1_817' title='bbox 2349 5187 2496 5261; x_wconf 85' lang='lat' dir='ltr'><strong>quod</strong></span> <span class='ocrx_word' id='word_1_818' title='bbox 2532 5203 2641 5242; x_wconf 89' lang='lat' dir='ltr'><strong>non</strong></span> <span class='ocrx_word' id='word_1_819' title='bbox 2676 5188 2960 5258; x_wconf 83' lang='lat' dir='ltr'><strong>sperabam</strong></span> <span class='ocrx_word' id='word_1_820' title='bbox 3001 5185 3386 5256; x_wconf 86' lang='lat' dir='ltr'><strong>ingeminante,</strong></span> 
     </span>
    </p>
   </div>
   <div class='ocr_carea' id='block_1_110' title="bbox 1810 5276 3391 5348">
    <p class='ocr_par' dir='ltr' id='par_1_110' title="bbox 1810 5276 3391 5348">
     <span class='ocr_line' id='line_1_111' title="bbox 1810 5276 3391 5348; baseline 0.002 -14"><span class='ocrx_word' id='word_1_821' title='bbox 1810 5297 1898 5339; x_wconf 86' lang='lat' dir='ltr'><strong>me</strong></span> <span class='ocrx_word' id='word_1_822' title='bbox 1965 5279 2173 5334; x_wconf 90' lang='lat' dir='ltr'><strong>scilicet</strong></span> <span class='ocrx_word' id='word_1_823' title='bbox 2221 5295 2331 5337; x_wconf 90' lang='lat' dir='ltr'><strong>non</strong></span> <span class='ocrx_word' id='word_1_824' title='bbox 2389 5277 2456 5333; x_wconf 87' lang='lat' dir='ltr'><strong>ad</strong></span> <span class='ocrx_word' id='word_1_825' title='bbox 2507 5292 2748 5348; x_wconf 72' lang='lat' dir='ltr'><strong>przesens</strong></span> <span class='ocrx_word' id='word_1_826' title='bbox 2805 5293 3151 5334; x_wconf 84' lang='lat' dir='ltr'><strong>reversurum</strong></span> <span class='ocrx_word' id='word_1_827' title='bbox 3209 5276 3391 5336; x_wconf 73' lang='lat' dir='ltr'><strong>disce—</strong></span> 
     </span>
    </p>
   </div>
   <div class='ocr_carea' id='block_1_111' title="bbox 1810 5367 3395 5446">
    <p class='ocr_par' dir='ltr' id='par_1_111' title="bbox 1810 5367 3395 5446">
     <span class='ocr_line' id='line_1_112' title="bbox 1810 5367 3395 5446; baseline 0 -20"><span class='ocrx_word' id='word_1_828' title='bbox 1810 5372 1958 5426; x_wconf 89' lang='lat' dir='ltr'><strong>dere.</strong></span> <span class='ocrx_word' id='word_1_829' title='bbox 2009 5368 2277 5424; x_wconf 87' lang='lat' dir='ltr'><strong>Notabam</strong></span> <span class='ocrx_word' id='word_1_830' title='bbox 2334 5369 2544 5439; x_wconf 88' lang='lat' dir='ltr'><strong>singula</strong></span> <span class='ocrx_word' id='word_1_831' title='bbox 2572 5409 2586 5434; x_wconf 93' lang='lat'><strong>,</strong></span> <span class='ocrx_word' id='word_1_832' title='bbox 2641 5376 2696 5446; x_wconf 64' lang='lat' dir='ltr'><strong>et</strong></span> <span class='ocrx_word' id='word_1_833' title='bbox 2750 5367 3028 5422; x_wconf 88' lang='lat' dir='ltr'><strong>admirans</strong></span> <span class='ocrx_word' id='word_1_834' title='bbox 3084 5367 3395 5443; x_wconf 60' lang='lat' dir='ltr'><strong>inopinatos</strong></span> 
     </span>
    </p>
   </div>
   <div class='ocr_carea' id='block_1_112' title="bbox 1810 5459 3396 5530">
    <p class='ocr_par' dir='ltr' id='par_1_112' title="bbox 1810 5459 3396 5530">
     <span class='ocr_line' id='line_1_113' title="bbox 1810 5459 3396 5530; baseline -0.003 -14"><span class='ocrx_word' id='word_1_835' title='bbox 1810 5463 1923 5518; x_wconf 90' lang='lat' dir='ltr'><strong>voti</strong></span> <span class='ocrx_word' id='word_1_836' title='bbox 1961 5477 2150 5516; x_wconf 90' lang='lat' dir='ltr'><strong>eorum</strong></span> <span class='ocrx_word' id='word_1_837' title='bbox 2189 5469 2506 5530; x_wconf 88' lang='lat' dir='ltr'><strong>proventus,</strong></span> <span class='ocrx_word' id='word_1_838' title='bbox 2547 5459 2788 5516; x_wconf 88' lang='lat' dir='ltr'><strong>sentiens</strong></span> <span class='ocrx_word' id='word_1_839' title='bbox 2821 5460 2983 5515; x_wconf 88' lang='lat' dir='ltr'><strong>etiam</strong></span> <span class='ocrx_word' id='word_1_840' title='bbox 3015 5459 3069 5513; x_wconf 91' lang='lat' dir='ltr'><strong>in</strong></span> <span class='ocrx_word' id='word_1_841' title='bbox 3099 5474 3190 5519; x_wconf 81' lang='lat' dir='ltr'><strong>me</strong></span> <span class='ocrx_word' id='word_1_842' title='bbox 3226 5463 3396 5526; x_wconf 76' lang='lat' dir='ltr'><strong>multa</strong></span> 
     </span>
    </p>
   </div>
   <div class='ocr_carea' id='block_1_113' title="bbox 1813 5552 3397 5629">
    <p class='ocr_par' dir='ltr' id='par_1_113' title="bbox 1813 5552 3397 5629">
     <span class='ocr_line' id='line_1_114' title="bbox 1813 5552 3397 5629; baseline -0.002 -17"><span class='ocrx_word' id='word_1_843' title='bbox 1813 5567 1867 5612; x_wconf 91' lang='lat' dir='ltr'><strong>et</strong></span> <span class='ocrx_word' id='word_1_844' title='bbox 1898 5571 2034 5627; x_wconf 90' lang='lat' dir='ltr'><strong>pene</strong></span> <span class='ocrx_word' id='word_1_845' title='bbox 2057 5554 2471 5610; x_wconf 89' lang='lat' dir='ltr'><strong>innumerabilia</strong></span> <span class='ocrx_word' id='word_1_846' title='bbox 2496 5555 2716 5609; x_wconf 88' lang='lat' dir='ltr'><strong>verbere</strong></span> <span class='ocrx_word' id='word_1_847' title='bbox 2746 5562 2799 5608; x_wconf 91' lang='lat' dir='ltr'><strong>et</strong></span> <span class='ocrx_word' id='word_1_848' title='bbox 2827 5552 3170 5629; x_wconf 66' lang='lat' dir='ltr'><strong>correptione</strong></span> <span class='ocrx_word' id='word_1_849' title='bbox 3191 5556 3397 5628; x_wconf 86' lang='lat' dir='ltr'><strong>dignis.—</strong></span> 
     </span>
    </p>
   </div>
   <div class='ocr_carea' id='block_1_114' title="bbox 1817 5642 3470 5722">
    <p class='ocr_par' dir='ltr' id='par_1_114' title="bbox 1817 5642 3470 5722">
     <span class='ocr_line' id='line_1_115' title="bbox 1817 5642 3470 5722; baseline -0.004 -20"><span class='ocrx_word' id='word_1_850' title='bbox 1817 5646 1978 5712; x_wconf 88' lang='lat' dir='ltr'><strong>sima,</strong></span> <span class='ocrx_word' id='word_1_851' title='bbox 2003 5645 2275 5722; x_wconf 25' lang='lat' dir='ltr'><strong>sulbdcbar</strong></span> <span class='ocrx_word' id='word_1_852' title='bbox 2300 5644 2484 5699; x_wconf 89' lang='lat' dir='ltr'><strong>animo</strong></span> <span class='ocrx_word' id='word_1_853' title='bbox 2518 5642 2741 5714; x_wconf 86' lang='lat' dir='ltr'><strong>judiciis</strong></span> <span class='ocrx_word' id='word_1_854' title='bbox 2761 5643 2962 5704; x_wconf 57' lang='lat' dir='ltr'><strong>divina}</strong></span> <span class='ocrx_word' id='word_1_855' title='bbox 2991 5645 3404 5710; x_wconf 65' lang='lat' dir='ltr'><strong>misericordiae,</strong></span> <span class='ocrx_word' id='word_1_856' title='bbox 3468 5669 3470 5672; x_wconf 54' lang='grc' dir='ltr'>ν</span> 
     </span>
    </p>
   </div>
   <div class='ocr_carea' id='block_1_115' title="bbox 1642 5743 1869 5801">
    <p class='ocr_par' dir='ltr' id='par_1_115' title="bbox 1642 5743 1869 5801">
     <span class='ocr_line' id='line_1_116' title="bbox 1642 5743 1869 5801; baseline 0.004 -2"><span class='ocrx_word' id='word_1_857' title='bbox 1642 5743 1869 5801; x_wconf 65' lang='lat' dir='ltr'><strong>NOTAE.</strong></span> 
     </span>
    </p>
   </div>
   <div class='ocr_carea' id='block_1_116' title="bbox 219 5810 1080 5883">
    <p class='ocr_par' dir='ltr' id='par_1_116' title="bbox 219 5810 1080 5883">
     <span class='ocr_line' id='line_1_117' title="bbox 219 5810 1080 5883; baseline 0.006 -18"><span class='ocrx_word' id='word_1_858' title='bbox 219 5810 351 5883; x_wconf 63' lang='grc' dir='ltr'>(ΞΗ)</span> <span class='ocrx_word' id='word_1_859' title='bbox 389 5813 430 5867; x_wconf 90' lang='grc'><strong>1.</strong></span> <span class='ocrx_word' id='word_1_860' title='bbox 461 5830 510 5868; x_wconf 89' lang='lat' dir='ltr'><strong>e.</strong></span> <span class='ocrx_word' id='word_1_861' title='bbox 541 5831 648 5870; x_wconf 88' lang='lat' dir='ltr'><strong>non</strong></span> <span class='ocrx_word' id='word_1_862' title='bbox 679 5815 1080 5871; x_wconf 84' lang='lat' dir='ltr'><strong>erubescentes.</strong></span> 
     </span>
    </p>
   </div>
  </div>
