3878 6310
539 390 636 447 37]

1559 371 1857 441 iiucoxis
1892 385 2182 442 ABBATIS
2219 388 2783 462 FLAV'INIACENSIS
3665 383 3759 444 '57!

545 514 923 556 rememorans
947 498 1147 570 judicia
1190 497 1283 552 Dei
1314 497 1522 552 occulta
1565 506 1619 552 et
1641 514 1940 562 numquam
1967 498 2112 568 inju-
2143 502 2188 557 Α
2213 503 2522 558 vecordium
2570 516 2821 560 coercere
2850 503 3346 573 praesumptionem,
3390 509 3448 556 et
3485 509 3760 570 perterrere

535 601 646 650 sta.
675 590 741 646 Et
761 608 906 646 nunc
932 591 1106 646 adhuc
1135 589 1233 644 hec
1257 589 1500 644 scribens
1530 588 1776 657 supplico
1811 589 1932 654 tibi,
1956 596 2108 658 pater

539 683 1036 739 miscricordiarum
1058 692 1109 735 et
1127 680 1268 735 Deus
1292 679 1457 735 totius
1480 679 1886 745 consolationis,
1901 680 1970 733 da
1982 695 2108 749 pec-

539 773 711 830 catori
733 772 958 844 supplici
981 782 1072 826 tuo
1085 771 1328 826 animum
1346 770 1660 840 patientem,
1686 769 1738 823 iu
1763 770 2110 825 tribulatione

541 867 743 938 gratias
761 873 1025 936 agentem,
1050 870 1226 917 errata
1251 876 1349 916 sua
1371 875 1667 932 agnoscere
1687 869 1741 914 et
1762 861 1864 916 sub
1887 861 2109 931 ﬂagellis

540 957 754 1028 pietatis
799 964 904 1009 tua:
947 954 1221 1008 humiliter
1249 955 1314 1008 ad
1341 963 1393 1008 te
1441 954 1739 1022 suspirare.
1783 953 1866 1007 Ab
1903 953 1994 1006 illo
2023 953 2110 1007 die

539 1047 808 1104 neminem
842 1045 1333 1101 Flaviniacensium
1368 1045 1509 1110 vidi,
1556 1043 1844 1098 manifesta
1896 1043 2108 1112 cognita

537 1137 633 1193 Dei
681 1137 900 1202 virtute,
956 1137 1052 1206 qui
1096 1136 1335 1204 disponit
1377 1135 1561 1190 omnia
1601 1134 1655 1188 in
1699 1133 2106 1203 tranquillitate,

536 1227 664 1298 quia
694 1235 1037 1284 recesserunt
1066 1241 1256 1282 omnes
1297 1241 1330 1281 a
1361 1241 1469 1291 me,
1500 1225 1593 1295 qui
1634 1233 1688 1279 et
1729 1240 1853 1309 cum
1898 1239 2108 1278 mecum

533 1326 735 1384 essent,
761 1317 918 1387 longe
946 1326 1102 1372 erant
1130 1333 1162 1372 a
1191 1333 1300 1384 me,
1331 1326 1384 1371 et
1408 1317 1453 1373 si
1484 1316 1579 1386 qui
1615 1317 1943 1371 adheseruut
1976 1314 2109 1368 mihi

533 1410 592 1465 in
622 1409 992 1473 tribulatione,
1029 1407 1275 1463 videntes
1303 1408 1446 1478 quod
1469 1405 1742 1463 defecerat
1762 1405 2104 1460 Flaviniacus

533 1515 566 1554 a
590 1515 698 1566 me,
737 1498 839 1569 ipsi
868 1514 1083 1569 quoque
1116 1498 1316 1554 abiere.
1347 1499 1413 1553 Et
1453 1498 1582 1570 quia
1627 1498 1834 1552 abusus
1860 1511 1980 1552 sum
2013 1511 2109 1564 po-

533 1590 701 1644 tentia
748 1599 804 1644 et
844 1592 1054 1646 honore
1099 1590 1368 1655 seculari,
1393 1591 1522 1645 dum
1564 1589 1735 1653 licuit,
1780 1587 1939 1642 donis
1979 1584 2106 1650 tuis,

532 1679 782 1744 Christe,
811 1678 939 1748 quia
977 1688 1148 1735 totum
1196 1687 1312 1734 erat
1343 1681 1440 1734 abs
1481 1687 1564 1746 te,
1619 1694 1718 1734 nec
1754 1686 1812 1732 ut
1857 1675 2018 1732 debui
2057 1683 2111 1729 et

533 1771 687 1840 potui
716 1771 980 1826 reveritus
1008 1786 1128 1825 sum
1155 1771 1395 1826 datorem
1425 1771 1638 1828 illorum
1681 1779 1733 1824 te
1761 1785 1775 1821 :
1805 1783 1931 1823 ecce
1958 1767 2110 1822 solus

2209 595 2456 663 exemplo
2475 592 2668 660 Cbam,
2693 595 2786 664 qui
2809 595 2936 664 quia
2965 593 3135 664 patris
3153 591 3388 649 verenda
3417 591 3637 654 detexit,
3663 607 3761 645 ma-

2209 685 2555 742 ledictioncm
2608 686 2906 741 hereditate
2937 684 3219 754 possedit,
3256 684 3531 738 inmemor
3573 681 3686 736 ﬁdei
3717 691 3762 736 et

2209 777 2358 844 pacis
2380 784 2571 846 pactae,
2592 776 2810 847 gavisus
2833 784 2919 830 est
2936 775 3082 844 quod
3106 774 3405 829 invenisset
3426 774 3608 828 locum
3629 780 3761 840 opta-

2209 875 2323 920 tum
2350 867 2510 936 quasi
2541 883 2668 922 suas
2693 866 2922 936 injurias
2953 865 3280 931 ulciscendi;
3309 874 3363 920 et
3385 863 3662 918 infamiam
3685 879 3761 918 ne

2208 966 2398 1024 stram,
2448 967 2738 1027 antequam
2763 974 2849 1012 me
2873 958 3190 1013 conveniret
3215 955 3408 1028 legatis
3450 965 3547 1010 aut
3571 955 3759 1018 litteris.

2208 1049 2464 1104 omnibus
2491 1050 2544 1102 in
2575 1050 2729 1104 curia
2754 1058 2807 1104 et
2847 1057 3003 1104 extra
3033 1050 3240 1104 curiam
3270 1048 3656 1118 publicandam
3678 1064 3759 1102 cn-

2208 1139 2366 1192 ravit.
2398 1136 2507 1193 Nec
2537 1154 2724 1204 mora;
2757 1137 3064 1193 Hubalzlum
3097 1139 3165 1193 de
3208 1139 3352 1204 suis,
3386 1139 3497 1193 illis
3528 1137 3762 1192 fratribus

2209 1225 2625 1282 infamatoribus
2650 1229 2851 1283 nostris
2879 1229 3167 1292 sociatum,
3198 1227 3574 1282 Flaviniacum
3615 1227 3761 1290 misit,

2202 1325 2262 1388 et
2283 1333 2312 1372 e
2333 1317 2545 1372 diverso
2561 1319 2838 1374 venientes
2859 1319 3019 1389 legati
3040 1319 3145 1384 sui,
3170 1327 3225 1388 et
3247 1319 3442 1386 nostri,
3474 1317 3760 1372 cmnobiu

2209 1407 2605 1477 ingrediuntur.
2633 1407 2813 1464 Nostri
2844 1420 3113 1465 conventu
3141 1409 3400 1474 adunato,
3444 1410 3619 1464 salute
3637 1408 3760 1471 data,

2208 1514 2378 1568 pauca
2404 1516 2502 1569 pro
2531 1509 2773 1570 tempore
2801 1509 2856 1556 et
2876 1515 2936 1556 re
2964 1501 3197 1572 loquuti,
3227 1517 3352 1555 cum
3379 1499 3765 1571 redarguissent

2207 1603 2303 1644 eos
2342 1589 2524 1645 verbis
2546 1591 2806 1660 juvenum
2837 1605 2959 1646 esse
3003 1591 3230 1644 nimium
3265 1590 3545 1655 credulos,
3574 1590 3754 1659 optule-

2209 1687 2337 1734 runt
2369 1681 2448 1735 eis
2478 1695 2544 1734 ex
2569 1689 2755 1735 nostra
2784 1690 2937 1751 parte
2980 1681 3354 1751 purgationem
3390 1681 3685 1743 illatorum,
3710 1696 3764 1733 ne

2209 1766 2562 1825 dissentirent
2590 1787 2620 1825 a
2649 1771 2984 1841 subjectioue
3008 1780 3196 1826 nostra
3235 1780 3289 1826 et
3318 1770 3656 1835 obedientia;
3684 1786 3763 1823 nec

533 1875 678 1924 sum,
706 1869 760 1914 et
789 1876 894 1916 non
924 1878 1043 1918 sum
1069 1862 1238 1928 solus,
1265 1863 1392 1932 quia
1419 1879 1517 1917 nec
1559 1863 1706 1918 solus
1740 1861 1944 1931 patior;
1971 1874 2103 1914 con-
2136 1847 2179 1902 Β
2206 1862 2443 1930 suscepti
2464 1861 2955 1932 suntJugressisct
2978 1861 3100 1927 illis,
3120 1859 3763 1931 quiexpectabanturoiu-

532 1949 811 2018 patiuntur
853 1951 997 2005 enim
1037 1960 1304 2022 quotquot
1346 1960 1474 2006 sunt
1506 1959 1706 2022 patres,
1748 1957 2015 2020 quotquot
2043 1962 2102 2002 se

531 2042 742 2098 viscera
767 2051 990 2113 paterna
1018 2043 1219 2098 habere
1258 2052 1647 2098 memorantur.
1684 2041 1789 2096 Sed
1823 2041 1912 2096 cui
1943 2055 2099 2094 aver-

533 2142 679 2191 teras
703 2131 894 2194 faciem
923 2142 1094 2200 tuam,
1128 2133 1274 2204 juste
1312 2133 1490 2188 factus
1529 2143 1614 2189 est
1640 2132 2016 2189 conturbatus.
2041 2129 2102 2184 In

530 2226 788 2283 omnibus
817 2241 912 2281 ore
933 2235 986 2280 et
1016 2227 1178 2281 corde
1211 2225 1472 2281 benedico
1506 2234 1577 2292 te,
1609 2225 1784 2280 solum
1811 2238 1992 2278 meum
2018 2236 2104 2276 re-

463 2307 480 2328 ⁶
531 2316 764 2386 fugium,
779 2315 872 2386 qui
893 2324 948 2371 et
967 2315 1350 2371 conturbatum
1373 2331 1479 2370 nou
1502 2313 1810 2378 deseruisti,
1835 2310 1930 2366 sed
1951 2309 2104 2364 miris

531 2414 589 2462 et
621 2405 785 2461 variis
819 2406 996 2461 modis
1023 2421 1118 2461 cor
1151 2421 1331 2460 meum
1379 2405 1634 2471 visitasti,
1667 2411 1728 2458 ut
1761 2401 1957 2458 scirem
1985 2414 2106 2469 qua:

531 2497 732 2569 patior,
759 2513 791 2552 a
822 2504 875 2552 te
896 2513 1052 2564 esse;
1081 2497 1208 2568 quia
1237 2496 1338 2552 etsi
1370 2495 1620 2566 peccavi,
1659 2502 1715 2549 et
1737 2500 1956 2564 peccata
1987 2505 2105 2546 mea

533 2589 707 2646 multa
749 2598 878 2644 sunt
927 2597 981 2644 et
1012 2589 1317 2654 innumera,
1361 2603 1539 2642 arena:
1582 2585 1750 2640 maris
1781 2598 2007 2638 numero
2053 2590 2108 2637 et

530 2681 769 2752 pondere
791 2679 1258 2750 iucomparabilia,
1282 2687 1593 2735 nontamen
1617 2677 1795 2748 qualia
1830 2685 1884 2731 et
1904 2681 2107 2744 quanta

532 2771 936 2841 imposuerunt,
977 2771 1110 2826 mihi
1155 2779 1302 2827 sunt.
1353 2770 1420 2824 Et
1459 2783 1584 2825 ecce
1611 2778 1767 2838 porto
1795 2767 2008 2836 pondus
2038 2764 2106 2796 ⁸³⁸

533 2862 848 2932 ignominia:
877 2862 1166 2932 impositae,
1196 2861 1580 2917 obtenebratur
1606 2858 1739 2913 mihi
1763 2859 1842 2914 sol
1864 2872 2106 2927 vespere,

534 2969 695 3012 mane
728 2963 784 3009 et
809 2953 1053 3018 meridie,
1081 2953 1361 3008 benedicta
1384 2950 1718 3021 dispensatio
1738 2958 1829 3003 tua
1853 2948 1905 3002 in
1931 2963 2036 3002 me.

602 3042 737 3098 Veni
771 3059 900 3113 ergo
936 3043 1211 3098 Div-ionem
1249 3044 1388 3097 ultra
1411 3056 1562 3111 spem
1588 3048 1643 3094 et
1667 3048 1850 3094 votum
1882 3036 2110 3091 fratrum

530 3142 587 3192 et
619 3133 854 3188 ﬁliarum
882 3145 1225 3200 nostrorum;
1258 3133 1352 3189 sed
1378 3141 1432 3187 et
1455 3131 1526 3186 ibi
1565 3131 1776 3186 turbata
1806 3137 1964 3183 erant
1987 3144 2108 3183 om-

531 3225 623 3280 nia
649 3225 925 3282 nimietate
950 3225 1277 3286 infirmitatis
1302 3239 1424 3294 qua:
1457 3223 1731 3278 invaserat
1761 3230 1967 3291 patrem
2009 3235 2108 3274 no-

531 3325 729 3383 strum,
752 3332 912 3388 quem
936 3323 993 3370 tu
1017 3315 1220 3372 sanasti
1251 3314 1592 3374 orationibus
1618 3312 1852 3367 filiorum
1883 3326 2106 3366 suorum

531 3409 772 3464 ﬁdelium
807 3415 1047 3463 tuorum.
1072 3407 1324 3462 Attamen
1355 3405 1644 3460 infirmitas
1669 3403 1910 3474 ejusdem
1937 3403 2108 3473 patris

532 3516 655 3558 mea
687 3499 788 3561 fuit
819 3499 1130 3566 inﬁrmitas,
1163 3497 1290 3568 quia
1333 3509 1434 3553 nec
1465 3497 1515 3552 ei
1554 3496 1811 3566 loquutus
1855 3510 2007 3560 sum,
2039 3494 2108 3549 ad

531 3607 695 3666 quem
717 3605 971 3648 veneram
995 3599 1314 3661 accepturus
1334 3590 1399 3644 de
1422 3597 1570 3643 tanta
1598 3586 1943 3642 tribulatione
1971 3601 2106 3642 con-

532 3683 736 3743 silium.
768 3681 905 3744 Aliis
931 3699 1045 3738 rem
1077 3697 1185 3737 non
1213 3681 1454 3752 judicavi
1493 3680 1880 3750 pr0palandam
1900 3720 1915 3742 ,
1961 3677 2108 3748 quod

532 3773 713 3830 adhuc
741 3773 1002 3845 agebatur
1043 3782 1104 3829 ut
1133 3773 1418 3829 credebam
1461 3771 1516 3826 in
1543 3771 1819 3836 clanculo;
1855 3768 1948 3824 sed
1977 3768 2106 3824 Col-

534 3865 672 3919 ticas
701 3864 830 3930 abii,
861 3865 990 3934 quia
1014 3864 1212 3934 prioris
1240 3863 1482 3934 ejusdem
1513 3862 1614 3917 loci
1645 3861 1779 3916 satis
1809 3875 1894 3914 me
1924 3859 2108 3914 crede-

531 3956 658 4010 bam
683 3954 1182 4024 strenuitati,cujus
1205 3964 1382 4008 tamen
1406 3953 1646 4008 bonitate
1667 3968 1774 4007 non
1807 3951 1860 4005 in
1886 3951 2106 4020 longum

532 4047 734 4106 fruitus
768 4062 887 4102 sum
917 4065 929 4100 :
963 4056 1016 4102 et
1045 4045 1101 4101 in
1131 4046 1368 4110 crastino
1395 4046 1644 4102 eumdem
1675 4059 1798 4098 cum
1823 4042 1990 4098 fratre
2013 4043 2106 4112 qui

532 4137 818 4198 uobiscum
842 4136 1150 4202 advenerat,
1177 4135 1548 4191 Flaviniacum
1578 4134 1724 4201 misi,
1754 4142 1814 4189 ut
1837 4134 1951 4204 ipse
1973 4134 2108 4189 stul-

532 4237 715 4290 torum
739 4229 1121 4306 comprimeret
1151 4227 1497 4283 insolentiam
1525 4235 1579 4283 et
1608 4227 1888 4282 edomaret
1911 4241 2104 4294 super-

532 4320 699 4374 biam.
736 4319 875 4380 (F01.
912 4318 1059 4388 MO.)
1091 4318 1211 4386 Quo
1250 4318 1548 4384 venientes,
1596 4317 1827 4375 nuncios
1869 4316 2108 4387 episcopi

530 4411 884 4475 invenerunt;
913 4418 967 4464 et
1000 4410 1162 4465 simul
1207 4409 1388 4464 villam
1423 4407 1652 4478 ingressi
1695 4415 1845 4472 sunt,
1885 4407 1976 4460 sed
2025 4405 2108 4460 in-

2207 1953 2358 2006 nium
2384 1952 2496 2008 fere
2526 1954 2668 2008 votis
2693 1962 2745 2008 et
2773 1969 3023 2019 assensu,
3047 1954 3404 2009 revolvuntur
3425 1953 3482 2006 in
3515 1951 3764 2028 nosmille

2202 2044 2826 2107 convicia.eﬂ‘unduntur
2855 2045 3166 2115 obprobria,
3203 2043 3535 2114 improperia
3560 2043 3764 2097 dilatan-

2203 2143 2321 2199 tur,
2349 2150 2470 2204 quae
2493 2135 2622 2189 dum
2648 2136 2829 2214 recojo
2863 2135 3082 2201 horreo,
3105 2135 3236 2190 dum
3281 2134 3484 2188 horreo
3513 2140 3765 2201 stupeo.et

2204 2225 2293 2280 lux
2308 2230 2423 2296 ipsa
2447 2226 2578 2280 mihi
2597 2235 2682 2281 est
2703 2225 2938 2282 fastidio.
2957 2225 3066 2282 Nec
3076 2236 3158 2282 est
3175 2226 3508 2280 inventusex
3537 2223 3763 2279 omnibus

2204 2313 2404 2383 quibus
2438 2313 2813 2370 benefeceram
2835 2357 2850 2381 ,
2883 2315 2976 2386 qui
3005 2316 3176 2371 vicem
3221 2324 3468 2370 nostram
3505 2315 3762 2368 doluisset.

2204 2415 2258 2460 et
2294 2405 2472 2460 saltim
2503 2407 2728 2461 verbum
2779 2423 2877 2476 pro
2919 2415 3070 2476 patre
3112 2421 3451 2478 quamquam
3502 2412 3766 2475 peccatore

2205 2497 2459 2554 dedisset.
2499 2497 2557 2552 ln
2612 2499 2976 2554 conciliabula
3018 2499 3113 2553 illo
3147 2497 3345 2553 fratres
3383 2506 3439 2551 et
3476 2497 3574 2551 filii
3622 2493 3765 2550 nostri

2207 2601 2410 2647 sancta:
2433 2591 2753 2646 obedientiaa
2785 2591 3026 2646 libellum
3068 2589 3763 2662 repudiiconscripsenznt,

2207 2684 2410 2739 domno
2457 2685 2714 2754 episcopo
2749 2684 3064 2738 iiliationem
3107 2699 3205 2753 per
3249 2683 3460 2753 legatos
3500 2680 3623 2750 ejus
3660 2679 3765 2732 ode-

2211 2783 2408 2838 rentes,
2438 2773 2487 2826 ei
2517 2774 2697 2827 villam
2723 2773 2927 2829 servari
2950 2772 3348 2843 promittentes,
3379 2779 3436 2826 et
3458 2770 3513 2824 in
3536 2768 3765 2823 omnibus

2209 2866 2344 2919 mihi
2373 2866 2845 2921 abrenunciantes.
2876 2865 3197 2920 Decreverat
3226 2865 3330 2918 hoc
3373 2861 3556 2918 facere
3597 2873 3765 2915 manus

2211 2963 2324 3021 tua,
2353 2955 2514 3022 Deus,
2537 2965 2593 3010 et
2626 2965 2848 3026 peccata
2889 2972 3006 3011 mea
3036 2956 3198 3010 etiam
3231 2955 3440 3026 majora
3470 2967 3762 3023 promerue-

2212 3053 2354 3109 raut,
2381 3045 2474 3114 qui
2506 3045 2862 3114 possederant
2903 3060 3024 3110 nos,
3057 3044 3314 3110 Domine,
3347 3044 3558 3113 absque
3588 3053 3656 3106 te,
3686 3055 3764 3093 nec

2214 3131 2582 3203 indignabitur
2623 3133 2903 3188 humilitas
2945 3141 3133 3187 nostra
3164 3131 3275 3202 pati
3310 3146 3670 3200 quacumque
3690 3128 3764 3181 de-

2211 3226 2475 3292 creveris,
2514 3226 2712 3280 iutuitu
2751 3225 3136 3281 misericordim
3180 3234 3309 3278 tum.
3346 3221 3502 3277 Tunc
3553 3222 3763 3292 primum

2210 3318 2400 3388 legatis
2437 3320 2640 3374 nostris
2681 3319 2747 3373 ad
2784 3334 2886 3373 nos
2930 3319 3048 3373 sine
3093 3317 3274 3371 fructu
3315 3316 3583 3379 reversis,
3623 3315 3763 3368 didici

2211 3411 2382 3466 satius
2432 3403 2552 3467 esse
2598 3411 2708 3466 Deo
2743 3413 2948 3481 absque
2995 3410 3305 3464 Flaviniaco
3353 3409 3580 3474 servire,
3620 3423 3762 3478 quam

2210 3512 2428 3572 propter
2444 3502 2814 3557 Flaviniacum
2842 3501 3012 3556 Deum
3039 3500 3329 3565 offendere,
3352 3499 3499 3569 quod
3522 3514 3621 3568 ego
3650 3497 3764 3550 fm-

2212 3606 2348 3655 ram,
2384 3606 2509 3644 eum
2533 3589 2676 3644 fastu
2705 3589 2974 3659 superbia:
3007 3587 3256 3659 turgidus
3284 3595 3338 3640 et
3369 3585 3761 3654 obsequentium

2209 3683 2397 3738 cuneis
2441 3682 2715 3737 deliuitus.
2750 3680 2918 3736 Deum
2963 3697 3071 3734 non
3109 3688 3168 3733 ut
3195 3678 3357 3733 debui
3396 3678 3645 3748 respexi,
3685 3688 3764 3729 nec

2210 3775 2458 3828 timorem
2481 3774 2599 3844 ejus
2619 3774 2802 3828 animo
2823 3772 3175 3828 circumdedi.
3205 3770 3421 3834 Fateor,
3450 3769 3599 3824 sensi
3622 3766 3762 3838 quod.

2209 3882 2318 3921 non
2349 3866 2525 3920 dicam
2556 3865 2793 3930 credere,
2820 3863 2914 3919 sed
2943 3879 3042 3918 nec
3072 3859 3464 3932 sperarepotui
3494 3879 3506 3914 :
3532 3861 3657 3930 quia
3676 3857 3762 3909 vidi

2208 3973 2296 4013 me
2331 3957 2555 4013 omnino
2585 3959 2701 4012 sine
2733 3957 2924 4012 amicis
2943 3999 2956 4022 ,
2985 3956 3112 4026 qui,
3140 3969 3206 4008 ex
3234 3953 3559 4023 quospotui;
3592 3952 3655 4006 ad
3683 3951 3762 4003 hoc

2209 4062 2423 4116 semper
2443 4045 2683 4100 laboravi
2713 4054 2773 4100 ut
2818 4059 3202 4116 congregarem
3234 4041 3369 4096 mihi
3409 4041 3636 4095 amicos.
3678 4034 3760 4090 Sed

2207 4139 2335 4192 licet
2383 4137 2559 4207 ipsum
2608 4135 2832 4190 ﬂuvium
2886 4134 3144 4188 Romanae.
3193 4131 3520 4202 eloquentiae
3573 4131 3760 4184 beatum

2208 4229 2556 4284 Ambrosium
2588 4228 2838 4299 legissem
2883 4226 2938 4282 in
2967 4226 3122 4281 libris
3145 4223 3210 4278 de
3239 4222 3431 4278 ciliciis
3462 4221 3593 4275 tuba
3616 4214 3760 4273 sancti

2211 4316 2447 4388 Spiritus
2471 4319 2807 4373 intonantem
2843 4326 2896 4372 et
2921 4323 3293 4372 eructuautem
3339 4313 3484 4368 vires
3514 4309 3758 4368 amicitia»

2209 4410 2452 4466 nondum
2477 4419 2657 4465 tamen
2683 4409 2748 4464 ad
2768 4410 2988 4480 plenum
3019 4408 3313 4462 didiceram
3347 4404 3476 4475 quis
3495 4410 3638 4458 esset
3663 4399 3758 4452 fru-

528 4498 774 4559 tentione
800 4497 1034 4552 diversa.
1061 4497 1183 4552 Mox
1212 4499 1358 4552 enim
1387 4506 1448 4559 ut
1482 4511 1583 4566 ego
1607 4493 1916 4550 Flaviniaeo
1943 4493 2105 4558 exivi,
2138 4504 2184 4564 ι)
2211 4508 2332 4554 eius
2359 4499 2602 4568 ejusdem
2631 4499 2911 4564 amicitia,
2940 4498 3085 4568 quod
3117 4495 3448 4552 omnimodis
3494 4492 3661 4547 nescii
3683 4488 3757 4556 qui

499 4646 501 4648 .
528 4590 822 4647 contrariae
851 4589 1021 4659 partis
1056 4588 1151 4642 lilii
1186 4604 1295 4642 non
1327 4601 1522 4659 segnes
1546 4587 1599 4640 in
1627 4583 1988 4655 exequutione
2022 4585 2108 4639 sui

528 4678 828 4752 propositi,
863 4675 1185 4732 Sedelocum
1217 4677 1395 4732 ierunt
1434 4674 1674 4746 pontifici
1719 4681 1906 4729 nostro
1932 4673 2104 4742 prima

527 4769 724 4841 gaudia
746 4768 1028 4839 perlaturi,
1052 4769 1197 4839 quod
1227 4767 1395 4829 abbas
1415 4765 1861 4831 Flaviniaceusis,
1892 4780 2024 4820 suus
2053 4773 2108 4820 et

529 4860 789 4922 :ecclesiaa
817 4860 992 4924 hostis
1017 4867 1256 4929 apertus,
1280 4874 1310 4914 a
1340 4867 1614 4936 quotauta
1642 4873 1840 4929 passus
1866 4855 2104 4927 pontifex

527 4949 690 5017 foret,
720 4951 1020 5006 aacclesiam
1057 4951 1369 5016 dimiserat,
1401 4949 1542 5020 fuga:
1573 4948 1884 5019 praesidium
1916 4948 2103 5002 latitu-

529 5057 627 5098 rus
654 5056 764 5096 non
803 5057 1124 5098 reversurus
1159 5042 1408 5112 elegerit;
1443 5039 1686 5096 acclesia
1707 5039 1820 5110 jam
1852 5039 1970 5094 sine
2007 5054 2106 5108 pa-

528 5142 699 5199 store,
724 5133 878 5189 locus
904 5134 1021 5189 sine
1041 5144 1271 5198 rectore,
1295 5143 1536 5189 castrum
1578 5132 1696 5186 sine
1717 5139 1913 5185 tutore.
1945 5129 2107 5186 Vide-

526 5233 612 5281 rct
643 5239 804 5294 cujus
841 5225 948 5280 hoc
989 5233 1106 5279 erat
1125 5224 1463 5295 prospicere,
1509 5238 1578 5277 ne
1619 5223 1765 5293 quod
1811 5223 2105 5291 dampnum

529 5315 824 5379 inferretur
855 5317 1014 5375 matri
1057 5317 1344 5382 mcelcsire,
1387 5331 1521 5370 neve
1556 5315 1643 5370 ille
1674 5315 1874 5370 rediret
1899 5314 1993 5383 qui
2018 5329 2105 5367 re-

526 5416 785 5472 cesserat,
813 5408 941 5478 quia
973 5408 1155 5462 omnia
1197 5415 1471 5461 constarct
1493 5406 1688 5460 amodo
1720 5403 2007 5474 periclitari
2046 5404 2100 5456 in

526 5499 646 5568 ejus
675 5500 977 5572 praesentia.
1029 5498 1211 5552 Audiit
1239 5497 1546 5568 episc0pus,
1595 5507 1648 5552 et
1681 5498 1877 5552 letatus
1916 5504 2018 5562 est,
2049 5507 2102 5550 ct

529 5593 776 5669 auditum
821 5592 1076 5645 omnibus
1122 5599 1452 5662 protestatus
1494 5599 1594 5644 est.
1625 5588 1684 5643 Et
1709 5589 2103 5660 qui,debuerat

598 5769 663 5808 ’ξεί
706 5783 798 5820 r01."
823 5785 979 5821 erasa
1001 5785 1050 5829 ι·ς

2212 4591 2506 4661 unicuique
2533 4606 2776 4661 personae
2794 4597 2973 4645 actum
2999 4602 3298 4658 congruum
3330 4585 3460 4639 dare
3482 4598 3590 4636 non
3613 4579 3753 4634 navit.

2213 4678 2367 4736 Unde
2389 4681 2450 4734 lit
2477 4688 2536 4734 ut
2557 4680 2876 4749 plerumque
2898 4677 3062 4732 noxio
3085 4676 3315 4730 velimus
3341 4670 3638 4727 assentarie
3659 4681 3756 4735 gra-

2214 4769 2426 4834 tiﬁcari,
2447 4777 2502 4823 et
2542 4767 2813 4823 innocenti
2849 4767 3025 4821 amico
3050 4780 3160 4819 non
3186 4777 3474 4818 vereamur
3519 4753 3754 4812 insidiari.

2211 4859 2354 4928 quod
2384 4866 2535 4913 extra
2567 4857 2800 4911 ollicium
2823 4864 2923 4910 est.
2952 4854 3107 4919 Quod
3137 4853 3265 4906 dum
3289 4851 3489 4905 stultus
3509 4845 3634 4917 agit,
3661 4842 3754 4894 vio-

2212 4948 2393 5001 lantur
2424 4947 2624 5001 [mulera
2651 4945 2821 5016 pacis,
2843 4952 2904 4998 ut
2927 4958 3027 4996 nec
3051 4941 3275 4995 dicenda
3299 4939 3371 4992 sit
3399 4935 3632 4991 amicitia
3659 4943 3755 4999 qui:

2209 5043 2352 5098 nulla
2375 5053 2479 5108 est,
2495 5041 2623 5112 quia
2647 5041 2699 5093 in
2723 5039 2873 5094 nullo
2891 5036 3140 5107 congruit
3161 5035 3208 5088 ei
3226 5032 3321 5103 qui
3346 5027 3651 5100 hujusmodi
3671 5034 3750 5076 est.

2211 5130 2291 5185 Sit
2313 5132 2475 5202 igitur
2497 5129 2836 5184 benedictum
2863 5141 3059 5180 nomen
3086 5123 3321 5186 Domini,
3345 5120 3502 5191 cujus
3516 5114 3752 5187 judicium

2208 5239 2465 5278 concessa
2482 5223 2561 5277 vel
2584 5221 2849 5292 permissa
2869 5218 3035 5282 dedit,
3056 5225 3110 5269 et
3133 5212 3502 5270 misericordia
3537 5203 3748 5262 abstulit.

2282 5313 2386 5368 Sed
2418 5315 2541 5384 quis
2567 5321 2742 5382 potest
2766 5311 3094 5379 investigare
3117 5307 3234 5360 vias
3262 5302 3533 5359 hominis?
3571 5297 3750 5384 Quamf

2208 5422 2371 5475 quam
2409 5383 2758 5475 persuaderet
2779 5402 2912 5457 mihi
2940 5415 3093 5454 mens
3119 5409 3170 5453 et
3200 5397 3356 5460 ratio,
3378 5392 3581 5464 judicio
3603 5385 3687 5441 Dei
3709 5383 3748 5435 id

2209 5497 2418 5550 artitari
2439 5539 2452 5559 ,
2484 5493 2774 5549 deliberavi
2815 5501 2996 5547 tamen
3029 5489 3211 5542 animo
3242 5485 3390 5539 adire.
3435 5479 3747 5551 Lugdunum,

2208 5588 2287 5640 vel
2313 5589 2439 5657 quia
2479 5589 2774 5656 intercepto
2807 5582 3014 5638 nullum
3055 5587 3137 5634 est
3165 5576 3480 5637 consilium,
3527 5569 3607 5623 vel
3642 5566 3746 5638 quia

1814 5677 2044 5734 VARUS
2087 5677 2481 5734 LECTIONES.
