3878 6310
534 388 660 482 εςτὶ
675 457 682 467 ι

1536 388 1837 453 HUGONIS
1869 386 2158 443 ABBATIS
2195 386 2769 446 FLAVINIACENSIS
3662 396 3741 452 δῖε

536 480 659 561 das,
685 510 792 551 non
817 496 1183 566 infami-idos,
1205 511 1478 567 personas,
1522 494 1898 550 Flauiniacum
1961 495 2114 548 misi-
2142 504 2187 560 Α
2215 495 2415 563 fuerat,
2445 507 2507 552 ut
2546 501 2784 555 reversis
2809 497 3000 554 missis
3016 496 3140 555 suis
3169 513 3295 554 cum
3337 480 3529 555 litteris
3562 500 3740 557 abacis.
3808 510 3811 513 '

536 590 665 654 stis,
691 588 876 644 villam
899 590 1041 643 vobis
1069 589 1267 644 servari
1297 588 1611 656 mandastis,
1634 587 1827 657 fratres
1842 595 2049 643 nostros
2067 594 2118 640 et

538 682 710 751 ﬁlios,
738 690 915 735 nostro
942 681 1141 749 objecta
1167 680 1394 745 nomine,
1408 680 1465 732 in
1488 679 1804 748 ﬁliationem
1826 680 2125 747 recepistis,

538 789 623 827 me
644 772 964 836 indiscussa,
992 771 1257 836 inaudito,
1307 780 1360 823 et
1389 769 1554 824 nichil
1579 771 1753 824 minus
1793 786 1951 840 quam
1997 784 2149 840 pre-

542 861 705 916 scribi
758 861 992 917 verente.’
1026 859 1213 913 Nonne
1265 860 1407 930 apud
1437 858 1650 914 Eduam
1692 862 1752 914 in
1792 858 1890 914 illo
1947 871 2118 915 vestro

539 951 840 1006 honorabili
868 949 1113 1018 consilio,
1140 967 1261 1004 cum
1302 949 1624 1021 Lugdunum
1655 967 1736 1004 me
1759 950 2119 1021 profecturum

540 1042 811 1106 dixissem,
840 1041 1144 1110 promittere
1165 1056 1246 1094 me
1270 1040 1471 1109 fecistis
1506 1049 1564 1093 ut
1610 1039 1674 1093 de
1705 1040 1853 1093 bonis
1884 1039 2120 1095 ecclesia

541 1148 644 1186 non
670 1148 749 1186 me
774 1132 1199 1197 intromitterem,
1225 1146 1387 1200 neque
1407 1128 1613 1200 aliquid
1637 1129 1885 1200 cuiquam
1912 1129 2117 1198 darem,

536 1223 694 1292 quasi
721 1221 790 1274 ad
817 1221 1066 1277 tuendam
1092 1228 1141 1275 et
1164 1218 1551 1289 defendendam
1593 1218 1881 1289 nequitiam
1909 1218 2119 1273 meam?

542 1310 643 1367 Ubi
670 1320 794 1367 sunt
815 1311 1053 1379 abbates,
1075 1311 1328 1377 decenas,
1359 1309 1763 1364 archidiaconus
1793 1318 1843 1363 et
1877 1307 2117 1364 meliores

535 1401 593 1454 in
619 1400 780 1467 clero,
802 1416 895 1470 per
919 1416 1049 1472 quos
1073 1399 1199 1453 talis
1219 1394 1463 1469 persona,
1488 1398 1665 1469 qualis
1695 1398 2115 1453 Flaviniacensis

537 1491 702 1547 abbas
722 1507 834 1546 esse
862 1491 1033 1559 debet,
1058 1500 1337 1545 conventus
1370 1491 1486 1545 est?
1514 1489 1584 1544 Et
1611 1506 1727 1545 ecce
1752 1490 1838 1544 ad'
1846 1490 2116 1559 judicium

538 1597 714 1648 vocor,
754 1597 859 1635 non
908 1581 1331 1648 restaurationis,
1363 1597 1468 1636 non
1511 1581 1993 1652 redintegrationis,
2025 1581 2115 1635 sed

538 1676 610 1729 ad
639 1675 911 1745 judicium
952 1674 1174 1745 judicii,
1205 1675 1252 1729 si
1285 1675 1499 1729 debeam
1542 1674 1800 1729 investiri.
1842 1672 1942 1729 Ubi
1969 1681 2113 1740 sunt,

537 1783 721 1839 queso,
743 1767 953 1823 decreta
1001 1767 1312 1838 apostolica,
1357 1767 1448 1820 ubi
1497 1766 1794 1821 constituta
1833 1765 2114 1833 canonica,

2216 588 2416 654 ~toriis,
2459 589 2538 644 ibi
2582 603 2805 660 quoque
2850 605 2883 645 a
2927 589 3289 661 snﬂ‘ragancis
3337 599 3392 646 et
3444 591 3631 647 diocesi
3667 611 3742 649 sua

2217 677 2478 733 viaticum
2499 678 2790 747 acciperet.

2290 766 2404 823 Hoc
2425 784 2572 824 anno
2594 769 2730 824 obiit
2741 768 3025 840 Philippus
3046 764 3462 833 Catalanncnsis
3482 772 3742 844 cpiscopus;

2218 870 2330 926 quo
2378 856 2544 911 etiam
2591 873 2738 913 anno
2772 873 2970 928 magna
3017 857 3122 915 fuit
3174 874 3406 915 annona:
3440 862 3673 931 penuria,
3707 876 3746 917 et

2220 947 2375 1002 multi
2407 946 2552 1004 fame
2584 949 2874 1019 periclitati
2904 958 3053 1006 sunt.

2291 1037 2409 1109 (fol.
2469 1039 2618 1110 142.)
2656 1038 2827 1111 Igitur
2888 1055 3035 1095 anno
3107 1041 3320 1096 incarn.
3381 1041 3592 1100 Domin.
3641 1044 3745 1098 mo

2220 1127 2397 1200 (Sept.
2422 1129 2513 1201 50)
2540 1130 2880 1187 advenerunt
2907 1131 3067 1188 missi
3085 1132 3152 1188 ad
3186 1131 3388 1189 Gallias
3409 1133 3565 1205 legati
3587 1146 3745 1192 sancta

2217 1218 2479 1276 Romana:
2499 1221 2767 1289 ecclesiae,
2793 1219 3072 1278 Iohannes
3089 1230 3145 1277 et
3164 1222 3507 1291 Benedictus,
3536 1239 3567 1279 a
3588 1225 3745 1294 quibus

2217 1311 2512 1368 concilium
2551 1312 2732 1383 primo
2780 1313 2925 1383 apud
2978 1311 3187 1368 Eduam
3231 1313 3596 1387 designatum,
3632 1316 3743 1385 apud

2216 1404 2408 1459 urbem
2462 1402 2804 1459 Valentinam
2838 1403 3150 1458 institutum
3180 1411 3269 1459 est
3305 1403 3342 1457 2
3371 1403 3491 1459 Kal.
3518 1403 3742 1471 Octobris,

2216 1495 2285 1549 ad
2310 1495 2458 1565 quod
2478 1502 2854 1551 convenerunt
2878 1493 3302 1564 archiepiscopi,
3328 1494 3565 1566 episcopi
3592 1505 3641 1552 et
3668 1497 3743 1551 sb-

2215 1586 2370 1643 bates
2397 1601 2627 1643 numero
2653 1586 2745 1653 24,
2769 1585 3183 1643 occurrentibus
3212 1584 3406 1657 legatis
3462 1587 3632 1642 domui
3662 1586 3744 1641 Lu-

2216 1678 2514 1751 gdunensis
2535 1677 2962 1749 archiepiscOpi,
3011 1676 3140 1749 quia
3201 1677 3320 1748 ipse
3385 1684 3743 1743 tnbrmabatur.

2219 1785 2553 1841 quamquam
2596 1769 2837 1840 episcopi
2888 1768 3173 1825 dioceseos
3217 1768 3361 1839 ejus,
3394 1768 3745 1841 Linguonensis

536 1873 656 1929 qua
698 1865 908 1911 censent
954 1858 1213 1916 nemiuem
1240 1856 1527 1927 spoliatum
1548 1855 1840 1911 vocandum
1866 1854 1935 1908 ad
1961 1854 2118 1924 judi-
2149 1841 2194 1897 Β
2217 1866 2274 1917 et
2305 1860 2689 1918 Cabilonensis
2710 1890 2783 1900 —
2812 1859 3230 1916 Matisconensis
3252 1859 3400 1914 enim
3437 1860 3492 1914 in
3519 1860 3745 1915 redeundo

536 1949 709 2025 cium,
734 1964 853 2002 cum
876 1964 981 2003 non
1004 1949 1075 2003 sit
1099 1948 1237 2002 unde
1252 1947 1491 2017 judicari
1511 1947 1696 2002 debeat
1706 1945 1823 2015 jam
1845 1944 2119 1999 nudatus?

538 2036 645 2094 Sed
684 2039 786 2093 heu
831 2040 1020 2095 misero
1060 2038 1190 2092 mihi
1203 2038 1223 2091 !
1267 2039 1353 2093 cui
1398 2037 1502 2095 soli
1547 2037 1694 2109 vigor
1738 2045 1788 2092 et
1836 2036 2116 2106 integritas

537 2145 800 2184 canonum
825 2130 1067 2200 deperiit.
1097 2128 1248 2187 Diem
1287 2130 1455 2200 igitur
1477 2129 1820 2183 eonstitutam
1851 2127 2118 2183 attendere

537 2235 754 2290 nequeo,
779 2220 905 2292 quia
933 2236 1038 2274 non
1055 2219 1234 2275 debeo.
1262 2218 1405 2274 Data
1425 2220 1512 2274 die
1537 2220 1872 2291 competenti,
1893 2227 2116 2290 paratus

536 2328 657 2370 sum
679 2328 970 2367 occurrere.
1004 2309 1102 2371 Sin
1124 2311 1286 2378 alias,
1306 2312 1364 2364 in
1388 2309 1727 2382 Lugdunensi
1760 2309 1996 2381 capitulo
2018 2326 2117 2381 pa-

535 2413 690 2458 ratus
710 2419 829 2459 sum
858 2419 940 2459 me
962 2412 1300 2473 prasentare.
1342 2400 1402 2457 Si
1430 2403 1498 2456 ad
1544 2401 1743 2457 altiora
1785 2402 2029 2469 tenditis,
2049 2410 2102 2457 et

536 2510 653 2567 qua
683 2494 800 2549 disi
846 2493 1034 2551 nichili
1074 2493 1340 2564 penditis,
1386 2493 1680 2551 Romanum
1722 2492 1930 2564 appello
1961 2493 2116 2563 judi-

533 2585 697 2651 cium,
717 2594 767 2641 et
812 2585 1028 2648 interim
1048 2601 1113 2641 ea;
1137 2593 1287 2656 parte
1312 2584 1418 2645 Dei
1455 2594 1508 2642 et
1556 2585 1701 2643 beati
1722 2583 1873 2640 Petri
1899 2584 2116 2656 ejusque

545 2674 770 2743 Yicarii,
793 2676 973 2735 damni
1000 2692 1204 2748 quoque
1222 2675 1590 2748 Lugdunensis
1619 2684 1670 2732 et
1699 2680 1868 2731 nostri
1892 2674 2115 2746 capituli

531 2766 825 2824 cEduensis
875 2768 1136 2823 interdico
1191 2784 1256 2823 ne
1334 2768 1465 2822 mihi
1510 2768 1781 2825 abbatiam
1834 2766 2115 2825 Flavinia-

532 2876 736 2915 censem
757 2861 1177 2932 auferatis,.neve
1201 2863 1259 2916 in
1279 2877 1342 2916 ea
1365 2860 1598 2933 aliquem
1619 2861 2110 2917 subintromittatis.

608 2950 901 3022 Exemplar
952 2968 1144 3009 carum
1185 2952 1425 3023 capitulo
1453 2968 1673 3024 quoque
1716 2954 1948 3010 missum
1997 2962 2111 3023 cst;

536 3039 696 3109 cujus
724 3055 850 3096 cum
886 3038 1081 3097 {uisset
1107 3042 1361 3098 voluntas
1381 3049 1436 3097 et
1454 3041 1696 3097 definitio
1722 3051 1783 3097 ut
1802 3043 2110 3111 investirer,

534 3129 1042 3202 noluitepiscopus.
1069 3131 1321 3188 Attamen
1347 3133 1695 3203 postmodum
1729 3134 2009 3191 mandavit
2049 3143 2109 3190 ut

532 3222 774 3281 secunda
800 3221 936 3278 feria
960 3223 1149 3294 prima:
1196 3223 1512 3280 ebdomada:
1535 3225 1590 3280 in
1628 3224 1865 3282 adventu
1898 3225 2106 3282 Eduam

533 3311 670 3369 irem
697 3312 1073 3380 investiturus,
1096 3321 1193 3368 aut
1234 3312 1394 3369 tertia
1433 3312 1567 3369 feria
1615 3322 1739 3371 ante
1773 3315 2106 3373 nativitatem

535 3400 754 3457 Domini
784 3402 962 3458 media
988 3403 1076 3458 via
1093 3402 1363 3473 justitiam
1388 3402 1440 3458 ei
1467 3401 1723 3471 facerem,
1745 3412 1799 3462 et
1810 3405 1926 3475 ipse
1949 3405 2104 3463 mihi.

537 3482 660 3553 Dixi
690 3509 778 3549 me
798 3494 1026 3560 iturum,
1053 3494 1101 3550 si
1132 3494 1372 3550 mitteret
1395 3494 1696 3550 monachos
1725 3504 1781 3551 et
1812 3497 2113 3555 servientes

532 3584 633 3654 qui
666 3599 881 3640 mecum
910 3585 1078 3652 irent,
1098 3594 1154 3640 et
1191 3585 1247 3641 in
1277 3599 1344 3642 eo
1386 3586 1668 3644 remansit.
1690 3586 1833 3658 (F01.
1868 3588 2016 3659 Ml.)
2043 3588 2112 3646 Et

534 3676 754 3732 interim
800 3677 1020 3747 publica
1071 3684 1128 3732 et
1172 3677 1385 3748 privata
1425 3676 1796 3736 satisfactione
1824 3680 2112 3737 conciliavi

539 3767 677 3823 mihi
710 3768 928 3825 animos
953 3767 1206 3836 fratrum,
1237 3767 1520 3825 subdendo
1550 3784 1639 3825 me
1664 3770 1772 3827 illis
1801 3779 1857 3826 et
1883 3786 2115 3842 corpore

537 3866 595 3913 et
626 3858 936 3926 voluntate,
960 3859 1089 3929 quia
1111 3859 1192 3919 sic
1213 3859 1348 3915 mihi
1383 3874 1644 3918 noveram
1684 3861 1959 3932 expedire,
1986 3877 2113 3918 cum

535 3965 650 4021 quo
679 3950 817 4010 bene
843 3951 1127 4021 agebatur,
1149 3951 1197 4006 si
1226 3950 1406 4009 saltim
1456 3950 1601 4007 inter
1654 3950 1873 4008 infimos
1901 3953 2115 4024 privato

535 4042 938 4104 concedebatur
966 4043 1167 4099 vivere.

611 4134 774 4190 Anno
793 4133 865 4192 ab
894 4133 1269 4193 incarnatione
1296 4132 1513 4190 Domini
1546 4132 1684 4189 1100
1720 4133 1863 4206 apud
1908 4134 2116 4192 Ansam

536 4233 909 4282 convenerunt
957 4224 1352 4296 archiepiscopi
1407 4224 1822 4296 Lugdunensis,
1879 4225 2119 4283 Cantua-

534 4316 768 4382 ricnsis,
803 4314 1167 4383 Senoncnsis,
1199 4314 1539 4372 Turonensis
1560 4357 1578 4383 ,
1625 4315 1984 4373 Bituricensis
2004 4358 2020 4386 ,
2063 4326 2120 4374 et

536 4406 779 4478 episcopi
806 4422 1037 4465 numero
1081 4422 1300 4471 novem,
1331 4406 1635 4473 Educnsis,
1675 4406 2112 4475 Matisconcnsis,

2131 3178 2179 3242 ο

2217 1964 2249 2005 a
2278 1948 2451 2005 Roma
2493 1957 2687 2019 captus
2730 1963 2761 2003 a
2797 1947 3045 2004 Wiberto
3081 1947 3136 2002 in
3175 1947 3428 2003 custodia
3455 1948 3746 2003 detinebant:
3834 1960 3835 2019 ξ

2213 2070 2287 2081 -
2318 2055 2429 2096 non
2467 2016 2836 2105 interfuerint,
2882 2039 3163 2110 prohibiti,
3194 2048 3257 2094 ut
3279 2038 3580 2105 dicebatur,
3601 2039 3743 2094 abeo-
3834 2016 3835 2033 ’

2214 2130 2339 2186 dem
2372 2129 2747 2203 Lugdunensi.
2796 2128 3065 2185 Ednensis
3112 2136 3294 2185 autem
3345 2127 3619 2195 interfuit,
3649 2129 3745 2199 quia

2215 2220 2580 2278 accusabatur
2623 2235 2655 2274 a
2698 2218 2984 2276 canonicis
3029 2219 3146 2274 suis
3183 2219 3252 2274 de
3296 2220 3546 2290 symonia
3590 2219 3747 2274 etaliis

2214 2312 2572 2384 quibusdam;
2601 2326 2704 2382 pro
2729 2310 2891 2382 cujus
2917 2307 3237 2365 defensione
3277 2308 3519 2364 maxime
3548 2309 3631 2363 illo
3650 2324 3747 2363 con-
3834 2352 3835 2355 η

2212 2412 2475 2459 venerant
2504 2404 2916 2476 Lugdunenses.
2947 2403 3026 2459 lbi
3054 2392 3157 2474 ego
3183 2403 3241 2458 in
3274 2403 3459 2474 primo
3480 2404 3617 2458 aditu
3650 2417 3747 2457 cos-
3834 2466 3835 2475 γ

2213 2494 2328 2553 cilii
2366 2495 2741 2566 purgationem
2775 2494 3051 2552 illatorum
3102 2492 3359 2558 otl‘ercns,
3389 2491 3746 2573 accusatoribus

2213 2584 2521 2640 tacentibus
2547 2593 2603 2640 et
2629 2584 3034 2651 deﬁcientibus,
3067 2583 3278 2654 judicio
3323 2584 3543 2640 concilii
3586 2583 3643 2637 ad
3665 2580 3746 2651 pri-

2212 2689 2359 2729 mam
2387 2675 2607 2730 abbatis
2631 2673 2980 2731 Divioncnsis
3002 2687 3192 2728 vocem
3222 2673 3291 2728 de
3319 2673 3541 2729 abbatis
3571 2670 3747 2727 investi-

2214 2773 2324 2833 tus,
2344 2768 2653 2825 astantibus
2674 2766 2955 2823 canonicis
2967 2765 3316 2823 Eduensibus
3344 2775 3407 2822 et
3432 2764 3747 2827 laudantibus,

2215 2871 2387 2927 cappa
2413 2864 2468 2911 et
2500 2856 2699 2914 baculo
2724 2855 2984 2922 donatus,
3014 2855 3070 2910 in
3122 2855 3271 2910 circo
3319 2855 3561 2911 residere
3580 2853 3749 2924 jussus,
3834 2922 3835 2943 χ

2215 2957 2342 3019 post
2367 2947 2549 3003 soluto
2573 2946 2808 3003 concilio
2833 2946 2903 3002 ad
2931 2945 3151 3018 pr0pria
3181 2962 3305 3002 sum
3334 2945 3614 3009 remissus,
3642 2943 3747 2995 litte-
3834 2984 3835 3009 ι

2212 3038 2291 3095 ris
2342 3039 2656 3109 apostolicis
2702 3039 2947 3095 munitus
2981 3027 3038 3094 in
3090 3038 3208 3095 haec
3251 3039 3461 3094 verba:
3497 3035 3605 3108 (fol.
3640 3033 3745 3101 lii‘)

2211 3125 2480 3183 Iohannes
2527 3138 2579 3184 et
2622 3127 2976 3194 Benedictus,
3021 3137 3224 3184 sancta:
3268 3126 3528 3182 Romana:
3566 3124 3749 3180 ecclesia
3834 3132 3835 3191 ξ

2211 3220 2510 3277 cardinales
2557 3229 2608 3276 et
2634 3220 2816 3292 legati,
2862 3220 3154 3287 monachis,
3185 3220 3400 3275 clericis
3443 3229 3495 3275 et
3531 3218 3663 3273 laici:
3698 3223 3746 3268 se

2211 3308 2485 3363 ubbctiam
2539 3308 3000 3364 Flaviniacensem
3055 3308 3468 3380 pertinentibus,
3515 3305 3748 3361 obcdicnti-
3834 3304 3835 3377 ᾖ

2210 3399 2344 3468 bus,
2397 3400 2647 3456 salutem.
2693 3399 2944 3455 Fratrem
2989 3408 3229 3455 nostrum
3277 3400 3524 3455 abbatem
3572 3405 3746 3451 vestru-

2213 3490 2490 3563 Hugoncm
2511 3534 2527 3561 ,
2561 3493 2710 3547 nobis
2756 3492 3129 3560 karissimum,
3166 3509 3319 3564 quem
3368 3499 3551 3546 sancta
3570 3486 3748 3560 synodus

2203 3584 2413 3655 judicio
2487 3584 2704 3638 concilii
2766 3584 2831 3639 de
2889 3584 3109 3638 abbatia
3178 3583 3478 3649 investivit,
3532 3576 3748 3636 dilectioni

2212 3686 2399 3733 oestrce
2455 3677 2879 3732 commendantes
2931 3677 3274 3741 remittimus,
3319 3674 3663 3745 prazcipientes
3701 3684 3747 3722 et

2211 3778 2365 3839 parte
2395 3767 2494 3822 Dei
2521 3776 2572 3823 et
2595 3768 2736 3823 beati
2762 3766 2933 3832 Petri,
2956 3774 3015 3820 ut
3063 3765 3343 3820 Divionem
3382 3766 3627 3820 venientes
3660 3774 3746 3813 ests

2214 3870 2273 3915 ut
2302 3860 2545 3915 abbatem
2566 3868 2796 3914 vestrum
2823 3858 3131 3929 requiratis,
3156 3865 3207 3911 et
3252 3857 3308 3911 in
3335 3873 3501 3910 manu
3532 3848 3746 3908 karissini

2216 3948 2406 4019 fratris
2446 3948 2636 4016 nostri,
2661 3954 2862 4002 sanctae
2900 3944 3155 4000 Romana:
3190 3944 3433 3999 ecclesia:
3459 3943 3576 4013 ﬁlii,
3608 3938 3746 3993 Dirio-

2219 4041 2396 4094 nensis
2424 4040 2654 4107 abbatis,
2698 4039 3085 4109 promittentes,
3116 4053 3204 4091 vos
3237 4052 3360 4091 eum
3394 4050 3569 4092 secure
3596 4043 3640 4087 et
3674 4045 3745 4099 pe-

2219 4140 2362 4187 terne
2386 4138 2731 4198 tractaturos,
2760 4147 2879 4185 cum
2900 4129 3094 4183 honore
3118 4127 3296 4182 debito
3318 4127 3393 4182 ad
3425 4121 3744 4184 inenasterim

2218 4240 2339 4278 eum
2368 4223 2655 4281 reducatis.
2691 4220 3000 4278 Obedientes
3044 4218 3496 4274 benedictionibus
3535 4209 3746 4280 multipli-

2220 4301 2446 4384 cemini;
2471 4316 2822 4374 inobedientes
2848 4331 2967 4369 vero
3014 4313 3153 4368 iram
3172 4310 3273 4366 Dei
3306 4313 3367 4365 in
3389 4319 3640 4382 posterum
3656 4319 3744 4357 scl-

2221 4412 2387 4477 tietis,
2421 4418 2472 4464 et
2494 4426 2527 4463 a
2555 4409 2702 4463 nobis
2728 4423 2824 4478 pro
2850 4405 3187 4467 contumacia
3223 4403 3540 4463 sententiam
3578 4399 3746 4468 dignm

535 4501 939 4565 Cabilonensis,
965 4500 1485 4567 Autissiodorensis,
1509 4500 1926 4568 Parisiacensis,
1953 4501 2120 4557 Diens
2146 4523 2195 4584 ι)
2219 4500 2511 4572 excipietis.
2539 4498 2608 4554 Et
2656 4499 2783 4571 quia
2821 4506 3057 4552 nostrum
3083 4504 3184 4563 est,
3235 4495 3448 4550 obedire
3502 4486 3745 4584 nclitum!

538 4594 643 4659 sis,
667 4599 726 4647 et
742 4590 837 4646 alii
865 4590 997 4657 duo,
1020 4600 1075 4646 et
1100 4606 1235 4661 pace
1263 4598 1490 4658 statuta,
1525 4591 1594 4647 de
1621 4592 1709 4647 via
1738 4590 2116 4649 Jlterosolimi-

536 4692 669 4739 sana
687 4680 900 4751 loquuti
924 4688 1072 4743 sunt,
1096 4694 1200 4735 eos
1221 4680 1316 4750 qui
1343 4690 1627 4747 voverant,
1657 4689 1712 4736 et
1734 4680 1847 4737 voti
1879 4697 2121 4753 exequu-

544 4782 696 4834 tores
753 4786 867 4828 non
918 4772 1171 4838 luerent,
1215 4785 1246 4826 a
1299 4772 1686 4827 communione
1738 4781 2118 4844 segregantcs,

540 4861 899 4933 quoadusque
927 4871 1051 4916 vota
1080 4860 1433 4930 complerent.
1478 4858 1700 4916 Miserat
1744 4869 1923 4915 autem
1971 4861 2119 4934 Lug-

537 4953 804 5011 dunensis
823 4953 1032 5023 legatos
1048 4950 1299 5018 Romam,
1331 4967 1428 5023 per
1454 4967 1595 5032 quos
1622 4953 1757 5007 velle
1785 4968 1944 5008 suum
1968 4968 2120 5023 papae

480 5076 489 5083 κ
540 5045 856 5100 ostenderat
879 5045 945 5099 de
969 5044 1057 5100 via
1088 5042 1304 5111 eadem,
1330 5053 1391 5099 ut
1423 5059 1550 5103 cum
1595 5060 1701 5105 sua
1742 5044 2118 5106 benedictione

537 5145 597 5195 ct
609 5136 961 5198 absolutione
988 5139 1084 5194 illo
1101 5141 1319 5196 deberet
1344 5140 1454 5207 ire;
1482 5148 1539 5196 et
1566 5139 1846 5202 Romanus
1876 5139 2118 5211 pontifex

540 5236 832 5296 annuerat,
856 5243 1180 5286 ammonens
1221 5239 1287 5289 ut,
1308 5246 1403 5301 per
1436 5248 1495 5288 se
1537 5232 1660 5299 iret,
1703 5241 1763 5287 ut
1792 5232 2116 5303 legationem

539 5334 699 5376 suam
727 5321 781 5375 ei
814 5320 1181 5378 committeret
1199 5322 1257 5377 in
1280 5322 1431 5389 Asia,
1455 5339 1620 5395 quam
1657 5324 1795 5383 bene
1823 5331 2039 5381 rexerat
2061 5322 2117 5377 in

540 5411 875 5482 Burgundia,
902 5420 958 5468 et
982 5412 1198 5469 interim
1224 5414 1432 5486 legatos
1456 5431 1488 5472 a
1509 5417 1675 5474 latere
1695 5432 1796 5473 suo
1824 5415 2117 5473 mittendos

539 5515 640 5572 pro
668 5516 831 5571 posse
857 5501 1171 5571 instrueret,
1198 5505 1294 5576 qui
1320 5505 1468 5562 vices
1490 5522 1644 5578 papae
1675 5516 2076 5578 exequerentur
2102 5527 2115 5563 :

540 5600 596 5651 et
635 5591 763 5651 ideo
792 5592 925 5655 illud
970 5595 1304 5667 colloquium
1350 5613 1514 5669 quam
1564 5599 1802 5655 maxime
1849 5608 2116 5654 statutum

612 5756 682 5796 ’δ’
719 5722 869 5818 Cir".

2220 4602 2317 4651 aut
2343 4591 2707 4663 differentibus
2738 4604 3028 4660 praecavere
3068 4586 3148 4645 vel
3172 4586 3403 4653 obviare,
3434 4578 3744 4639 interdicimus

2220 4683 2460 4739 omnibus
2491 4683 2633 4736 vobis
2676 4681 2734 4734 in
2765 4678 2894 4734 villa
2941 4676 3340 4732 Flaviniacensi
3366 4683 3419 4729 et
3453 4675 3506 4728 in
3554 4664 3743 4725 omnibus

2221 4775 2434 4832 omnino
2456 4773 2586 4829 locis
2615 4772 2685 4826 ad
2710 4770 2929 4826 eandem
2956 4768 3224 4823 abbatiam
3245 4764 3611 4838 pertinentibus
3644 4754 3744 4812 diri.
3834 4752 3835 4763 ‘

2223 4883 2347 4927 num
2387 4865 2640 4936 ofﬁcium,
2683 4863 2845 4917 donec
2885 4860 3161 4932 praeceptis
3220 4857 3417 4913 nostris
3457 4871 3568 4928 qua:
3602 4853 3743 4906 sancta

2225 4957 2457 5029 synodus
2477 4957 2731 5027 ﬁrmavit,
2754 4953 3033 5013 obediatis.

2296 5048 2622 5107 lmminente
2668 5060 2799 5101 vero
2850 5045 3040 5101 eodem
3091 5043 3344 5109 concilio,
3391 5049 3516 5096 ante
3550 5042 3741 5092 mensem

2224 5155 2397 5196 unum
2444 5147 2596 5195 eteo
2644 5137 2878 5208 amplius
2927 5136 3110 5193 missae
3137 5134 3353 5190 fuerant
3393 5149 3429 5190 a
3471 5145 3555 5186 me
3595 5126 3744 5183 litters

2221 5230 2618 5295 Flaviniacum,
2655 5243 2888 5300 quarum
2910 5234 3092 5283 textus
3122 5227 3224 5282 iste
3248 5234 3369 5284 est:
3406 5223 3592 5280 Frater
3624 5214 3741 5283 Hugo

2223 5320 2647 5378 Flaviniacensis
2669 5319 2917 5391 expulsus
2957 5319 3138 5397 abbas,
3177 5316 3403 5373 Girardo
3443 5314 3513 5347 ⁸³³
3532 5306 3742 5397 priori“

2224 5413 2464 5468 omnibus
2487 5413 2577 5483 qui
2607 5428 2661 5466 se
2700 5411 3016 5482 proﬁtentur
3061 5395 3203 5480 ﬁlios
3241 5406 3475 5463 ecclesia:
3516 5395 3741 5457 Flavinia-

2223 5506 2391 5560 censis
2412 5502 2946 5570 monachis,clericis,
2972 5500 3161 5572 laycis,
3182 5501 3401 5566 casatis,
3428 5488 3735 5553 servientibus;
3834 5494 3835 5529 ῖ

2224 5597 2486 5651 nobilibus
2545 5606 2596 5651 et
2651 5591 2990 5668 ignobilibus,
3037 5591 3410 5672 cujuscumque
3466 5584 3626 5645 (etatis
3668 5582 3736 5630 σαι

1838 5689 2067 5753 VARUS
2104 5686 2517 5753 LECTIONESt
