  <div class='ocr_page' id='page_1' title='image "/cluster/home/n/w/nwhite01/storage/ocr_20150623/154/hvd.32044015473820/194.png"; bbox 0 0 3878 6310; ppageno 0'>
   <div class='ocr_carea' id='block_1_1' title="bbox 66 408 1659 488">
    <p class='ocr_par' dir='ltr' id='par_1_1' title="bbox 66 408 1659 488">
     <span class='ocr_line' id='line_1_1' title="bbox 66 408 1659 488; baseline -0.011 -6"><span class='ocrx_word' id='word_1_1' title='bbox 66 428 145 488; x_wconf 78' lang='lat'><strong><em>577</em></strong></span> <span class='ocrx_word' id='word_1_2' title='bbox 1237 408 1634 467; x_wconf 72' lang='lat' dir='ltr'><strong><em>CHRONICON</em></strong></span> <span class='ocrx_word' id='word_1_3' title='bbox 1644 451 1659 465; x_wconf 89' lang='lat'><strong><em>.</em></strong></span> 
     </span>
    </p>
   </div>
   <div class='ocr_carea' id='block_1_2' title="bbox 66 525 1659 599">
    <p class='ocr_par' dir='ltr' id='par_1_2' title="bbox 66 525 1659 599">
     <span class='ocr_line' id='line_1_2' title="bbox 66 525 1659 599; baseline -0.011 -4"><span class='ocrx_word' id='word_1_4' title='bbox 66 528 694 597; x_wconf 73' lang='lat' dir='ltr'><strong><em>conditionis.Audivimus,</em></strong></span> <span class='ocrx_word' id='word_1_5' title='bbox 726 528 950 599; x_wconf 75' lang='lat' dir='ltr'><strong><em>fratres,</em></strong></span> <span class='ocrx_word' id='word_1_6' title='bbox 977 534 1027 581; x_wconf 87' lang='lat' dir='ltr'><strong><em>ct</em></strong></span> <span class='ocrx_word' id='word_1_7' title='bbox 1067 527 1264 580; x_wconf 83' lang='lat' dir='ltr'><strong><em>scimus</em></strong></span> <span class='ocrx_word' id='word_1_8' title='bbox 1301 525 1585 580; x_wconf 74' lang='lat' dir='ltr'><strong><em>concilium</em></strong></span> <span class='ocrx_word' id='word_1_9' title='bbox 1614 530 1659 585; x_wconf 75' lang='grc' dir='ltr'>Α</span> 
     </span>
    </p>
   </div>
   <div class='ocr_carea' id='block_1_3' title="bbox 66 616 1588 687">
    <p class='ocr_par' dir='ltr' id='par_1_3' title="bbox 66 616 1588 687">
     <span class='ocr_line' id='line_1_3' title="bbox 66 616 1588 687; baseline -0.01 -1"><span class='ocrx_word' id='word_1_10' title='bbox 66 626 379 687; x_wconf 72' lang='lat' dir='ltr'><strong><em>celebrandum</em></strong></span> <span class='ocrx_word' id='word_1_11' title='bbox 406 639 439 676; x_wconf 88' lang='lat' dir='ltr'><strong><em>a</em></strong></span> <span class='ocrx_word' id='word_1_12' title='bbox 471 620 838 676; x_wconf 81' lang='lat' dir='ltr'><strong><em>cardinalibus</em></strong></span> <span class='ocrx_word' id='word_1_13' title='bbox 857 628 1059 674; x_wconf 68' lang='lat' dir='ltr'><strong><em>sanctas</em></strong></span> <span class='ocrx_word' id='word_1_14' title='bbox 1077 619 1335 673; x_wconf 68' lang='lat' dir='ltr'><strong><em>Romana:</em></strong></span> <span class='ocrx_word' id='word_1_15' title='bbox 1353 616 1588 672; x_wconf 59' lang='lat' dir='ltr'><strong><em>ecclesiae</em></strong></span> 
     </span>
    </p>
   </div>
   <div class='ocr_carea' id='block_1_4' title="bbox 67 706 1589 783">
    <p class='ocr_par' dir='ltr' id='par_1_4' title="bbox 67 706 1589 783">
     <span class='ocr_line' id='line_1_4' title="bbox 67 706 1589 783; baseline -0.009 -9"><span class='ocrx_word' id='word_1_16' title='bbox 67 723 94 779; x_wconf 77' lang='lat'><strong>2</strong></span> <span class='ocrx_word' id='word_1_17' title='bbox 132 719 239 774; x_wconf 83' lang='lat' dir='ltr'><strong><em>Kal.</em></strong></span> <span class='ocrx_word' id='word_1_18' title='bbox 270 715 504 772; x_wconf 80' lang='lat' dir='ltr'><strong><em>Octobris</em></strong></span> <span class='ocrx_word' id='word_1_19' title='bbox 555 711 696 783; x_wconf 86' lang='lat' dir='ltr'><strong><em>apud</em></strong></span> <span class='ocrx_word' id='word_1_20' title='bbox 737 711 919 765; x_wconf 79' lang='lat' dir='ltr'><strong><em>urbem</em></strong></span> <span class='ocrx_word' id='word_1_21' title='bbox 952 709 1308 776; x_wconf 79' lang='lat' dir='ltr'><strong><em>Valentinum,</em></strong></span> <span class='ocrx_word' id='word_1_22' title='bbox 1351 706 1440 762; x_wconf 85' lang='lat' dir='ltr'><strong><em>ad&#39;</em></strong></span> <span class='ocrx_word' id='word_1_23' title='bbox 1447 707 1589 778; x_wconf 85' lang='lat' dir='ltr'><strong><em>quod</em></strong></span> 
     </span>
    </p>
   </div>
   <div class='ocr_carea' id='block_1_5' title="bbox 66 800 1587 874">
    <p class='ocr_par' dir='ltr' id='par_1_5' title="bbox 66 800 1587 874">
     <span class='ocr_line' id='line_1_5' title="bbox 66 800 1587 874; baseline -0.011 -7"><span class='ocrx_word' id='word_1_24' title='bbox 66 809 284 868; x_wconf 68' lang='lat' dir='ltr'><strong><em>convocati</em></strong></span> <span class='ocrx_word' id='word_1_25' title='bbox 296 816 413 863; x_wconf 86' lang='lat' dir='ltr'><strong><em>sunt</em></strong></span> <span class='ocrx_word' id='word_1_26' title='bbox 423 804 824 874; x_wconf 73' lang='lat' dir='ltr'><strong><em>archiepiscopi,</em></strong></span> <span class='ocrx_word' id='word_1_27' title='bbox 841 802 1073 873; x_wconf 77' lang='lat' dir='ltr'><strong><em>episcopi</em></strong></span> <span class='ocrx_word' id='word_1_28' title='bbox 1090 808 1140 855; x_wconf 92' lang='lat' dir='ltr'><strong><em>et</em></strong></span> <span class='ocrx_word' id='word_1_29' title='bbox 1151 800 1385 855; x_wconf 82' lang='lat' dir='ltr'><strong><em>abbates.</em></strong></span> <span class='ocrx_word' id='word_1_30' title='bbox 1397 800 1480 852; x_wconf 80' lang='lat' dir='ltr'><strong><em>Ad</em></strong></span> <span class='ocrx_word' id='word_1_31' title='bbox 1491 800 1587 852; x_wconf 82' lang='lat' dir='ltr'><strong><em>hoc</em></strong></span> 
     </span>
    </p>
   </div>
   <div class='ocr_carea' id='block_1_6' title="bbox 65 890 1588 967">
    <p class='ocr_par' dir='ltr' id='par_1_6' title="bbox 65 890 1588 967">
     <span class='ocr_line' id='line_1_6' title="bbox 65 890 1588 967; baseline -0.01 -8"><span class='ocrx_word' id='word_1_32' title='bbox 65 921 132 960; x_wconf 75' lang='lat' dir='ltr'><strong><em>ros</em></strong></span> <span class='ocrx_word' id='word_1_33' title='bbox 153 901 410 955; x_wconf 75' lang='lat' dir='ltr'><strong><em>inritamus</em></strong></span> <span class='ocrx_word' id='word_1_34' title='bbox 430 913 494 952; x_wconf 77' lang='lat' dir='ltr'><strong><em>ea:</em></strong></span> <span class='ocrx_word' id='word_1_35' title='bbox 509 904 661 967; x_wconf 90' lang='lat' dir='ltr'><strong><em>parte</em></strong></span> <span class='ocrx_word' id='word_1_36' title='bbox 685 895 784 948; x_wconf 87' lang='lat' dir='ltr'><strong><em>Dei</em></strong></span> <span class='ocrx_word' id='word_1_37' title='bbox 799 901 851 948; x_wconf 88' lang='lat' dir='ltr'><strong><em>et</em></strong></span> <span class='ocrx_word' id='word_1_38' title='bbox 880 890 1018 947; x_wconf 85' lang='lat' dir='ltr'><strong><em>beati</em></strong></span> <span class='ocrx_word' id='word_1_39' title='bbox 1038 892 1188 947; x_wconf 88' lang='lat' dir='ltr'><strong><em>Petri</em></strong></span> <span class='ocrx_word' id='word_1_40' title='bbox 1207 892 1421 963; x_wconf 86' lang='lat' dir='ltr'><strong><em>ejusque</em></strong></span> <span class='ocrx_word' id='word_1_41' title='bbox 1439 891 1588 945; x_wconf 81' lang='lat' dir='ltr'><strong><em>vica-</em></strong></span> 
     </span>
    </p>
   </div>
   <div class='ocr_carea' id='block_1_7' title="bbox 67 982 1587 1061">
    <p class='ocr_par' dir='ltr' id='par_1_7' title="bbox 67 982 1587 1061">
     <span class='ocr_line' id='line_1_7' title="bbox 67 982 1587 1061; baseline -0.009 -11"><span class='ocrx_word' id='word_1_42' title='bbox 67 997 119 1051; x_wconf 85' lang='lat' dir='ltr'><strong><em>rii</em></strong></span> <span class='ocrx_word' id='word_1_43' title='bbox 150 992 305 1048; x_wconf 83' lang='lat' dir='ltr'><strong><em>domni</em></strong></span> <span class='ocrx_word' id='word_1_44' title='bbox 348 1006 499 1061; x_wconf 68' lang='lat' dir='ltr'><strong><em>papa</em></strong></span> <span class='ocrx_word' id='word_1_45' title='bbox 541 985 825 1042; x_wconf 72' lang='lat' dir='ltr'><strong><em>Paschalis</em></strong></span> <span class='ocrx_word' id='word_1_46' title='bbox 861 995 910 1041; x_wconf 91' lang='lat' dir='ltr'><strong><em>et</em></strong></span> <span class='ocrx_word' id='word_1_47' title='bbox 934 985 1288 1039; x_wconf 83' lang='lat' dir='ltr'><strong><em>cardinalium</em></strong></span> <span class='ocrx_word' id='word_1_48' title='bbox 1326 982 1587 1037; x_wconf 76' lang='lat' dir='ltr'><strong><em>Johannis</em></strong></span> 
     </span>
    </p>
   </div>
   <div class='ocr_carea' id='block_1_8' title="bbox 66 1076 1586 1157">
    <p class='ocr_par' dir='ltr' id='par_1_8' title="bbox 66 1076 1586 1157">
     <span class='ocr_line' id='line_1_8' title="bbox 66 1076 1586 1157; baseline -0.009 -16"><span class='ocrx_word' id='word_1_49' title='bbox 66 1096 188 1157; x_wconf 77' lang='lat' dir='ltr'><strong><em>atque</em></strong></span> <span class='ocrx_word' id='word_1_50' title='bbox 209 1081 488 1148; x_wconf 72' lang='lat' dir='ltr'><strong><em>Benedicti,</em></strong></span> <span class='ocrx_word' id='word_1_51' title='bbox 516 1079 608 1150; x_wconf 88' lang='lat' dir='ltr'><strong><em>qui</em></strong></span> <span class='ocrx_word' id='word_1_52' title='bbox 633 1078 702 1133; x_wconf 86' lang='lat' dir='ltr'><strong><em>ad</em></strong></span> <span class='ocrx_word' id='word_1_53' title='bbox 733 1078 868 1133; x_wconf 62' lang='lat' dir='ltr'><strong><em>uices</em></strong></span> <span class='ocrx_word' id='word_1_54' title='bbox 889 1076 1123 1147; x_wconf 82' lang='lat' dir='ltr'><strong><em>ejusdem</em></strong></span> <span class='ocrx_word' id='word_1_55' title='bbox 1151 1091 1302 1146; x_wconf 70' lang='lat' dir='ltr'><strong><em>papa:</em></strong></span> <span class='ocrx_word' id='word_1_56' title='bbox 1326 1089 1586 1145; x_wconf 76' lang='lat' dir='ltr'><strong><em>exequen-</em></strong></span> 
     </span>
    </p>
   </div>
   <div class='ocr_carea' id='block_1_9' title="bbox 65 1166 1587 1237">
    <p class='ocr_par' dir='ltr' id='par_1_9' title="bbox 65 1166 1587 1237">
     <span class='ocr_line' id='line_1_9' title="bbox 65 1166 1587 1237; baseline -0.008 -7"><span class='ocrx_word' id='word_1_57' title='bbox 65 1179 140 1230; x_wconf 84' lang='lat' dir='ltr'><strong><em>das</em></strong></span> <span class='ocrx_word' id='word_1_58' title='bbox 162 1174 328 1229; x_wconf 76' lang='lat' dir='ltr'><strong><em>directi</em></strong></span> <span class='ocrx_word' id='word_1_59' title='bbox 351 1180 493 1227; x_wconf 86' lang='lat' dir='ltr'><strong><em>sunt.</em></strong></span> <span class='ocrx_word' id='word_1_60' title='bbox 532 1169 646 1224; x_wconf 90' lang='lat' dir='ltr'><strong><em>Nos</em></strong></span> <span class='ocrx_word' id='word_1_61' title='bbox 686 1170 824 1224; x_wconf 89' lang='lat' dir='ltr'><strong><em>enim</em></strong></span> <span class='ocrx_word' id='word_1_62' title='bbox 854 1168 1080 1223; x_wconf 87' lang='lat' dir='ltr'><strong><em>concilio</em></strong></span> <span class='ocrx_word' id='word_1_63' title='bbox 1122 1183 1214 1221; x_wconf 91' lang='lat' dir='ltr'><strong><em>nos</em></strong></span> <span class='ocrx_word' id='word_1_64' title='bbox 1239 1166 1587 1237; x_wconf 67' lang='lat' dir='ltr'><strong><em>praesentabi-</em></strong></span> 
     </span>
    </p>
   </div>
   <div class='ocr_carea' id='block_1_10' title="bbox 66 1258 1587 1334">
    <p class='ocr_par' dir='ltr' id='par_1_10' title="bbox 66 1258 1587 1334">
     <span class='ocr_line' id='line_1_10' title="bbox 66 1258 1587 1334; baseline -0.007 -14"><span class='ocrx_word' id='word_1_65' title='bbox 66 1283 171 1331; x_wconf 81' lang='lat' dir='ltr'><strong><em>mus,</em></strong></span> <span class='ocrx_word' id='word_1_66' title='bbox 218 1264 317 1319; x_wconf 90' lang='lat' dir='ltr'><strong><em>Deo</em></strong></span> <span class='ocrx_word' id='word_1_67' title='bbox 351 1270 662 1334; x_wconf 76' lang='lat' dir='ltr'><strong><em>protectore,</em></strong></span> <span class='ocrx_word' id='word_1_68' title='bbox 717 1261 764 1315; x_wconf 89' lang='lat' dir='ltr'><strong><em>si</em></strong></span> <span class='ocrx_word' id='word_1_69' title='bbox 809 1260 920 1314; x_wconf 72' lang='lat' dir='ltr'><strong><em>vita</em></strong></span> <span class='ocrx_word' id='word_1_70' title='bbox 974 1275 1143 1313; x_wconf 85' lang='lat' dir='ltr'><strong><em>comes</em></strong></span> <span class='ocrx_word' id='word_1_71' title='bbox 1192 1258 1371 1328; x_wconf 81' lang='lat' dir='ltr'><strong><em>fuerit,</em></strong></span> <span class='ocrx_word' id='word_1_72' title='bbox 1408 1258 1587 1328; x_wconf 83' lang='lat' dir='ltr'><strong><em>parati</em></strong></span> 
     </span>
    </p>
   </div>
   <div class='ocr_carea' id='block_1_11' title="bbox 66 1347 1590 1423">
    <p class='ocr_par' dir='ltr' id='par_1_11' title="bbox 66 1347 1590 1423">
     <span class='ocr_line' id='line_1_11' title="bbox 66 1347 1590 1423; baseline -0.007 -14"><span class='ocrx_word' id='word_1_73' title='bbox 66 1374 157 1410; x_wconf 73' lang='lat' dir='ltr'><strong><em>cum</em></strong></span> <span class='ocrx_word' id='word_1_74' title='bbox 175 1355 261 1409; x_wconf 85' lang='lat' dir='ltr'><strong><em>Dei</em></strong></span> <span class='ocrx_word' id='word_1_75' title='bbox 279 1353 544 1423; x_wconf 86' lang='lat' dir='ltr'><strong><em>adjutorio</em></strong></span> <span class='ocrx_word' id='word_1_76' title='bbox 570 1350 775 1417; x_wconf 85' lang='lat' dir='ltr'><strong><em>audire,</em></strong></span> <span class='ocrx_word' id='word_1_77' title='bbox 824 1349 1132 1419; x_wconf 86' lang='lat' dir='ltr'><strong><em>respondere</em></strong></span> <span class='ocrx_word' id='word_1_78' title='bbox 1163 1355 1216 1402; x_wconf 89' lang='lat' dir='ltr'><strong><em>et</em></strong></span> <span class='ocrx_word' id='word_1_79' title='bbox 1234 1347 1473 1418; x_wconf 86' lang='lat' dir='ltr'><strong><em>judicari</em></strong></span> <span class='ocrx_word' id='word_1_80' title='bbox 1496 1362 1590 1399; x_wconf 88' lang='lat' dir='ltr'><strong><em>ca-</em></strong></span> 
     </span>
    </p>
   </div>
   <div class='ocr_carea' id='block_1_12' title="bbox 67 1440 1589 1515">
    <p class='ocr_par' dir='ltr' id='par_1_12' title="bbox 67 1440 1589 1515">
     <span class='ocr_line' id='line_1_12' title="bbox 67 1440 1589 1515; baseline -0.007 -14"><span class='ocrx_word' id='word_1_81' title='bbox 67 1449 225 1501; x_wconf 81' lang='lat' dir='ltr'><strong><em>nonice.</em></strong></span> <span class='ocrx_word' id='word_1_82' title='bbox 262 1443 479 1499; x_wconf 81' lang='lat' dir='ltr'><strong><em>Veniant</em></strong></span> <span class='ocrx_word' id='word_1_83' title='bbox 510 1444 676 1515; x_wconf 84' lang='lat' dir='ltr'><strong><em>igitur</em></strong></span> <span class='ocrx_word' id='word_1_84' title='bbox 720 1451 1081 1507; x_wconf 85' lang='lat' dir='ltr'><strong><em>accusatores,</em></strong></span> <span class='ocrx_word' id='word_1_85' title='bbox 1137 1440 1502 1493; x_wconf 80' lang='lat' dir='ltr'><strong><em>criminatores</em></strong></span> <span class='ocrx_word' id='word_1_86' title='bbox 1536 1446 1589 1492; x_wconf 83' lang='lat' dir='ltr'><strong><em>et</em></strong></span> 
     </span>
    </p>
   </div>
   <div class='ocr_carea' id='block_1_13' title="bbox 67 1529 1588 1608">
    <p class='ocr_par' dir='ltr' id='par_1_13' title="bbox 67 1529 1588 1608">
     <span class='ocr_line' id='line_1_13' title="bbox 67 1529 1588 1608; baseline -0.007 -17"><span class='ocrx_word' id='word_1_87' title='bbox 67 1547 204 1603; x_wconf 80' lang='lat' dir='ltr'><strong><em>testes,</em></strong></span> <span class='ocrx_word' id='word_1_88' title='bbox 233 1537 535 1608; x_wconf 71' lang='lat' dir='ltr'><strong><em>quicumque</em></strong></span> <span class='ocrx_word' id='word_1_89' title='bbox 573 1550 705 1606; x_wconf 22' lang='lat' dir='ltr'><strong><em>erga,</em></strong></span> <span class='ocrx_word' id='word_1_90' title='bbox 740 1548 834 1586; x_wconf 87' lang='lat' dir='ltr'><strong><em>nos</em></strong></span> <span class='ocrx_word' id='word_1_91' title='bbox 873 1547 1091 1586; x_wconf 86' lang='lat' dir='ltr'><strong><em>causam</em></strong></span> <span class='ocrx_word' id='word_1_92' title='bbox 1128 1530 1345 1595; x_wconf 78' lang='lat' dir='ltr'><strong><em>habent,</em></strong></span> <span class='ocrx_word' id='word_1_93' title='bbox 1373 1529 1464 1599; x_wconf 84' lang='lat' dir='ltr'><strong><em>qui</em></strong></span> <span class='ocrx_word' id='word_1_94' title='bbox 1486 1542 1588 1608; x_wconf 71' lang='lat' dir='ltr'><strong><em>ea:-</em></strong></span> 
     </span>
    </p>
   </div>
   <div class='ocr_carea' id='block_1_14' title="bbox 65 1603 1589 1700">
    <p class='ocr_par' dir='ltr' id='par_1_14' title="bbox 65 1603 1589 1700">
     <span class='ocr_line' id='line_1_14' title="bbox 65 1603 1589 1700; baseline -0.007 -18"><span class='ocrx_word' id='word_1_95' title='bbox 65 1603 253 1700; x_wconf 76' lang='lat' dir='ltr'><strong><em>pulsioni</em></strong></span> <span class='ocrx_word' id='word_1_96' title='bbox 275 1636 324 1682; x_wconf 88' lang='lat' dir='ltr'><strong><em>et</em></strong></span> <span class='ocrx_word' id='word_1_97' title='bbox 346 1603 854 1697; x_wconf 67' lang='lat' dir='ltr'><strong><em>spoiiatoninostra:</em></strong></span> <span class='ocrx_word' id='word_1_98' title='bbox 880 1622 1237 1687; x_wconf 80' lang='lat' dir='ltr'><strong><em>consensistis,</em></strong></span> <span class='ocrx_word' id='word_1_99' title='bbox 1263 1621 1353 1691; x_wconf 87' lang='lat' dir='ltr'><strong><em>qui</em></strong></span> <span class='ocrx_word' id='word_1_100' title='bbox 1373 1603 1589 1673; x_wconf 70' lang='lat' dir='ltr'><strong><em>inaudi-</em></strong></span> 
     </span>
    </p>
   </div>
   <div class='ocr_carea' id='block_1_15' title="bbox 67 1713 1589 1791">
    <p class='ocr_par' dir='ltr' id='par_1_15' title="bbox 67 1713 1589 1791">
     <span class='ocr_line' id='line_1_15' title="bbox 67 1713 1589 1791; baseline -0.007 -16"><span class='ocrx_word' id='word_1_101' title='bbox 67 1721 554 1791; x_wconf 71' lang='lat' dir='ltr'><strong><em>tum,indempnatum</em></strong></span> <span class='ocrx_word' id='word_1_102' title='bbox 579 1716 869 1788; x_wconf 84' lang='lat' dir='ltr'><strong><em>abjccistis,</em></strong></span> <span class='ocrx_word' id='word_1_103' title='bbox 900 1725 949 1770; x_wconf 89' lang='lat' dir='ltr'><strong><em>et</em></strong></span> <span class='ocrx_word' id='word_1_104' title='bbox 976 1713 1256 1769; x_wconf 84' lang='lat' dir='ltr'><strong><em>ammonitt‘</em></strong></span> <span class='ocrx_word' id='word_1_105' title='bbox 1286 1713 1589 1783; x_wconf 84' lang='lat' dir='ltr'><strong><em>resipiscere</em></strong></span> 
     </span>
    </p>
   </div>
   <div class='ocr_carea' id='block_1_16' title="bbox 65 1802 1582 1884">
    <p class='ocr_par' dir='ltr' id='par_1_16' title="bbox 65 1802 1582 1884">
     <span class='ocr_line' id='line_1_16' title="bbox 65 1802 1582 1884; baseline -0.009 -17"><span class='ocrx_word' id='word_1_106' title='bbox 65 1813 342 1884; x_wconf 63' lang='lat' dir='ltr'><strong><em>despexistis.</em></strong></span> <span class='ocrx_word' id='word_1_107' title='bbox 359 1810 569 1875; x_wconf 81' lang='lat' dir='ltr'><strong><em>Venite;</em></strong></span> <span class='ocrx_word' id='word_1_108' title='bbox 585 1810 658 1863; x_wconf 83' lang='lat' dir='ltr'><strong><em>ibi</em></strong></span> <span class='ocrx_word' id='word_1_109' title='bbox 668 1809 807 1863; x_wconf 89' lang='lat' dir='ltr'><strong><em>enim</em></strong></span> <span class='ocrx_word' id='word_1_110' title='bbox 819 1806 1035 1861; x_wconf 85' lang='lat' dir='ltr'><strong><em>dabitur</em></strong></span> <span class='ocrx_word' id='word_1_111' title='bbox 1050 1804 1196 1859; x_wconf 80' lang='lat' dir='ltr'><strong><em>locus</em></strong></span> <span class='ocrx_word' id='word_1_112' title='bbox 1210 1802 1460 1857; x_wconf 86' lang='lat' dir='ltr'><strong><em>audiendi</em></strong></span> <span class='ocrx_word' id='word_1_113' title='bbox 1475 1814 1582 1867; x_wconf 81' lang='lat' dir='ltr'><strong><em>vos,</em></strong></span> 
     </span>
    </p>
   </div>
   <div class='ocr_carea' id='block_1_17' title="bbox 1686 408 3262 470">
    <p class='ocr_par' dir='ltr' id='par_1_17' title="bbox 1686 408 3262 470">
     <span class='ocr_line' id='line_1_17' title="bbox 1686 408 3262 470; baseline -0.007 -7"><span class='ocrx_word' id='word_1_114' title='bbox 1686 439 1758 449; x_wconf 88' lang='lat'><strong><em>——</em></strong></span> <span class='ocrx_word' id='word_1_115' title='bbox 1778 408 1903 462; x_wconf 79' lang='lat' dir='ltr'><strong><em>LIB.</em></strong></span> <span class='ocrx_word' id='word_1_116' title='bbox 1942 408 1985 462; x_wconf 87' lang='lat' dir='ltr'><strong><em>li</em></strong></span> <span class='ocrx_word' id='word_1_117' title='bbox 3158 413 3262 470; x_wconf 69' lang='lat'><strong><em>373</em></strong></span> 
     </span>
    </p>
   </div>
   <div class='ocr_carea' id='block_1_18' title="bbox 1687 524 3263 597">
    <p class='ocr_par' dir='ltr' id='par_1_18' title="bbox 1687 524 3263 597">
     <span class='ocr_line' id='line_1_18' title="bbox 1687 524 3263 597; baseline 0.001 -16"><span class='ocrx_word' id='word_1_118' title='bbox 1687 540 1811 581; x_wconf 88' lang='lat' dir='ltr'><strong><em>nem</em></strong></span> <span class='ocrx_word' id='word_1_119' title='bbox 1860 526 2044 580; x_wconf 83' lang='lat' dir='ltr'><strong><em>inveni</em></strong></span> <span class='ocrx_word' id='word_1_120' title='bbox 2097 524 2550 590; x_wconf 82' lang='lat' dir='ltr'><strong><em>inreverentiam,</em></strong></span> <span class='ocrx_word' id='word_1_121' title='bbox 2605 524 2680 580; x_wconf 84' lang='lat' dir='ltr'><strong><em>ita</em></strong></span> <span class='ocrx_word' id='word_1_122' title='bbox 2709 533 2770 581; x_wconf 85' lang='lat' dir='ltr'><strong><em>ut</em></strong></span> <span class='ocrx_word' id='word_1_123' title='bbox 2807 526 2971 581; x_wconf 88' lang='lat' dir='ltr'><strong><em>etiam</em></strong></span> <span class='ocrx_word' id='word_1_124' title='bbox 3025 526 3112 582; x_wconf 86' lang='lat' dir='ltr'><strong><em>bis</em></strong></span> <span class='ocrx_word' id='word_1_125' title='bbox 3165 527 3263 597; x_wconf 87' lang='lat' dir='ltr'><strong><em>qui</em></strong></span> 
     </span>
    </p>
   </div>
   <div class='ocr_carea' id='block_1_19' title="bbox 1689 618 3260 688">
    <p class='ocr_par' dir='ltr' id='par_1_19' title="bbox 1689 618 3260 688">
     <span class='ocr_line' id='line_1_19' title="bbox 1689 618 3260 688; baseline -0.001 -15"><span class='ocrx_word' id='word_1_126' title='bbox 1689 632 1905 673; x_wconf 88' lang='lat' dir='ltr'><strong><em>mecum</em></strong></span> <span class='ocrx_word' id='word_1_127' title='bbox 1925 626 2104 683; x_wconf 81' lang='lat' dir='ltr'><strong><em>erant,</em></strong></span> <span class='ocrx_word' id='word_1_128' title='bbox 2132 618 2290 686; x_wconf 88' lang='lat' dir='ltr'><strong><em>panis</em></strong></span> <span class='ocrx_word' id='word_1_129' title='bbox 2318 624 2629 688; x_wconf 77' lang='lat' dir='ltr'><strong><em>negaretur,</em></strong></span> <span class='ocrx_word' id='word_1_130' title='bbox 2657 625 2712 671; x_wconf 90' lang='lat' dir='ltr'><strong><em>et</em></strong></span> <span class='ocrx_word' id='word_1_131' title='bbox 2767 633 2942 688; x_wconf 88' lang='lat' dir='ltr'><strong><em>equus</em></strong></span> <span class='ocrx_word' id='word_1_132' title='bbox 2982 618 3260 679; x_wconf 85' lang='lat' dir='ltr'><strong><em>servienti.</em></strong></span> 
     </span>
    </p>
   </div>
   <div class='ocr_carea' id='block_1_20' title="bbox 1687 706 3264 777">
    <p class='ocr_par' dir='ltr' id='par_1_20' title="bbox 1687 706 3264 777">
     <span class='ocr_line' id='line_1_20' title="bbox 1687 706 3264 777; baseline 0.003 -17"><span class='ocrx_word' id='word_1_133' title='bbox 1687 721 1852 776; x_wconf 87' lang='lat' dir='ltr'><strong><em>quem</em></strong></span> <span class='ocrx_word' id='word_1_134' title='bbox 1902 706 2080 761; x_wconf 88' lang='lat' dir='ltr'><strong><em>solum</em></strong></span> <span class='ocrx_word' id='word_1_135' title='bbox 2119 721 2336 761; x_wconf 89' lang='lat' dir='ltr'><strong><em>mecum</em></strong></span> <span class='ocrx_word' id='word_1_136' title='bbox 2402 706 2766 772; x_wconf 89' lang='lat' dir='ltr'><strong><em>adduxeram,</em></strong></span> <span class='ocrx_word' id='word_1_137' title='bbox 2813 714 2869 760; x_wconf 91' lang='lat' dir='ltr'><strong><em>et</em></strong></span> <span class='ocrx_word' id='word_1_138' title='bbox 2916 707 3036 777; x_wconf 88' lang='lat' dir='ltr'><strong><em>ipsa</em></strong></span> <span class='ocrx_word' id='word_1_139' title='bbox 3081 709 3264 765; x_wconf 83' lang='lat' dir='ltr'><strong><em>omnis</em></strong></span> 
     </span>
    </p>
   </div>
   <div class='ocr_carea' id='block_1_21' title="bbox 1687 797 3265 867">
    <p class='ocr_par' dir='ltr' id='par_1_21' title="bbox 1687 797 3265 867">
     <span class='ocr_line' id='line_1_21' title="bbox 1687 797 3265 867; baseline 0.003 -16"><span class='ocrx_word' id='word_1_140' title='bbox 1687 798 1992 852; x_wconf 88' lang='lat' dir='ltr'><strong><em>reverentia</em></strong></span> <span class='ocrx_word' id='word_1_141' title='bbox 2012 797 2179 852; x_wconf 88' lang='lat' dir='ltr'><strong><em>etiam</em></strong></span> <span class='ocrx_word' id='word_1_142' title='bbox 2225 812 2255 850; x_wconf 90' lang='lat' dir='ltr'><strong><em>a</em></strong></span> <span class='ocrx_word' id='word_1_143' title='bbox 2299 797 2543 852; x_wconf 89' lang='lat' dir='ltr'><strong><em>minimis</em></strong></span> <span class='ocrx_word' id='word_1_144' title='bbox 2593 811 2704 852; x_wconf 92' lang='lat' dir='ltr'><strong><em>non</em></strong></span> <span class='ocrx_word' id='word_1_145' title='bbox 2752 798 2888 851; x_wconf 90' lang='lat' dir='ltr'><strong><em>mihi</em></strong></span> <span class='ocrx_word' id='word_1_146' title='bbox 2922 800 3265 867; x_wconf 78' lang='lat' dir='ltr'><strong><em>redderetur,</em></strong></span> 
     </span>
    </p>
   </div>
   <div class='ocr_carea' id='block_1_22' title="bbox 1687 885 3266 958">
    <p class='ocr_par' dir='ltr' id='par_1_22' title="bbox 1687 885 3266 958">
     <span class='ocr_line' id='line_1_22' title="bbox 1687 885 3266 958; baseline 0.003 -16"><span class='ocrx_word' id='word_1_147' title='bbox 1687 886 1858 942; x_wconf 85' lang='lat' dir='ltr'><strong><em>immo</em></strong></span> <span class='ocrx_word' id='word_1_148' title='bbox 1886 887 1990 956; x_wconf 88' lang='lat' dir='ltr'><strong><em>ipsi</em></strong></span> <span class='ocrx_word' id='word_1_149' title='bbox 2009 887 2105 957; x_wconf 86' lang='lat' dir='ltr'><strong><em>qui</em></strong></span> <span class='ocrx_word' id='word_1_150' title='bbox 2132 885 2428 956; x_wconf 73' lang='lat' dir='ltr'><strong><em>diligebant</em></strong></span> <span class='ocrx_word' id='word_1_151' title='bbox 2454 901 2581 951; x_wconf 70' lang='lat' dir='ltr'><strong><em>nos,</em></strong></span> <span class='ocrx_word' id='word_1_152' title='bbox 2609 887 2787 942; x_wconf 91' lang='lat' dir='ltr'><strong><em>vocati</em></strong></span> <span class='ocrx_word' id='word_1_153' title='bbox 2820 903 2851 941; x_wconf 93' lang='lat' dir='ltr'><strong><em>a</em></strong></span> <span class='ocrx_word' id='word_1_154' title='bbox 2875 902 2962 942; x_wconf 90' lang='lat' dir='ltr'><strong><em>me</em></strong></span> <span class='ocrx_word' id='word_1_155' title='bbox 2991 889 3111 958; x_wconf 85' lang='lat' dir='ltr'><strong><em>ipso</em></strong></span> <span class='ocrx_word' id='word_1_156' title='bbox 3139 899 3266 948; x_wconf 88' lang='lat' dir='ltr'><strong><em>ante</em></strong></span> 
     </span>
    </p>
   </div>
   <div class='ocr_carea' id='block_1_23' title="bbox 1687 977 3263 1049">
    <p class='ocr_par' dir='ltr' id='par_1_23' title="bbox 1687 977 3263 1049">
     <span class='ocr_line' id='line_1_23' title="bbox 1687 977 3263 1049; baseline 0.001 -16"><span class='ocrx_word' id='word_1_157' title='bbox 1687 992 1776 1033; x_wconf 91' lang='lat' dir='ltr'><strong><em>me</em></strong></span> <span class='ocrx_word' id='word_1_158' title='bbox 1798 978 1987 1033; x_wconf 86' lang='lat' dir='ltr'><strong><em>venire</em></strong></span> <span class='ocrx_word' id='word_1_159' title='bbox 2021 991 2131 1031; x_wconf 92' lang='lat' dir='ltr'><strong><em>non</em></strong></span> <span class='ocrx_word' id='word_1_160' title='bbox 2158 977 2441 1043; x_wconf 87' lang='lat' dir='ltr'><strong><em>auderent,</em></strong></span> <span class='ocrx_word' id='word_1_161' title='bbox 2477 978 2620 1033; x_wconf 88' lang='lat' dir='ltr'><strong><em>sicut</em></strong></span> <span class='ocrx_word' id='word_1_162' title='bbox 2648 978 2931 1048; x_wconf 86' lang='lat' dir='ltr'><strong><em>protestati</em></strong></span> <span class='ocrx_word' id='word_1_163' title='bbox 2954 989 3102 1047; x_wconf 89' lang='lat' dir='ltr'><strong><em>sunt,</em></strong></span> <span class='ocrx_word' id='word_1_164' title='bbox 3133 996 3263 1049; x_wconf 90' lang='lat' dir='ltr'><strong><em>pro—</em></strong></span> 
     </span>
    </p>
   </div>
   <div class='ocr_carea' id='block_1_24' title="bbox 1687 1066 3266 1137">
    <p class='ocr_par' dir='ltr' id='par_1_24' title="bbox 1687 1066 3266 1137">
     <span class='ocr_line' id='line_1_24' title="bbox 1687 1066 3266 1137; baseline 0.003 -15"><span class='ocrx_word' id='word_1_165' title='bbox 1687 1066 1845 1123; x_wconf 87' lang='lat' dir='ltr'><strong><em>hibiti</em></strong></span> <span class='ocrx_word' id='word_1_166' title='bbox 1896 1066 1966 1121; x_wconf 87' lang='lat' dir='ltr'><strong><em>ab</em></strong></span> <span class='ocrx_word' id='word_1_167' title='bbox 2018 1066 2258 1121; x_wconf 86' lang='lat' dir='ltr'><strong><em>inimicis</em></strong></span> <span class='ocrx_word' id='word_1_168' title='bbox 2304 1066 2528 1133; x_wconf 84' lang='lat' dir='ltr'><strong><em>nostris,</em></strong></span> <span class='ocrx_word' id='word_1_169' title='bbox 2567 1076 2623 1122; x_wconf 89' lang='lat' dir='ltr'><strong><em>et</em></strong></span> <span class='ocrx_word' id='word_1_170' title='bbox 2676 1068 2900 1137; x_wconf 87' lang='lat' dir='ltr'><strong><em>insuper</em></strong></span> <span class='ocrx_word' id='word_1_171' title='bbox 2948 1067 3056 1124; x_wconf 87' lang='lat' dir='ltr'><strong><em>nisi</em></strong></span> <span class='ocrx_word' id='word_1_172' title='bbox 3103 1070 3266 1127; x_wconf 88' lang='lat' dir='ltr'><strong><em>citius</em></strong></span> 
     </span>
    </p>
   </div>
   <div class='ocr_carea' id='block_1_25' title="bbox 1687 1158 3264 1224">
    <p class='ocr_par' dir='ltr' id='par_1_25' title="bbox 1687 1158 3264 1224">
     <span class='ocr_line' id='line_1_25' title="bbox 1687 1158 3264 1224; baseline 0.001 -10"><span class='ocrx_word' id='word_1_173' title='bbox 1687 1158 1932 1214; x_wconf 89' lang='lat' dir='ltr'><strong><em>monitus</em></strong></span> <span class='ocrx_word' id='word_1_174' title='bbox 1958 1171 2235 1213; x_wconf 88' lang='lat' dir='ltr'><strong><em>cameram</em></strong></span> <span class='ocrx_word' id='word_1_175' title='bbox 2268 1158 2527 1224; x_wconf 78' lang='lat' dir='ltr'><strong><em>exissem,</em></strong></span> <span class='ocrx_word' id='word_1_176' title='bbox 2547 1158 2726 1215; x_wconf 88' lang='lat' dir='ltr'><strong><em>iturus</em></strong></span> <span class='ocrx_word' id='word_1_177' title='bbox 2754 1174 2880 1215; x_wconf 89' lang='lat' dir='ltr'><strong><em>cum</em></strong></span> <span class='ocrx_word' id='word_1_178' title='bbox 2908 1161 2991 1216; x_wconf 89' lang='lat' dir='ltr'><strong><em>eis</em></strong></span> <span class='ocrx_word' id='word_1_179' title='bbox 3030 1162 3100 1217; x_wconf 89' lang='lat' dir='ltr'><strong><em>ad</em></strong></span> <span class='ocrx_word' id='word_1_180' title='bbox 3129 1176 3264 1218; x_wconf 89' lang='lat' dir='ltr'><strong><em>con-</em></strong></span> 
     </span>
    </p>
   </div>
   <div class='ocr_carea' id='block_1_26' title="bbox 1687 1249 3263 1319">
    <p class='ocr_par' dir='ltr' id='par_1_26' title="bbox 1687 1249 3263 1319">
     <span class='ocr_line' id='line_1_26' title="bbox 1687 1249 3263 1319; baseline 0 -13"><span class='ocrx_word' id='word_1_181' title='bbox 1687 1251 1898 1317; x_wconf 87' lang='lat' dir='ltr'><strong><em>cilium,</em></strong></span> <span class='ocrx_word' id='word_1_182' title='bbox 1949 1249 2080 1319; x_wconf 91' lang='lat' dir='ltr'><strong><em>quia</em></strong></span> <span class='ocrx_word' id='word_1_183' title='bbox 2124 1249 2443 1304; x_wconf 85' lang='lat' dir='ltr'><strong><em>retardabar</em></strong></span> <span class='ocrx_word' id='word_1_184' title='bbox 2491 1263 2591 1318; x_wconf 88' lang='lat' dir='ltr'><strong><em>pro</em></strong></span> <span class='ocrx_word' id='word_1_185' title='bbox 2631 1264 2773 1319; x_wconf 90' lang='lat' dir='ltr'><strong><em>equo</em></strong></span> <span class='ocrx_word' id='word_1_186' title='bbox 2818 1249 3010 1306; x_wconf 83' lang='lat' dir='ltr'><strong><em>famuli</em></strong></span> <span class='ocrx_word' id='word_1_187' title='bbox 3056 1252 3263 1319; x_wconf 83' lang='lat' dir='ltr'><strong><em>nostri,</em></strong></span> 
     </span>
    </p>
   </div>
   <div class='ocr_carea' id='block_1_27' title="bbox 1686 1340 3269 1411">
    <p class='ocr_par' dir='ltr' id='par_1_27' title="bbox 1686 1340 3269 1411">
     <span class='ocr_line' id='line_1_27' title="bbox 1686 1340 3269 1411; baseline 0.001 -14"><span class='ocrx_word' id='word_1_188' title='bbox 1686 1342 1851 1397; x_wconf 70' lang='lat' dir='ltr'><strong><em>mina:</em></strong></span> <span class='ocrx_word' id='word_1_189' title='bbox 1876 1349 1930 1396; x_wconf 90' lang='lat' dir='ltr'><strong><em>et</em></strong></span> <span class='ocrx_word' id='word_1_190' title='bbox 1954 1340 2247 1411; x_wconf 88' lang='lat' dir='ltr'><strong><em>opprobria</em></strong></span> <span class='ocrx_word' id='word_1_191' title='bbox 2300 1348 2356 1395; x_wconf 87' lang='lat' dir='ltr'><strong><em>et</em></strong></span> <span class='ocrx_word' id='word_1_192' title='bbox 2383 1341 2765 1396; x_wconf 86' lang='lat' dir='ltr'><strong><em>tumultuantis</em></strong></span> <span class='ocrx_word' id='word_1_193' title='bbox 2808 1343 2982 1397; x_wconf 70' lang='lat' dir='ltr'><strong><em>turbae</em></strong></span> <span class='ocrx_word' id='word_1_194' title='bbox 3028 1344 3269 1398; x_wconf 87' lang='lat' dir='ltr'><strong><em>turbatio</em></strong></span> 
     </span>
    </p>
   </div>
   <div class='ocr_carea' id='block_1_28' title="bbox 1686 1435 2231 1491">
    <p class='ocr_par' dir='ltr' id='par_1_28' title="bbox 1686 1435 2231 1491">
     <span class='ocr_line' id='line_1_28' title="bbox 1686 1435 2231 1491; baseline -0.004 -1"><span class='ocrx_word' id='word_1_195' title='bbox 1686 1436 1821 1491; x_wconf 83' lang='lat' dir='ltr'><strong><em>mihi</em></strong></span> <span class='ocrx_word' id='word_1_196' title='bbox 1847 1435 2231 1489; x_wconf 88' lang='lat' dir='ltr'><strong><em>intentaretur.</em></strong></span> 
     </span>
    </p>
   </div>
   <div class='ocr_carea' id='block_1_29' title="bbox 1757 1520 3269 1600">
    <p class='ocr_par' dir='ltr' id='par_1_29' title="bbox 1757 1520 3269 1600">
     <span class='ocr_line' id='line_1_29' title="bbox 1757 1520 3269 1600; baseline -0.003 -18"><span class='ocrx_word' id='word_1_197' title='bbox 1757 1526 1897 1600; x_wconf 84' lang='lat' dir='ltr'><strong><em>(Fol.</em></strong></span> <span class='ocrx_word' id='word_1_198' title='bbox 1926 1527 2075 1594; x_wconf 71' lang='lat' dir='ltr'><strong><em>H5.)</em></strong></span> <span class='ocrx_word' id='word_1_199' title='bbox 2112 1524 2270 1580; x_wconf 87' lang='lat' dir='ltr'><strong><em>Mane</em></strong></span> <span class='ocrx_word' id='word_1_200' title='bbox 2294 1523 2400 1579; x_wconf 89' lang='lat' dir='ltr'><strong><em>diei</em></strong></span> <span class='ocrx_word' id='word_1_201' title='bbox 2436 1522 2608 1593; x_wconf 87' lang='lat' dir='ltr'><strong><em>ipsius</em></strong></span> <span class='ocrx_word' id='word_1_202' title='bbox 2662 1522 2719 1576; x_wconf 91' lang='lat' dir='ltr'><strong><em>in</em></strong></span> <span class='ocrx_word' id='word_1_203' title='bbox 2771 1520 3010 1592; x_wconf 89' lang='lat' dir='ltr'><strong><em>capitulo</em></strong></span> <span class='ocrx_word' id='word_1_204' title='bbox 3056 1522 3269 1578; x_wconf 85' lang='lat' dir='ltr'><strong><em>litteras</em></strong></span> 
     </span>
    </p>
   </div>
   <div class='ocr_carea' id='block_1_30' title="bbox 1686 1614 3271 1685">
    <p class='ocr_par' dir='ltr' id='par_1_30' title="bbox 1686 1614 3271 1685">
     <span class='ocr_line' id='line_1_30' title="bbox 1686 1614 3271 1685; baseline -0.003 -10"><span class='ocrx_word' id='word_1_205' title='bbox 1686 1619 2045 1675; x_wconf 87' lang='lat' dir='ltr'><strong><em>cardinalium</em></strong></span> <span class='ocrx_word' id='word_1_206' title='bbox 2069 1618 2235 1673; x_wconf 87' lang='lat' dir='ltr'><strong><em>lectas</em></strong></span> <span class='ocrx_word' id='word_1_207' title='bbox 2262 1616 2519 1671; x_wconf 89' lang='lat' dir='ltr'><strong><em>omnibus</em></strong></span> <span class='ocrx_word' id='word_1_208' title='bbox 2543 1614 2792 1685; x_wconf 79' lang='lat' dir='ltr'><strong><em>exposui,</em></strong></span> <span class='ocrx_word' id='word_1_209' title='bbox 2815 1621 2870 1669; x_wconf 89' lang='lat' dir='ltr'><strong><em>et</em></strong></span> <span class='ocrx_word' id='word_1_210' title='bbox 2901 1614 3160 1683; x_wconf 85' lang='lat' dir='ltr'><strong><em>expositis</em></strong></span> <span class='ocrx_word' id='word_1_211' title='bbox 3188 1614 3271 1671; x_wconf 75' lang='lat' dir='ltr'><strong><em>eis</em></strong></span> 
     </span>
    </p>
   </div>
   <div class='ocr_carea' id='block_1_31' title="bbox 1689 1704 3272 1777">
    <p class='ocr_par' dir='ltr' id='par_1_31' title="bbox 1689 1704 3272 1777">
     <span class='ocr_line' id='line_1_31' title="bbox 1689 1704 3272 1777; baseline -0.004 -11"><span class='ocrx_word' id='word_1_212' title='bbox 1689 1719 1873 1766; x_wconf 90' lang='lat' dir='ltr'><strong><em>utrum</em></strong></span> <span class='ocrx_word' id='word_1_213' title='bbox 1897 1709 2199 1775; x_wconf 88' lang='lat' dir='ltr'><strong><em>obedirent,</em></strong></span> <span class='ocrx_word' id='word_1_214' title='bbox 2236 1706 2518 1777; x_wconf 85' lang='lat' dir='ltr'><strong><em>requisivi.</em></strong></span> <span class='ocrx_word' id='word_1_215' title='bbox 2542 1704 2601 1759; x_wconf 92' lang='lat' dir='ltr'><strong><em>ln</em></strong></span> <span class='ocrx_word' id='word_1_216' title='bbox 2624 1705 2805 1761; x_wconf 83' lang='lat' dir='ltr'><strong><em>verbis</em></strong></span> <span class='ocrx_word' id='word_1_217' title='bbox 2826 1719 2959 1760; x_wconf 89' lang='lat' dir='ltr'><strong><em>vero</em></strong></span> <span class='ocrx_word' id='word_1_218' title='bbox 2981 1719 3173 1759; x_wconf 89' lang='lat' dir='ltr'><strong><em>eorum</em></strong></span> <span class='ocrx_word' id='word_1_219' title='bbox 3217 1713 3272 1760; x_wconf 91' lang='lat' dir='ltr'><strong><em>et</em></strong></span> 
     </span>
    </p>
   </div>
   <div class='ocr_carea' id='block_1_32' title="bbox 1689 1797 3271 1866">
    <p class='ocr_par' dir='ltr' id='par_1_32' title="bbox 1689 1797 3271 1866">
     <span class='ocr_line' id='line_1_32' title="bbox 1689 1797 3271 1866; baseline -0.007 -8"><span class='ocrx_word' id='word_1_220' title='bbox 1689 1802 1847 1858; x_wconf 90' lang='lat' dir='ltr'><strong><em>factis</em></strong></span> <span class='ocrx_word' id='word_1_221' title='bbox 1878 1802 2025 1856; x_wconf 88' lang='lat' dir='ltr'><strong><em>nulla</em></strong></span> <span class='ocrx_word' id='word_1_222' title='bbox 2051 1800 2274 1855; x_wconf 89' lang='lat' dir='ltr'><strong><em>inventa</em></strong></span> <span class='ocrx_word' id='word_1_223' title='bbox 2303 1806 2387 1854; x_wconf 87' lang='lat' dir='ltr'><strong><em>est</em></strong></span> <span class='ocrx_word' id='word_1_224' title='bbox 2412 1797 2714 1863; x_wconf 84' lang='lat' dir='ltr'><strong><em>humilitas,</em></strong></span> <span class='ocrx_word' id='word_1_225' title='bbox 2746 1804 2841 1851; x_wconf 88' lang='lat' dir='ltr'><strong><em>aut</em></strong></span> <span class='ocrx_word' id='word_1_226' title='bbox 2887 1810 3015 1866; x_wconf 76' lang='lat' dir='ltr'><strong><em>erga</em></strong></span> <span class='ocrx_word' id='word_1_227' title='bbox 3069 1800 3271 1851; x_wconf 87' lang='lat' dir='ltr'><strong><em>statuta</em></strong></span> 
     </span>
    </p>
   </div>
   <div class='ocr_carea' id='block_1_33' title="bbox 66 1871 3273 1972">
    <p class='ocr_par' dir='ltr' id='par_1_33' title="bbox 66 1871 3273 1972">
     <span class='ocr_line' id='line_1_33' title="bbox 66 1871 3273 1972; baseline -0.007 -15"><span class='ocrx_word' id='word_1_228' title='bbox 66 1871 293 1959; x_wconf 48' lang='lat' dir='ltr'><strong><em>ubi&#39;omnia</em></strong></span> <span class='ocrx_word' id='word_1_229' title='bbox 320 1902 424 1957; x_wconf 89' lang='lat' dir='ltr'><strong><em>Deo</em></strong></span> <span class='ocrx_word' id='word_1_230' title='bbox 450 1903 656 1972; x_wconf 80' lang='lat' dir='ltr'><strong><em>favente</em></strong></span> <span class='ocrx_word' id='word_1_231' title='bbox 669 1896 1265 1971; x_wconf 85' lang='lat' dir='ltr'><strong><em>justetractabunturet</em></strong></span> <span class='ocrx_word' id='word_1_232' title='bbox 1280 1894 1548 1948; x_wconf 83' lang='lat' dir='ltr'><strong><em>canonice.</em></strong></span> <span class='ocrx_word' id='word_1_233' title='bbox 1617 1871 2257 1947; x_wconf 82' lang='lat' dir='ltr'><strong><em>Bconeiliiobedientia.</em></strong></span> <span class='ocrx_word' id='word_1_234' title='bbox 2303 1886 2395 1941; x_wconf 88' lang='lat' dir='ltr'><strong><em>Sic</em></strong></span> <span class='ocrx_word' id='word_1_235' title='bbox 2437 1885 2493 1938; x_wconf 91' lang='lat' dir='ltr'><strong><em>in</em></strong></span> <span class='ocrx_word' id='word_1_236' title='bbox 2538 1884 2686 1939; x_wconf 90' lang='lat' dir='ltr'><strong><em>nulla</em></strong></span> <span class='ocrx_word' id='word_1_237' title='bbox 2732 1899 2794 1939; x_wconf 89' lang='lat' dir='ltr'><strong><em>re</em></strong></span> <span class='ocrx_word' id='word_1_238' title='bbox 2826 1884 3151 1949; x_wconf 85' lang='lat' dir='ltr'><strong><em>honoratus,</em></strong></span> <span class='ocrx_word' id='word_1_239' title='bbox 3204 1882 3273 1936; x_wconf 88' lang='lat' dir='ltr'><strong><em>ad</em></strong></span> 
     </span>
    </p>
   </div>
   <div class='ocr_carea' id='block_1_34' title="bbox 118 1983 1588 2063">
    <p class='ocr_par' dir='ltr' id='par_1_34' title="bbox 118 1983 1588 2063">
     <span class='ocr_line' id='line_1_34' title="bbox 118 1983 1588 2063; baseline -0.004 -17"><span class='ocrx_word' id='word_1_240' title='bbox 118 1994 196 2049; x_wconf 84' lang='lat' dir='ltr'><strong><em>llis</em></strong></span> <span class='ocrx_word' id='word_1_241' title='bbox 229 1993 454 2063; x_wconf 84' lang='lat' dir='ltr'><strong><em>acceptis</em></strong></span> <span class='ocrx_word' id='word_1_242' title='bbox 500 1992 720 2059; x_wconf 90' lang='lat' dir='ltr'><strong><em>litteris,</em></strong></span> <span class='ocrx_word' id='word_1_243' title='bbox 746 1990 982 2047; x_wconf 88' lang='lat' dir='ltr'><strong><em>consilio</em></strong></span> <span class='ocrx_word' id='word_1_244' title='bbox 1029 1988 1160 2043; x_wconf 89' lang='lat' dir='ltr'><strong><em>dato</em></strong></span> <span class='ocrx_word' id='word_1_245' title='bbox 1199 1985 1471 2058; x_wconf 87' lang='lat' dir='ltr'><strong><em>quendam</em></strong></span> <span class='ocrx_word' id='word_1_246' title='bbox 1518 1983 1588 2040; x_wconf 85' lang='lat' dir='ltr'><strong><em>de</em></strong></span> 
     </span>
    </p>
   </div>
   <div class='ocr_carea' id='block_1_35' title="bbox 64 2073 1587 2152">
    <p class='ocr_par' dir='ltr' id='par_1_35' title="bbox 64 2073 1587 2152">
     <span class='ocr_line' id='line_1_35' title="bbox 64 2073 1587 2152; baseline -0.008 -13"><span class='ocrx_word' id='word_1_247' title='bbox 64 2084 154 2139; x_wconf 90' lang='lat' dir='ltr'><strong><em>suis</em></strong></span> <span class='ocrx_word' id='word_1_248' title='bbox 181 2092 353 2139; x_wconf 86' lang='lat' dir='ltr'><strong><em>contra</em></strong></span> <span class='ocrx_word' id='word_1_249' title='bbox 383 2097 469 2138; x_wconf 91' lang='lat' dir='ltr'><strong><em>me</em></strong></span> <span class='ocrx_word' id='word_1_250' title='bbox 500 2080 910 2152; x_wconf 87' lang='lat' dir='ltr'><strong><em>conspiratores</em></strong></span> <span class='ocrx_word' id='word_1_251' title='bbox 955 2079 1034 2135; x_wconf 90' lang='lat' dir='ltr'><strong><em>illi</em></strong></span> <span class='ocrx_word' id='word_1_252' title='bbox 1081 2077 1371 2142; x_wconf 88' lang='lat' dir='ltr'><strong><em>miserunt,</em></strong></span> <span class='ocrx_word' id='word_1_253' title='bbox 1401 2073 1587 2152; x_wconf 48' lang='lat' dir='ltr'><strong><em>homig</em></strong></span> 
     </span>
    </p>
   </div>
   <div class='ocr_carea' id='block_1_36' title="bbox 64 2148 1588 2248">
    <p class='ocr_par' dir='ltr' id='par_1_36' title="bbox 64 2148 1588 2248">
     <span class='ocr_line' id='line_1_36' title="bbox 64 2148 1588 2248; baseline -0.007 -17"><span class='ocrx_word' id='word_1_254' title='bbox 64 2192 158 2231; x_wconf 87' lang='lat' dir='ltr'><strong><em>nem</em></strong></span> <span class='ocrx_word' id='word_1_255' title='bbox 200 2177 285 2248; x_wconf 89' lang='lat' dir='ltr'><strong><em>qui</em></strong></span> <span class='ocrx_word' id='word_1_256' title='bbox 331 2177 387 2230; x_wconf 90' lang='lat' dir='ltr'><strong><em>in</em></strong></span> <span class='ocrx_word' id='word_1_257' title='bbox 432 2174 602 2231; x_wconf 89' lang='lat' dir='ltr'><strong><em>scolis</em></strong></span> <span class='ocrx_word' id='word_1_258' title='bbox 641 2148 881 2244; x_wconf 77' lang='lat' dir='ltr'><strong><em>puerum</em></strong></span> <span class='ocrx_word' id='word_1_259' title='bbox 916 2171 1209 2236; x_wconf 78' lang='lat' dir='ltr'><strong><em>ocCiderat,</em></strong></span> <span class='ocrx_word' id='word_1_260' title='bbox 1233 2177 1288 2224; x_wconf 89' lang='lat' dir='ltr'><strong><em>et</em></strong></span> <span class='ocrx_word' id='word_1_261' title='bbox 1305 2148 1588 2241; x_wconf 77' lang='lat' dir='ltr'><strong><em>Christum</em></strong></span> 
     </span>
    </p>
   </div>
   <div class='ocr_carea' id='block_1_37' title="bbox 63 2260 1590 2339">
    <p class='ocr_par' dir='ltr' id='par_1_37' title="bbox 63 2260 1590 2339">
     <span class='ocr_line' id='line_1_37' title="bbox 63 2260 1590 2339; baseline -0.007 -15"><span class='ocrx_word' id='word_1_262' title='bbox 63 2266 246 2338; x_wconf 77' lang='lat' dir='ltr'><strong><em>ejusque</em></strong></span> <span class='ocrx_word' id='word_1_263' title='bbox 267 2266 579 2339; x_wconf 72' lang='lat' dir='ltr'><strong><em>genitricem</em></strong></span> <span class='ocrx_word' id='word_1_264' title='bbox 599 2264 1043 2335; x_wconf 86' lang='lat' dir='ltr'><strong><em>baptismumque</em></strong></span> <span class='ocrx_word' id='word_1_265' title='bbox 1057 2260 1353 2331; x_wconf 76' lang='lat' dir='ltr'><strong><em>abnegans,</em></strong></span> <span class='ocrx_word' id='word_1_266' title='bbox 1368 2272 1590 2314; x_wconf 89' lang='lat' dir='ltr'><strong><em>servum</em></strong></span> 
     </span>
    </p>
   </div>
   <div class='ocr_carea' id='block_1_38' title="bbox 64 2350 1591 2429">
    <p class='ocr_par' dir='ltr' id='par_1_38' title="bbox 64 2350 1591 2429">
     <span class='ocr_line' id='line_1_38' title="bbox 64 2350 1591 2429; baseline -0.005 -17"><span class='ocrx_word' id='word_1_267' title='bbox 64 2372 108 2412; x_wconf 82' lang='lat' dir='ltr'><strong><em>se</em></strong></span> <span class='ocrx_word' id='word_1_268' title='bbox 127 2358 302 2413; x_wconf 78' lang='lat' dir='ltr'><strong><em>diaboli</em></strong></span> <span class='ocrx_word' id='word_1_269' title='bbox 327 2357 551 2429; x_wconf 89' lang='lat' dir='ltr'><strong><em>propria</em></strong></span> <span class='ocrx_word' id='word_1_270' title='bbox 593 2353 943 2413; x_wconf 77' lang='lat' dir='ltr'><strong><em>confessione</em></strong></span> <span class='ocrx_word' id='word_1_271' title='bbox 997 2351 1230 2418; x_wconf 87' lang='lat' dir='ltr'><strong><em>fecerat,</em></strong></span> <span class='ocrx_word' id='word_1_272' title='bbox 1277 2359 1335 2406; x_wconf 90' lang='lat' dir='ltr'><strong><em>et</em></strong></span> <span class='ocrx_word' id='word_1_273' title='bbox 1380 2350 1591 2421; x_wconf 83' lang='lat' dir='ltr'><strong><em>absque</em></strong></span> 
     </span>
    </p>
   </div>
   <div class='ocr_carea' id='block_1_39' title="bbox 64 2440 1591 2520">
    <p class='ocr_par' dir='ltr' id='par_1_39' title="bbox 64 2440 1591 2520">
     <span class='ocr_line' id='line_1_39' title="bbox 64 2440 1591 2520; baseline -0.006 -16"><span class='ocrx_word' id='word_1_274' title='bbox 64 2450 307 2520; x_wconf 86' lang='lat' dir='ltr'><strong><em>penitentia</em></strong></span> <span class='ocrx_word' id='word_1_275' title='bbox 332 2449 639 2506; x_wconf 85' lang='lat' dir='ltr'><strong><em>monachus</em></strong></span> <span class='ocrx_word' id='word_1_276' title='bbox 661 2448 947 2504; x_wconf 87' lang='lat' dir='ltr'><strong><em>ordinatus</em></strong></span> <span class='ocrx_word' id='word_1_277' title='bbox 972 2444 1179 2512; x_wconf 83' lang='lat' dir='ltr'><strong><em>fuerat;</em></strong></span> <span class='ocrx_word' id='word_1_278' title='bbox 1195 2448 1402 2514; x_wconf 73' lang='lat' dir='ltr'><strong><em>‘postea</em></strong></span> <span class='ocrx_word' id='word_1_279' title='bbox 1427 2440 1591 2496; x_wconf 88' lang='lat' dir='ltr'><strong><em>mali-</em></strong></span> 
     </span>
    </p>
   </div>
   <div class='ocr_carea' id='block_1_40' title="bbox 64 2535 1590 2613">
    <p class='ocr_par' dir='ltr' id='par_1_40' title="bbox 64 2535 1590 2613">
     <span class='ocr_line' id='line_1_40' title="bbox 64 2535 1590 2613; baseline -0.008 -13"><span class='ocrx_word' id='word_1_280' title='bbox 64 2559 145 2612; x_wconf 77' lang='lat' dir='ltr'><strong><em>gno</em></strong></span> <span class='ocrx_word' id='word_1_281' title='bbox 155 2543 347 2613; x_wconf 88' lang='lat' dir='ltr'><strong><em>spiritui</em></strong></span> <span class='ocrx_word' id='word_1_282' title='bbox 365 2543 623 2609; x_wconf 88' lang='lat' dir='ltr'><strong><em>traditus,</em></strong></span> <span class='ocrx_word' id='word_1_283' title='bbox 643 2550 700 2597; x_wconf 90' lang='lat' dir='ltr'><strong><em>et</em></strong></span> <span class='ocrx_word' id='word_1_284' title='bbox 717 2538 1061 2595; x_wconf 90' lang='lat' dir='ltr'><strong><em>orationibus</em></strong></span> <span class='ocrx_word' id='word_1_285' title='bbox 1082 2535 1313 2592; x_wconf 78' lang='lat' dir='ltr'><strong><em>fratrum</em></strong></span> <span class='ocrx_word' id='word_1_286' title='bbox 1343 2542 1590 2601; x_wconf 88' lang='lat' dir='ltr'><strong><em>curatus,</em></strong></span> 
     </span>
    </p>
   </div>
   <div class='ocr_carea' id='block_1_41' title="bbox 65 2628 1593 2703">
    <p class='ocr_par' dir='ltr' id='par_1_41' title="bbox 65 2628 1593 2703">
     <span class='ocr_line' id='line_1_41' title="bbox 65 2628 1593 2703; baseline -0.007 -14"><span class='ocrx_word' id='word_1_287' title='bbox 65 2634 288 2703; x_wconf 79' lang='lat' dir='ltr'><strong><em>publicam</em></strong></span> <span class='ocrx_word' id='word_1_288' title='bbox 315 2635 440 2692; x_wconf 89' lang='lat' dir='ltr'><strong><em>inde</em></strong></span> <span class='ocrx_word' id='word_1_289' title='bbox 469 2632 877 2690; x_wconf 79' lang='lat' dir='ltr'><strong><em>confessionem</em></strong></span> <span class='ocrx_word' id='word_1_290' title='bbox 902 2628 1129 2696; x_wconf 87' lang='lat' dir='ltr'><strong><em>fecerat,</em></strong></span> <span class='ocrx_word' id='word_1_291' title='bbox 1157 2636 1212 2683; x_wconf 92' lang='lat' dir='ltr'><strong><em>et</em></strong></span> <span class='ocrx_word' id='word_1_292' title='bbox 1239 2634 1435 2698; x_wconf 87' lang='lat' dir='ltr'><strong><em>quater</em></strong></span> <span class='ocrx_word' id='word_1_293' title='bbox 1464 2639 1593 2696; x_wconf 80' lang='lat' dir='ltr'><strong><em>pro-</em></strong></span> 
     </span>
    </p>
   </div>
   <div class='ocr_carea' id='block_1_42' title="bbox 66 2720 1593 2795">
    <p class='ocr_par' dir='ltr' id='par_1_42' title="bbox 66 2720 1593 2795">
     <span class='ocr_line' id='line_1_42' title="bbox 66 2720 1593 2795; baseline -0.004 -16"><span class='ocrx_word' id='word_1_294' title='bbox 66 2724 259 2782; x_wconf 84' lang='lat' dir='ltr'><strong><em>fessione</em></strong></span> <span class='ocrx_word' id='word_1_295' title='bbox 282 2726 503 2793; x_wconf 85' lang='lat' dir='ltr'><strong><em>violata,</em></strong></span> <span class='ocrx_word' id='word_1_296' title='bbox 537 2725 754 2780; x_wconf 86' lang='lat' dir='ltr'><strong><em>tandem</em></strong></span> <span class='ocrx_word' id='word_1_297' title='bbox 774 2737 875 2795; x_wconf 92' lang='lat' dir='ltr'><strong><em>pro</em></strong></span> <span class='ocrx_word' id='word_1_298' title='bbox 896 2721 1256 2778; x_wconf 86' lang='lat' dir='ltr'><strong><em>fornicatione</em></strong></span> <span class='ocrx_word' id='word_1_299' title='bbox 1276 2729 1332 2775; x_wconf 88' lang='lat' dir='ltr'><strong><em>et</em></strong></span> <span class='ocrx_word' id='word_1_300' title='bbox 1353 2720 1593 2775; x_wconf 90' lang='lat' dir='ltr'><strong><em>immun-</em></strong></span> 
     </span>
    </p>
   </div>
   <div class='ocr_carea' id='block_1_43' title="bbox 66 2811 1593 2892">
    <p class='ocr_par' dir='ltr' id='par_1_43' title="bbox 66 2811 1593 2892">
     <span class='ocr_line' id='line_1_43' title="bbox 66 2811 1593 2892; baseline -0.003 -21"><span class='ocrx_word' id='word_1_301' title='bbox 66 2817 438 2892; x_wconf 79' lang='lat' dir='ltr'><strong><em>diciaapOpulo</em></strong></span> <span class='ocrx_word' id='word_1_302' title='bbox 480 2819 551 2875; x_wconf 89' lang='lat' dir='ltr'><strong><em>de</em></strong></span> <span class='ocrx_word' id='word_1_303' title='bbox 594 2816 929 2875; x_wconf 89' lang='lat' dir='ltr'><strong><em>monasterio</em></strong></span> <span class='ocrx_word' id='word_1_304' title='bbox 966 2829 1092 2871; x_wconf 88' lang='lat' dir='ltr'><strong><em>cum</em></strong></span> <span class='ocrx_word' id='word_1_305' title='bbox 1139 2813 1305 2871; x_wconf 83' lang='lat' dir='ltr'><strong><em>sociis</em></strong></span> <span class='ocrx_word' id='word_1_306' title='bbox 1351 2812 1488 2878; x_wconf 91' lang='lat' dir='ltr'><strong><em>suis,</em></strong></span> <span class='ocrx_word' id='word_1_307' title='bbox 1510 2811 1593 2867; x_wconf 89' lang='lat' dir='ltr'><strong><em>eis</em></strong></span> 
     </span>
    </p>
   </div>
   <div class='ocr_carea' id='block_1_44' title="bbox 65 2908 1591 2983">
    <p class='ocr_par' dir='ltr' id='par_1_44' title="bbox 65 2908 1591 2983">
     <span class='ocr_line' id='line_1_44' title="bbox 65 2908 1591 2983; baseline -0.003 -20"><span class='ocrx_word' id='word_1_308' title='bbox 65 2910 229 2967; x_wconf 83' lang='lat' dir='ltr'><strong><em>scilicet</em></strong></span> <span class='ocrx_word' id='word_1_309' title='bbox 249 2912 336 2983; x_wconf 89' lang='lat' dir='ltr'><strong><em>qui</em></strong></span> <span class='ocrx_word' id='word_1_310' title='bbox 377 2918 571 2967; x_wconf 89' lang='lat' dir='ltr'><strong><em>contra</em></strong></span> <span class='ocrx_word' id='word_1_311' title='bbox 614 2924 702 2965; x_wconf 90' lang='lat' dir='ltr'><strong><em>me</em></strong></span> <span class='ocrx_word' id='word_1_312' title='bbox 735 2908 1183 2979; x_wconf 85' lang='lat' dir='ltr'><strong><em>conspiraverant</em></strong></span> <span class='ocrx_word' id='word_1_313' title='bbox 1202 2932 1274 2944; x_wconf 89' lang='lat'><strong><em>—-</em></strong></span> <span class='ocrx_word' id='word_1_314' title='bbox 1293 2919 1388 2960; x_wconf 90' lang='lat' dir='ltr'><strong><em>sex</em></strong></span> <span class='ocrx_word' id='word_1_315' title='bbox 1410 2911 1591 2958; x_wconf 89' lang='lat' dir='ltr'><strong><em>autem</em></strong></span> 
     </span>
    </p>
   </div>
   <div class='ocr_carea' id='block_1_45' title="bbox 66 2995 1590 3074">
    <p class='ocr_par' dir='ltr' id='par_1_45' title="bbox 66 2995 1590 3074">
     <span class='ocr_line' id='line_1_45' title="bbox 66 2995 1590 3074; baseline -0.005 -18"><span class='ocrx_word' id='word_1_316' title='bbox 66 3012 287 3071; x_wconf 84' lang='lat' dir='ltr'><strong><em>crant—,</em></strong></span> <span class='ocrx_word' id='word_1_317' title='bbox 316 3003 593 3074; x_wconf 78' lang='lat' dir='ltr'><strong><em>proiectus</em></strong></span> <span class='ocrx_word' id='word_1_318' title='bbox 619 2999 820 3067; x_wconf 87' lang='lat' dir='ltr'><strong><em>fuerat,</em></strong></span> <span class='ocrx_word' id='word_1_319' title='bbox 848 3007 903 3055; x_wconf 89' lang='lat' dir='ltr'><strong><em>et</em></strong></span> <span class='ocrx_word' id='word_1_320' title='bbox 930 3006 1081 3054; x_wconf 88' lang='lat' dir='ltr'><strong><em>extra</em></strong></span> <span class='ocrx_word' id='word_1_321' title='bbox 1101 2995 1405 3052; x_wconf 69' lang='lat' dir='ltr'><strong><em>aacclesiam</em></strong></span> <span class='ocrx_word' id='word_1_322' title='bbox 1433 3008 1590 3050; x_wconf 89' lang='lat' dir='ltr'><strong><em>suam</em></strong></span> 
     </span>
    </p>
   </div>
   <div class='ocr_carea' id='block_1_46' title="bbox 64 3086 1589 3163">
    <p class='ocr_par' dir='ltr' id='par_1_46' title="bbox 64 3086 1589 3163">
     <span class='ocr_line' id='line_1_46' title="bbox 64 3086 1589 3163; baseline -0.004 -15"><span class='ocrx_word' id='word_1_323' title='bbox 64 3095 283 3163; x_wconf 84' lang='lat' dir='ltr'><strong><em>presbiter</em></strong></span> <span class='ocrx_word' id='word_1_324' title='bbox 309 3096 595 3152; x_wconf 88' lang='lat' dir='ltr'><strong><em>ordinatus</em></strong></span> <span class='ocrx_word' id='word_1_325' title='bbox 638 3099 777 3159; x_wconf 85' lang='lat' dir='ltr'><strong><em>erat,</em></strong></span> <span class='ocrx_word' id='word_1_326' title='bbox 810 3107 936 3147; x_wconf 91' lang='lat' dir='ltr'><strong><em>cum</em></strong></span> <span class='ocrx_word' id='word_1_327' title='bbox 979 3102 1105 3145; x_wconf 88' lang='lat' dir='ltr'><strong><em>ante</em></strong></span> <span class='ocrx_word' id='word_1_328' title='bbox 1140 3089 1242 3145; x_wconf 88' lang='lat' dir='ltr'><strong><em>hec</em></strong></span> <span class='ocrx_word' id='word_1_329' title='bbox 1294 3086 1479 3143; x_wconf 86' lang='lat' dir='ltr'><strong><em>omnia</em></strong></span> <span class='ocrx_word' id='word_1_330' title='bbox 1532 3087 1589 3142; x_wconf 91' lang='lat' dir='ltr'><strong><em>in</em></strong></span> 
     </span>
    </p>
   </div>
   <div class='ocr_carea' id='block_1_47' title="bbox 65 3177 1661 3279">
    <p class='ocr_par' dir='ltr' id='par_1_47' title="bbox 65 3177 1661 3279">
     <span class='ocr_line' id='line_1_47' title="bbox 65 3177 1661 3279; baseline -0.003 -41"><span class='ocrx_word' id='word_1_331' title='bbox 65 3186 167 3240; x_wconf 81' lang='lat' dir='ltr'><strong><em>cella</em></strong></span> <span class='ocrx_word' id='word_1_332' title='bbox 182 3186 460 3243; x_wconf 85' lang='lat' dir='ltr'><strong><em>Colticensi</em></strong></span> <span class='ocrx_word' id='word_1_333' title='bbox 489 3187 659 3243; x_wconf 90' lang='lat' dir='ltr'><strong><em>arcba</em></strong></span> <span class='ocrx_word' id='word_1_334' title='bbox 698 3183 894 3251; x_wconf 88' lang='lat' dir='ltr'><strong><em>fracta,</em></strong></span> <span class='ocrx_word' id='word_1_335' title='bbox 939 3181 1170 3253; x_wconf 88' lang='lat' dir='ltr'><strong><em>pecunia</em></strong></span> <span class='ocrx_word' id='word_1_336' title='bbox 1200 3180 1435 3246; x_wconf 89' lang='lat' dir='ltr'><strong><em>sublata,</em></strong></span> <span class='ocrx_word' id='word_1_337' title='bbox 1467 3177 1587 3234; x_wconf 89' lang='lat' dir='ltr'><strong><em>dal-</em></strong></span> <span class='ocrx_word' id='word_1_338' title='bbox 1616 3216 1661 3279; x_wconf 67' lang='grc' dir='ltr'>Ο</span> 
     </span>
    </p>
   </div>
   <div class='ocr_carea' id='block_1_48' title="bbox 64 3270 1589 3349">
    <p class='ocr_par' dir='ltr' id='par_1_48' title="bbox 64 3270 1589 3349">
     <span class='ocr_line' id='line_1_48' title="bbox 64 3270 1589 3349; baseline -0.005 -16"><span class='ocrx_word' id='word_1_339' title='bbox 64 3281 223 3336; x_wconf 81' lang='lat' dir='ltr'><strong><em>matica</em></strong></span> <span class='ocrx_word' id='word_1_340' title='bbox 258 3281 433 3336; x_wconf 84' lang='lat' dir='ltr'><strong><em>furata</em></strong></span> <span class='ocrx_word' id='word_1_341' title='bbox 461 3288 519 3336; x_wconf 85' lang='lat' dir='ltr'><strong><em>et</em></strong></span> <span class='ocrx_word' id='word_1_342' title='bbox 547 3278 603 3333; x_wconf 88' lang='lat' dir='ltr'><strong><em>in</em></strong></span> <span class='ocrx_word' id='word_1_343' title='bbox 638 3277 888 3349; x_wconf 88' lang='lat' dir='ltr'><strong><em>proprios</em></strong></span> <span class='ocrx_word' id='word_1_344' title='bbox 942 3290 1078 3330; x_wconf 91' lang='lat' dir='ltr'><strong><em>usus</em></strong></span> <span class='ocrx_word' id='word_1_345' title='bbox 1123 3280 1326 3344; x_wconf 89' lang='lat' dir='ltr'><strong><em>aptata,</em></strong></span> <span class='ocrx_word' id='word_1_346' title='bbox 1365 3270 1589 3327; x_wconf 89' lang='lat' dir='ltr'><strong><em>sacrile-</em></strong></span> 
     </span>
    </p>
   </div>
   <div class='ocr_carea' id='block_1_49' title="bbox 65 3362 1591 3447">
    <p class='ocr_par' dir='ltr' id='par_1_49' title="bbox 65 3362 1591 3447">
     <span class='ocr_line' id='line_1_49' title="bbox 65 3362 1591 3447; baseline -0.007 -20"><span class='ocrx_word' id='word_1_347' title='bbox 65 3375 179 3442; x_wconf 77' lang='lat' dir='ltr'><strong><em>gium</em></strong></span> <span class='ocrx_word' id='word_1_348' title='bbox 225 3382 611 3447; x_wconf 86' lang='lat' dir='ltr'><strong><em>perpetrasset,</em></strong></span> <span class='ocrx_word' id='word_1_349' title='bbox 658 3379 715 3426; x_wconf 89' lang='lat' dir='ltr'><strong><em>et</em></strong></span> <span class='ocrx_word' id='word_1_350' title='bbox 759 3370 864 3425; x_wconf 88' lang='lat' dir='ltr'><strong><em>alia</em></strong></span> <span class='ocrx_word' id='word_1_351' title='bbox 913 3367 1183 3439; x_wconf 86' lang='lat' dir='ltr'><strong><em>quedam,</em></strong></span> <span class='ocrx_word' id='word_1_352' title='bbox 1224 3380 1347 3436; x_wconf 77' lang='lat' dir='ltr'><strong><em>qua:</em></strong></span> <span class='ocrx_word' id='word_1_353' title='bbox 1392 3362 1591 3419; x_wconf 87' lang='lat' dir='ltr'><strong><em>referre</em></strong></span> 
     </span>
    </p>
   </div>
   <div class='ocr_carea' id='block_1_50' title="bbox 66 3455 1591 3533">
    <p class='ocr_par' dir='ltr' id='par_1_50' title="bbox 66 3455 1591 3533">
     <span class='ocr_line' id='line_1_50' title="bbox 66 3455 1591 3533; baseline -0.009 -14"><span class='ocrx_word' id='word_1_354' title='bbox 66 3465 221 3533; x_wconf 85' lang='lat' dir='ltr'><strong><em>pudet,</em></strong></span> <span class='ocrx_word' id='word_1_355' title='bbox 255 3464 640 3521; x_wconf 83' lang='lat' dir='ltr'><strong><em>commisisset.</em></strong></span> <span class='ocrx_word' id='word_1_356' title='bbox 658 3459 717 3514; x_wconf 87' lang='lat' dir='ltr'><strong><em>In</em></strong></span> <span class='ocrx_word' id='word_1_357' title='bbox 735 3457 976 3530; x_wconf 85' lang='lat' dir='ltr'><strong><em>episcopi</em></strong></span> <span class='ocrx_word' id='word_1_358' title='bbox 1001 3455 1385 3525; x_wconf 89' lang='lat' dir='ltr'><strong><em>sociorumque</em></strong></span> <span class='ocrx_word' id='word_1_359' title='bbox 1406 3461 1591 3508; x_wconf 90' lang='lat' dir='ltr'><strong><em>tamen</em></strong></span> 
     </span>
    </p>
   </div>
   <div class='ocr_carea' id='block_1_51' title="bbox 66 3546 1593 3629">
    <p class='ocr_par' dir='ltr' id='par_1_51' title="bbox 66 3546 1593 3629">
     <span class='ocr_line' id='line_1_51' title="bbox 66 3546 1593 3629; baseline -0.009 -17"><span class='ocrx_word' id='word_1_360' title='bbox 66 3558 307 3625; x_wconf 69' lang='lat' dir='ltr'><strong><em>praesentia</em></strong></span> <span class='ocrx_word' id='word_1_361' title='bbox 330 3556 715 3629; x_wconf 82' lang='lat' dir='ltr'><strong><em>purgationem</em></strong></span> <span class='ocrx_word' id='word_1_362' title='bbox 769 3552 1044 3607; x_wconf 83' lang='lat' dir='ltr'><strong><em>illatorum</em></strong></span> <span class='ocrx_word' id='word_1_363' title='bbox 1082 3557 1207 3603; x_wconf 87' lang='lat' dir='ltr'><strong><em>ante</em></strong></span> <span class='ocrx_word' id='word_1_364' title='bbox 1251 3546 1356 3602; x_wconf 88' lang='lat' dir='ltr'><strong><em>alia</em></strong></span> <span class='ocrx_word' id='word_1_365' title='bbox 1389 3548 1444 3599; x_wconf 90' lang='lat' dir='ltr'><strong><em>in</em></strong></span> <span class='ocrx_word' id='word_1_366' title='bbox 1474 3558 1593 3600; x_wconf 85' lang='lat' dir='ltr'><strong><em>om-</em></strong></span> 
     </span>
    </p>
   </div>
   <div class='ocr_carea' id='block_1_52' title="bbox 64 3637 1593 3716">
    <p class='ocr_par' dir='ltr' id='par_1_52' title="bbox 64 3637 1593 3716">
     <span class='ocr_line' id='line_1_52' title="bbox 64 3637 1593 3716; baseline -0.008 -17"><span class='ocrx_word' id='word_1_367' title='bbox 64 3646 183 3702; x_wconf 85' lang='lat' dir='ltr'><strong><em>nium</em></strong></span> <span class='ocrx_word' id='word_1_368' title='bbox 207 3646 470 3703; x_wconf 87' lang='lat' dir='ltr'><strong><em>audientia</em></strong></span> <span class='ocrx_word' id='word_1_369' title='bbox 497 3643 700 3716; x_wconf 88' lang='lat' dir='ltr'><strong><em>optuli;</em></strong></span> <span class='ocrx_word' id='word_1_370' title='bbox 726 3641 871 3713; x_wconf 88' lang='lat' dir='ltr'><strong><em>quod</em></strong></span> <span class='ocrx_word' id='word_1_371' title='bbox 897 3637 1275 3695; x_wconf 76' lang='lat' dir='ltr'><strong><em>deﬁcientibus</em></strong></span> <span class='ocrx_word' id='word_1_372' title='bbox 1304 3642 1593 3690; x_wconf 84' lang='lat' dir='ltr'><strong><em>accusato-</em></strong></span> 
     </span>
    </p>
   </div>
   <div class='ocr_carea' id='block_1_53' title="bbox 64 3727 1591 3809">
    <p class='ocr_par' dir='ltr' id='par_1_53' title="bbox 64 3727 1591 3809">
     <span class='ocr_line' id='line_1_53' title="bbox 64 3727 1591 3809; baseline -0.005 -21"><span class='ocrx_word' id='word_1_373' title='bbox 64 3737 184 3792; x_wconf 86' lang='lat' dir='ltr'><strong><em>ribus</em></strong></span> <span class='ocrx_word' id='word_1_374' title='bbox 201 3736 441 3809; x_wconf 88' lang='lat' dir='ltr'><strong><em>prosequi</em></strong></span> <span class='ocrx_word' id='word_1_375' title='bbox 471 3750 700 3792; x_wconf 88' lang='lat' dir='ltr'><strong><em>necesse</em></strong></span> <span class='ocrx_word' id='word_1_376' title='bbox 738 3749 849 3789; x_wconf 92' lang='lat' dir='ltr'><strong><em>non</em></strong></span> <span class='ocrx_word' id='word_1_377' title='bbox 898 3730 1030 3796; x_wconf 87' lang='lat' dir='ltr'><strong><em>fuit;</em></strong></span> <span class='ocrx_word' id='word_1_378' title='bbox 1070 3735 1125 3784; x_wconf 89' lang='lat' dir='ltr'><strong><em>et</em></strong></span> <span class='ocrx_word' id='word_1_379' title='bbox 1166 3729 1247 3784; x_wconf 88' lang='lat' dir='ltr'><strong><em>sic</em></strong></span> <span class='ocrx_word' id='word_1_380' title='bbox 1293 3727 1349 3782; x_wconf 89' lang='lat' dir='ltr'><strong><em>in</em></strong></span> <span class='ocrx_word' id='word_1_381' title='bbox 1403 3739 1591 3782; x_wconf 90' lang='lat' dir='ltr'><strong><em>eorum</em></strong></span> 
     </span>
    </p>
   </div>
   <div class='ocr_carea' id='block_1_54' title="bbox 64 3819 1594 3899">
    <p class='ocr_par' dir='ltr' id='par_1_54' title="bbox 64 3819 1594 3899">
     <span class='ocr_line' id='line_1_54' title="bbox 64 3819 1594 3899; baseline -0.009 -13"><span class='ocrx_word' id='word_1_382' title='bbox 64 3830 303 3897; x_wconf 65' lang='lat' dir='ltr'><strong><em>praesentia</em></strong></span> <span class='ocrx_word' id='word_1_383' title='bbox 322 3829 541 3885; x_wconf 89' lang='lat' dir='ltr'><strong><em>abbatia</em></strong></span> <span class='ocrx_word' id='word_1_384' title='bbox 589 3825 797 3899; x_wconf 86' lang='lat' dir='ltr'><strong><em>judicio</em></strong></span> <span class='ocrx_word' id='word_1_385' title='bbox 823 3823 1040 3880; x_wconf 86' lang='lat' dir='ltr'><strong><em>concilii</em></strong></span> <span class='ocrx_word' id='word_1_386' title='bbox 1068 3821 1201 3877; x_wconf 83' lang='lat' dir='ltr'><strong><em>mihi</em></strong></span> <span class='ocrx_word' id='word_1_387' title='bbox 1251 3819 1460 3876; x_wconf 87' lang='lat' dir='ltr'><strong><em>reddita</em></strong></span> <span class='ocrx_word' id='word_1_388' title='bbox 1488 3824 1594 3885; x_wconf 87' lang='lat' dir='ltr'><strong><em>est,</em></strong></span> 
     </span>
    </p>
   </div>
   <div class='ocr_carea' id='block_1_55' title="bbox 65 3910 1596 3986">
    <p class='ocr_par' dir='ltr' id='par_1_55' title="bbox 65 3910 1596 3986">
     <span class='ocr_line' id='line_1_55' title="bbox 65 3910 1596 3986; baseline -0.005 -14"><span class='ocrx_word' id='word_1_389' title='bbox 65 3927 105 3972; x_wconf 85' lang='lat' dir='ltr'><strong><em>ct</em></strong></span> <span class='ocrx_word' id='word_1_390' title='bbox 124 3921 221 3976; x_wconf 86' lang='lat' dir='ltr'><strong><em>sedi</em></strong></span> <span class='ocrx_word' id='word_1_391' title='bbox 239 3922 520 3977; x_wconf 88' lang='lat' dir='ltr'><strong><em>restitutus</em></strong></span> <span class='ocrx_word' id='word_1_392' title='bbox 543 3934 690 3975; x_wconf 89' lang='lat' dir='ltr'><strong><em>sum.</em></strong></span> <span class='ocrx_word' id='word_1_393' title='bbox 741 3916 959 3972; x_wconf 66' lang='lat' dir='ltr'><strong><em>Litterae</em></strong></span> <span class='ocrx_word' id='word_1_394' title='bbox 1011 3928 1229 3986; x_wconf 86' lang='lat' dir='ltr'><strong><em>quoque</em></strong></span> <span class='ocrx_word' id='word_1_395' title='bbox 1282 3910 1468 3967; x_wconf 66' lang='lat' dir='ltr'><strong><em>missae</em></strong></span> <span class='ocrx_word' id='word_1_396' title='bbox 1508 3925 1596 3965; x_wconf 87' lang='lat' dir='ltr'><strong><em>re-</em></strong></span> 
     </span>
    </p>
   </div>
   <div class='ocr_carea' id='block_1_56' title="bbox 64 4003 1592 4083">
    <p class='ocr_par' dir='ltr' id='par_1_56' title="bbox 64 4003 1592 4083">
     <span class='ocr_line' id='line_1_56' title="bbox 64 4003 1592 4083; baseline -0.009 -14"><span class='ocrx_word' id='word_1_397' title='bbox 64 4022 198 4082; x_wconf 74' lang='lat' dir='ltr'><strong><em>cepta:</em></strong></span> <span class='ocrx_word' id='word_1_398' title='bbox 214 4030 313 4069; x_wconf 86' lang='lat' dir='ltr'><strong><em>non</em></strong></span> <span class='ocrx_word' id='word_1_399' title='bbox 337 4022 491 4080; x_wconf 89' lang='lat' dir='ltr'><strong><em>sunt,</em></strong></span> <span class='ocrx_word' id='word_1_400' title='bbox 541 4010 796 4083; x_wconf 80' lang='lat' dir='ltr'><strong><em>quamvis</em></strong></span> <span class='ocrx_word' id='word_1_401' title='bbox 823 4025 854 4064; x_wconf 90' lang='lat' dir='ltr'><strong><em>a</em></strong></span> <span class='ocrx_word' id='word_1_402' title='bbox 894 4006 1220 4079; x_wconf 89' lang='lat' dir='ltr'><strong><em>quibusdam</em></strong></span> <span class='ocrx_word' id='word_1_403' title='bbox 1266 4005 1420 4060; x_wconf 69' lang='lat' dir='ltr'><strong><em>lectae</em></strong></span> <span class='ocrx_word' id='word_1_404' title='bbox 1464 4003 1592 4059; x_wconf 89' lang='lat' dir='ltr'><strong><em>sint.</em></strong></span> 
     </span>
    </p>
   </div>
   <div class='ocr_carea' id='block_1_57' title="bbox 65 4096 1598 4171">
    <p class='ocr_par' dir='ltr' id='par_1_57' title="bbox 65 4096 1598 4171">
     <span class='ocr_line' id='line_1_57' title="bbox 65 4096 1598 4171; baseline -0.005 -14"><span class='ocrx_word' id='word_1_405' title='bbox 65 4102 138 4158; x_wconf 87' lang='lat' dir='ltr'><strong><em>Dic</em></strong></span> <span class='ocrx_word' id='word_1_406' title='bbox 178 4115 343 4161; x_wconf 88' lang='lat' dir='ltr'><strong><em>autem</em></strong></span> <span class='ocrx_word' id='word_1_407' title='bbox 378 4104 709 4162; x_wconf 72' lang='lat' dir='ltr'><strong><em>lfestivitatis</em></strong></span> <span class='ocrx_word' id='word_1_408' title='bbox 762 4101 1096 4171; x_wconf 82' lang='lat' dir='ltr'><strong><em>exceptionis</em></strong></span> <span class='ocrx_word' id='word_1_409' title='bbox 1130 4098 1376 4169; x_wconf 89' lang='lat' dir='ltr'><strong><em>corporis</em></strong></span> <span class='ocrx_word' id='word_1_410' title='bbox 1424 4096 1598 4153; x_wconf 86' lang='lat' dir='ltr'><strong><em>sancti</em></strong></span> 
     </span>
    </p>
   </div>
   <div class='ocr_carea' id='block_1_58' title="bbox 64 4189 1596 4275">
    <p class='ocr_par' dir='ltr' id='par_1_58' title="bbox 64 4189 1596 4275">
     <span class='ocr_line' id='line_1_58' title="bbox 64 4189 1596 4275; baseline -0.005 -25"><span class='ocrx_word' id='word_1_411' title='bbox 64 4192 275 4275; x_wconf 70' lang='lat' dir='ltr'><strong><em>Prejecti,</em></strong></span> <span class='ocrx_word' id='word_1_412' title='bbox 297 4214 418 4269; x_wconf 73' lang='lat' dir='ltr'><strong><em>qua:</em></strong></span> <span class='ocrx_word' id='word_1_413' title='bbox 446 4197 756 4254; x_wconf 83' lang='lat' dir='ltr'><strong><em>celebratur</em></strong></span> <span class='ocrx_word' id='word_1_414' title='bbox 800 4194 834 4249; x_wconf 91' lang='lat'>8</span> <span class='ocrx_word' id='word_1_415' title='bbox 886 4193 1015 4248; x_wconf 87' lang='lat' dir='ltr'><strong><em>Idus</em></strong></span> <span class='ocrx_word' id='word_1_416' title='bbox 1044 4189 1386 4256; x_wconf 81' lang='lat' dir='ltr'><strong><em>Novembris,</em></strong></span> <span class='ocrx_word' id='word_1_417' title='bbox 1429 4203 1596 4243; x_wconf 85' lang='lat' dir='ltr'><strong><em>vene-</em></strong></span> 
     </span>
    </p>
   </div>
   <div class='ocr_carea' id='block_1_59' title="bbox 65 4279 1599 4346">
    <p class='ocr_par' dir='ltr' id='par_1_59' title="bbox 65 4279 1599 4346">
     <span class='ocr_line' id='line_1_59' title="bbox 65 4279 1599 4346; baseline -0.004 -6"><span class='ocrx_word' id='word_1_418' title='bbox 65 4299 164 4341; x_wconf 87' lang='lat' dir='ltr'><strong><em>runt</em></strong></span> <span class='ocrx_word' id='word_1_419' title='bbox 195 4288 468 4346; x_wconf 83' lang='lat' dir='ltr'><strong><em>Divionem</em></strong></span> <span class='ocrx_word' id='word_1_420' title='bbox 505 4289 616 4345; x_wconf 91' lang='lat' dir='ltr'><strong><em>duo</em></strong></span> <span class='ocrx_word' id='word_1_421' title='bbox 664 4303 732 4342; x_wconf 87' lang='lat' dir='ltr'><strong><em>ex</em></strong></span> <span class='ocrx_word' id='word_1_422' title='bbox 789 4284 1049 4341; x_wconf 85' lang='lat' dir='ltr'><strong><em>fratribus</em></strong></span> <span class='ocrx_word' id='word_1_423' title='bbox 1095 4279 1599 4339; x_wconf 85' lang='lat' dir='ltr'><strong><em>Flaviniacensibus</em></strong></span> 
     </span>
    </p>
   </div>
   <div class='ocr_carea' id='block_1_60' title="bbox 64 4370 1597 4446">
    <p class='ocr_par' dir='ltr' id='par_1_60' title="bbox 64 4370 1597 4446">
     <span class='ocr_line' id='line_1_60' title="bbox 64 4370 1597 4446; baseline -0.005 -16"><span class='ocrx_word' id='word_1_424' title='bbox 64 4377 185 4433; x_wconf 86' lang='lat' dir='ltr'><strong><em>missi</em></strong></span> <span class='ocrx_word' id='word_1_425' title='bbox 208 4380 271 4435; x_wconf 87' lang='lat' dir='ltr'><strong><em>ab</em></strong></span> <span class='ocrx_word' id='word_1_426' title='bbox 292 4380 390 4446; x_wconf 86' lang='lat' dir='ltr'><strong><em>eis,</em></strong></span> <span class='ocrx_word' id='word_1_427' title='bbox 435 4377 761 4434; x_wconf 90' lang='lat' dir='ltr'><strong><em>mandantcs</em></strong></span> <span class='ocrx_word' id='word_1_428' title='bbox 789 4386 850 4432; x_wconf 90' lang='lat' dir='ltr'><strong><em>ut</em></strong></span> <span class='ocrx_word' id='word_1_429' title='bbox 885 4375 1140 4440; x_wconf 83' lang='lat' dir='ltr'><strong><em>redirem,</em></strong></span> <span class='ocrx_word' id='word_1_430' title='bbox 1176 4373 1282 4443; x_wconf 88' lang='lat' dir='ltr'><strong><em>ipsi</em></strong></span> <span class='ocrx_word' id='word_1_431' title='bbox 1308 4370 1597 4426; x_wconf 89' lang='lat' dir='ltr'><strong><em>obedirent</em></strong></span> 
     </span>
    </p>
   </div>
   <div class='ocr_carea' id='block_1_61' title="bbox 65 4462 1599 4539">
    <p class='ocr_par' dir='ltr' id='par_1_61' title="bbox 65 4462 1599 4539">
     <span class='ocr_line' id='line_1_61' title="bbox 65 4462 1599 4539; baseline -0.007 -13"><span class='ocrx_word' id='word_1_432' title='bbox 65 4472 207 4528; x_wconf 81' lang='lat' dir='ltr'><strong><em>nobis.</em></strong></span> <span class='ocrx_word' id='word_1_433' title='bbox 234 4471 537 4530; x_wconf 86' lang='lat' dir='ltr'><strong><em>Consilium</em></strong></span> <span class='ocrx_word' id='word_1_434' title='bbox 563 4486 693 4527; x_wconf 88' lang='lat' dir='ltr'><strong><em>vero</em></strong></span> <span class='ocrx_word' id='word_1_435' title='bbox 728 4469 957 4539; x_wconf 86' lang='lat' dir='ltr'><strong><em>fratrum</em></strong></span> <span class='ocrx_word' id='word_1_436' title='bbox 978 4475 1292 4523; x_wconf 88' lang='lat' dir='ltr'><strong><em>nostrorum</em></strong></span> <span class='ocrx_word' id='word_1_437' title='bbox 1324 4463 1446 4532; x_wconf 87' lang='lat' dir='ltr'><strong><em>fuit,</em></strong></span> <span class='ocrx_word' id='word_1_438' title='bbox 1468 4462 1599 4533; x_wconf 88' lang='lat' dir='ltr'><strong><em>quia</em></strong></span> 
     </span>
    </p>
   </div>
   <div class='ocr_carea' id='block_1_62' title="bbox 1686 1971 3273 2047">
    <p class='ocr_par' dir='ltr' id='par_1_62' title="bbox 1686 1971 3273 2047">
     <span class='ocr_line' id='line_1_62' title="bbox 1686 1971 3273 2047; baseline -0.009 -7"><span class='ocrx_word' id='word_1_439' title='bbox 1686 1983 1980 2040; x_wconf 86' lang='lat' dir='ltr'><strong><em>concilium</em></strong></span> <span class='ocrx_word' id='word_1_440' title='bbox 2027 1980 2347 2036; x_wconf 86' lang='lat' dir='ltr'><strong><em>Pictavense</em></strong></span> <span class='ocrx_word' id='word_1_441' title='bbox 2384 1976 2633 2047; x_wconf 89' lang='lat' dir='ltr'><strong><em>proxima</em></strong></span> <span class='ocrx_word' id='word_1_442' title='bbox 2674 1974 2975 2030; x_wconf 87' lang='lat' dir='ltr'><strong><em>ebdomada</em></strong></span> <span class='ocrx_word' id='word_1_443' title='bbox 3027 1971 3273 2028; x_wconf 85' lang='lat' dir='ltr'><strong><em>futurum</em></strong></span> 
     </span>
    </p>
   </div>
   <div class='ocr_carea' id='block_1_63' title="bbox 1686 2065 3272 2142">
    <p class='ocr_par' dir='ltr' id='par_1_63' title="bbox 1686 2065 3272 2142">
     <span class='ocr_line' id='line_1_63' title="bbox 1686 2065 3272 2142; baseline -0.008 -11"><span class='ocrx_word' id='word_1_444' title='bbox 1686 2075 2074 2139; x_wconf 84' lang='lat' dir='ltr'><strong><em>accelerantes,</em></strong></span> <span class='ocrx_word' id='word_1_445' title='bbox 2102 2071 2246 2142; x_wconf 89' lang='lat' dir='ltr'><strong><em>apud</em></strong></span> <span class='ocrx_word' id='word_1_446' title='bbox 2280 2068 2520 2125; x_wconf 88' lang='lat' dir='ltr'><strong><em>Colticas</em></strong></span> <span class='ocrx_word' id='word_1_447' title='bbox 2546 2083 2720 2138; x_wconf 87' lang='lat' dir='ltr'><strong><em>usque</em></strong></span> <span class='ocrx_word' id='word_1_448' title='bbox 2751 2066 2809 2121; x_wconf 90' lang='lat' dir='ltr'><strong><em>in</em></strong></span> <span class='ocrx_word' id='word_1_449' title='bbox 2836 2065 2980 2122; x_wconf 89' lang='lat' dir='ltr'><strong><em>diem</em></strong></span> <span class='ocrx_word' id='word_1_450' title='bbox 3014 2074 3272 2136; x_wconf 89' lang='lat' dir='ltr'><strong><em>quartum</em></strong></span> 
     </span>
    </p>
   </div>
   <div class='ocr_carea' id='block_1_64' title="bbox 1686 2157 3345 2235">
    <p class='ocr_par' dir='ltr' id='par_1_64' title="bbox 1686 2157 3345 2235">
     <span class='ocr_line' id='line_1_64' title="bbox 1686 2157 3345 2235; baseline -0.008 -14"><span class='ocrx_word' id='word_1_451' title='bbox 1686 2166 1967 2233; x_wconf 88' lang='lat' dir='ltr'><strong><em>remorati,</em></strong></span> <span class='ocrx_word' id='word_1_452' title='bbox 1992 2162 2367 2235; x_wconf 78' lang='lat' dir='ltr'><strong><em>retrogradum</em></strong></span> <span class='ocrx_word' id='word_1_453' title='bbox 2394 2161 2498 2215; x_wconf 86' lang='lat' dir='ltr'><strong><em>iter</em></strong></span> <span class='ocrx_word' id='word_1_454' title='bbox 2517 2157 2847 2228; x_wconf 88' lang='lat' dir='ltr'><strong><em>arripuimus</em></strong></span> <span class='ocrx_word' id='word_1_455' title='bbox 2867 2172 2931 2212; x_wconf 90' lang='lat' dir='ltr'><strong><em>ea</em></strong></span> <span class='ocrx_word' id='word_1_456' title='bbox 2964 2157 3273 2222; x_wconf 82' lang='lat' dir='ltr'><strong><em>occasione,</em></strong></span> <span class='ocrx_word' id='word_1_457' title='bbox 3344 2196 3345 2199; x_wconf 57' lang='grc' dir='ltr'><strong>η</strong></span> 
     </span>
    </p>
   </div>
   <div class='ocr_carea' id='block_1_65' title="bbox 1687 2249 3275 2327">
    <p class='ocr_par' dir='ltr' id='par_1_65' title="bbox 1687 2249 3275 2327">
     <span class='ocr_line' id='line_1_65' title="bbox 1687 2249 3275 2327; baseline -0.007 -16"><span class='ocrx_word' id='word_1_458' title='bbox 1687 2256 1815 2327; x_wconf 89' lang='lat' dir='ltr'><strong><em>quia</em></strong></span> <span class='ocrx_word' id='word_1_459' title='bbox 1851 2256 2145 2311; x_wconf 90' lang='lat' dir='ltr'><strong><em>noluerunt</em></strong></span> <span class='ocrx_word' id='word_1_460' title='bbox 2188 2254 2270 2308; x_wconf 86' lang='lat' dir='ltr'><strong><em>ire</em></strong></span> <span class='ocrx_word' id='word_1_461' title='bbox 2314 2266 2382 2308; x_wconf 88' lang='lat' dir='ltr'><strong><em>eo</em></strong></span> <span class='ocrx_word' id='word_1_462' title='bbox 2423 2250 2569 2322; x_wconf 91' lang='lat' dir='ltr'><strong><em>quod</em></strong></span> <span class='ocrx_word' id='word_1_463' title='bbox 2615 2250 2684 2304; x_wconf 91' lang='lat' dir='ltr'><strong><em>de</em></strong></span> <span class='ocrx_word' id='word_1_464' title='bbox 2728 2249 3045 2303; x_wconf 90' lang='lat' dir='ltr'><strong><em>investitura</em></strong></span> <span class='ocrx_word' id='word_1_465' title='bbox 3092 2262 3275 2304; x_wconf 86' lang='lat' dir='ltr'><strong><em>sermo</em></strong></span> 
     </span>
    </p>
   </div>
   <div class='ocr_carea' id='block_1_66' title="bbox 1689 2338 3273 2420">
    <p class='ocr_par' dir='ltr' id='par_1_66' title="bbox 1689 2338 3273 2420">
     <span class='ocr_line' id='line_1_66' title="bbox 1689 2338 3273 2420; baseline -0.008 -15"><span class='ocrx_word' id='word_1_466' title='bbox 1689 2355 1958 2420; x_wconf 81' lang='lat' dir='ltr'><strong><em>ageretur,</em></strong></span> <span class='ocrx_word' id='word_1_467' title='bbox 1980 2362 2106 2403; x_wconf 90' lang='lat' dir='ltr'><strong><em>cum</em></strong></span> <span class='ocrx_word' id='word_1_468' title='bbox 2137 2345 2302 2401; x_wconf 89' lang='lat' dir='ltr'><strong><em>etiam</em></strong></span> <span class='ocrx_word' id='word_1_469' title='bbox 2324 2358 2413 2399; x_wconf 90' lang='lat' dir='ltr'><strong><em>me</em></strong></span> <span class='ocrx_word' id='word_1_470' title='bbox 2443 2356 2628 2397; x_wconf 89' lang='lat' dir='ltr'><strong><em>coram</em></strong></span> <span class='ocrx_word' id='word_1_471' title='bbox 2663 2340 2745 2395; x_wconf 91' lang='lat' dir='ltr'><strong><em>eis</em></strong></span> <span class='ocrx_word' id='word_1_472' title='bbox 2784 2338 3066 2410; x_wconf 87' lang='lat' dir='ltr'><strong><em>professus</em></strong></span> <span class='ocrx_word' id='word_1_473' title='bbox 3094 2352 3273 2394; x_wconf 82' lang='lat' dir='ltr'><strong><em>essem</em></strong></span> 
     </span>
    </p>
   </div>
   <div class='ocr_carea' id='block_1_67' title="bbox 1687 2429 3278 2501">
    <p class='ocr_par' dir='ltr' id='par_1_67' title="bbox 1687 2429 3278 2501">
     <span class='ocr_line' id='line_1_67' title="bbox 1687 2429 3278 2501; baseline -0.008 -6"><span class='ocrx_word' id='word_1_474' title='bbox 1687 2440 1829 2495; x_wconf 85' lang='lat' dir='ltr'><strong><em>bene</em></strong></span> <span class='ocrx_word' id='word_1_475' title='bbox 1855 2439 2171 2495; x_wconf 88' lang='lat' dir='ltr'><strong><em>investitum</em></strong></span> <span class='ocrx_word' id='word_1_476' title='bbox 2202 2455 2218 2492; x_wconf 91' lang='lat'>:</span> <span class='ocrx_word' id='word_1_477' title='bbox 2246 2443 2310 2491; x_wconf 88' lang='lat' dir='ltr'><strong><em>ut</em></strong></span> <span class='ocrx_word' id='word_1_478' title='bbox 2325 2435 2410 2490; x_wconf 90' lang='lat' dir='ltr'><strong><em>vel</em></strong></span> <span class='ocrx_word' id='word_1_479' title='bbox 2433 2434 2515 2490; x_wconf 89' lang='lat' dir='ltr'><strong><em>sic</em></strong></span> <span class='ocrx_word' id='word_1_480' title='bbox 2540 2431 2771 2488; x_wconf 89' lang='lat' dir='ltr'><strong><em>ducerer</em></strong></span> <span class='ocrx_word' id='word_1_481' title='bbox 2797 2431 2867 2486; x_wconf 91' lang='lat' dir='ltr'><strong><em>ab</em></strong></span> <span class='ocrx_word' id='word_1_482' title='bbox 2894 2430 2998 2497; x_wconf 86' lang='lat' dir='ltr'><strong><em>eis,</em></strong></span> <span class='ocrx_word' id='word_1_483' title='bbox 3035 2429 3131 2501; x_wconf 89' lang='lat' dir='ltr'><strong><em>qui</em></strong></span> <span class='ocrx_word' id='word_1_484' title='bbox 3174 2444 3278 2483; x_wconf 89' lang='lat' dir='ltr'><strong><em>nec</em></strong></span> 
     </span>
    </p>
   </div>
   <div class='ocr_carea' id='block_1_68' title="bbox 1690 2521 3341 2592">
    <p class='ocr_par' dir='ltr' id='par_1_68' title="bbox 1690 2521 3341 2592">
     <span class='ocr_line' id='line_1_68' title="bbox 1690 2521 3341 2592; baseline -0.008 -5"><span class='ocrx_word' id='word_1_485' title='bbox 1690 2547 1861 2588; x_wconf 89' lang='lat' dir='ltr'><strong><em>unum</em></strong></span> <span class='ocrx_word' id='word_1_486' title='bbox 1891 2530 2074 2585; x_wconf 89' lang='lat' dir='ltr'><strong><em>saltim</em></strong></span> <span class='ocrx_word' id='word_1_487' title='bbox 2100 2527 2322 2589; x_wconf 86' lang='lat' dir='ltr'><strong><em>fratrem</em></strong></span> <span class='ocrx_word' id='word_1_488' title='bbox 2353 2525 2595 2580; x_wconf 87' lang='lat' dir='ltr'><strong><em>amicum</em></strong></span> <span class='ocrx_word' id='word_1_489' title='bbox 2628 2521 2787 2578; x_wconf 89' lang='lat' dir='ltr'><strong><em>nobis</em></strong></span> <span class='ocrx_word' id='word_1_490' title='bbox 2820 2529 2877 2577; x_wconf 89' lang='lat' dir='ltr'><strong><em>et</em></strong></span> <span class='ocrx_word' id='word_1_491' title='bbox 2919 2533 3277 2592; x_wconf 80' lang='lat' dir='ltr'><strong><em>pernecessa-</em></strong></span> <span class='ocrx_word' id='word_1_492' title='bbox 3337 2575 3341 2579; x_wconf 68' lang='grc'><strong><em>,</em></strong></span> 
     </span>
    </p>
   </div>
   <div class='ocr_carea' id='block_1_69' title="bbox 1688 2610 3276 2685">
    <p class='ocr_par' dir='ltr' id='par_1_69' title="bbox 1688 2610 3276 2685">
     <span class='ocr_line' id='line_1_69' title="bbox 1688 2610 3276 2685; baseline -0.008 -9"><span class='ocrx_word' id='word_1_493' title='bbox 1688 2623 1832 2676; x_wconf 90' lang='lat' dir='ltr'><strong><em>rium</em></strong></span> <span class='ocrx_word' id='word_1_494' title='bbox 1862 2618 2144 2676; x_wconf 88' lang='lat' dir='ltr'><strong><em>comitatui</em></strong></span> <span class='ocrx_word' id='word_1_495' title='bbox 2164 2625 2375 2683; x_wconf 86' lang='lat' dir='ltr'><strong><em>nostro,</em></strong></span> <span class='ocrx_word' id='word_1_496' title='bbox 2386 2614 2481 2685; x_wconf 84' lang='lat' dir='ltr'><strong><em>qui</em></strong></span> <span class='ocrx_word' id='word_1_497' title='bbox 2503 2628 2604 2684; x_wconf 91' lang='lat' dir='ltr'><strong><em>pro</em></strong></span> <span class='ocrx_word' id='word_1_498' title='bbox 2616 2611 2772 2667; x_wconf 87' lang='lat' dir='ltr'><strong><em>libitu</em></strong></span> <span class='ocrx_word' id='word_1_499' title='bbox 2786 2626 2980 2667; x_wconf 89' lang='lat' dir='ltr'><strong><em>eorum</em></strong></span> <span class='ocrx_word' id='word_1_500' title='bbox 2993 2610 3222 2681; x_wconf 71' lang='lat' dir='ltr'><strong><em>agebatu</em></strong></span> <span class='ocrx_word' id='word_1_501' title='bbox 3229 2624 3276 2676; x_wconf 83' lang='lat' dir='ltr'><strong><em>r.</em></strong></span> 
     </span>
    </p>
   </div>
   <div class='ocr_carea' id='block_1_70' title="bbox 1690 2700 3282 2780">
    <p class='ocr_par' dir='ltr' id='par_1_70' title="bbox 1690 2700 3282 2780">
     <span class='ocr_line' id='line_1_70' title="bbox 1690 2700 3282 2780; baseline -0.007 -16"><span class='ocrx_word' id='word_1_502' title='bbox 1690 2710 1987 2780; x_wconf 82' lang='lat' dir='ltr'><strong><em>adjungere</em></strong></span> <span class='ocrx_word' id='word_1_503' title='bbox 2008 2707 2283 2773; x_wconf 83' lang='lat' dir='ltr'><strong><em>volebant,</em></strong></span> <span class='ocrx_word' id='word_1_504' title='bbox 2311 2720 2439 2762; x_wconf 86' lang='lat' dir='ltr'><strong><em>cum</em></strong></span> <span class='ocrx_word' id='word_1_505' title='bbox 2470 2704 2575 2775; x_wconf 85' lang='lat' dir='ltr'><strong><em>ipsi</em></strong></span> <span class='ocrx_word' id='word_1_506' title='bbox 2598 2717 2792 2759; x_wconf 85' lang='lat' dir='ltr'><strong><em>omnes</em></strong></span> <span class='ocrx_word' id='word_1_507' title='bbox 2822 2709 3011 2757; x_wconf 86' lang='lat' dir='ltr'><strong><em>essent</em></strong></span> <span class='ocrx_word' id='word_1_508' title='bbox 3047 2700 3282 2765; x_wconf 82' lang='lat' dir='ltr'><strong><em>inimici,</em></strong></span> 
     </span>
    </p>
   </div>
   <div class='ocr_carea' id='block_1_71' title="bbox 1691 2789 3280 2862">
    <p class='ocr_par' dir='ltr' id='par_1_71' title="bbox 1691 2789 3280 2862">
     <span class='ocr_line' id='line_1_71' title="bbox 1691 2789 3280 2862; baseline -0.009 -6"><span class='ocrx_word' id='word_1_509' title='bbox 1691 2815 1752 2856; x_wconf 89' lang='lat' dir='ltr'><strong><em>re</em></strong></span> <span class='ocrx_word' id='word_1_510' title='bbox 1780 2808 1965 2855; x_wconf 87' lang='lat' dir='ltr'><strong><em>autem</em></strong></span> <span class='ocrx_word' id='word_1_511' title='bbox 1991 2813 2119 2854; x_wconf 89' lang='lat' dir='ltr'><strong><em>vera</em></strong></span> <span class='ocrx_word' id='word_1_512' title='bbox 2154 2797 2226 2853; x_wconf 90' lang='lat' dir='ltr'><strong><em>ob</em></strong></span> <span class='ocrx_word' id='word_1_513' title='bbox 2270 2796 2325 2852; x_wconf 90' lang='lat' dir='ltr'><strong><em>id</em></strong></span> <span class='ocrx_word' id='word_1_514' title='bbox 2353 2795 2434 2850; x_wconf 90' lang='lat' dir='ltr'><strong><em>ire</em></strong></span> <span class='ocrx_word' id='word_1_515' title='bbox 2469 2793 2784 2860; x_wconf 86' lang='lat' dir='ltr'><strong><em>noluerunt,</em></strong></span> <span class='ocrx_word' id='word_1_516' title='bbox 2806 2791 2958 2862; x_wconf 89' lang='lat' dir='ltr'><strong><em>quia,</em></strong></span> <span class='ocrx_word' id='word_1_517' title='bbox 2988 2789 3132 2860; x_wconf 88' lang='lat' dir='ltr'><strong><em>parti</em></strong></span> <span class='ocrx_word' id='word_1_518' title='bbox 3165 2802 3280 2843; x_wconf 76' lang='lat' dir='ltr'><strong><em>sua:</em></strong></span> 
     </span>
    </p>
   </div>
   <div class='ocr_carea' id='block_1_72' title="bbox 1692 2877 3281 2957">
    <p class='ocr_par' dir='ltr' id='par_1_72' title="bbox 1692 2877 3281 2957">
     <span class='ocr_line' id='line_1_72' title="bbox 1692 2877 3281 2957; baseline -0.009 -8"><span class='ocrx_word' id='word_1_519' title='bbox 1692 2894 1876 2950; x_wconf 83' lang='lat' dir='ltr'><strong><em>minus</em></strong></span> <span class='ocrx_word' id='word_1_520' title='bbox 1901 2892 2204 2957; x_wconf 89' lang='lat' dir='ltr'><strong><em>credentes,</em></strong></span> <span class='ocrx_word' id='word_1_521' title='bbox 2227 2887 2448 2945; x_wconf 86' lang='lat' dir='ltr'><strong><em>concilii</em></strong></span> <span class='ocrx_word' id='word_1_522' title='bbox 2470 2885 2741 2957; x_wconf 85' lang='lat' dir='ltr'><strong><em>justitiam</em></strong></span> <span class='ocrx_word' id='word_1_523' title='bbox 2763 2892 2820 2940; x_wconf 91' lang='lat' dir='ltr'><strong><em>et</em></strong></span> <span class='ocrx_word' id='word_1_524' title='bbox 2848 2881 3036 2938; x_wconf 84' lang='lat' dir='ltr'><strong><em>domui</em></strong></span> <span class='ocrx_word' id='word_1_525' title='bbox 3064 2877 3281 2936; x_wconf 70' lang='lat' dir='ltr'><strong><em>abbatis</em></strong></span> 
     </span>
    </p>
   </div>
   <div class='ocr_carea' id='block_1_73' title="bbox 1692 2971 3276 3057">
    <p class='ocr_par' dir='ltr' id='par_1_73' title="bbox 1692 2971 3276 3057">
     <span class='ocr_line' id='line_1_73' title="bbox 1692 2971 3276 3057; baseline -0.009 -17"><span class='ocrx_word' id='word_1_526' title='bbox 1692 2981 2049 3042; x_wconf 76' lang='lat' dir='ltr'><strong><em>Divionensis‘</em></strong></span> <span class='ocrx_word' id='word_1_527' title='bbox 2100 2991 2458 3050; x_wconf 87' lang='lat' dir='ltr'><strong><em>nostramque</em></strong></span> <span class='ocrx_word' id='word_1_528' title='bbox 2492 2975 2841 3057; x_wconf 71' lang='lat' dir='ltr'><strong><em>‘verebantur</em></strong></span> <span class='ocrx_word' id='word_1_529' title='bbox 2908 2971 3276 3046; x_wconf 64' lang='lat' dir='ltr'><strong><em>praesentiam.</em></strong></span> 
     </span>
    </p>
   </div>
   <div class='ocr_carea' id='block_1_74' title="bbox 1691 3062 3280 3146">
    <p class='ocr_par' dir='ltr' id='par_1_74' title="bbox 1691 3062 3280 3146">
     <span class='ocr_line' id='line_1_74' title="bbox 1691 3062 3280 3146; baseline -0.011 -13"><span class='ocrx_word' id='word_1_530' title='bbox 1691 3078 1848 3146; x_wconf 86' lang='lat' dir='ltr'><strong><em>Quod</em></strong></span> <span class='ocrx_word' id='word_1_531' title='bbox 1878 3078 2009 3133; x_wconf 88' lang='lat' dir='ltr'><strong><em>hinc</em></strong></span> <span class='ocrx_word' id='word_1_532' title='bbox 2042 3075 2253 3146; x_wconf 87' lang='lat' dir='ltr'><strong><em>liquido</em></strong></span> <span class='ocrx_word' id='word_1_533' title='bbox 2281 3071 2461 3128; x_wconf 89' lang='lat' dir='ltr'><strong><em>conici</em></strong></span> <span class='ocrx_word' id='word_1_534' title='bbox 2486 3076 2686 3142; x_wconf 87' lang='lat' dir='ltr'><strong><em>potest,</em></strong></span> <span class='ocrx_word' id='word_1_535' title='bbox 2729 3068 2861 3139; x_wconf 87' lang='lat' dir='ltr'><strong><em>quia</em></strong></span> <span class='ocrx_word' id='word_1_536' title='bbox 2902 3080 3030 3122; x_wconf 88' lang='lat' dir='ltr'><strong><em>cum</em></strong></span> <span class='ocrx_word' id='word_1_537' title='bbox 3070 3076 3162 3118; x_wconf 89' lang='lat' dir='ltr'><strong><em>me</em></strong></span> <span class='ocrx_word' id='word_1_538' title='bbox 3205 3062 3280 3116; x_wconf 86' lang='lat' dir='ltr'><strong><em>ita</em></strong></span> 
     </span>
    </p>
   </div>
   <div class='ocr_carea' id='block_1_75' title="bbox 1691 3155 3280 3239">
    <p class='ocr_par' dir='ltr' id='par_1_75' title="bbox 1691 3155 3280 3239">
     <span class='ocr_line' id='line_1_75' title="bbox 1691 3155 3280 3239; baseline -0.012 -12"><span class='ocrx_word' id='word_1_539' title='bbox 1691 3178 1965 3226; x_wconf 86' lang='lat' dir='ltr'><strong><em>remoran</em></strong></span> <span class='ocrx_word' id='word_1_540' title='bbox 1992 3167 2285 3239; x_wconf 88' lang='lat' dir='ltr'><strong><em>quemdam</em></strong></span> <span class='ocrx_word' id='word_1_541' title='bbox 2311 3165 2379 3221; x_wconf 90' lang='lat' dir='ltr'><strong><em>de</em></strong></span> <span class='ocrx_word' id='word_1_542' title='bbox 2400 3163 2517 3219; x_wconf 90' lang='lat' dir='ltr'><strong><em>suis</em></strong></span> <span class='ocrx_word' id='word_1_543' title='bbox 2537 3161 2632 3234; x_wconf 86' lang='lat' dir='ltr'><strong><em>illo</em></strong></span> <span class='ocrx_word' id='word_1_544' title='bbox 2667 3159 2950 3216; x_wconf 86' lang='lat' dir='ltr'><strong><em>misissent</em></strong></span> <span class='ocrx_word' id='word_1_545' title='bbox 2977 3171 3103 3213; x_wconf 88' lang='lat' dir='ltr'><strong><em>cum</em></strong></span> <span class='ocrx_word' id='word_1_546' title='bbox 3133 3155 3280 3209; x_wconf 83' lang='lat' dir='ltr'><strong><em>litte-</em></strong></span> 
     </span>
    </p>
   </div>
   <div class='ocr_carea' id='block_1_76' title="bbox 1691 3246 3284 3329">
    <p class='ocr_par' dir='ltr' id='par_1_76' title="bbox 1691 3246 3284 3329">
     <span class='ocr_line' id='line_1_76' title="bbox 1691 3246 3284 3329; baseline -0.011 -12"><span class='ocrx_word' id='word_1_547' title='bbox 1691 3262 1791 3329; x_wconf 88' lang='lat' dir='ltr'><strong><em>ris,</em></strong></span> <span class='ocrx_word' id='word_1_548' title='bbox 1825 3269 1882 3317; x_wconf 90' lang='lat' dir='ltr'><strong><em>et</em></strong></span> <span class='ocrx_word' id='word_1_549' title='bbox 1916 3261 2024 3317; x_wconf 89' lang='lat' dir='ltr'><strong><em>hoc</em></strong></span> <span class='ocrx_word' id='word_1_550' title='bbox 2049 3274 2139 3314; x_wconf 89' lang='lat' dir='ltr'><strong><em>me</em></strong></span> <span class='ocrx_word' id='word_1_551' title='bbox 2184 3256 2383 3323; x_wconf 89' lang='lat' dir='ltr'><strong><em>inscio,</em></strong></span> <span class='ocrx_word' id='word_1_552' title='bbox 2432 3269 2535 3310; x_wconf 84' lang='lat' dir='ltr'><strong><em>nec</em></strong></span> <span class='ocrx_word' id='word_1_553' title='bbox 2584 3252 2820 3309; x_wconf 90' lang='lat' dir='ltr'><strong><em>concilio</em></strong></span> <span class='ocrx_word' id='word_1_554' title='bbox 2865 3246 3136 3315; x_wconf 89' lang='lat' dir='ltr'><strong><em>interfuit,</em></strong></span> <span class='ocrx_word' id='word_1_555' title='bbox 3180 3260 3284 3301; x_wconf 92' lang='lat' dir='ltr'><strong><em>nec</em></strong></span> 
     </span>
    </p>
   </div>
   <div class='ocr_carea' id='block_1_77' title="bbox 1690 3334 3283 3422">
    <p class='ocr_par' dir='ltr' id='par_1_77' title="bbox 1690 3334 3283 3422">
     <span class='ocr_line' id='line_1_77' title="bbox 1690 3334 3283 3422; baseline -0.011 -13"><span class='ocrx_word' id='word_1_556' title='bbox 1690 3352 2061 3409; x_wconf 87' lang='lat' dir='ltr'><strong><em>cardinalibus</em></strong></span> <span class='ocrx_word' id='word_1_557' title='bbox 2084 3352 2366 3422; x_wconf 84' lang='lat' dir='ltr'><strong><em>loquutus,</em></strong></span> <span class='ocrx_word' id='word_1_558' title='bbox 2389 3355 2451 3403; x_wconf 91' lang='lat' dir='ltr'><strong><em>ut</em></strong></span> <span class='ocrx_word' id='word_1_559' title='bbox 2473 3345 2643 3412; x_wconf 90' lang='lat' dir='ltr'><strong><em>venit,</em></strong></span> <span class='ocrx_word' id='word_1_560' title='bbox 2668 3334 2749 3419; x_wconf 83' lang='lat' dir='ltr'><strong><em>sic</em></strong></span> <span class='ocrx_word' id='word_1_561' title='bbox 2772 3342 2951 3400; x_wconf 88' lang='lat' dir='ltr'><strong><em>rediit.</em></strong></span> <span class='ocrx_word' id='word_1_562' title='bbox 2979 3340 3077 3395; x_wconf 86' lang='lat' dir='ltr'><strong><em>Hic</em></strong></span> <span class='ocrx_word' id='word_1_563' title='bbox 3098 3345 3283 3393; x_wconf 88' lang='lat' dir='ltr'><strong><em>autem</em></strong></span> 
     </span>
    </p>
   </div>
   <div class='ocr_carea' id='block_1_78' title="bbox 1690 3428 3285 3516">
    <p class='ocr_par' dir='ltr' id='par_1_78' title="bbox 1690 3428 3285 3516">
     <span class='ocr_line' id='line_1_78' title="bbox 1690 3428 3285 3516; baseline -0.011 -15"><span class='ocrx_word' id='word_1_564' title='bbox 1690 3446 1838 3502; x_wconf 90' lang='lat' dir='ltr'><strong><em>illius</em></strong></span> <span class='ocrx_word' id='word_1_565' title='bbox 1866 3443 2187 3516; x_wconf 86' lang='lat' dir='ltr'><strong><em>superioris,</em></strong></span> <span class='ocrx_word' id='word_1_566' title='bbox 2237 3456 2401 3511; x_wconf 91' lang='lat' dir='ltr'><strong><em>quem</em></strong></span> <span class='ocrx_word' id='word_1_567' title='bbox 2448 3433 3020 3494; x_wconf 70' lang='lat' dir='ltr'><strong><em>ValentinO&#39;concilio</em></strong></span> <span class='ocrx_word' id='word_1_568' title='bbox 3064 3428 3285 3486; x_wconf 85' lang='lat' dir='ltr'><strong><em>clande-</em></strong></span> 
     </span>
    </p>
   </div>
   <div class='ocr_carea' id='block_1_79' title="bbox 1691 3521 3284 3607">
    <p class='ocr_par' dir='ltr' id='par_1_79' title="bbox 1691 3521 3284 3607">
     <span class='ocr_line' id='line_1_79' title="bbox 1691 3521 3284 3607; baseline -0.014 -15"><span class='ocrx_word' id='word_1_569' title='bbox 1691 3537 1833 3593; x_wconf 85' lang='lat' dir='ltr'><strong><em>stina</em></strong></span> <span class='ocrx_word' id='word_1_570' title='bbox 1858 3535 1985 3607; x_wconf 80' lang='lat' dir='ltr'><strong><em>fuga</em></strong></span> <span class='ocrx_word' id='word_1_571' title='bbox 2014 3550 2074 3590; x_wconf 90' lang='lat' dir='ltr'><strong><em>se</em></strong></span> <span class='ocrx_word' id='word_1_572' title='bbox 2112 3530 2441 3589; x_wconf 86' lang='lat' dir='ltr'><strong><em>subduxisse</em></strong></span> <span class='ocrx_word' id='word_1_573' title='bbox 2491 3524 2942 3589; x_wconf 82' lang='lat' dir='ltr'><strong><em>memoravimus,</em></strong></span> <span class='ocrx_word' id='word_1_574' title='bbox 2985 3521 3042 3575; x_wconf 91' lang='lat' dir='ltr'><strong><em>in</em></strong></span> <span class='ocrx_word' id='word_1_575' title='bbox 3091 3531 3284 3589; x_wconf 82' lang='lat' dir='ltr'><strong><em>perpe—</em></strong></span> 
     </span>
    </p>
   </div>
   <div class='ocr_carea' id='block_1_80' title="bbox 1691 3611 3286 3696">
    <p class='ocr_par' dir='ltr' id='par_1_80' title="bbox 1691 3611 3286 3696">
     <span class='ocr_line' id='line_1_80' title="bbox 1691 3611 3286 3696; baseline -0.014 -11"><span class='ocrx_word' id='word_1_576' title='bbox 1691 3630 1926 3685; x_wconf 89' lang='lat' dir='ltr'><strong><em>tratione</em></strong></span> <span class='ocrx_word' id='word_1_577' title='bbox 1950 3625 2220 3696; x_wconf 76' lang='lat' dir='ltr'><strong><em>sacrilegii</em></strong></span> <span class='ocrx_word' id='word_1_578' title='bbox 2250 3621 2495 3695; x_wconf 61' lang='lat' dir='ltr'><strong><em>pecuniae</em></strong></span> <span class='ocrx_word' id='word_1_579' title='bbox 2517 3630 2572 3676; x_wconf 90' lang='lat' dir='ltr'><strong><em>et</em></strong></span> <span class='ocrx_word' id='word_1_580' title='bbox 2597 3617 2902 3674; x_wconf 81' lang='lat' dir='ltr'><strong><em>dalmaticae</em></strong></span> <span class='ocrx_word' id='word_1_581' title='bbox 2948 3611 3177 3668; x_wconf 75' lang='lat' dir='ltr'><strong><em>sublata:</em></strong></span> <span class='ocrx_word' id='word_1_582' title='bbox 3229 3616 3286 3664; x_wconf 90' lang='lat' dir='ltr'><strong><em>et</em></strong></span> 
     </span>
    </p>
   </div>
   <div class='ocr_carea' id='block_1_81' title="bbox 1693 3701 3283 3791">
    <p class='ocr_par' dir='ltr' id='par_1_81' title="bbox 1693 3701 3283 3791">
     <span class='ocr_line' id='line_1_81' title="bbox 1693 3701 3283 3791; baseline -0.015 -13"><span class='ocrx_word' id='word_1_583' title='bbox 1693 3723 1750 3778; x_wconf 92' lang='lat' dir='ltr'><strong><em>in</em></strong></span> <span class='ocrx_word' id='word_1_584' title='bbox 1809 3719 2132 3791; x_wconf 83' lang='lat' dir='ltr'><strong><em>expulsione</em></strong></span> <span class='ocrx_word' id='word_1_585' title='bbox 2189 3730 2290 3788; x_wconf 91' lang='lat' dir='ltr'><strong><em>pro</em></strong></span> <span class='ocrx_word' id='word_1_586' title='bbox 2338 3711 2702 3769; x_wconf 86' lang='lat' dir='ltr'><strong><em>fornicatione</em></strong></span> <span class='ocrx_word' id='word_1_587' title='bbox 2759 3701 3283 3785; x_wconf 81' lang='lat' dir='ltr'><strong><em>sanctimonialium,</em></strong></span> 
     </span>
    </p>
   </div>
   <div class='ocr_carea' id='block_1_82' title="bbox 1693 3793 3354 3879">
    <p class='ocr_par' dir='ltr' id='par_1_82' title="bbox 1693 3793 3354 3879">
     <span class='ocr_line' id='line_1_82' title="bbox 1693 3793 3354 3879; baseline -0.014 -9"><span class='ocrx_word' id='word_1_588' title='bbox 1693 3814 2069 3869; x_wconf 87' lang='lat' dir='ltr'><strong><em>maritatarum</em></strong></span> <span class='ocrx_word' id='word_1_589' title='bbox 2092 3818 2148 3865; x_wconf 90' lang='lat' dir='ltr'><strong><em>et</em></strong></span> <span class='ocrx_word' id='word_1_590' title='bbox 2179 3820 2472 3879; x_wconf 89' lang='lat' dir='ltr'><strong><em>puerorum</em></strong></span> <span class='ocrx_word' id='word_1_591' title='bbox 2501 3796 2785 3874; x_wconf 72' lang='lat' dir='ltr'><strong><em>particeps</em></strong></span> <span class='ocrx_word' id='word_1_592' title='bbox 2809 3808 2863 3855; x_wconf 93' lang='lat' dir='ltr'><strong><em>et</em></strong></span> <span class='ocrx_word' id='word_1_593' title='bbox 2925 3796 3109 3853; x_wconf 88' lang='lat' dir='ltr'><strong><em>socius</em></strong></span> <span class='ocrx_word' id='word_1_594' title='bbox 3154 3793 3282 3859; x_wconf 91' lang='lat' dir='ltr'><strong><em>fuit,</em></strong></span> <span class='ocrx_word' id='word_1_595' title='bbox 3350 3810 3354 3814; x_wconf 26' lang='grc' dir='ltr'><strong>Α</strong></span> 
     </span>
    </p>
   </div>
   <div class='ocr_carea' id='block_1_83' title="bbox 1698 3885 3284 3978">
    <p class='ocr_par' dir='ltr' id='par_1_83' title="bbox 1698 3885 3284 3978">
     <span class='ocr_line' id='line_1_83' title="bbox 1698 3885 3284 3978; baseline -0.016 -14"><span class='ocrx_word' id='word_1_596' title='bbox 1698 3924 1863 3964; x_wconf 86' lang='lat' dir='ltr'><strong><em>causa</em></strong></span> <span class='ocrx_word' id='word_1_597' title='bbox 1887 3914 2157 3978; x_wconf 88' lang='lat' dir='ltr'><strong><em>caputque</em></strong></span> <span class='ocrx_word' id='word_1_598' title='bbox 2188 3900 2314 3957; x_wconf 89' lang='lat' dir='ltr'><strong><em>mali</em></strong></span> <span class='ocrx_word' id='word_1_599' title='bbox 2340 3898 2478 3953; x_wconf 88' lang='lat' dir='ltr'><strong><em>abba</em></strong></span> <span class='ocrx_word' id='word_1_600' title='bbox 2506 3894 2828 3965; x_wconf 77' lang='lat' dir='ltr'><strong><em>designatus</em></strong></span> <span class='ocrx_word' id='word_1_601' title='bbox 2867 3906 2898 3947; x_wconf 87' lang='lat' dir='ltr'><strong><em>a</em></strong></span> <span class='ocrx_word' id='word_1_602' title='bbox 2933 3889 3038 3945; x_wconf 86' lang='lat' dir='ltr'><strong><em>sibi</em></strong></span> <span class='ocrx_word' id='word_1_603' title='bbox 3085 3885 3284 3978; x_wconf 61' lang='lat' dir='ltr'><strong><em>simili:—</em></strong></span> 
     </span>
    </p>
   </div>
   <div class='ocr_carea' id='block_1_84' title="bbox 1695 3974 3287 4066">
    <p class='ocr_par' dir='ltr' id='par_1_84' title="bbox 1695 3974 3287 4066">
     <span class='ocr_line' id='line_1_84' title="bbox 1695 3974 3287 4066; baseline -0.014 -12"><span class='ocrx_word' id='word_1_604' title='bbox 1695 3999 1819 4063; x_wconf 90' lang='lat' dir='ltr'><strong><em>bus,</em></strong></span> <span class='ocrx_word' id='word_1_605' title='bbox 1846 3974 2201 4066; x_wconf 39' lang='lat' dir='ltr'><strong><em>qui—mortem</em></strong></span> <span class='ocrx_word' id='word_1_606' title='bbox 2231 3989 2444 4046; x_wconf 78' lang='lat' dir='ltr'><strong><em>abbatis</em></strong></span> <span class='ocrx_word' id='word_1_607' title='bbox 2484 3984 2671 4041; x_wconf 88' lang='lat' dir='ltr'><strong><em>Sancti</em></strong></span> <span class='ocrx_word' id='word_1_608' title='bbox 2712 3978 2969 4039; x_wconf 76' lang='lat' dir='ltr'><strong><em>Germani</em></strong></span> <span class='ocrx_word' id='word_1_609' title='bbox 3015 3974 3287 4034; x_wconf 82' lang='lat' dir='ltr'><strong><em>Autissio-</em></strong></span> 
     </span>
    </p>
   </div>
   <div class='ocr_carea' id='block_1_85' title="bbox 1696 4074 3293 4156">
    <p class='ocr_par' dir='ltr' id='par_1_85' title="bbox 1696 4074 3293 4156">
     <span class='ocr_line' id='line_1_85' title="bbox 1696 4074 3293 4156; baseline -0.015 -9"><span class='ocrx_word' id='word_1_610' title='bbox 1696 4088 1968 4154; x_wconf 89' lang='lat' dir='ltr'><strong><em>dorensis,</em></strong></span> <span class='ocrx_word' id='word_1_611' title='bbox 1992 4102 2022 4141; x_wconf 90' lang='lat' dir='ltr'><strong><em>a</em></strong></span> <span class='ocrx_word' id='word_1_612' title='bbox 2044 4099 2154 4156; x_wconf 89' lang='lat' dir='ltr'><strong><em>quo</em></strong></span> <span class='ocrx_word' id='word_1_613' title='bbox 2185 4083 2252 4139; x_wconf 90' lang='lat' dir='ltr'><strong><em>de</em></strong></span> <span class='ocrx_word' id='word_1_614' title='bbox 2276 4079 2611 4137; x_wconf 88' lang='lat' dir='ltr'><strong><em>monasterio</em></strong></span> <span class='ocrx_word' id='word_1_615' title='bbox 2637 4075 2763 4148; x_wconf 81' lang='lat' dir='ltr'><strong><em>fuga</em></strong></span> <span class='ocrx_word' id='word_1_616' title='bbox 2787 4074 2973 4145; x_wconf 87' lang='lat' dir='ltr'><strong><em>lapsus</em></strong></span> <span class='ocrx_word' id='word_1_617' title='bbox 2996 4076 3293 4138; x_wconf 84' lang='lat' dir='ltr'><strong><em>susceptus.</em></strong></span> 
     </span>
    </p>
   </div>
   <div class='ocr_carea' id='block_1_86' title="bbox 1697 4164 3289 4236">
    <p class='ocr_par' dir='ltr' id='par_1_86' title="bbox 1697 4164 3289 4236">
     <span class='ocr_line' id='line_1_86' title="bbox 1697 4164 3289 4236; baseline -0.015 0"><span class='ocrx_word' id='word_1_618' title='bbox 1697 4179 1876 4236; x_wconf 88' lang='lat' dir='ltr'><strong><em>fuerat</em></strong></span> <span class='ocrx_word' id='word_1_619' title='bbox 1899 4186 1953 4232; x_wconf 91' lang='lat' dir='ltr'><strong><em>et</em></strong></span> <span class='ocrx_word' id='word_1_620' title='bbox 1976 4178 2205 4231; x_wconf 89' lang='lat' dir='ltr'><strong><em>honeste</em></strong></span> <span class='ocrx_word' id='word_1_621' title='bbox 2229 4172 2468 4235; x_wconf 87' lang='lat' dir='ltr'><strong><em>habitus,</em></strong></span> <span class='ocrx_word' id='word_1_622' title='bbox 2497 4167 2666 4224; x_wconf 88' lang='lat' dir='ltr'><strong><em>tercia</em></strong></span> <span class='ocrx_word' id='word_1_623' title='bbox 2693 4181 2861 4220; x_wconf 87' lang='lat' dir='ltr'><strong><em>manu</em></strong></span> <span class='ocrx_word' id='word_1_624' title='bbox 2883 4164 3188 4234; x_wconf 87' lang='lat' dir='ltr'><strong><em>juraverat,</em></strong></span> <span class='ocrx_word' id='word_1_625' title='bbox 3233 4166 3289 4213; x_wconf 87' lang='lat' dir='ltr'><strong><em>et</em></strong></span> 
     </span>
    </p>
   </div>
   <div class='ocr_carea' id='block_1_87' title="bbox 1697 4238 3291 4335">
    <p class='ocr_par' dir='ltr' id='par_1_87' title="bbox 1697 4238 3291 4335">
     <span class='ocr_line' id='line_1_87' title="bbox 1697 4238 3291 4335; baseline -0.018 -5"><span class='ocrx_word' id='word_1_626' title='bbox 1697 4273 1767 4330; x_wconf 90' lang='lat' dir='ltr'><strong><em>ob</em></strong></span> <span class='ocrx_word' id='word_1_627' title='bbox 1788 4272 1843 4327; x_wconf 91' lang='lat' dir='ltr'><strong><em>id</em></strong></span> <span class='ocrx_word' id='word_1_628' title='bbox 1877 4270 1945 4326; x_wconf 89' lang='lat' dir='ltr'><strong><em>ad</em></strong></span> <span class='ocrx_word' id='word_1_629' title='bbox 1970 4267 2173 4323; x_wconf 85' lang='lat' dir='ltr'><strong><em>Cellam</em></strong></span> <span class='ocrx_word' id='word_1_630' title='bbox 2209 4264 2400 4335; x_wconf 89' lang='lat' dir='ltr'><strong><em>pulsus</em></strong></span> <span class='ocrx_word' id='word_1_631' title='bbox 2421 4260 2666 4315; x_wconf 90' lang='lat' dir='ltr'><strong><em>habitum</em></strong></span> <span class='ocrx_word' id='word_1_632' title='bbox 2687 4238 3064 4318; x_wconf 34' lang='lat' dir='ltr'><strong><em>dimiserat,‘et</em></strong></span> <span class='ocrx_word' id='word_1_633' title='bbox 3089 4252 3291 4306; x_wconf 88' lang='lat' dir='ltr'><strong><em>iterum</em></strong></span> 
     </span>
    </p>
   </div>
   <div class='ocr_carea' id='block_1_88' title="bbox 1698 4347 3293 4436">
    <p class='ocr_par' dir='ltr' id='par_1_88' title="bbox 1698 4347 3293 4436">
     <span class='ocr_line' id='line_1_88' title="bbox 1698 4347 3293 4436; baseline -0.019 -14"><span class='ocrx_word' id='word_1_634' title='bbox 1698 4372 1822 4436; x_wconf 88' lang='lat' dir='ltr'><strong><em>post</em></strong></span> <span class='ocrx_word' id='word_1_635' title='bbox 1846 4357 2266 4434; x_wconf 81' lang='lat' dir='ltr'><strong><em>ignominiosam</em></strong></span> <span class='ocrx_word' id='word_1_636' title='bbox 2291 4353 2410 4424; x_wconf 88' lang='lat' dir='ltr'><strong><em>ejus</em></strong></span> <span class='ocrx_word' id='word_1_637' title='bbox 2433 4347 2806 4420; x_wconf 86' lang='lat' dir='ltr'><strong><em>expulsioncm</em></strong></span> <span class='ocrx_word' id='word_1_638' title='bbox 2836 4359 2868 4398; x_wconf 87' lang='lat' dir='ltr'><strong><em>a</em></strong></span> <span class='ocrx_word' id='word_1_639' title='bbox 2898 4348 2985 4398; x_wconf 85' lang='lat' dir='ltr'><strong><em>me</em></strong></span> <span class='ocrx_word' id='word_1_640' title='bbox 3013 4347 3293 4409; x_wconf 74' lang='lat' dir='ltr'><strong><em>receptus,</em></strong></span> 
     </span>
    </p>
   </div>
   <div class='ocr_carea' id='block_1_89' title="bbox 1699 4429 3297 4513">
    <p class='ocr_par' dir='ltr' id='par_1_89' title="bbox 1699 4429 3297 4513">
     <span class='ocr_line' id='line_1_89' title="bbox 1699 4429 3297 4513; baseline -0.018 -2"><span class='ocrx_word' id='word_1_641' title='bbox 1699 4429 1991 4512; x_wconf 69' lang='lat' dir='ltr'><strong><em>inhoncste</em></strong></span> <span class='ocrx_word' id='word_1_642' title='bbox 2013 4457 2070 4504; x_wconf 90' lang='lat' dir='ltr'><strong><em>et</em></strong></span> <span class='ocrx_word' id='word_1_643' title='bbox 2093 4445 2318 4502; x_wconf 88' lang='lat' dir='ltr'><strong><em>omnino</em></strong></span> <span class='ocrx_word' id='word_1_644' title='bbox 2345 4440 2552 4513; x_wconf 88' lang='lat' dir='ltr'><strong><em>perdite</em></strong></span> <span class='ocrx_word' id='word_1_645' title='bbox 2574 4439 2807 4503; x_wconf 83' lang='lat' dir='ltr'><strong><em>vixerat,</em></strong></span> <span class='ocrx_word' id='word_1_646' title='bbox 2831 4434 2899 4490; x_wconf 90' lang='lat' dir='ltr'><strong><em>ad</em></strong></span> <span class='ocrx_word' id='word_1_647' title='bbox 2934 4433 3043 4488; x_wconf 86' lang='lat' dir='ltr'><strong><em>hoc</em></strong></span> <span class='ocrx_word' id='word_1_648' title='bbox 3069 4429 3297 4486; x_wconf 80' lang='lat' dir='ltr'><strong><em>inhians</em></strong></span> 
     </span>
    </p>
   </div>
   <div class='ocr_carea' id='block_1_90' title="bbox 64 4531 2988 4635">
    <p class='ocr_par' dir='ltr' id='par_1_90' title="bbox 64 4531 2988 4635">
     <span class='ocr_line' id='line_1_90' title="bbox 64 4531 2988 4635; baseline -0.013 -20"><span class='ocrx_word' id='word_1_649' title='bbox 64 4559 276 4617; x_wconf 80' lang='lat' dir='ltr'><strong><em>dicebant</em></strong></span> <span class='ocrx_word' id='word_1_650' title='bbox 318 4578 420 4635; x_wconf 88' lang='lat' dir='ltr'><strong><em>pro</em></strong></span> <span class='ocrx_word' id='word_1_651' title='bbox 472 4563 673 4618; x_wconf 87' lang='lat' dir='ltr'><strong><em>timore</em></strong></span> <span class='ocrx_word' id='word_1_652' title='bbox 727 4538 1038 4615; x_wconf 62' lang='lat' dir='ltr'><strong><em>Sarmatiae</em></strong></span> <span class='ocrx_word' id='word_1_653' title='bbox 1074 4565 1130 4612; x_wconf 90' lang='lat' dir='ltr'><strong><em>et</em></strong></span> <span class='ocrx_word' id='word_1_654' title='bbox 1178 4531 1597 4621; x_wconf 77' lang='lat' dir='ltr'><strong><em>Sombornonis,</em></strong></span> <span class='ocrx_word' id='word_1_655' title='bbox 1631 4567 1676 4623; x_wconf 76' lang='grc' dir='ltr'><strong>ι)</strong></span> <span class='ocrx_word' id='word_1_656' title='bbox 1700 4540 1993 4614; x_wconf 80' lang='lat' dir='ltr'><strong><em>dejectioni</em></strong></span> <span class='ocrx_word' id='word_1_657' title='bbox 2017 4544 2240 4603; x_wconf 65' lang='lat' dir='ltr'><strong><em>nostrae,</em></strong></span> <span class='ocrx_word' id='word_1_658' title='bbox 2262 4541 2325 4590; x_wconf 89' lang='lat' dir='ltr'><strong><em>ut</em></strong></span> <span class='ocrx_word' id='word_1_659' title='bbox 2346 4533 2463 4634; x_wconf 76' lang='lat' dir='ltr'><strong><em>ipse</em></strong></span> <span class='ocrx_word' id='word_1_660' title='bbox 2486 4531 2897 4635; x_wconf 52' lang='lat' dir='ltr'><strong><em>subrogaretur.</em></strong></span> <span class='ocrx_word' id='word_1_661' title='bbox 2982 4531 2988 4539; x_wconf 89' lang='lat'>’</span> 
     </span>
    </p>
   </div>
   <div class='ocr_carea' id='block_1_91' title="bbox 63 4643 1601 4721">
    <p class='ocr_par' dir='ltr' id='par_1_91' title="bbox 63 4643 1601 4721">
     <span class='ocr_line' id='line_1_91' title="bbox 63 4643 1601 4721; baseline -0.005 -16"><span class='ocrx_word' id='word_1_662' title='bbox 63 4667 259 4721; x_wconf 85' lang='lat' dir='ltr'><strong><em>quorum</em></strong></span> <span class='ocrx_word' id='word_1_663' title='bbox 287 4663 596 4710; x_wconf 89' lang='lat' dir='ltr'><strong><em>castrorum</em></strong></span> <span class='ocrx_word' id='word_1_664' title='bbox 621 4650 954 4707; x_wconf 85' lang='lat' dir='ltr'><strong><em>habitatores</em></strong></span> <span class='ocrx_word' id='word_1_665' title='bbox 990 4646 1279 4704; x_wconf 88' lang='lat' dir='ltr'><strong><em>ecclesiam</em></strong></span> <span class='ocrx_word' id='word_1_666' title='bbox 1322 4643 1601 4699; x_wconf 83' lang='lat' dir='ltr'><strong><em>Flavinia-</em></strong></span> 
     </span>
    </p>
   </div>
   <div class='ocr_carea' id='block_1_92' title="bbox 64 4733 1598 4818">
    <p class='ocr_par' dir='ltr' id='par_1_92' title="bbox 64 4733 1598 4818">
     <span class='ocr_line' id='line_1_92' title="bbox 64 4733 1598 4818; baseline -0.003 -25"><span class='ocrx_word' id='word_1_667' title='bbox 64 4755 243 4799; x_wconf 82' lang='lat' dir='ltr'><strong><em>ceusem</em></strong></span> <span class='ocrx_word' id='word_1_668' title='bbox 279 4744 691 4818; x_wconf 80' lang='lat' dir='ltr'><strong><em>impugnabant,</em></strong></span> <span class='ocrx_word' id='word_1_669' title='bbox 727 4758 786 4799; x_wconf 90' lang='lat' dir='ltr'><strong><em>se</em></strong></span> <span class='ocrx_word' id='word_1_670' title='bbox 820 4756 930 4796; x_wconf 90' lang='lat' dir='ltr'><strong><em>non</em></strong></span> <span class='ocrx_word' id='word_1_671' title='bbox 959 4756 1120 4812; x_wconf 87' lang='lat' dir='ltr'><strong><em>posse</em></strong></span> <span class='ocrx_word' id='word_1_672' title='bbox 1165 4746 1226 4793; x_wconf 90' lang='lat' dir='ltr'><strong><em>ut</em></strong></span> <span class='ocrx_word' id='word_1_673' title='bbox 1262 4736 1488 4793; x_wconf 88' lang='lat' dir='ltr'><strong><em>decebat</em></strong></span> <span class='ocrx_word' id='word_1_674' title='bbox 1529 4733 1598 4790; x_wconf 90' lang='lat' dir='ltr'><strong><em>ad</em></strong></span> 
     </span>
    </p>
   </div>
   <div class='ocr_carea' id='block_1_93' title="bbox 63 4827 1600 4907">
    <p class='ocr_par' dir='ltr' id='par_1_93' title="bbox 63 4827 1600 4907">
     <span class='ocr_line' id='line_1_93' title="bbox 63 4827 1600 4907; baseline -0.005 -18"><span class='ocrx_word' id='word_1_675' title='bbox 63 4847 141 4889; x_wconf 84' lang='lat' dir='ltr'><strong><em>nos</em></strong></span> <span class='ocrx_word' id='word_1_676' title='bbox 163 4839 352 4905; x_wconf 84' lang='lat' dir='ltr'><strong><em>venire,</em></strong></span> <span class='ocrx_word' id='word_1_677' title='bbox 376 4838 425 4894; x_wconf 91' lang='lat' dir='ltr'><strong><em>si</em></strong></span> <span class='ocrx_word' id='word_1_678' title='bbox 469 4837 548 4892; x_wconf 90' lang='lat' dir='ltr'><strong><em>bii</em></strong></span> <span class='ocrx_word' id='word_1_679' title='bbox 596 4835 691 4907; x_wconf 92' lang='lat' dir='ltr'><strong><em>qui</em></strong></span> <span class='ocrx_word' id='word_1_680' title='bbox 740 4840 1040 4907; x_wconf 75' lang='lat' dir='ltr'><strong><em>przesentes</em></strong></span> <span class='ocrx_word' id='word_1_681' title='bbox 1095 4831 1354 4896; x_wconf 86' lang='lat' dir='ltr'><strong><em>aderant,</em></strong></span> <span class='ocrx_word' id='word_1_682' title='bbox 1405 4827 1600 4883; x_wconf 89' lang='lat' dir='ltr'><strong><em>litteris</em></strong></span> 
     </span>
    </p>
   </div>
   <div class='ocr_carea' id='block_1_94' title="bbox 63 4917 1597 4999">
    <p class='ocr_par' dir='ltr' id='par_1_94' title="bbox 63 4917 1597 4999">
     <span class='ocr_line' id='line_1_94' title="bbox 63 4917 1597 4999; baseline -0.001 -24"><span class='ocrx_word' id='word_1_683' title='bbox 63 4921 321 4994; x_wconf 84' lang='lat' dir='ltr'><strong><em>obedirent,</em></strong></span> <span class='ocrx_word' id='word_1_684' title='bbox 342 4928 563 4999; x_wconf 88' lang='lat' dir='ltr'><strong><em>culpam</em></strong></span> <span class='ocrx_word' id='word_1_685' title='bbox 595 4924 882 4982; x_wconf 88' lang='lat' dir='ltr'><strong><em>clamando</em></strong></span> <span class='ocrx_word' id='word_1_686' title='bbox 921 4931 977 4978; x_wconf 89' lang='lat' dir='ltr'><strong><em>et</em></strong></span> <span class='ocrx_word' id='word_1_687' title='bbox 1019 4920 1366 4978; x_wconf 89' lang='lat' dir='ltr'><strong><em>securitatem</em></strong></span> <span class='ocrx_word' id='word_1_688' title='bbox 1394 4926 1449 4974; x_wconf 89' lang='lat' dir='ltr'><strong><em>et</em></strong></span> <span class='ocrx_word' id='word_1_689' title='bbox 1470 4917 1597 4973; x_wconf 83' lang='lat' dir='ltr'><strong><em>ohe-</em></strong></span> 
     </span>
    </p>
   </div>
   <div class='ocr_carea' id='block_1_95' title="bbox 62 5010 1597 5090">
    <p class='ocr_par' dir='ltr' id='par_1_95' title="bbox 62 5010 1597 5090">
     <span class='ocr_line' id='line_1_95' title="bbox 62 5010 1597 5090; baseline -0.002 -23"><span class='ocrx_word' id='word_1_690' title='bbox 62 5014 279 5074; x_wconf 85' lang='lat' dir='ltr'><strong><em>dientiam</em></strong></span> <span class='ocrx_word' id='word_1_691' title='bbox 301 5020 353 5074; x_wconf 92' lang='lat' dir='ltr'><strong><em>in</em></strong></span> <span class='ocrx_word' id='word_1_692' title='bbox 383 5034 554 5075; x_wconf 88' lang='lat' dir='ltr'><strong><em>manu</em></strong></span> <span class='ocrx_word' id='word_1_693' title='bbox 583 5017 804 5090; x_wconf 86' lang='lat' dir='ltr'><strong><em>prioris,</em></strong></span> <span class='ocrx_word' id='word_1_694' title='bbox 826 5015 956 5087; x_wconf 83' lang='lat' dir='ltr'><strong><em>quia</em></strong></span> <span class='ocrx_word' id='word_1_695' title='bbox 982 5014 1217 5070; x_wconf 89' lang='lat' dir='ltr'><strong><em>domnus</em></strong></span> <span class='ocrx_word' id='word_1_696' title='bbox 1254 5011 1425 5067; x_wconf 89' lang='lat' dir='ltr'><strong><em>abbas</em></strong></span> <span class='ocrx_word' id='word_1_697' title='bbox 1469 5010 1597 5066; x_wconf 81' lang='lat' dir='ltr'><strong><em>abe-</em></strong></span> 
     </span>
    </p>
   </div>
   <div class='ocr_carea' id='block_1_96' title="bbox 62 5103 1598 5179">
    <p class='ocr_par' dir='ltr' id='par_1_96' title="bbox 62 5103 1598 5179">
     <span class='ocr_line' id='line_1_96' title="bbox 62 5103 1598 5179; baseline -0.001 -23"><span class='ocrx_word' id='word_1_698' title='bbox 62 5114 143 5171; x_wconf 77' lang='lat' dir='ltr'><strong><em>rat,</em></strong></span> <span class='ocrx_word' id='word_1_699' title='bbox 168 5116 222 5161; x_wconf 89' lang='lat' dir='ltr'><strong><em>ut</em></strong></span> <span class='ocrx_word' id='word_1_700' title='bbox 243 5118 462 5179; x_wconf 80' lang='lat' dir='ltr'><strong><em>paterae</em></strong></span> <span class='ocrx_word' id='word_1_701' title='bbox 492 5110 560 5164; x_wconf 89' lang='lat' dir='ltr'><strong><em>ab</em></strong></span> <span class='ocrx_word' id='word_1_702' title='bbox 580 5108 660 5164; x_wconf 87' lang='lat' dir='ltr'><strong><em>eis</em></strong></span> <span class='ocrx_word' id='word_1_703' title='bbox 685 5114 943 5164; x_wconf 88' lang='lat' dir='ltr'><strong><em>tractaret</em></strong></span> <span class='ocrx_word' id='word_1_704' title='bbox 970 5103 1368 5176; x_wconf 89' lang='lat' dir='ltr'><strong><em>promittendo,</em></strong></span> <span class='ocrx_word' id='word_1_705' title='bbox 1395 5109 1451 5156; x_wconf 90' lang='lat' dir='ltr'><strong><em>et</em></strong></span> <span class='ocrx_word' id='word_1_706' title='bbox 1501 5114 1598 5155; x_wconf 89' lang='lat' dir='ltr'><strong><em>eos</em></strong></span> 
     </span>
    </p>
   </div>
   <div class='ocr_carea' id='block_1_97' title="bbox 63 5193 1602 5266">
    <p class='ocr_par' dir='ltr' id='par_1_97' title="bbox 63 5193 1602 5266">
     <span class='ocr_line' id='line_1_97' title="bbox 63 5193 1602 5266; baseline -0.001 -18"><span class='ocrx_word' id='word_1_707' title='bbox 63 5196 136 5261; x_wconf 81' lang='lat' dir='ltr'><strong><em>qui</em></strong></span> <span class='ocrx_word' id='word_1_708' title='bbox 156 5198 289 5254; x_wconf 88' lang='lat' dir='ltr'><strong><em>domi</em></strong></span> <span class='ocrx_word' id='word_1_709' title='bbox 312 5210 474 5255; x_wconf 89' lang='lat' dir='ltr'><strong><em>erant</em></strong></span> <span class='ocrx_word' id='word_1_710' title='bbox 501 5198 812 5255; x_wconf 87' lang='lat' dir='ltr'><strong><em>idemtidcm</em></strong></span> <span class='ocrx_word' id='word_1_711' title='bbox 853 5195 1096 5252; x_wconf 88' lang='lat' dir='ltr'><strong><em>facturos</em></strong></span> <span class='ocrx_word' id='word_1_712' title='bbox 1142 5193 1491 5266; x_wconf 87' lang='lat' dir='ltr'><strong><em>spondendo,</em></strong></span> <span class='ocrx_word' id='word_1_713' title='bbox 1539 5200 1602 5246; x_wconf 90' lang='lat' dir='ltr'><strong><em>ut</em></strong></span> 
     </span>
    </p>
   </div>
   <div class='ocr_carea' id='block_1_98' title="bbox 65 5278 1604 5359">
    <p class='ocr_par' dir='ltr' id='par_1_98' title="bbox 65 5278 1604 5359">
     <span class='ocr_line' id='line_1_98' title="bbox 65 5278 1604 5359; baseline -0.001 -19"><span class='ocrx_word' id='word_1_714' title='bbox 65 5278 349 5345; x_wconf 79' lang='lat' dir='ltr'><strong><em>Sarmatiam</em></strong></span> <span class='ocrx_word' id='word_1_715' title='bbox 380 5291 541 5357; x_wconf 86' lang='lat' dir='ltr'><strong><em>irem,</em></strong></span> <span class='ocrx_word' id='word_1_716' title='bbox 569 5298 927 5359; x_wconf 88' lang='lat' dir='ltr'><strong><em>suscepturus</em></strong></span> <span class='ocrx_word' id='word_1_717' title='bbox 963 5287 1034 5342; x_wconf 89' lang='lat' dir='ltr'><strong><em>ab</em></strong></span> <span class='ocrx_word' id='word_1_718' title='bbox 1057 5287 1139 5342; x_wconf 90' lang='lat' dir='ltr'><strong><em>eis</em></strong></span> <span class='ocrx_word' id='word_1_719' title='bbox 1164 5286 1321 5357; x_wconf 75' lang='lat' dir='ltr'><strong><em>juxta</em></strong></span> <span class='ocrx_word' id='word_1_720' title='bbox 1349 5293 1604 5353; x_wconf 17' lang='lat' dir='ltr'><strong><em>tenorem,</em></strong></span> 
     </span>
    </p>
   </div>
   <div class='ocr_carea' id='block_1_99' title="bbox 62 5371 1600 5450">
    <p class='ocr_par' dir='ltr' id='par_1_99' title="bbox 62 5371 1600 5450">
     <span class='ocr_line' id='line_1_99' title="bbox 62 5371 1600 5450; baseline -0.001 -19"><span class='ocrx_word' id='word_1_721' title='bbox 62 5371 345 5437; x_wconf 80' lang='lat' dir='ltr'><strong><em>litterarum.</em></strong></span> <span class='ocrx_word' id='word_1_722' title='bbox 371 5381 472 5450; x_wconf 87' lang='lat' dir='ltr'><strong><em>lvi,</em></strong></span> <span class='ocrx_word' id='word_1_723' title='bbox 499 5389 554 5437; x_wconf 89' lang='lat' dir='ltr'><strong><em>et</em></strong></span> <span class='ocrx_word' id='word_1_724' title='bbox 588 5380 755 5439; x_wconf 89' lang='lat' dir='ltr'><strong><em>nichil</em></strong></span> <span class='ocrx_word' id='word_1_725' title='bbox 791 5395 981 5436; x_wconf 89' lang='lat' dir='ltr'><strong><em>eorum</em></strong></span> <span class='ocrx_word' id='word_1_726' title='bbox 1008 5377 1211 5434; x_wconf 89' lang='lat' dir='ltr'><strong><em>factum</em></strong></span> <span class='ocrx_word' id='word_1_727' title='bbox 1235 5386 1338 5445; x_wconf 90' lang='lat' dir='ltr'><strong><em>est,</em></strong></span> <span class='ocrx_word' id='word_1_728' title='bbox 1362 5392 1488 5433; x_wconf 90' lang='lat' dir='ltr'><strong><em>cum</em></strong></span> <span class='ocrx_word' id='word_1_729' title='bbox 1532 5375 1600 5431; x_wconf 90' lang='lat' dir='ltr'><strong><em>ad</em></strong></span> 
     </span>
    </p>
   </div>
   <div class='ocr_carea' id='block_1_100' title="bbox 64 5468 1597 5539">
    <p class='ocr_par' dir='ltr' id='par_1_100' title="bbox 64 5468 1597 5539">
     <span class='ocr_line' id='line_1_100' title="bbox 64 5468 1597 5539; baseline -0.002 -14"><span class='ocrx_word' id='word_1_730' title='bbox 64 5478 133 5519; x_wconf 82' lang='lat' dir='ltr'><strong><em>me</em></strong></span> <span class='ocrx_word' id='word_1_731' title='bbox 173 5473 380 5539; x_wconf 86' lang='lat' dir='ltr'><strong><em>quidam</em></strong></span> <span class='ocrx_word' id='word_1_732' title='bbox 437 5473 745 5539; x_wconf 86' lang='lat' dir='ltr'><strong><em>venissent,</em></strong></span> <span class='ocrx_word' id='word_1_733' title='bbox 795 5472 1039 5528; x_wconf 87' lang='lat' dir='ltr'><strong><em>dicentes</em></strong></span> <span class='ocrx_word' id='word_1_734' title='bbox 1100 5469 1384 5525; x_wconf 88' lang='lat' dir='ltr'><strong><em>honestius</em></strong></span> <span class='ocrx_word' id='word_1_735' title='bbox 1433 5468 1488 5523; x_wconf 88' lang='lat' dir='ltr'><strong><em>id</em></strong></span> <span class='ocrx_word' id='word_1_736' title='bbox 1538 5483 1597 5523; x_wconf 89' lang='lat' dir='ltr'><strong><em>sc</em></strong></span> 
     </span>
    </p>
   </div>
   <div class='ocr_carea' id='block_1_101' title="bbox 64 5560 1598 5644">
    <p class='ocr_par' dir='ltr' id='par_1_101' title="bbox 64 5560 1598 5644">
     <span class='ocr_line' id='line_1_101' title="bbox 64 5560 1598 5644; baseline 0.001 -25"><span class='ocrx_word' id='word_1_737' title='bbox 64 5560 265 5626; x_wconf 74' lang='lat' dir='ltr'><strong><em>facturos</em></strong></span> <span class='ocrx_word' id='word_1_738' title='bbox 290 5570 341 5626; x_wconf 91' lang='lat' dir='ltr'><strong><em>in</em></strong></span> <span class='ocrx_word' id='word_1_739' title='bbox 367 5572 607 5644; x_wconf 86' lang='lat' dir='ltr'><strong><em>capitulo</em></strong></span> <span class='ocrx_word' id='word_1_740' title='bbox 639 5568 1057 5626; x_wconf 88' lang='lat' dir='ltr'><strong><em>Flaviniacensi.</em></strong></span> <span class='ocrx_word' id='word_1_741' title='bbox 1083 5567 1302 5623; x_wconf 84' lang='lat' dir='ltr'><strong><em>Credidi</em></strong></span> <span class='ocrx_word' id='word_1_742' title='bbox 1323 5566 1598 5622; x_wconf 89' lang='lat' dir='ltr'><strong><em>adclama-</em></strong></span> 
     </span>
    </p>
   </div>
   <div class='ocr_carea' id='block_1_102' title="bbox 65 5653 1600 5733">
    <p class='ocr_par' dir='ltr' id='par_1_102' title="bbox 65 5653 1600 5733">
     <span class='ocr_line' id='line_1_102' title="bbox 65 5653 1600 5733; baseline 0.004 -29"><span class='ocrx_word' id='word_1_743' title='bbox 65 5653 269 5717; x_wconf 87' lang='lat' dir='ltr'><strong><em>tionibus</em></strong></span> <span class='ocrx_word' id='word_1_744' title='bbox 292 5665 558 5733; x_wconf 86' lang='lat' dir='ltr'><strong><em>omnium,</em></strong></span> <span class='ocrx_word' id='word_1_745' title='bbox 598 5673 653 5720; x_wconf 85' lang='lat' dir='ltr'><strong><em>et</em></strong></span> <span class='ocrx_word' id='word_1_746' title='bbox 687 5663 740 5717; x_wconf 90' lang='lat' dir='ltr'><strong><em>in</em></strong></span> <span class='ocrx_word' id='word_1_747' title='bbox 789 5661 1134 5733; x_wconf 84' lang='lat' dir='ltr'><strong><em>susceptione</em></strong></span> <span class='ocrx_word' id='word_1_748' title='bbox 1173 5667 1363 5717; x_wconf 89' lang='lat' dir='ltr'><strong><em>nostra</em></strong></span> <span class='ocrx_word' id='word_1_749' title='bbox 1390 5657 1600 5712; x_wconf 90' lang='lat' dir='ltr'><strong><em>nullum</em></strong></span> 
     </span>
    </p>
   </div>
   <div class='ocr_carea' id='block_1_103' title="bbox 67 5743 1596 5820">
    <p class='ocr_par' dir='ltr' id='par_1_103' title="bbox 67 5743 1596 5820">
     <span class='ocr_line' id='line_1_103' title="bbox 67 5743 1596 5820; baseline 0.002 -22"><span class='ocrx_word' id='word_1_750' title='bbox 67 5743 319 5818; x_wconf 86' lang='lat' dir='ltr'><strong><em>honorem,</em></strong></span> <span class='ocrx_word' id='word_1_751' title='bbox 369 5756 578 5810; x_wconf 85' lang='lat' dir='ltr'><strong><em>nullum</em></strong></span> <span class='ocrx_word' id='word_1_752' title='bbox 635 5754 919 5820; x_wconf 82' lang='lat' dir='ltr'><strong><em>affectum,</em></strong></span> <span class='ocrx_word' id='word_1_753' title='bbox 973 5752 1180 5808; x_wconf 89' lang='lat' dir='ltr'><strong><em>nullam</em></strong></span> <span class='ocrx_word' id='word_1_754' title='bbox 1236 5747 1596 5805; x_wconf 87' lang='lat' dir='ltr'><strong><em>reverentiam</em></strong></span> 
     </span>
    </p>
   </div>
   <div class='ocr_carea' id='block_1_104' title="bbox 67 5844 1615 5925">
    <p class='ocr_par' dir='ltr' id='par_1_104' title="bbox 67 5844 1615 5925">
     <span class='ocr_line' id='line_1_104' title="bbox 67 5844 1615 5925; baseline 0.001 -23"><span class='ocrx_word' id='word_1_755' title='bbox 67 5852 302 5915; x_wconf 55' lang='lat' dir='ltr'><strong><em>“justus,</em></strong></span> <span class='ocrx_word' id='word_1_756' title='bbox 330 5849 462 5919; x_wconf 80' lang='lat' dir='ltr'><strong><em>quin</em></strong></span> <span class='ocrx_word' id='word_1_757' title='bbox 494 5850 670 5921; x_wconf 85' lang='lat' dir='ltr'><strong><em>potius</em></strong></span> <span class='ocrx_word' id='word_1_758' title='bbox 694 5848 949 5916; x_wconf 83' lang='lat' dir='ltr'><strong><em>dedecus,</em></strong></span> <span class='ocrx_word' id='word_1_759' title='bbox 985 5844 1371 5905; x_wconf 82' lang='lat' dir='ltr'><strong><em>contumeliam</em></strong></span> <span class='ocrx_word' id='word_1_760' title='bbox 1391 5850 1445 5899; x_wconf 90' lang='lat' dir='ltr'><strong><em>ct</em></strong></span> <span class='ocrx_word' id='word_1_761' title='bbox 1482 5857 1615 5925; x_wconf 44' lang='lat' dir='ltr'><strong><em>om:</em></strong></span> 
     </span>
    </p>
   </div>
   <div class='ocr_carea' id='block_1_105' title="bbox 1774 4613 3293 4700">
    <p class='ocr_par' dir='ltr' id='par_1_105' title="bbox 1774 4613 3293 4700">
     <span class='ocr_line' id='line_1_105' title="bbox 1774 4613 3293 4700; baseline -0.019 -11"><span class='ocrx_word' id='word_1_762' title='bbox 1774 4613 1999 4698; x_wconf 72' lang='lat' dir='ltr'><strong><em>Verum,</em></strong></span> <span class='ocrx_word' id='word_1_763' title='bbox 2023 4627 2156 4700; x_wconf 86' lang='lat' dir='ltr'><strong><em>quid</em></strong></span> <span class='ocrx_word' id='word_1_764' title='bbox 2183 4626 2385 4681; x_wconf 89' lang='lat' dir='ltr'><strong><em>mirum</em></strong></span> <span class='ocrx_word' id='word_1_765' title='bbox 2419 4621 2467 4678; x_wconf 90' lang='lat' dir='ltr'><strong><em>si</em></strong></span> <span class='ocrx_word' id='word_1_766' title='bbox 2490 4618 2754 4692; x_wconf 89' lang='lat' dir='ltr'><strong><em>juvenilia</em></strong></span> <span class='ocrx_word' id='word_1_767' title='bbox 2779 4622 3000 4688; x_wconf 88' lang='lat' dir='ltr'><strong><em>pectora</em></strong></span> <span class='ocrx_word' id='word_1_768' title='bbox 3022 4626 3052 4666; x_wconf 90' lang='lat' dir='ltr'><strong><em>a</em></strong></span> <span class='ocrx_word' id='word_1_769' title='bbox 3085 4620 3216 4664; x_wconf 85' lang='lat' dir='ltr'><strong><em>vero</em></strong></span> <span class='ocrx_word' id='word_1_770' title='bbox 3237 4613 3293 4662; x_wconf 87' lang='lat' dir='ltr'><strong><em>et</em></strong></span> 
     </span>
    </p>
   </div>
   <div class='ocr_carea' id='block_1_106' title="bbox 1698 4697 3290 4800">
    <p class='ocr_par' dir='ltr' id='par_1_106' title="bbox 1698 4697 3290 4800">
     <span class='ocr_line' id='line_1_106' title="bbox 1698 4697 3290 4800; baseline -0.021 -16"><span class='ocrx_word' id='word_1_771' title='bbox 1698 4729 1849 4800; x_wconf 90' lang='lat' dir='ltr'><strong><em>justo</em></strong></span> <span class='ocrx_word' id='word_1_772' title='bbox 1879 4697 2192 4799; x_wconf 78' lang='lat' dir='ltr'><strong><em>exorbitare</em></strong></span> <span class='ocrx_word' id='word_1_773' title='bbox 2228 4717 2375 4791; x_wconf 78' lang='lat' dir='ltr'><strong><em>cogit</em></strong></span> <span class='ocrx_word' id='word_1_774' title='bbox 2396 4711 2714 4771; x_wconf 88' lang='lat' dir='ltr'><strong><em>dominandi</em></strong></span> <span class='ocrx_word' id='word_1_775' title='bbox 2736 4708 2955 4779; x_wconf 90' lang='lat' dir='ltr'><strong><em>cupido,</em></strong></span> <span class='ocrx_word' id='word_1_776' title='bbox 2979 4703 3131 4760; x_wconf 90' lang='lat' dir='ltr'><strong><em>nullo</em></strong></span> <span class='ocrx_word' id='word_1_777' title='bbox 3159 4697 3290 4800; x_wconf 61' lang='lat' dir='ltr'><strong><em>reli:</em></strong></span> 
     </span>
    </p>
   </div>
   <div class='ocr_carea' id='block_1_107' title="bbox 1702 4789 3302 4894">
    <p class='ocr_par' dir='ltr' id='par_1_107' title="bbox 1702 4789 3302 4894">
     <span class='ocr_line' id='line_1_107' title="bbox 1702 4789 3302 4894; baseline -0.019 -19"><span class='ocrx_word' id='word_1_778' title='bbox 1702 4789 1882 4894; x_wconf 46' lang='lat' dir='ltr'><strong><em>pimus</em></strong></span> <span class='ocrx_word' id='word_1_779' title='bbox 1911 4794 2235 4871; x_wconf 78' lang='lat' dir='ltr'><strong><em>humilitatis</em></strong></span> <span class='ocrx_word' id='word_1_780' title='bbox 2285 4789 2597 4866; x_wconf 85' lang='lat' dir='ltr'><strong><em>caritatisve</em></strong></span> <span class='ocrx_word' id='word_1_781' title='bbox 2642 4801 2883 4860; x_wconf 84' lang='lat' dir='ltr'><strong><em>radicata</em></strong></span> <span class='ocrx_word' id='word_1_782' title='bbox 2924 4789 3302 4875; x_wconf 59' lang='lat' dir='ltr'><strong><em>plantaminc‘i‘</em></strong></span> 
     </span>
    </p>
   </div>
   <div class='ocr_carea' id='block_1_108' title="bbox 1701 4885 3297 4977">
    <p class='ocr_par' dir='ltr' id='par_1_108' title="bbox 1701 4885 3297 4977">
     <span class='ocr_line' id='line_1_108' title="bbox 1701 4885 3297 4977; baseline -0.02 -10"><span class='ocrx_word' id='word_1_783' title='bbox 1701 4885 1827 4967; x_wconf 67' lang='lat' dir='ltr'><strong><em>cum</em></strong></span> <span class='ocrx_word' id='word_1_784' title='bbox 1851 4916 1906 4964; x_wconf 88' lang='lat' dir='ltr'><strong><em>et</em></strong></span> <span class='ocrx_word' id='word_1_785' title='bbox 1932 4908 2079 4977; x_wconf 89' lang='lat' dir='ltr'><strong><em>ipsas</em></strong></span> <span class='ocrx_word' id='word_1_786' title='bbox 2098 4912 2309 4959; x_wconf 90' lang='lat' dir='ltr'><strong><em>mentes</em></strong></span> <span class='ocrx_word' id='word_1_787' title='bbox 2334 4899 2472 4956; x_wconf 88' lang='lat' dir='ltr'><strong><em>senii</em></strong></span> <span class='ocrx_word' id='word_1_788' title='bbox 2513 4891 2834 4952; x_wconf 87' lang='lat' dir='ltr'><strong><em>albescentis</em></strong></span> <span class='ocrx_word' id='word_1_789' title='bbox 2877 4885 3086 4944; x_wconf 85' lang='lat' dir='ltr'><strong><em>canicie</em></strong></span> <span class='ocrx_word' id='word_1_790' title='bbox 3128 4896 3297 4936; x_wconf 45' lang='lat' dir='ltr'><strong><em>vene-e</em></strong></span> 
     </span>
    </p>
   </div>
   <div class='ocr_carea' id='block_1_109' title="bbox 1700 4971 3297 5066">
    <p class='ocr_par' dir='ltr' id='par_1_109' title="bbox 1700 4971 3297 5066">
     <span class='ocr_line' id='line_1_109' title="bbox 1700 4971 3297 5066; baseline -0.023 -8"><span class='ocrx_word' id='word_1_791' title='bbox 1700 5001 1922 5066; x_wconf 89' lang='lat' dir='ltr'><strong><em>randas,</em></strong></span> <span class='ocrx_word' id='word_1_792' title='bbox 1946 4971 2001 5054; x_wconf 77' lang='lat' dir='ltr'><strong><em>et</em></strong></span> <span class='ocrx_word' id='word_1_793' title='bbox 2028 5010 2151 5063; x_wconf 62' lang='lat' dir='ltr'><strong><em>quae</em></strong></span> <span class='ocrx_word' id='word_1_794' title='bbox 2185 5009 2216 5049; x_wconf 91' lang='lat' dir='ltr'><strong><em>a</em></strong></span> <span class='ocrx_word' id='word_1_795' title='bbox 2245 4990 2439 5064; x_wconf 89' lang='lat' dir='ltr'><strong><em>primis</em></strong></span> <span class='ocrx_word' id='word_1_796' title='bbox 2471 4986 2632 5043; x_wconf 88' lang='lat' dir='ltr'><strong><em>annis</em></strong></span> <span class='ocrx_word' id='word_1_797' title='bbox 2675 4980 2995 5052; x_wconf 79' lang='lat' dir='ltr'><strong><em>religionem</em></strong></span> <span class='ocrx_word' id='word_1_798' title='bbox 3040 4971 3297 5049; x_wconf 50' lang='lat' dir='ltr'><strong><em>praetulc-t</em></strong></span> 
     </span>
    </p>
   </div>
   <div class='ocr_carea' id='block_1_110' title="bbox 1703 5065 3295 5163">
    <p class='ocr_par' dir='ltr' id='par_1_110' title="bbox 1703 5065 3295 5163">
     <span class='ocr_line' id='line_1_110' title="bbox 1703 5065 3295 5163; baseline -0.019 -13"><span class='ocrx_word' id='word_1_799' title='bbox 1703 5095 1831 5160; x_wconf 88' lang='lat' dir='ltr'><strong><em>rint,</em></strong></span> <span class='ocrx_word' id='word_1_800' title='bbox 1856 5065 1925 5148; x_wconf 87' lang='lat' dir='ltr'><strong><em>ab</em></strong></span> <span class='ocrx_word' id='word_1_801' title='bbox 1946 5091 2064 5161; x_wconf 88' lang='lat' dir='ltr'><strong><em>ipsa</em></strong></span> <span class='ocrx_word' id='word_1_802' title='bbox 2093 5099 2314 5163; x_wconf 89' lang='lat' dir='ltr'><strong><em>quoque</em></strong></span> <span class='ocrx_word' id='word_1_803' title='bbox 2343 5092 2451 5140; x_wconf 89' lang='lat' dir='ltr'><strong><em>tam</em></strong></span> <span class='ocrx_word' id='word_1_804' title='bbox 2475 5080 2733 5136; x_wconf 87' lang='lat' dir='ltr'><strong><em>diuturna</em></strong></span> <span class='ocrx_word' id='word_1_805' title='bbox 2774 5070 3069 5129; x_wconf 84' lang='lat' dir='ltr'><strong><em>monaebili</em></strong></span> <span class='ocrx_word' id='word_1_806' title='bbox 3098 5065 3295 5153; x_wconf 68' lang='lat' dir='ltr'><strong><em>gravi-</em></strong></span> 
     </span>
    </p>
   </div>
   <div class='ocr_carea' id='block_1_111' title="bbox 1704 5157 3297 5254">
    <p class='ocr_par' dir='ltr' id='par_1_111' title="bbox 1704 5157 3297 5254">
     <span class='ocr_line' id='line_1_111' title="bbox 1704 5157 3297 5254; baseline -0.015 -13"><span class='ocrx_word' id='word_1_807' title='bbox 1704 5157 1834 5242; x_wconf 85' lang='lat' dir='ltr'><strong><em>tatis</em></strong></span> <span class='ocrx_word' id='word_1_808' title='bbox 1857 5157 2250 5254; x_wconf 68' lang='lat' dir='ltr'><strong><em>imaginatione</em></strong></span> <span class='ocrx_word' id='word_1_809' title='bbox 2276 5176 2620 5236; x_wconf 88' lang='lat' dir='ltr'><strong><em>desuescere,</em></strong></span> <span class='ocrx_word' id='word_1_810' title='bbox 2646 5175 2703 5223; x_wconf 89' lang='lat' dir='ltr'><strong><em>et</em></strong></span> <span class='ocrx_word' id='word_1_811' title='bbox 2751 5165 2808 5220; x_wconf 92' lang='lat' dir='ltr'><strong><em>in</em></strong></span> <span class='ocrx_word' id='word_1_812' title='bbox 2862 5170 3046 5234; x_wconf 88' lang='lat' dir='ltr'><strong><em>patres</em></strong></span> <span class='ocrx_word' id='word_1_813' title='bbox 3089 5157 3297 5221; x_wconf 76' lang='lat' dir='ltr'><strong><em>armari</em></strong></span> 
     </span>
    </p>
   </div>
   <div class='ocr_carea' id='block_1_112' title="bbox 1707 5255 3301 5335">
    <p class='ocr_par' dir='ltr' id='par_1_112' title="bbox 1707 5255 3301 5335">
     <span class='ocr_line' id='line_1_112' title="bbox 1707 5255 3301 5335; baseline -0.019 0"><span class='ocrx_word' id='word_1_814' title='bbox 1707 5278 1907 5335; x_wconf 80' lang='lat' dir='ltr'><strong><em>faciat?</em></strong></span> <span class='ocrx_word' id='word_1_815' title='bbox 1941 5275 2189 5332; x_wconf 80' lang='lat' dir='ltr'><strong><em>Priorem</em></strong></span> <span class='ocrx_word' id='word_1_816' title='bbox 2239 5270 2312 5326; x_wconf 91' lang='lat' dir='ltr'><strong><em>ibi</em></strong></span> <span class='ocrx_word' id='word_1_817' title='bbox 2363 5267 2545 5323; x_wconf 90' lang='lat' dir='ltr'><strong><em>dictus</em></strong></span> <span class='ocrx_word' id='word_1_818' title='bbox 2592 5261 2885 5334; x_wconf 85' lang='lat' dir='ltr'><strong><em>episcopus</em></strong></span> <span class='ocrx_word' id='word_1_819' title='bbox 2937 5255 3301 5314; x_wconf 76' lang='lat' dir='ltr'><strong><em>constituerat</em></strong></span> 
     </span>
    </p>
   </div>
   <div class='ocr_carea' id='block_1_113' title="bbox 1708 5354 3295 5445">
    <p class='ocr_par' dir='ltr' id='par_1_113' title="bbox 1708 5354 3295 5445">
     <span class='ocr_line' id='line_1_113' title="bbox 1708 5354 3295 5445; baseline -0.018 -17"><span class='ocrx_word' id='word_1_820' title='bbox 1708 5371 2068 5445; x_wconf 82' lang='lat' dir='ltr'><strong><em>grandevum,</em></strong></span> <span class='ocrx_word' id='word_1_821' title='bbox 2094 5368 2449 5429; x_wconf 90' lang='lat' dir='ltr'><strong><em>honoratum,</em></strong></span> <span class='ocrx_word' id='word_1_822' title='bbox 2476 5368 2531 5415; x_wconf 90' lang='lat' dir='ltr'><strong><em>et</em></strong></span> <span class='ocrx_word' id='word_1_823' title='bbox 2550 5357 2644 5429; x_wconf 89' lang='lat' dir='ltr'><strong><em>qui</em></strong></span> <span class='ocrx_word' id='word_1_824' title='bbox 2668 5354 2849 5427; x_wconf 90' lang='lat' dir='ltr'><strong><em>primo</em></strong></span> <span class='ocrx_word' id='word_1_825' title='bbox 2889 5364 3105 5406; x_wconf 89' lang='lat' dir='ltr'><strong><em>mecum</em></strong></span> <span class='ocrx_word' id='word_1_826' title='bbox 3128 5361 3295 5437; x_wconf 27' lang='lat' dir='ltr'><strong><em>[sem-</em></strong></span> 
     </span>
    </p>
   </div>
   <div class='ocr_carea' id='block_1_114' title="bbox 1705 5440 3297 5536">
    <p class='ocr_par' dir='ltr' id='par_1_114' title="bbox 1705 5440 3297 5536">
     <span class='ocr_line' id='line_1_114' title="bbox 1705 5440 3297 5536; baseline -0.015 -16"><span class='ocrx_word' id='word_1_827' title='bbox 1705 5440 1803 5536; x_wconf 77' lang='lat' dir='ltr'><strong><em>per</em></strong></span> <span class='ocrx_word' id='word_1_828' title='bbox 1832 5462 2027 5517; x_wconf 87' lang='lat' dir='ltr'><strong><em>fuerat.</em></strong></span> <span class='ocrx_word' id='word_1_829' title='bbox 2053 5456 2151 5513; x_wconf 89' lang='lat' dir='ltr'><strong><em>Hic</em></strong></span> <span class='ocrx_word' id='word_1_830' title='bbox 2180 5455 2274 5511; x_wconf 91' lang='lat' dir='ltr'><strong><em>ubi</em></strong></span> <span class='ocrx_word' id='word_1_831' title='bbox 2296 5470 2382 5510; x_wconf 90' lang='lat' dir='ltr'><strong><em>me</em></strong></span> <span class='ocrx_word' id='word_1_832' title='bbox 2406 5450 2778 5510; x_wconf 78' lang='lat' dir='ltr'><strong><em>Flaviuiacum</em></strong></span> <span class='ocrx_word' id='word_1_833' title='bbox 2812 5440 3297 5536; x_wconf 38' lang='lat' dir='ltr'><strong><em>introduxitncum</em></strong></span> 
     </span>
    </p>
   </div>
   <div class='ocr_carea' id='block_1_115' title="bbox 1705 5510 3301 5627">
    <p class='ocr_par' dir='ltr' id='par_1_115' title="bbox 1705 5510 3301 5627">
     <span class='ocr_line' id='line_1_115' title="bbox 1707 5510 2199 5536; baseline -0.02 -15"><span class='ocrx_word' id='word_1_834' title='bbox 1707 5510 1793 5536; x_wconf 60' lang='grc' dir='ltr'><strong><em>ιη-</em></strong></span> <span class='ocrx_word' id='word_1_835' title='bbox 1832 5510 2026 5517; x_wconf 50' lang='grc' dir='ltr'><strong><em>---ηπ</em></strong></span> <span class='ocrx_word' id='word_1_836' title='bbox 2194 5510 2199 5511; x_wconf 63' lang='lat'><strong><em>,</em></strong></span> 
     </span>
     <span class='ocr_line' id='line_1_116' title="bbox 1705 5510 3301 5627; baseline -0.021 -12"><span class='ocrx_word' id='word_1_837' title='bbox 1705 5575 1796 5614; x_wconf 89' lang='lat' dir='ltr'><strong><em>me</em></strong></span> <span class='ocrx_word' id='word_1_838' title='bbox 1826 5557 1881 5612; x_wconf 89' lang='lat' dir='ltr'><strong><em>in</em></strong></span> <span class='ocrx_word' id='word_1_839' title='bbox 1908 5571 2008 5613; x_wconf 90' lang='lat' dir='ltr'><strong><em>sua</em></strong></span> <span class='ocrx_word' id='word_1_840' title='bbox 2028 5548 2317 5627; x_wconf 59' lang='lat' dir='ltr'><strong><em>praesentia</em></strong></span> <span class='ocrx_word' id='word_1_841' title='bbox 2343 5561 2538 5619; x_wconf 89' lang='lat' dir='ltr'><strong><em>passus</em></strong></span> <span class='ocrx_word' id='word_1_842' title='bbox 2560 5543 2754 5600; x_wconf 85' lang='lat' dir='ltr'><strong><em>fuisset</em></strong></span> <span class='ocrx_word' id='word_1_843' title='bbox 2777 5533 3125 5596; x_wconf 87' lang='lat' dir='ltr'><strong><em>dehonestari</em></strong></span> <span class='ocrx_word' id='word_1_844' title='bbox 3146 5510 3301 5586; x_wconf 51' lang='grc' dir='ltr'><strong><em>ἴτε-οη</em></strong></span> 
     </span>
    </p>
   </div>
   <div class='ocr_carea' id='block_1_116' title="bbox 1709 5624 3303 5723">
    <p class='ocr_par' dir='ltr' id='par_1_116' title="bbox 1709 5624 3303 5723">
     <span class='ocr_line' id='line_1_117' title="bbox 1709 5624 3303 5723; baseline -0.019 -16"><span class='ocrx_word' id='word_1_845' title='bbox 1709 5652 1849 5723; x_wconf 80' lang='lat' dir='ltr'><strong><em>gatis</em></strong></span> <span class='ocrx_word' id='word_1_846' title='bbox 1878 5624 2243 5709; x_wconf 83' lang='lat' dir='ltr'><strong><em>contumeliis,</em></strong></span> <span class='ocrx_word' id='word_1_847' title='bbox 2266 5652 2319 5699; x_wconf 89' lang='lat' dir='ltr'><strong><em>et</em></strong></span> <span class='ocrx_word' id='word_1_848' title='bbox 2342 5641 2553 5713; x_wconf 78' lang='lat' dir='ltr'><strong><em>virgam</em></strong></span> <span class='ocrx_word' id='word_1_849' title='bbox 2577 5635 2909 5710; x_wconf 86' lang='lat' dir='ltr'><strong><em>pastoralem</em></strong></span> <span class='ocrx_word' id='word_1_850' title='bbox 2955 5631 3012 5685; x_wconf 90' lang='lat' dir='ltr'><strong><em>in</em></strong></span> <span class='ocrx_word' id='word_1_851' title='bbox 3054 5628 3176 5698; x_wconf 88' lang='lat' dir='ltr'><strong><em>ipso</em></strong></span> <span class='ocrx_word' id='word_1_852' title='bbox 3220 5624 3303 5678; x_wconf 71' lang='lat' dir='ltr'><strong><em>iu~</em></strong></span> 
     </span>
    </p>
   </div>
   <div class='ocr_carea' id='block_1_117' title="bbox 1712 5716 3296 5814">
    <p class='ocr_par' dir='ltr' id='par_1_117' title="bbox 1712 5716 3296 5814">
     <span class='ocr_line' id='line_1_118' title="bbox 1712 5716 3296 5814; baseline -0.011 -16"><span class='ocrx_word' id='word_1_853' title='bbox 1712 5716 1900 5814; x_wconf 46' lang='lat' dir='ltr'><strong><em>{gressu</em></strong></span> <span class='ocrx_word' id='word_1_854' title='bbox 1931 5748 2120 5794; x_wconf 88' lang='lat' dir='ltr'><strong><em>nostro</em></strong></span> <span class='ocrx_word' id='word_1_855' title='bbox 2155 5738 2387 5792; x_wconf 85' lang='lat' dir='ltr'><strong><em>latenter</em></strong></span> <span class='ocrx_word' id='word_1_856' title='bbox 2416 5734 2469 5790; x_wconf 84' lang='lat' dir='ltr'><strong><em>vi</em></strong></span> <span class='ocrx_word' id='word_1_857' title='bbox 2504 5741 2559 5787; x_wconf 86' lang='lat' dir='ltr'><strong><em>et</em></strong></span> <span class='ocrx_word' id='word_1_858' title='bbox 2589 5736 2772 5803; x_wconf 83' lang='lat' dir='ltr'><strong><em>aperta</em></strong></span> <span class='ocrx_word' id='word_1_859' title='bbox 2827 5723 3017 5794; x_wconf 80' lang='lat' dir='ltr'><strong><em>rapina</em></strong></span> <span class='ocrx_word' id='word_1_860' title='bbox 3063 5716 3296 5814; x_wconf 54' lang='lat' dir='ltr'><strong><em>tulissfl.</em></strong></span> 
     </span>
    </p>
   </div>
   <div class='ocr_carea' id='block_1_118' title="bbox 1716 5806 3296 5899">
    <p class='ocr_par' dir='ltr' id='par_1_118' title="bbox 1716 5806 3296 5899">
     <span class='ocr_line' id='line_1_119' title="bbox 1716 5806 3296 5899; baseline -0.021 -7"><span class='ocrx_word' id='word_1_861' title='bbox 1716 5837 1863 5899; x_wconf 85' lang='lat' dir='ltr'><strong><em>illam</em></strong></span> <span class='ocrx_word' id='word_1_862' title='bbox 1894 5842 2140 5893; x_wconf 87' lang='lat' dir='ltr'><strong><em>nostram</em></strong></span> <span class='ocrx_word' id='word_1_863' title='bbox 2170 5826 2576 5888; x_wconf 83' lang='lat' dir='ltr'><strong><em>Valcntincnsis</em></strong></span> <span class='ocrx_word' id='word_1_864' title='bbox 2623 5819 3005 5878; x_wconf 84' lang='lat' dir='ltr'><strong><em>investituram</em></strong></span> <span class='ocrx_word' id='word_1_865' title='bbox 3055 5806 3296 5873; x_wconf 87' lang='lat' dir='ltr'><strong><em>concilii,</em></strong></span> 
     </span>
    </p>
   </div>
  </div>
