3878 6310
549 399 657 462 379

1546 389 1848 448 HUGONIS
1881 386 2174 443 ABBATIS
2210 381 2773 440 FLAYINJACENSIS

554 521 610 575 in
641 515 962 582 crastinum,
985 528 1111 569 cum
1137 509 1318 566 omnia
1338 506 1497 562 nobis
1522 506 1836 576 perturbata
1859 504 2131 572 relinque-
2161 502 2205 558 Α
2302 498 2410 553 llec
2455 507 2636 552 autem
2683 496 2788 551 fmt
2845 491 3063 550 occasio
3111 490 3386 555 modem
3423 486 3801 545 dissensionis:
3834 511 3838 513 λ

554 621 660 678 ret,
684 610 872 675 exivit,
893 616 948 663 et
975 622 1071 676 per
1096 604 1213 660 dies
1234 600 1302 655 10
1321 600 1520 670 quibus
1548 597 1681 651 inibi
1712 603 1958 652 moratus
1983 609 2127 659 sum,

557 709 708 758 tanta
738 714 860 756 sum
889 702 1096 751 artatus
1120 690 1388 756 custodia,
1405 697 1466 744 ut
1484 686 1663 743 omnis
1682 685 1817 740 mihi
1844 692 2130 754 negaretur

560 795 629 850 ad
676 790 951 863 publicum
986 798 1298 857 processus,
1324 780 1571 836 omnium
1611 777 1681 831 ad
1724 770 1813 830 uie
1858 780 2130 829 vetaretur

559 896 842 946 accessus;
876 885 930 932 et
950 891 1058 931 non
1077 874 1256 930 solum
1275 871 1425 926 nulla
1448 867 1784 924 investituraa
1802 863 2127 928 melioratio,

560 973 746 1029 verum
781 968 960 1025 omnis
993 981 1119 1037 erga
1151 977 1239 1018 me
1283 961 1528 1017 omnium
1579 971 1762 1012 rerum
1816 953 2131 1025 procederet

557 1059 929 1126 deterioratio,
953 1057 1061 1112 illis
1088 1052 1343 1125 privatim
1385 1057 1442 1105 et
1481 1046 1696 1118 publice
1741 1060 1837 1116 per
1879 1041 2033 1097 devia
2075 1048 2132 1096 et

558 1152 865 1207 facinorosa
906 1148 1128 1216 impune
1159 1139 1551 1215 gradientibus,
1578 1145 1632 1191 et
1653 1136 1710 1190 in
1742 1134 1892 1190 nullo
1911 1131 2129 1202 religio-

556 1242 641 1297 nis
665 1248 869 1297 statuta
892 1235 1258 1297 servantibus,
1285 1231 1420 1286 adeo
1459 1236 1520 1282 ut
1552 1234 1769 1297 propter
1810 1237 2002 1280 eorum
2041 1221 2130 1275 in-

555 1330 922 1402 corrigibilem
944 1336 1000 1383 et
1035 1323 1342 1395 pudendam
1382 1318 1869 1381 conversationem,
1902 1322 1960 1370 et
2009 1327 2133 1373 mae

556 1401 864 1491 ximequia
900 1414 1271 1474 inobedientes
1294 1419 1448 1465 erant
1487 1407 1752 1479 preceptis
1796 1401 2129 1476 apostolicis,

556 1513 909 1583 compellerer
928 1508 1131 1579 egredi,
1158 1506 1329 1559 donec
1354 1503 1506 1556 linito
1531 1498 1763 1555 concilio
1800 1495 2129 1560 Pictavensi,

556 1604 651 1661 ubi
673 1604 740 1659 de
752 1617 917 1658 causa
941 1597 1206 1654 Eduensis
1225 1590 1681 1661 invasoris,cujus
1701 1588 1930 1644 tuitione
1939 1601 2129 1643 eorum

559 1695 726 1749 factio
755 1690 1158 1762 protegebatur,
1187 1684 1434 1740 dillinitio
1462 1680 1741 1754 synodalis
1775 1686 1830 1734 et
1866 1677 2131 1733 canonica

558 1784 974 1854 expectabatur,
999 1781 1299 1850 legatorum
1333 1773 1563 1830 consilio
1609 1780 1664 1827 et
1707 1770 1915 1841 judicio
1960 1783 2130 1839 nego-

2228 591 2356 662 quia
2401 589 2688 644 videbatur
2727 587 2809 643 eis
2861 592 3079 656 pr0pter
3137 580 3562 653 permissionem
3609 595 3803 649 pracc-

2228 691 2375 752 ptam
2405 681 2461 735 in
2492 679 2685 735 litteris
2717 676 3023 732 faciendam
3058 674 3115 730 in
3151 688 3316 727 manu
3364 671 3584 726 abbatis
3627 667 3805 723 Divic-

2227 773 2436 840 nensis,
2460 773 2597 827 velle
2616 785 2704 826 me
2723 768 3188 824 Flaviniacensem
3233 761 3539 819 tecclesiam
3580 762 3804 817 subdere

2227 864 2419 919 ditioni
2438 858 2989 929 Diviouensis;‘quod
3009 871 3111 930 ego
3151 871 3253 911 nec
3293 869 3669 925 speraveram,
3708 870 3805 908 nec

2226 952 2493 1008 volebam.

2242 1084 2255 1093 ε
2298 1041 2439 1114 (Fol.
2467 1039 2634 1111 145⁸.)
2682 1054 2718 1093 n
2748 1037 2935 1109 spacio
2963 1036 3130 1109 igitur
3151 1033 3412 1104 temporis
3440 1047 3554 1101 quo
3571 1029 3805 1085 Valenti-

2222 1147 2397 1188 nense
2417 1130 2750 1186 celebratum
2771 1138 2854 1184 est
2878 1126 3192 1190 concilium,
3218 1124 3354 1179 obiit
3388 1122 3697 1186 Wibertus,
3743 1122 3809 1173 ευ

2229 1238 2374 1279 anno
2397 1238 2461 1278 ex
2485 1236 2595 1293 quo
2616 1221 2798 1277 sedem
2823 1219 3025 1273 invasit
3052 1216 3435 1287 apostolicam,
3470 1230 3600 1269 cum
3648 1212 3810 1266 bam

2229 1322 2313 1369 ret
2334 1314 2389 1368 in
2419 1312 2671 1384 captione
2711 1310 3166 1365 Matisconensem
3219 1307 3541 1376 episcopum
3581 1313 3639 1357 et
3680 1303 3811 1357 alios

2229 1406 2580 1477 quamplures
2603 1402 2873 1459 clericalis
2897 1399 3132 1465 ordinis,
3155 1415 3295 1469 quos
3314 1412 3511 1452 omnes
3560 1410 3665 1465 pro
3716 1395 3810 1447 ab-

2231 1497 2501 1553 solutione
2522 1511 2622 1551 sua
2647 1494 2702 1549 in
2722 1509 2949 1565 egressu
2982 1507 3083 1548 suo
3104 1506 3200 1560 per
3220 1504 3279 1545 se
3306 1487 3564 1550 absolvit,
3589 1502 3814 1540 monens

2230 1589 2567 1660 episcopum,
2616 1594 2678 1640 ut
2722 1584 2955 1639 Romam
3001 1595 3252 1637 remeans
3296 1577 3442 1648 apud
3481 1592 3689 1647 papam
3722 1591 3815 1645 pro

2231 1696 2331 1736 sua
2352 1679 2626 1734 laboraret
2648 1675 2945 1746 ereptione.
2986 1671 3092 1739 Qui
3114 1685 3310 1741 papam
3338 1668 3558 1734 adiens,
3582 1666 3817 1736 repperit

2232 1772 2307 1829 ibi
2334 1772 2541 1842 legatos
2582 1768 2838 1831 ecclesiae,
2871 1765 3141 1821 Eduensis
3185 1777 3350 1831 super
3404 1775 3510 1815 suo
3559 1759 3815 1829 episcopo

559 1831 706 1930 cidm
732 1871 989 1929 teeclesia
1023 1831 1377 1926 {cntilarelut'
1401 1883 1414 1919 :
1448 1874 1564 1920 tum
1594 1861 1885 1933 praecipue,
1907 1860 2037 1930 quia
2062 1858 2132 1913 ad
2163 1831 2205 1891 Β
2232 1831 2640 1934 conquirenti”,
2660 1868 2717 1916 et
2737 1866 2890 1932 gesta
2916 1856 3134 1914 concilii
3161 1854 3459 1910 referentes
3480 1852 3818 1921 modumque

559 1964 981 2036 propulsandam
1002 1961 1147 2016 illius
1163 1957 1402 2014 malivoli
1423 1954 1719 2011 infaustam
1741 1951 2130 2024 prelationcm,

561 2057 798 2127 majores
826 2054 882 2107 in
929 2052 1174 2108 meclesia
1225 2048 1485 2114 Eduensi,
1531 2060 1765 2116 quorum
1818 2053 1935 2100 erat
1990 2042 2134 2098 istud

559 2148 730 2206 nostri
753 2145 965 2205 discidii
991 2159 1163 2217 genus
1180 2142 1455 2206 dirimere,
1476 2137 1713 2193 Pietavis
1735 2137 2002 2200 abierant,
2018 2135 2135 2191 sine

560 2239 759 2310 quibus
780 2236 1091 2292 vecordium
1113 2228 1464 2303 praesumptio
1484 2242 1593 2282 non
1611 2232 1824 2297 poterat
1837 2222 2132 2305 coherceri.

560 2299 884 2387 h-fiserabilis
911 2335 966 2382 et
999 2299 1225 2396 prorsus
1267 2322 1555 2390 desperata
1598 2316 1913 2387 huiusmodi
1955 2299 2137 2381 homi-g

560 2437 692 2477 num
726 2417 1095 2491 pratsumptio,
1126 2415 1221 2485 qui
1243 2427 1343 2468 nec
1363 2412 1534 2467 Deum
1555 2418 1870 2466 reverentur
1902 2420 2003 2461 nec
2038 2406 2137 2459 bo—

556 2513 759 2578 mines,
787 2511 916 2566 dum
942 2510 1257 2564 intemerata
1292 2520 1324 2559 a
1353 2503 1541 2559 seculo
1566 2508 1830 2570 praecepta
1874 2504 2137 2568 spernunt

560 2603 882 2675 apostolica,
909 2608 965 2656 et
1010 2598 1357 2654 interdictum
1419 2606 1688 2663 usurpare
1737 2605 1846 2645 non
1888 2595 2139 2644 metuunt

554 2696 802 2752 divinum
836 2693 1102 2749 cilicium!
1140 2689 1259 2745 Non
1286 2687 1512 2745 dubium
1560 2685 1694 2754 quin
1735 2696 1832 2739 eos
1874 2680 1943 2736 ad
1990 2680 2137 2734 hunc

558 2787 722 2843 finem
750 2785 967 2842 duxerit
985 2784 1147 2853 digna
1176 2779 1496 2843 necessitas,
1514 2785 1575 2832 ut
1599 2776 1727 2847 quia
1749 2781 2136 2842 contempnen-

558 2888 643 2936 tes
676 2879 867 2943 Deum,
895 2893 997 2933 nec
1021 2875 1360 2931 attendentes
1392 2887 1453 2927 se
1494 2871 1665 2941 ipsos,
1710 2869 1766 2923 in
1818 2875 2001 2937 patres
2048 2881 2137 2929 are

560 2978 800 3035 mantur,
830 2977 885 3023 et
908 2967 1246 3037 publicantes
1266 2962 1514 3034 pudenda
1548 2975 1736 3016 eorum
1776 2957 1993 3028 pietatis
2039 2972 2137 3028 pas

560 3068 728 3115 terna:
745 3061 868 3129 jura
886 3059 1122 3124 violant;
1148 3070 1270 3126 quae
1291 3053 1507 3110 etiamsi
1527 3051 1933 3121 publicata,ncc
1954 3056 2134 3103 tamen

563 3167 595 3206 a
620 3167 699 3218 se,
724 3151 950 3207 irridere
979 3149 1154 3206 solum
1186 3146 1507 3204 voluissent.
1535 3140 1930 3198 maledictionis
1962 3138 2134 3195 Cham

563 3243 876 3299 hereditarii
902 3255 1246 3314 possessores
1267 3238 1465 3295 forent.
1485 3236 1605 3291 Fiat
1630 3234 1738 3291 illis
1774 3240 1835 3290 ut
1852 3240 2133 3304 peccatum

561 3351 774 3402 eorum,
801 3334 944 3405 quod
989 3332 1278 3404 penitentio
1313 3345 1409 3387 eor
1457 3337 1666 3385 rectum
1702 3342 1813 3382 non
1856 3334 1960 3393 est,
1990 3325 2062 3381 sit
2081 3333 2137 3382 et

562 3434 845 3496 peccatum
884 3433 941 3483 et
968 3439 1134 3480 causa
1168 3422 1396 3493 peccati,
1419 3429 1474 3477 et
1509 3421 1652 3476 idem
1682 3426 1961 3490 peccatum
1990 3417 2137 3488 quod

562 3534 629 3573 ex
674 3524 897 3584 piccato
946 3514 1144 3581 oritur,
1181 3514 1251 3572 sit
1287 3528 1403 3569 non
1437 3512 1552 3584 jam
1589 3519 1868 3581 peceatum
1893 3517 2134 3569 tantum-

564 3611 749 3677 modo,
775 3606 868 3664 scd
906 3615 1188 3676 peccatum
1217 3617 1273 3669 et
1318 3620 1475 3675 poma
1500 3604 1728 3676 peccati,
1756 3613 1817 3659 ut
1836 3610 2030 3673 putent
2076 3616 2137 3656 se

560 3696 768 3753 divinae
789 3693 924 3764 legis
962 3700 1166 3749 statuta
1204 3708 1424 3765 impune
1453 3694 1785 3760 rescindere,
1811 3692 1940 3748 dum
1970 3699 2137 3747 attre-

563 3793 712 3840 ctar.t
737 3784 962 3839 inhibita
994 3783 1182 3839 altaris
1207 3792 1554 3840 sacrosancta
1598 3784 1886 3856 mysteria;
1918 3799 2026 3838 non
2052 3782 2137 3837 in-

566 3875 861 3947 telligentes
882 3875 1013 3946 quid
1035 3883 1254 3931 sanctus
1286 3875 1395 3931 Leo
1425 3876 1571 3931 dicat
1615 3876 1669 3930 in
1716 3875 1946 3947 epistola
1987 3890 2086 3931 sua
2118 3893 2133 3929 :

563 3965 709 4034 quod
725 3966 911 4036 siquis
926 3974 1114 4021 contra
1138 3980 1408 4024 canonum
1432 3968 1679 4024 instituta
1698 3968 1880 4023 venire
1903 3975 2136 4036 tempta-

562 4057 722 4127 verit,
750 4065 804 4116 et
827 4057 1103 4130 prohibita
1128 4057 1413 4115 admittere
1446 4073 1619 4117 ausus
1655 4057 1841 4134 fuerit,
1869 4072 1900 4113 a
1939 4073 2040 4114 suo
2077 4072 2138 4113 se

561 4150 776 4207 noverit
835 4151 1014 4207 oﬂicio
1068 4151 1518 4218 submovendum,
1574 4166 1675 4207 nec
1734 4148 2137 4208 communionis

563 4251 765 4300 nostrae
792 4243 1035 4299 futurum
1087 4259 1209 4299 esse
1256 4254 1588 4309 consortem,
1638 4247 1735 4314 qui
1779 4244 1962 4300 socius
2014 4257 2137 4298 esse

560 4334 736 4389 noluit
757 4333 1076 4406 disciplinae.
1106 4332 1319 4400 Quanta
1346 4349 1475 4389 vero
1497 4335 1551 4388 in
1575 4335 1656 4390 eis
1676 4342 1730 4389 et
1763 4333 2138 4390 coessentibus

558 4426 662 4481 sibi
684 4420 756 4482 sit
780 4424 1100 4492 obcaScati’o,
1127 4426 1255 4481 hinc
1273 4427 1434 4481 datur
1455 4426 1701 4497 intelligi,
1735 4427 1880 4497 quod
1918 4426 2020 4496 ipsi
2043 4427 2138 4496 qui

2233 1952 2604 2010 accusationis
2631 1970 2643 2006 :

2230 2053 2255 2119 1
2303 2046 2460 2113 Quod
2483 2043 2797 2116 promiserit
2820 2040 3084 2096 Walterio
3124 2036 3515 2093 archidiacono
3560 2045 3816 2104 praesente

2235 2137 2513 2209 Stephano
2539 2143 2763 2192 cantore
2784 2134 2840 2188 in
2860 2129 3183 2189 dormitorio
3210 2127 3475 2194 Eduensi,
3497 2126 3548 2182 si
3575 2126 3697 2195 ipse
3728 2126 3819 2179 ad-

2227 2216 2447 2301 iuvaret
2466 2243 2612 2294 eum,
2637 2242 2707 2282 ne
2734 2233 2910 2280 mater
2954 2223 3075 2293 ejus
3113 2222 3199 2278 vel
3238 2220 3439 2286 frater,
3464 2234 3645 2289 penes
3691 2232 3821 2287 quos

2234 2337 2490 2392 magnum
2518 2326 2636 2375 erat
2661 2332 2843 2388 posse,
2871 2322 3135 2371 nocerent
3155 2313 3207 2368 ei
3234 2312 3302 2367 de
3330 2310 3667 2381 episcopatu
3709 2307 3818 2362 adi-

2232 2413 2514 2487 piscendo,
2545 2411 2771 2467 haberet
2811 2407 3076 2479 quidquid
3125 2406 3289 2461 vellet
3335 2404 3392 2459 in
3439 2403 3735 2467 arcelesia,
3775 2411 3823 2456 et

2233 2506 2381 2578 quod
2415 2518 2517 2575 pro
2538 2504 2640 2558 hac
2661 2501 3028 2565 accusatione,
3052 2498 3212 2569 cujus
3229 2504 3389 2552 erant
3413 2503 3685 2550 auctores
3714 2509 3821 2547 om.

2234 2610 2335 2652 nes
2361 2594 2473 2649 fere
2517 2591 2790 2657 canonici,
2837 2590 2916 2644 illi
2974 2603 3141 2659 quam
3183 2586 3423 2641 maxime
3442 2585 3545 2655 qui
3596 2583 3822 2639 concilio

2235 2684 2602 2741 interfuerunt
2622 2683 2780 2738 missi
2807 2682 2876 2736 ab
2897 2681 3018 2735 aliis
3046 2693 3279 2734 numero
3299 2677 3367 2731 15
3392 2677 3461 2732 de
3484 2675 3822 2746 primoribus

2234 2777 2515 2844 aecclesiae,
2536 2775 2671 2832 etin
2701 2788 2768 2829 ea
2809 2773 3062 2828 meliores
3092 2768 3468 2826 archidiaconi
3507 2767 3649 2833 duo,
3698 2781 3823 2836 pre

2233 2870 2466 2939 positus,
2481 2874 2694 2932 cantor,
2717 2872 2774 2920 et
2800 2863 2893 2918 alii
2922 2861 3207 2918 nobilitate
3226 2868 3282 2915 et
3310 2858 3548 2914 scientia
3570 2858 3822 2912 honesta-

2235 2969 2397 3031 teque
2418 2958 2804 3029 prtecellentes,
2827 2969 2928 3026 ego
2953 2967 3171 3024 quoque
3211 2952 3329 3021 ipse
3372 2951 3469 3021 qui
3528 2950 3601 3004 ad
3650 2948 3825 3020 queri-

2235 3050 2478 3107 moniam
2518 3047 2740 3119 capituli
2767 3044 3036 3101 Eduensis
3055 3042 3265 3114 judicio
3290 3040 3518 3097 concilii
3556 3040 3613 3097 in
3649 3040 3823 3096 sedem

2235 3152 2291 3198 et
2313 3144 2493 3198 locum
2532 3139 2816 3195 restitutus
2838 3152 3021 3202 eram;
3072 3134 3217 3207 quod
3262 3147 3364 3204 pro
3405 3131 3536 3200 hac,
3580 3133 3821 3203 inquam,

2237 3233 2607 3299 accusatione,
2633 3246 2796 3302 quam
2819 3246 2885 3286 eo
2911 3228 3127 3284 enixius
3148 3226 3386 3281 domnus
3408 3224 3588 3279 abbas
3608 3222 3824 3279 Clunia-

2237 3329 2417 3387 censis
2442 3343 2537 3398 per
2560 3327 2765 3397 legatos
2792 3337 2942 3385 suos,
2973 3320 3208 3376 domnus
3234 3332 3456 3388 quoque
3482 3315 3824 3371 Divionensis

2236 3438 2335 3493 per
2356 3436 2416 3477 se
2436 3417 2750 3483 efferebant,
2762 3431 2871 3486 quo
2888 3410 3266 3468 inclementius
3289 3407 3647 3481 tyrannidem
3666 3406 3824 3477 ipsius

2237 3512 2332 3583 qui
2401 3509 2783 3580 impetebatur,
2852 3503 3061 3574 experti
3111 3511 3291 3566 erant,
3340 3499 3733 3555 controversia
3779 3498 3823 3549 in

2236 3602 2471 3660 concilio
2492 3607 2611 3657 orta
2636 3598 2830 3666 fuerit;
2858 3594 3165 3652 dicentibus
3201 3593 3288 3648 his
3310 3591 3405 3663 qui
3439 3599 3638 3661 partes
3673 3605 3822 3645 accu-

2238 3693 2340 3750 sati
2362 3691 2742 3757 defendebant,
2769 3704 2877 3744 non
2911 3702 3034 3743 esse
3062 3687 3286 3741 idoneas
3334 3684 3405 3738 ad
3449 3683 3823 3739 accusandum

2236 3799 2519 3857 personas,
2542 3797 2643 3853 pro
2666 3797 2734 3837 eo
2756 3780 2904 3851 quod
2932 3793 3064 3834 oves
3098 3785 3375 3848 pastorem
3422 3773 3823 3844 reprehenden-

2237 3885 2331 3931 aut
2356 3889 2616 3932 accusare
2635 3888 2745 3929 non
2770 3872 2990 3936 habent,
3024 3868 3100 3924 hii
3144 3866 3380 3922 maxime
3420 3865 3526 3934 qui
3575 3863 3823 3920 electioni

2235 3969 2355 4040 ejus
2391 3973 2801 4032 consenserant,
2824 3972 2880 4019 et
2905 3963 3152 4017 faverant
3171 3957 3603 4016 consecrationi.
3634 3956 3821 4009 Audie-

2237 4067 2361 4114 rant
2389 4071 2608 4128 quoque
2646 4055 2936 4111 anathema
2988 4052 3258 4107 invectum
3314 4051 3369 4104 iu
3414 4062 3541 4116 eos,
3566 4048 3676 4119 qui
3716 4062 3823 4102 eam

2237 4148 2634 4221 reprobandum
2694 4146 2899 4206 scirent
2950 4160 3051 4200 nec
3095 4141 3515 4198 manifestarent
3542 4182 3559 4205 ,
3611 4150 3674 4196 et
3723 4154 3823 4193 rem

2238 4242 2413 4313 ipsam
2442 4248 2568 4295 ante
2588 4237 3059 4295 consecrationem
3102 4243 3279 4291 actam
3317 4233 3642 4299 constabat,
3669 4230 3825 4301 quod-

2239 4348 2346 4402 que
2392 4340 2517 4402 post
2561 4328 3027 4405 consecrationem
3089 4333 3377 4381 accusator
3422 4323 3547 4392 ipse
3591 4320 3825 4378 diaconii
3876 4322 3878 4325 '

2241 4424 2476 4481 oﬂicium
2497 4423 2788 4491 locumque
2815 4418 3175 4491 promotionis
3196 4417 3266 4497 ab
3304 4430 3373 4471 eo
3417 4414 3758 4486 susceperit,
3780 4420 3827 4466 et

558 4532 659 4585 pro
686 4517 797 4570 vita
837 4532 937 4570 sua
976 4517 1307 4585 dampnabili
1361 4526 1417 4571 et
1468 4517 1737 4586 pudenda,
1774 4518 2137 4588 omnibusque
2165 4535 2213 4595 ι)
2243 4516 2396 4571 testis
2416 4513 2787 4570 accusationis
2820 4511 3055 4568 oliicium
3096 4509 3358 4576 cantoris,
3391 4514 3447 4564 et
3506 4516 3750 4579 uterque
3781 4505 3823 4558 ei
3876 4508 3878 4519 '

560 4616 712 4674 nota,
737 4624 767 4663 a
792 4607 1123 4663 monasterio
1154 4609 1297 4677 pulsi
1327 4617 1455 4663 sunt
1476 4611 1640 4663 manu
1660 4609 1832 4680 layca,
1850 4609 1928 4663 hii
1956 4610 2009 4664 in
2033 4610 2136 4666 hac

563 4697 678 4753 fece
723 4698 983 4769 temporis
1033 4692 1241 4767 praelati
1296 4698 1536 4754 rectores
1584 4706 1639 4754 et
1690 4699 1897 4756 domini
1932 4702 2138 4756 consti—

562 4798 785 4845 tuuntur
818 4810 832 4845 :
869 4788 1143 4861 quondam
1167 4792 1237 4846 ab
1259 4791 1339 4847 eis
1374 4807 1404 4845 a
1433 4792 1632 4862 quibus
1667 4809 1813 4848 nunc
1861 4794 2136 4849 honoran-

563 4889 670 4948 tur,
693 4883 910 4952 publico
937 4883 1231 4954 obprobrio
1278 4884 1468 4951 habiti,
1504 4886 1718 4955 publica
1768 4886 2134 4958 despectione,

561 4972 861 5042 abjectione
890 4976 1191 5046 reprobati,
1218 4977 1534 5032 verberibus
1561 4986 1615 5033 et
1647 4979 1879 5034 vinculis
1903 4980 2133 5034 dedeco-

560 5077 688 5118 roso
734 5074 970 5120 scemate
1005 5066 1381 5134 dehonestati,
1430 5078 1482 5123 et
1514 5069 1607 5139 qui
1651 5069 1866 5140 publica
1910 5057 2134 5126 notatus

561 5151 908 5209 confessione
937 5170 968 5208 a
994 5155 1140 5211 clero
1163 5156 1569 5226 reprobandus,
1607 5167 1662 5212 et
1709 5159 1886 5215 solum
1930 5158 1985 5212 in
2028 5158 2134 5213 ﬁne

558 5242 684 5297 vita:
704 5258 818 5299 suae
845 5246 1228 5301 communione
1249 5247 1536 5303 donandus
1554 5256 1719 5315 esset,
1736 5250 1825 5304 hic
1842 5249 2135 5305 celerarius

560 5335 900 5401 monasterii,
929 5344 1081 5406 pater
1110 5340 1568 5409 congregationis,
1594 5348 1654 5395 ut
1674 5358 1863 5397 curam
1891 5349 2044 5413 gerat
2068 5341 2135 5397 de

559 5426 816 5482 omnibus
840 5436 1124 5497 promotus
1154 5437 1266 5497 est;
1302 5430 1504 5502 quique
1545 5442 1669 5502 post
1722 5433 2133 5504 abuegationem

535 5516 768 5573 Christi
790 5517 883 5573 Dei
914 5527 969 5573 et
996 5518 1211 5575 Domini
1240 5521 1358 5579 sine
1386 5524 1680 5592 peuitcntia
1705 5526 1990 5581 ordinatus
2017 5525 2135 5581 dia-

556 5624 732 5665 conus
751 5609 872 5678 fuit,
898 5628 1043 5668 nunc
1069 5622 1194 5684 post
1221 5614 1499 5669 homicidii
1532 5624 1587 5671 et
1618 5617 1991 5687 abnegationis
2027 5632 2131 5686 pu-

561 5703 755 5758 blicam
786 5706 1172 5776 penitentiam,
1196 5709 1454 5766 sacerdos
1475 5718 1528 5764 ct
1557 5708 1771 5780 princes
1807 5709 1925 5779 (sic)
1976 5709 2132 5765 insti-

580 5806 706 5852 utns
731 5808 833 5854 est.

2237 4608 2542 4667 hominium
2575 4606 2825 4671 fecerint,
2851 4619 2962 4659 non
3015 4618 3139 4659 esse
3183 4601 3547 4658 sufficientem
3608 4615 3825 4657 accusa.

2234 4698 2465 4765 tionem,
2489 4697 2545 4752 in
2591 4712 2700 4768 qua
2741 4696 2878 4751 alter
2925 4703 3232 4760 accusator,
3278 4692 3416 4748 alter
3466 4702 3630 4748 esset
3683 4691 3822 4747 testis

2235 4790 2490 4860 idemque
2511 4796 2815 4843 accusator.
2831 4785 3048 4857 Legatis
3067 4801 3098 4841 e
3120 4793 3309 4840 contra
3342 4783 3821 4855 respondentiqu

2238 4883 2294 4937 in
2319 4896 2482 4938 causa
2507 4880 2770 4952 symonia:
2803 4878 3013 4933 nullum
3042 4878 3290 4945 omnino,
3319 4891 3672 4948 quamquam
3697 4873 3823 4931 infa-

2238 4990 2410 5040 mem,
2434 4988 2766 5044 quamquam
2806 4971 3076 5028 subditam
3108 4985 3397 5040 personam
3415 5010 3431 5035 ,
3455 4970 3737 5024 removeri
3763 4968 3823 5022 ab

2238 5066 2609 5131 accusatione,
2639 5080 2765 5119 cum
2806 5064 3044 5118 domnus
3079 5078 3218 5133 papa
3269 5061 3575 5132 Gregorius
3640 5060 3728 5114 VII
3774 5060 3819 5112 ia

2239 5159 2472 5215 concilio
2501 5156 2750 5213 Romano
2772 5156 2841 5211 ad
2869 5155 3273 5213 accusationem
3297 5154 3593 5224 cujusdam
3620 5154 3820 5209 abbatis

2239 5251 2617 5323 symoniacum
2637 5249 2927 5320 quemdam
2957 5247 3629 5317 deposueritepiscopum,
3642 5246 3819 5301 eodem

2239 5343 2434 5397 abbate
2460 5340 2641 5411 primo
2663 5355 2763 5411 pro
2782 5340 2969 5394 eadem
2991 5337 3258 5409 symouia,
3284 5338 3445 5407 cujus
3494 5338 3615 5408 ipse
3660 5338 3817 5410 parti-

2234 5451 2362 5505 ceps
2393 5444 2448 5489 et
2482 5441 2886 5490 consentaneus
2927 5430 3127 5496 fuerat,
3156 5430 3433 5500 deposito,
3465 5429 3816 5485 sufﬁcientem

2231 5543 2352 5583 esse
2385 5528 2440 5581 in
2465 5540 2578 5581 uno
2604 5524 2921 5581 accusatdre
2951 5531 3007 5578 et
3046 5538 3159 5578 uno
3202 5531 3340 5577 teste
3387 5524 3809 5579 accusationem

2230 5617 2341 5673 illis
2369 5633 2589 5689 quoque
2625 5616 2721 5691 qui
2749 5615 3083 5686 impetebant
3104 5613 3518 5681 objicientibus,
3540 5624 3597 5668 et
3645 5630 3817 5669 sacta-

2229 5717 2413 5767 mento
2445 5710 2677 5779 probare
2724 5708 3053 5785 volentibus,
3082 5706 3211 5777 quia
3269 5705 3525 5776 iuniores
3570 5716 3729 5761 erant
3768 5720 3813 5756 e-

2233 5818 2342 5859 non
2373 5802 2507 5857 adeo
2548 5802 2602 5856 in
2641 5801 2942 5856 canonibus
2987 5799 3288 5865 exercitati,
3328 5800 3617 5871 ignorasse
3668 5797 3802 5869 quod
3876 5820 3878 5827 ι
