3878 6310
91 372 178 426 381

1312 371 1725 429 CHHONICON.
1758 403 1828 413 ——
1849 373 1974 428 LIB.
2015 374 2077 429 ll.

3216 366 3320 438 ass

88 496 218 545 esset
251 486 306 541 in
342 486 615 557 promisso
644 486 735 542 illo
765 486 936 559 pestis
984 487 1270 559 symoniae,
1312 497 1370 543 et
1417 504 1541 544 mox
1591 497 1651 542 ut
1679 489 1724 546 Α
1752 488 1843 543 illo
1871 489 2096 544 miserat
2121 488 2356 546 domnus
2384 488 2761 561 Lugdunensis
2786 535 2801 559 ,
2837 502 2898 550 ut
2925 503 3108 567 partes
3136 497 3320 569 Augu-

88 576 411 632 resciverunt
428 576 752 645 prodidisse,
779 576 968 647 sicque
1001 592 1032 631 a
1052 591 1111 633 se
1132 577 1376 646 jaculum
1424 592 1645 632 excom-

86 666 458 723 municationis
479 666 886 736 repellentibus,
914 665 1295 747 adjicientibus
1316 667 1480 723 etiam
1500 665 1645 737 quod

84 758 257 815 electio
292 757 417 828 ejus
436 757 492 812 in
516 758 636 828 ipso
656 758 881 813 exordio
909 758 1184 813 infirmata
1208 765 1264 813 et
1299 757 1523 812 omnino
1559 772 1646 812 re-

82 850 292 920 probata
318 847 486 903 fuerit
511 863 543 903 a
569 849 1012 918 metropolitano,
1040 862 1140 918 pro
1191 862 1258 902 eo
1306 847 1452 917 quod
1498 861 1645 902 anno

83 948 127 992 et
144 938 224 991 die
244 937 300 991 in
326 936 895 992 excommunicatione
940 936 1223 1003 manserit,
1248 934 1642 991 archidiaconii

82 1027 296 1084 cilicium
318 1029 375 1082 in
401 1029 648 1085 atcclesia
668 1028 1040 1100 Linguonensi
1066 1028 1380 1100 optinendo,
1404 1028 1643 1098 itemque

82 1119 433 1175 archidiaconi
454 1128 509 1175 et
528 1119 985 1176 cantoris—cum
1016 1135 1123 1174 non
1142 1126 1286 1175 esset
1307 1118 1642 1175 diaconus——

81 1210 129 1263 in
156 1208 397 1265 ecclesia
421 1208 681 1277 Eduensi,
700 1219 890 1265 contra
906 1210 1137 1266 vetitum.
1155 1209 1397 1279 ejusdem
1438 1217 1641 1263 metro-

80 1300 286 1372 politani
321 1311 379 1357 et
414 1302 602 1375 legati,
627 1310 682 1357 et
708 1301 765 1357 in
794 1302 931 1373 ipsis
983 1299 1288 1373 praelaturis
1327 1286 1639 1372 symoniace

81 1392 313 1459 vivendo;
345 1393 605 1464 quodque
618 1400 807 1463 postea
829 1407 995 1463 quam
1017 1391 1288 1446 infirmata
1304 1398 1410 1456 est,
1432 1390 1639 1460 absque

81 1484 395 1540 conscientia
417 1484 643 1555 capituli
664 1483 914 1556 Lugduni
936 1484 1200 1539 diaconus
1223 1483 1505 1539 ordinatus
1541 1481 1631 1538 sit.

82 1573 382 1631 deferebant
400 1576 567 1631 etiam
593 1575 736 1631 idem
767 1575 950 1646 legati,
981 1574 1074 1630 ubi
1107 1574 1176 1630 ad
1199 1573 1469 1645 judicium
1510 1587 1635 1627 ven-

81 1672 178 1719 tum
200 1672 300 1731 est,
329 1663 736 1721 dissensionem
784 1665 1109 1732 accrevisse,
1157 1664 1465 1719 dicentibus
1512 1663 1630 1732 epi-

78 1755 253 1826 scopis,
277 1771 376 1826 pro
401 1772 508 1812 usu
539 1755 830 1812 Gallicanae
862 1755 1141 1822 aecclesiat,
1165 1755 1261 1825 qui
1307 1754 1466 1826 quasi
1505 1768 1637 1809 con-

1660 1814 1705 1870 Β

1748 579 2101 634 studunensis
2123 595 2220 636 sua
2255 580 2373 635 vice
2402 587 2662 638 tueretur.
2694 583 3043 641 Advenerunt
3068 596 3122 644 et
3149 604 3318 645 cano-

1748 667 1856 722 nici
1879 669 2141 724 adversus
2164 684 2289 723 eum
2323 685 2555 725 numero
2575 671 2663 724 35.
2701 670 3037 742 Repetuntur
3060 692 3182 747 quae
3201 677 3317 747 jam

1746 757 1798 810 in
1850 757 2018 827 priori
2065 759 2297 814 concilio
2347 775 2510 830 super
2552 763 2899 819 accusatione
2938 764 3057 835 ejus
3107 768 3315 837 objecta

1744 846 1988 914 fuerant;
2029 849 2231 919 quibus
2251 850 2391 905 miro
2419 851 2610 918 modo,
2644 853 2815 909 multo
2835 854 3196 925 documento,
3232 868 3315 914 set

1742 952 1852 993 non
1872 938 2158 1008 probabili,
2181 941 2364 995 abalia
2390 950 2540 1011 parte
2567 944 2858 1001 resistitur.
2893 944 3072 1001 Manet
3092 958 3313 1003 contm-

1740 1028 1919 1084 versia
1941 1029 2185 1100 praefata,
2202 1039 2257 1086 et
2281 1030 2393 1087 fere
2417 1047 2449 1086 a
2469 1040 2583 1088 toto
2620 1035 2852 1090 concilio
2875 1046 3206 1109 repugnatur
3220 1056 3314 1095 su-

1739 1119 1924 1189 perius
1959 1120 2120 1178 dictis
2170 1122 2528 1179 cardinalium
2572 1127 3018 1195 responsionibus
3061 1143 3161 1199 pro
3208 1146 3311 1186 usu

1739 1209 2029 1266 Gallicana:
2064 1212 2345 1280 aacclesiae,
2368 1212 2474 1269 illis
2494 1229 2649 1269 suam
2679 1218 3053 1273 auctoritatem
3078 1218 3134 1273 in
3163 1221 3312 1277 nullo

1738 1298 2031 1372 infringere
2062 1302 2392 1368 volentibus,
2434 1319 2536 1359 nec
2578 1306 2923 1375 appellationi
2969 1310 3310 1367 assentienti-

1736 1390 1858 1447 bus.
1873 1391 2011 1462 (Eol.
2035 1393 2181 1464 144.)
2196 1392 2363 1449 Datur
2385 1403 2564 1449 tamen
2579 1396 2629 1450 ei
2650 1396 2802 1453 locus
2825 1414 2883 1453 se
2904 1402 3167 1471 purgandi
3183 1419 3307 1459 cum

1735 1481 1949 1538 idoneis
1986 1484 2258 1554 personis,
2299 1485 2445 1540 sicut
2478 1487 2725 1543 voluerat
2761 1489 3073 1557 concilium,
3109 1501 3162 1546 et
3204 1494 3310 1548 hoc

1733 1570 2241 1642 imprzcsentiarum,
2263 1588 2371 1628 non
2402 1590 2661 1631 concessa
2684 1578 2940 1634 dilatione
2967 1579 3308 1637 induciarum

1733 1679 1856 1734 quae
1884 1665 2288 1734 quaarebantur,
2318 1681 2420 1721 nec
2440 1667 2697 1723 admissis
2722 1669 2787 1723 ad
2803 1670 3177 1740 purgationem
3201 1673 3307 1728 Ca-

1731 1753 2024 1822 bilonensi,
2064 1771 2227 1826 quem
2260 1773 2446 1812 secum
2479 1759 2799 1827 adduxerat,
2824 1770 2878 1816 et
2912 1761 3120 1831 Diensi,
3145 1780 3309 1835 quem

78 1846 296 1902 firmatus
317 1856 440 1902 erat
469 1847 526 1902 in
550 1848 784 1904 concilio
809 1846 1230 1902 Clarimontensi
1259 1861 1356 1916 pro
1400 1861 1633 1917 praesen-
1662 1846 1705 1870 ”
1730 1846 2168 1917 archiepiscopus
2191 1850 2435 1905 miserat.
2462 1849 2618 1918 Quod
2646 1867 2769 1907 cum
2806 1853 3006 1909 factum
3033 1871 3144 1910 non
3171 1855 3312 1912 luis--

79 1934 137 1988 tia
160 1933 353 1990 Urbani
374 1951 549 2008 papa,
561 1936 798 2008 itemque
819 1937 875 1992 in
889 1936 1137 1993 conciliis
1152 1936 1351 1993 habitis
1372 1951 1403 1991 a
1428 1935 1632 1991 domno

78 2024 421 2098 Lugdunensi,
457 2029 831 2100 purgationem
855 2028 1237 2100 imponendam
1261 2028 1367 2099 ipsi
1397 2028 1491 2101 qui
1528 2027 1631 2082 im-

76 2120 351 2190 petcbatur,
382 2122 637 2193 quamvis
659 2122 765 2177 hoc
792 2135 1065 2177 canonum
1098 2119 1512 2176 auctoritatibus
1538 2118 1631 2173 lir-

76 2228 203 2269 mare
220 2228 325 2268 non
349 2213 681 2271 sullicerent.
719 2212 936 2285 Legatis
955 2228 987 2268 e
1012 2214 1228 2270 diverso
1248 2213 1627 2283 respondenti-

76 2300 175 2366 bus,
187 2308 238 2356 et
250 2301 514 2357 canonica
539 2301 841 2357 assertione
861 2300 1226 2368 ﬁrmantibus,
1244 2308 1627 2355 accusatorum

74 2407 172 2447 esse
190 2393 415 2463 probare
435 2393 584 2464 quod
603 2392 920 2463 objecerint,
945 2392 991 2448 si
1014 2391 1239 2464 legitimi
1268 2399 1431 2458 sunt,
1461 2392 1544 2446 vel
1571 2391 1627 2446 in

78 2498 216 2539 causa
245 2485 510 2555 symoniae
545 2485 640 2540 ubi
687 2485 836 2540 nulla
884 2485 1183 2556 requiritur
1229 2484 1475 2557 legalitas
1497 2524 1513 2551 ,
1560 2499 1627 2539 eo

74 2589 260 2646 quoque
279 2576 375 2647 qui
394 2576 759 2632 accusabatur
773 2575 1075 2631 Romanam
1097 2574 1281 2632 sedem
1301 2573 1624 2647 appellante,

76 2665 146 2718 cui
176 2666 516 2736 appellationi
543 2681 653 2721 non
691 2682 976 2723 assensum
1005 2667 1076 2722 sit
1103 2667 1172 2722 ab
1200 2666 1282 2723 eis
1320 2684 1334 2720 :
1372 2681 1439 2721 eo
1479 2666 1626 2736 quod

75 2771 433 2828 curam,quam
458 2758 551 2813 alii
572 2758 628 2813 in
650 2768 803 2829 parte
823 2747 1222 2826 sollicitudinis,
1241 2758 1343 2828 ipsi
1366 2758 1626 2813 haberent

76 2848 119 2901 in
148 2848 470 2916 plenitudine
497 2851 803 2919 potestatis,
847 2851 941 2920 qui
976 2850 1223 2905 Romana
1276 2849 1541 2917 aecclesia,
1571 2860 1626 2906 et

72 2939 250 3006 iudices
277 2941 328 2995 in
351 2941 547 2998 eadem
570 2951 755 2997 essent
773 2942 1039 2997 περιθείη.
1067 2940 1315 3012 Cumque
1357 2942 1624 2996 tardanti—

74 3028 157 3083 bus
172 3030 435 3102 episcopis
465 3032 732 3102 judicium
759 3031 912 3100 dare,
940 3048 1065 3087 nox.
1093 3032 1385 3088 imminens
1427 3041 1482 3088 et
1527 3048 1623 3088 ex-

73 3122 272 3188 pectatio
293 3124 679 3193 episcoporum
702 3133 1035 3179 conventum
1070 3124 1342 3190 solvisset,
1365 3124 1622 3180 dilatione

73 3212 188 3278 data,
228 3217 495 3271 sententia
541 3231 826 3287 suspensa,
872 3216 927 3271 in
971 3216 1272 3273 crastinum
1322 3217 1509 3272 eadem
1563 3236 1621 3274 re

75 3304 253 3362 diutius
276 3308 559 3375 ventilata,
590 3308 811 3378 agitata,
838 3322 938 3363 nec
966 3308 1253 3362 terminata
1282 3338 1352 3346 —
1392 3310 1621 3378 petenti-

74 3392 156 3452 bus
179 3398 426 3453 omnibus
450 3398 721 3469 episcopis
769 3399 837 3454 de
865 3397 1075 3469 judicio
1115 3398 1505 3455 dissidentibus
1551 3430 1622 3439 —

77 3485 433 3545 induciasllatae
452 3498 580 3545 sunt
601 3505 775 3561 usque
822 3491 891 3545 ad
936 3489 1256 3545 Pictavense
1302 3490 1619 3557 concilium,

74 3593 161 3648 quo
178 3596 294 3650 pars
323 3591 560 3652 utraque
582 3590 774 3637 vocata
811 3590 925 3648 est;
953 3596 1020 3637 eo
1044 3590 1225 3637 tamen
1263 3596 1293 3636 a
1322 3582 1619 3652 pontiﬁcali

71 3678 113 3722 et
135 3672 441 3729 sacerdotali
469 3688 739 3744 suspenso
761 3672 955 3739 ollicio,
987 3689 1111 3728 cum
1149 3673 1290 3728 idem
1331 3688 1426 3743 per
1466 3689 1525 3728 se
1565 3684 1621 3729 et

75 3774 181 3815 suos
206 3778 427 3818 munera
454 3765 701 3834 quaedam
730 3764 1002 3837 episcopis
1027 3773 1188 3820 nocte
1219 3766 1409 3820 eadem
1437 3767 1619 3822 misis-

72 3856 337 3920 set,qute_a
364 3853 698 3923 quibusdam
736 3862 1012 3925 suscepta,
1041 3870 1072 3908 a
1111 3855 1442 3925 quibusdam
1490 3866 1618 3911 sunt

70 3940 315 4009 reprobata
339 3960 352 3998 :
378 3944 527 4014 quod
551 3944 716 3999 etiam
742 3944 1046 4000 cardinales
1075 3961 1186 4000 non
1212 3946 1455 4011 latuerit,
1480 3947 1616 4001 adeo

70 4038 116 4083 ut
148 4032 197 4086 in
233 4035 476 4103 plenario
511 4045 783 4092 conventu
844 4036 1031 4106 gratiae
1087 4037 1614 4093 circumsedentibus

69 4119 254 4177 redditae
271 4124 339 4178 ab
370 4125 456 4180 eis
484 4123 615 4191 sint,
641 4125 788 4194 quod
832 4125 1189 4181 sacerdotalia
1233 4135 1452 4195 pectora
1493 4128 1613 4181 auri

69 4223 195 4265 sacra
218 4213 388 4271 fames
412 4215 516 4270 etsi
547 4222 885 4284 temptasset,
903 4232 1012 4272 non
1035 4216 1339 4286 inrupisset.

124 4299 216 4358 Hec
236 4305 474 4374 quidem,
498 4319 622 4361 cum
642 4321 886 4377 prmsens
907 4316 1051 4363 esset
1074 4307 1519 4373 Matisconensis,
1555 4308 1611 4363 in

71 4393 303 4454 audientia
333 4398 522 4453 domui
561 4415 713 4469 papae
741 4399 1132 4455 referebantur.
1165 4400 1406 4456 Aderant
1427 4409 1481 4456 et
1523 4402 1606 4458 lit-

1644 3167 1688 3225 C

71 4490 172 4539 lerat
189 4489 539 4545 cardinalium
579 4490 693 4547 sedi
718 4492 1030 4562 apostolicIc
1052 4493 1273 4548 directa:
1294 4508 1394 4563 pro
1418 4493 1607 4548 eadem
1641 4516 1686 4577 υ

71 4587 317 4645 causa;ne
354 4582 503 4651 quod
543 4580 747 4637 factum
791 4594 908 4638 erat
946 4584 1012 4638 ad
1048 4585 1310 4639 honorem
1352 4584 1610 4640 Romanae

71 4667 286 4724 ecclesia:
318 4673 626 4728 cardinales
658 4673 901 4729 sinerent
933 4674 1248 4745 infringere.
1283 4674 1493 4730 Etcum
1521 4691 1611 4729 ro—

72 4765 193 4820 garet
211 4773 303 4827 pro
330 4761 605 4817 confratre
624 4763 899 4832 episcOpo,
923 4763 1183 4818 dimissus
1205 4764 1371 4818 estab
1397 4779 1484 4829 eo,
1514 4779 1609 4819 ac-

72 4847 211 4913 ceptis
253 4853 521 4909 mandatis
576 4861 635 4906 ut
693 4854 918 4922 justitize
977 4853 1218 4908 faverent
1273 4853 1608 4921 cardinales,

74 4938 186 5002 apud
220 4955 275 4994 se
303 4950 478 4997 ratum
508 4942 623 4999 fore
659 4944 925 5014 judicium
962 4944 1217 5014 aequitate
1243 4943 1389 4998 Petri
1425 4945 1608 5015 prola-

76 5033 181 5081 tum.
226 5029 417 5103 Sicque
468 5035 659 5101 rediit,
717 5045 772 5090 et
812 5034 1115 5092 Pictavensi
1159 5036 1394 5093 concilio
1437 5039 1609 5092 inter-

75 5111 169 5170 fuit.

126 5207 259 5275 Quod
289 5226 635 5288 aggregatum
665 5226 749 5272 est
775 5217 827 5271 in
848 5219 1092 5274 meclesia
1119 5221 1293 5274 sancti
1320 5220 1489 5285 Petri,
1521 5221 1609 5276 die

74 5308 340 5360 octavarum
387 5309 560 5364 sancti
598 5307 814 5364 Martini
849 5310 998 5383 (2l5)
1046 5309 1202 5381 (Nov.
1252 5311 1361 5381 18),
1397 5312 1610 5381 episco-

78 5384 230 5454 Wﬂim
265 5405 317 5451 et
349 5399 602 5454 abbatum
640 5418 867 5457 numero
914 5401 1001 5455 80.
1050 5401 1214 5457 Affuit
1246 5410 1301 5457 et
1339 5402 1608 5460 Eduensis

77 5492 175 5537 cum
206 5485 540 5547 Cabilonensi
603 5492 816 5550 Diensis
849 5510 1066 5564 quoque
1102 5493 1411 5564 episcopus,
1442 5510 1602 5565 quem

1729 1943 1829 2001 set,
1859 1936 2069 2006 judicio
2103 1939 2247 2001 dato.
2282 1941 2363 1995 eis
2389 1939 2591 1996 frustra
2620 1944 2803 1998 sedem
2833 1944 3187 2013 apostolicam
3210 1961 3309 2014 ap-

1720 2026 2085 2101 pellantibus,
2112 2029 2406 2099 rogabatur
2434 2030 2629 2085 stolam
2653 2031 2877 2089 reddere
2900 2042 2954 2087 et
2973 2034 3217 2089 anulum.
3246 2033 3309 2087 Et

1728 2115 1944 2171 interim
1982 2117 2097 2188 ipse
2119 2127 2265 2173 retro
2288 2120 2459 2174 altare
2493 2122 2752 2178 secedens
2774 2139 2899 2177 eum
2930 2125 3067 2190 suis,
3091 2141 3189 2179 uec
3212 2126 3307 2195 ju-

1725 2204 1869 2261 dicio
1903 2222 2094 2276 parere
2125 2208 2313 2275 voluit,
2356 2225 2459 2265 nec
2499 2210 2566 2265 ad
2603 2226 2923 2267 consessum
2950 2228 3216 2280 remeare,
3249 2225 3308 2268 ut

1718 2296 2158 2372 praecipiebatur,
2185 2301 2439 2355 assensit.
2464 2299 2826 2367 Quamobrem
2854 2305 2922 2358 ab
2945 2305 3308 2376 episcopaliet

1724 2390 2046 2445 sacerdotali
2076 2399 2161 2447 est
2189 2392 2365 2447 ofﬁcio
2389 2394 2615 2448 omnino
2642 2395 2945 2464 depositus,
2968 2405 3023 2451 et
3050 2397 3155 2452 nisi
3178 2398 3307 2453 obe-

1723 2480 1882 2544 diret,
1919 2498 1948 2536 a
1975 2483 2256 2540 liminibus
2300 2494 2504 2542 sancta:
2533 2487 2776 2542 ecclesiae
2811 2499 3158 2562 segregatus;
3188 2507 3307 2547 om-

1724 2587 1930 2643 nesque
1979 2575 2072 2644 qui
2129 2575 2177 2629 ei
2232 2576 2461 2632 ulterius
2500 2585 2562 2632 ut
2595 2577 2850 2648 episcopo
2893 2581 3176 2636 obedirent
3220 2583 3306 2636 vel

1723 2671 2100 2718 revererentur
2130 2706 2145 2731 ,
2181 2675 2380 2720 aeterna
2428 2668 2809 2724 maledictione
2869 2671 3188 2738 multantur,
3220 2674 3306 2728 vel

1723 2752 1816 2822 qui
1885 2752 1932 2807 ei
1988 2769 2157 2824 opem
2225 2755 2429 2811 ferrent
2483 2758 2539 2812 in
2594 2760 2893 2828 pertinacia
2955 2761 3300 2830 persistendi.

1722 2842 1860 2910 Quid
1893 2854 2073 2929 autem
2103 2847 2491 2916 intercesserit,
2527 2852 2673 2920 quod
2699 2867 2823 2909 cum
2857 2851 3195 2929 Turonensis
3214 2870 3304 2908 ar-

1722 2922 2125 3006 chiepiscopus,
2156 2947 2210 2993 et
2235 2937 2601 3007 Redonensis,
2631 2950 2686 2998 et
2713 2943 2803 2997 alii
2838 2922 3189 3013 quamplures
3211 2935 3305 2998 co-

1723 3021 2038 3096 Operatores
2065 3045 2123 3084 se
2146 3030 2325 3100 primo
2351 3032 2647 3102 optulerint
2667 3033 3002 3090 defensionis
3022 3043 3076 3091 et
3088 3035 3305 3105 adjuto—

1721 3133 1809 3173 res
1830 3120 2190 3191 purgationis,
2213 3122 2339 3193 quia
2358 3131 2513 3189 erant
2538 3125 2604 3180 de
2623 3125 2901 3194 provincia
2930 3125 3301 3197 Lugdunensi,

1725 3206 1777 3261 in
1805 3215 2044 3279 tempore
2070 3226 2129 3266 se
2154 3213 2497 3269 necessitatis
2519 3214 2907 3282 subtraxerint,
2936 3216 3163 3271 reticere
3191 3233 3301 3271 non

1719 3297 1999 3354 debemus.
2048 3300 2150 3357 Ubi
2189 3303 2480 3363 audierunt
2513 3305 2766 3361 canonici
2804 3306 2997 3372 nostri,
3030 3307 3083 3361 id
3118 3307 3188 3362 ab
3221 3308 3302 3363 eis

1719 3391 2034 3469 praesentari
2052 3409 2297 3463 personae
2314 3395 2388 3449 illi
2406 3396 2563 3467 cujus
2586 3396 2908 3468 ignorabant
2927 3398 3095 3454 vitam
3112 3406 3167 3452 et
3185 3414 3303 3454 mo-

1719 3497 1828 3549 res,
1854 3484 2070 3541 solliciti
2096 3487 2164 3541 ad
2193 3501 2290 3542 eos
2311 3488 2665 3554 conveniunt,
2701 3488 2954 3559 privatim
2978 3498 3299 3546 contestan-

1717 3582 1799 3629 tes
1829 3583 1886 3629 et
1915 3577 2151 3645 publice,
2176 3571 2244 3632 ne
2263 3578 2721 3634 attaminarentur
2745 3580 3131 3634 communione
3152 3581 3300 3635 illius

1719 3682 1820 3720 nec
1838 3666 2051 3721 dicendi
2081 3669 2433 3735 sacramenti,
2450 3668 2618 3723 immo
2640 3670 2885 3740 perjurii,
2912 3667 3147 3742 quorum
3171 3688 3302 3742 pur-

1716 3757 1929 3829 gatione
1943 3759 2131 3813 eadem
2146 3759 2515 3815 certissimum
2545 3770 2663 3816 erat
2691 3761 3015 3832 periculum,
3046 3763 3094 3818 si
3116 3771 3296 3818 tamen

1714 3849 1967 3919 purgatio
2002 3849 2229 3905 dicenda
2270 3858 2416 3906 esset
2455 3851 2703 3907 criminis
2730 3854 3104 3925 exaggeratio;
3150 3870 3300 3909 asse-

1715 3948 1897 3995 rentes
1932 3940 1980 3996 si
2021 3958 2131 3996 non
2171 3941 2596 4012 adquievissent,
2634 3960 2692 4000 se
2721 3954 2989 4016 quotquot
3012 3956 3169 4001 erant
3206 3964 3299 4002 ca-

1714 4030 1918 4096 nonici,
1943 4031 2244 4102 perjurium
2274 4050 2465 4088 eorum
2504 4035 2716 4090 ratione
2743 4046 2799 4092 et
2827 4045 3170 4092 sacramento
3198 4039 3297 4093 de--

1714 4120 2037 4189 claraturos,
2064 4132 2117 4176 et
2135 4123 2343 4193 judicio
2373 4124 2514 4195 ignis
2537 4127 2881 4196 probaturos.
2909 4128 3065 4195 Quod
3089 4130 3299 4185 dictum

1714 4212 1769 4265 al
1855 4222 2031 4282 tcepto
2058 4228 2154 4267 eos
2183 4216 2482 4284 prohibuit,
2513 4217 2749 4271 maxime
2774 4220 2901 4287 quia
2930 4220 3184 4275 videbant
3208 4221 3307 4275 vi-.

1711 4309 1988 4358 restanta:
2012 4306 2353 4360 auctoritatis
2390 4314 2445 4361 et
2486 4308 2788 4363 nobilitatis
2826 4310 3092 4364 rationem
3137 4326 3293 4365 suam

1711 4392 1945 4448 evidenti
1969 4394 2269 4450 assertione
2304 4405 2358 4451 et
2382 4397 2710 4452 documento
2734 4399 2999 4469 probabili
3026 4408 3287 4454 astruere.

1713 4481 1779 4537 Et
1806 4484 1873 4538 de
1900 4500 1966 4540 eo
1995 4485 2214 4555 quidem
2244 4487 2316 4541 ita
2355 4504 2413 4544 se
2447 4504 2534 4544 res
2566 4489 2746 4545 habet.
2782 4489 2901 4562 Ipse
2936 4506 3068 4545 vero
3094 4505 3290 4560 quam-

1711 4589 1876 4643 quam
1912 4572 2214 4643 depositus,
2240 4592 2572 4647 quamquam
2599 4594 2629 4633 a
2651 4579 2931 4635 consortio
2961 4587 3017 4634 et
3042 4594 3292 4633 comnm-

1711 4664 1875 4719 nione
1899 4666 2157 4721 aacclesia:
2182 4676 2576 4736 sequestratus,
2595 4671 2790 4725 stolam
2815 4671 3058 4735 retinuit,
3077 4678 3131 4724 et
3154 4684 3292 4722 anu-

1688 4753 1859 4823 lum;
1901 4757 2041 4811 bona
2087 4765 2270 4813 tamen
2318 4760 2582 4831 episc0pii
2623 4761 2805 4820 clerici
2853 4761 3208 4831 providebant
3238 4769 3294 4816 et

1686 4845 2091 4915 disponebant,
2123 4850 2266 4919 quod
2301 4858 2356 4906 et
2385 4868 2532 4907 nunc
2555 4869 2726 4923 usque
2754 4852 2980 4919 faciunt,
3020 4855 3292 4907 omnimo-

1716 4935 1797 4992 dis
1825 4937 1879 4991 id
1900 4954 2027 5008 egre
2056 4939 2262 4994 ferente
2294 4941 2723 5010 archiepiscopo,
2753 4942 2899 5011 quod
2923 4949 3076 4997 extra
3098 4943 3291 4996 volun-

1715 5033 1881 5081 tatem
1905 5043 2060 5083 suam
2090 5037 2143 5083 et
2176 5039 2467 5085 accusatus
2503 5038 2556 5083 et
2586 5030 2865 5100 judicatus
2899 5032 3290 5102 depositusqu'e

1711 5116 1853 5173 foret
1877 5134 1907 5173 a
1931 5135 1990 5174 se
2011 5127 2260 5175 sacratus
2284 5120 2595 5191 episcopus,
2623 5121 2962 5191 querimonia
2984 5131 3134 5178 extra
3164 5137 3290 5192 pro-

1709 5209 1944 5264 vinciam
1966 5213 2222 5267 ventilata
2261 5228 2358 5282 per
2392 5229 2590 5269 manus
2633 5214 2954 5285 legatorum,
2986 5232 3085 5271 nec
3112 5218 3178 5270 ad
3208 5232 3285 5284 se,

1708 5300 1802 5370 qui
1835 5303 2287 5374 metropolitanus
2328 5313 2381 5359 et
2423 5305 2626 5375 primas
2653 5315 2771 5361 erat
2800 5308 3124 5377 provinciae,
3148 5307 3287 5363 infra

1706 5390 2044 5459 provinciam
2067 5394 2234 5448 relata
2259 5396 2556 5450 secundum
2583 5397 2717 5452 scita
2738 5399 3018 5454 canonica.
3048 5399 3124 5453 Ad
3141 5401 3283 5468 quod

1710 5491 1889 5537 tamen
1927 5487 2327 5556 exequendum,
2366 5497 2420 5541 et
2452 5488 2525 5544 ita
2567 5497 2625 5544 ut
2660 5484 2841 5546 actum
2894 5499 2978 5547 est
3026 5507 3285 5562 peragen-

1536 5589 1766 5649 NOTAE.

129 5665 253 5744 (2L3)
286 5669 354 5724 Cf
354 5674 665 5744 ._epistolam
685 5678 977 5744 legatorum
996 5679 1060 5731 ad
1081 5677 1425 5734 Lambertum
1452 5681 1597 5735 Atre—

80 5726 328 5807 Latcnsem,
360 5726 527 5801 Mansi
554 5746 668 5813 xx,
702 5726 853 5803 tias.
876 5747 1006 5803 Vide
1030 5748 1227 5804 ibidem
1255 5750 1387 5805 Acta
1411 5752 1600 5806 Conci-

1706 5687 1761 5743 lii
1791 5705 1840 5744 ει.
1878 5689 2029 5758 llUO,
2063 5706 2166 5745 non
2193 5690 2420 5765 integra.
2446 5692 2507 5748 Κ.
