3878 6310
529 395 636 451 585

1524 394 1827 451 HUGONIS
1861 394 2153 451 ABBATIS
2187 394 2756 452 FLAVINIACENSIS

3686 398 3787 453 58$

530 512 688 577 dum,
715 510 879 581 justte
899 524 995 566 eos
1023 509 1250 565 rationis
1276 509 1497 565 evidens
1533 508 1759 565 adduxit
1789 512 2104 566 necessitas.
2140 516 2185 572 Α
2214 500 2376 582 regia:
2407 510 2592 580 stirpis
2624 524 2792 564 uxore
2818 508 3121 579 repudiata,
3156 507 3301 564 thori
3328 509 3438 564 llde
3465 509 3684 575 violata,
3709 527 3790 565 re-

537 603 751 658 Etenim
791 619 916 659 cum
958 604 1014 657 in
1052 603 1169 671 ipso
1206 601 1505 672 primordio
1533 602 1777 657 scandali
1806 602 2110 657 cardinales
2210 599 2284 671 gii
2313 600 2509 655 cubilis
2540 600 2736 654 decore
2770 598 3111 666 obnubilato,
3151 599 3286 671 regii
3318 598 3588 670 germinis
3620 599 3790 669 splen-

539 694 908 755 advenissent,
934 693 1149 746 hortatu
1172 701 1225 746 et
1249 692 1501 762 precibus
1523 692 1768 763 ejusdem
1791 693 2113 763 pseudoepi-
2210 691 2342 746 dore
2367 689 2674 755 obfuscato,
2700 688 2886 744 comiti
2910 703 3012 743 suo
3027 688 3405 759 Andegavensi
3434 703 3659 742 uxorem
3672 688 3797 743 sub-

542 785 695 854 scopi
721 784 788 839 ad
815 783 1239 852 componendam
1276 797 1464 852 pacem
1501 783 1780 850 :eeclesize,
1819 798 1942 853 quae
1967 782 2113 840 fceda
2212 783 2400 854 ripuit,
2428 782 2586 837 militi
2608 780 2796 852 utique
2820 796 2922 836 suo
2946 780 3033 836 eui
3057 779 3214 835 ﬁdem
3232 778 3591 850 promiserat,
3611 785 3661 833 et
3682 794 3796 832 ear-

543 874 924 930 dilaceratione
955 873 1046 928 sed
1070 874 1375 930 necessaria
1406 874 1774 940 scindebatur,
1804 872 2037 929 Eduam
2059 873 2115 928 in

544 966 685 1021 festo
713 966 884 1020 sancti
896 963 1113 1021 Nazarii
1131 976 1415 1033 venerunt,
1440 976 1493 1022 et
1509 967 1691 1022 audita
1717 967 1886 1038 partis
1908 965 2116 1021 utrius-

546 1069 659 1123 que
684 1057 952 1110 sententia
980 1064 1131 1111 tanto
1167 1056 1352 1112 favore
1402 1057 1720 1126 prosequuti
1755 1064 1883 1112 sunt
1917 1067 1970 1111 et
1990 1052 2117 1110 tue-

544 1145 746 1203 bantur
765 1147 912 1203 vices
942 1149 1107 1214 illius,
1139 1164 1471 1219 quamquam
1490 1148 1703 1218 justitia
1731 1148 2120 1203 canonicorum

546 1241 688 1309 parti
722 1239 946 1306 faveret,
989 1247 1050 1295 ut
1092 1240 1159 1295 de
1206 1238 1442 1294 maxima
1489 1238 1833 1294 dissensione
1871 1238 1939 1293 ad
1972 1237 2122 1308 pacis

550 1331 808 1386 unionem
832 1331 1120 1395 rediretur,
1156 1337 1211 1385 et
1249 1331 1373 1384 talis
1409 1345 1505 1384 eos
1539 1329 1830 1384 concordia
1866 1329 2122 1395 sociaret,

549 1421 639 1476 cui
659 1421 912 1490 quamvis
936 1435 1063 1491 egre
1097 1436 1127 1474 a
1158 1419 1435 1474 canonicis
1473 1435 1759 1475 assensum
1789 1427 1954 1475 esset.
1994 1418 2126 1485 Qua:

551 1529 678 1568 cum
720 1514 937 1568 tandem
982 1513 1347 1568 obstinatione
1384 1513 1503 1583 ejus
1544 1514 1598 1568 in
1641 1513 1854 1568 irritum
1898 1513 2126 1568 deducta

552 1603 768 1669 fuisset,
793 1604 862 1658 ab
887 1604 1090 1659 eisdem
1106 1612 1227 1673 post
1248 1604 1484 1674 capitulo
1498 1604 1818 1676 abnegatam
1835 1604 2125 1674 justitiam,

554 1695 624 1748 ad
671 1693 1003 1748 audientiam
1039 1695 1439 1765 metropolitani
1478 1703 1533 1750 et
1564 1696 1831 1766 judicium
1873 1694 2026 1764 ejus,
2063 1694 2130 1749 de

556 1786 965 1841 communitatis
993 1786 1375 1856 dilapidatione
1409 1786 1552 1840 unde
1585 1787 1865 1857 agebatur,
1904 1791 2130 1841 vocatus

556 1884 661 1931 est.
696 1874 850 1942 Quod
884 1879 1109 1949 respuit,
1132 1886 1188 1933 et
1206 1879 1273 1933 de
1327 1876 1497 1948 priori
1528 1877 1857 1948 benignitate
1877 1875 2132 1933 cardina-

558 1969 694 2024 lium
723 1969 1022 2036 confidens,
1052 1970 1120 2025 ad
1144 1969 1488 2040 designatum
1526 1966 1913 2023 Valentinense
1950 1966 2134 2022 conci-

558 2058 694 2115 lium
711 2074 806 2116 eos
836 2060 1034 2116 ibidem
1055 2074 1422 2131 responsurus
1446 2066 1502 2114 et
1524 2057 1906 2115 satisfacturos
1933 2058 2133 2113 invita-

559 2152 658 2220 vit,
705 2161 760 2207 et
792 2152 1040 2208 nolentes
1081 2152 1162 2207 ire
1209 2151 1387 2222 coegit
1426 2150 1745 2205 invitatione
1779 2165 1899 2214 sua,
1934 2148 2042 2204 illis
2082 2156 2137 2205 et

560 2255 663 2310 pro
686 2240 902 2309 publico
917 2239 1154 2308 dampno
1169 2238 1549 2295 eommunitati
1571 2253 1762 2293 eorum
1790 2238 1939 2292 illato
1963 2245 2018 2292 et
2039 2252 2138 2307 pro

562 2329 1018 2401 privatisinjuriis
1043 2328 1347 2384 hominium
1371 2328 1490 2399 ejus
1503 2328 1896 2397 rejicientibus,
1912 2335 2134 2397 etaper-

563 2430 651 2476 tos
677 2436 735 2477 se
762 2421 1033 2487 inimicos,
1058 2436 1125 2476 ex
1146 2421 1249 2475 hoc
1271 2421 1503 2475 maxime
1530 2419 1659 2491 quia
1683 2419 1749 2493 de
1765 2418 1929 2474 rebus
1953 2418 2141 2475 dome-

565 2512 718 2569 sticis
736 2512 805 2567 ad
833 2511 1124 2568 concilium
1154 2519 1210 2567 et
1229 2519 1384 2567 extra
1412 2509 1748 2581 provinciam
1770 2510 2138 2575 vocabantur,

564 2603 1011 2674 protestantibus.
1028 2600 1265 2658 Dolenda
1289 2600 1528 2657 hominis
1550 2600 1788 2668 miseria,
1814 2600 1909 2671 qui
1930 2599 2141 2655 nullum

565 2709 826 2764 umquam
859 2694 1065 2761 dilexit,
1108 2708 1140 2750 a
1178 2693 1398 2749 nemine
1429 2691 1660 2748 dilectus
1693 2698 1798 2758 est,
1833 2690 1971 2746 nulli
1999 2690 2055 2745 in
2084 2704 2145 2745 se

564 2786 809 2856 peccanti
839 2784 1065 2856 ignovit,
1096 2785 1232 2841 nulli
1258 2792 1386 2857 post
1418 2784 1554 2839 iram
1588 2781 2023 2840 benedictionem
2048 2781 2145 2838 tri-

564 2876 705 2944 buit,
740 2876 795 2932 in
818 2878 934 2933 sola
971 2877 1217 2948 pecuniae
1243 2875 1625 2948 aggregatione
1651 2890 1804 2947 spem
1838 2889 1998 2932 suam
2026 2890 2146 2931 om-

548 2970 693 3023 nem
718 2969 1083 3024 constituens!
1108 2966 1229 3022 Non
1255 2967 1508 3024 credatur
1537 2967 1717 3036 nobis,
1748 2967 1930 3023 sinon
1958 2967 2013 3022 in
2040 2965 2146 3022 hoc

547 3060 673 3114 ‘vox
715 3074 825 3114 una
874 3068 1142 3115 consonat
1185 3059 1453 3115 omnium.
1496 3055 1610 3114 Nec
1635 3068 1884 3114 nostrum
1913 3066 2017 3124 est,
2042 3057 2146 3113 etsi
2196 3060 2233 3077 "

2215 876 2303 930 nis
2329 872 2802 944 consanguinitate
2830 873 3137 945 propinquo
3159 890 3172 927 :
3193 872 3331 927 adeo
3354 879 3499 926 utex
3523 884 3633 925 una
3654 879 3797 940 pane

2216 966 2273 1022 in
2306 966 2491 1033 tertio,
2520 981 2587 1021 ex
2630 964 2736 1020 alia
2763 964 2818 1019 in
2848 971 3044 1036 quarto
3083 962 3515 1035 propinquitatis
3545 962 3799 1031 sanguine

2218 1061 2582 1119 necterentur,
2601 1060 2655 1108 et
2676 1052 2858 1108 federa
2881 1052 3143 1125 conjugii,
3177 1067 3299 1122 quae
3326 1067 3397 1106 ne
3419 1050 3799 1106 dirimerentur

2218 1144 2418 1216 regalis
2446 1144 2657 1215 gladius
2691 1143 2836 1199 ultor
2862 1144 3124 1199 hactenus
3149 1141 3409 1208 inhibuit,
3448 1140 3723 1210 impudica
3755 1151 3801 1193 et

2221 1234 2568 1291 incontinens
2603 1235 2749 1307 regis
2779 1235 3029 1290 dissolvit
3061 1233 3309 1300 lascivia,
3346 1230 3626 1303 impudica
3651 1238 3709 1284 et
3730 1230 3802 1283 in-

2219 1338 2502 1391 reverens,
2555 1324 2849 1379 scindenda
2884 1330 2938 1378 et
2979 1322 3283 1378 dirimenda
3320 1330 3401 1376 tot
3443 1321 3608 1375 annis
3649 1318 3804 1372 violat

2224 1418 2536 1474 obstinatia.
2567 1415 2770 1471 Verum
2800 1416 2931 1486 quid
2980 1415 3211 1480 mirum,
3245 1414 3292 1468 si
3330 1414 3387 1469 in
3428 1412 3600 1467 fluvio
3624 1411 3802 1471 seculi,
3872 1448 3873 1489 ξ

2227 1510 2282 1564 ln
2313 1517 2551 1564 torrente
2586 1506 2778 1564 fluoris
2816 1506 2973 1578 regii,
3006 1503 3305 1560 Leviathan
3348 1504 3616 1574 antiquus
3655 1516 3805 1571 quem
3872 1524 3873 1575 1

2227 1602 2519 1658 absorbeat
2540 1602 2771 1667 invenit;
2805 1599 2911 1670 qui
2929 1600 2984 1653 in
3010 1599 3277 1654 descensu
3292 1596 3555 1652 Iordanis
3573 1594 3805 1665 preciosa
3872 1628 3873 1639 η

2228 1702 2283 1748 et
2315 1693 2485 1756 electa
2518 1690 2679 1762 rapit,
2712 1691 2768 1746 in
2797 1691 2988 1746 ordine
3028 1690 3411 1760 episcoporum
3449 1687 3553 1758 qui
3587 1701 3809 1757 praeesse
3872 1690 3873 1721 ῖ

2230 1785 2428 1841 debent
2453 1785 2602 1855 ipsos
2636 1783 2987 1855 praesidentes
3013 1781 3116 1838 sibi
3150 1779 3483 1837 substernit?
3506 1777 3626 1833 Rex
3666 1776 3809 1846 regi:
3872 1792 3873 1849 γ

2234 1879 2503 1934 castitatis
2529 1893 2676 1946 osor,
2705 1876 2837 1949 regii
2870 1878 3014 1932 tbori
3036 1876 3306 1932 violentus
3333 1874 3619 1940 eﬂ‘ractor,
3642 1873 3809 1929 diade-

2234 1969 2398 2025 matis
2423 1969 2558 2040 regii
2583 1985 2782 2040 procax
2805 1969 3175 2035 conculcator,
3202 1967 3305 2023 etsi
3320 1967 3499 2038 potuit
3522 1966 3764 2036 reginam
3786 1981 3811 2017 ι

2236 2061 2396 2115 thoro
2421 2068 2477 2114 et
2505 2074 2707 2116 corona
2739 2058 2976 2113 indebite
3003 2057 3258 2128 dejicere,
3284 2071 3393 2111 non
3421 2063 3649 2126 poterat
3672 2053 3811 2108 adul~

2236 2164 2408 2211 teram
2441 2154 2495 2208 in
2523 2152 2663 2209 solio
2687 2152 2839 2224 regni
2867 2151 3249 2207 benedictione
3272 2151 3517 2216 ﬁrmare,
3538 2148 3650 2203 nisi
3672 2148 3727 2201 in
3739 2163 3815 2200 or-

2235 2245 2363 2304 dine
2389 2245 2771 2316 episcoporum
2809 2241 3104 2314 complices
3124 2241 3229 2296 sibi
3256 2240 3587 2303 invenisset,
3617 2238 3703 2292 vel
3728 2238 3813 2292 sibi

2238 2336 2354 2407 ipse
2382 2334 2678 2390 miserabili
2713 2333 3094 2404 desperatione
3116 2345 3439 2401 promovere
3464 2328 3718 2393 fecisset,
3738 2327 3813 2397 qui

2237 2426 2532 2482 voluntatis
2552 2425 2671 2495 ejus
2684 2432 3067 2495 exequutores,
3096 2431 3151 2477 et
3170 2420 3372 2497 regina:
3402 2436 3570 2476 nova:
3598 2420 3725 2474 novi
3748 2417 3816 2471 fo-

2238 2527 2362 2574 rent
2390 2525 2715 2574 sacratores.
2733 2515 2778 2571 Ο
2810 2513 3178 2585 impudentia!
3206 2528 3241 2569 ο
3262 2512 3602 2568 miserabilis
3625 2512 3816 2580 disper-

2240 2610 2325 2667 sio
2354 2607 2595 2680 lapidum
2632 2605 2930 2663 sanctuarii
2966 2606 3023 2661 in
3059 2604 3238 2675 capite
3276 2603 3626 2676 platearum!
3657 2600 3817 2667 “092i
3872 2600 3873 2680 ξ

2241 2702 2289 2759 si
2316 2699 2501 2773 regina
2535 2698 2810 2754 immerito
2838 2696 3112 2769 abjicitur,
3133 2696 3266 2768 quid
3286 2702 3372 2751 est
3393 2695 3549 2765 quod
3572 2692 3818 2751 adultera,
3872 2688 3873 2759 ἡ

2242 2792 2388 2864 quod
2443 2797 2674 2861 cognato
2714 2789 2939 2861 juncta,
2993 2787 3194 2843 marito
3236 2785 3579 2842 reclamante
3625 2784 3820 2852 vimque
3872 2790 3873 2864 ξ

2242 2897 2429 2956 passo,
2459 2879 2966 2937 subintroduciturl
3002 2878 3143 2950 (Fol.
3176 2878 3319 2949 ω’)
3345 2876 3406 2932 Si
3446 2877 3541 2932 vis
3576 2875 3725 2947 regia
3746 2875 3820 2944 jus
3872 2875 3873 2939 1

2244 2973 2493 3045 abnegat,
2520 2972 2604 3027 fas
2640 2971 2889 3038 subruit,
2927 2969 3082 3027 nefas
3119 2969 3335 3036 attollit,
3370 2968 3510 3040 quid
3553 2982 3693 3039 rogo
3736 2974 3820 3029 est
3872 2964 3873 2969 “

2244 3071 2391 3144 quod
2422 3069 2578 3126 nefas
2596 3068 2955 3134 benedicitur;
2986 3075 3042 3122 et
3064 3066 3122 3121 in
3148 3066 3351 3137 templo
3375 3065 3735 3136 sacrilegium
3753 3070 3821 3116 at-

570 3150 673 3206 lesi
709 3165 922 3216 sumus,
955 3150 1180 3206 lesionis
1215 3149 1504 3206 maledicto
1541 3150 1799 3205 talionem
1827 3149 2141 3221 rependere,

2250 3126 2455 3220 t‘ollitur
2475 3203 2490 3229 ,
2522 3160 2848 3216 adulterium
2874 3166 3142 3224 sacratur,
3175 3126 3530 3228 impudicicia
3562 3126 3823 3226 promove-

572 3242 669 3313 qui
684 3241 889 3298 scimus
916 3242 970 3296 in
997 3258 1098 3298 nos
1118 3241 1472 3312 peccantibus
1492 3255 1596 3297 nos
1615 3240 1810 3297 debere
1830 3241 2142 3312 ignoscere;

574 3333 668 3388 sed
691 3346 792 3387 nec
812 3333 1066 3403 congruit
1097 3332 1312 3387 veritati
1349 3340 1403 3388 et
1425 3331 1611 3403 pietati
1639 3332 2056 3400 aacclesiasticaa,
2079 3331 2148 3388 de

574 3424 664 3482 his
692 3424 891 3494 quibus
917 3425 971 3479 in
1003 3440 1063 3479 se
1089 3414 1441 3495 peccantibus
1456 3424 1742 3496 ignoverit,
1770 3423 1906 3480 falsa
1934 3439 2036 3495 pro
2057 3438 2149 3479 ve-

572 3518 654 3572 ris
683 3518 1031 3585 coneinnare,
1055 3517 1184 3589 quia
1212 3533 1338 3575 vera
1379 3517 1596 3575 dilectio
1636 3534 1667 3574 a
1708 3518 1813 3573 ﬁde
1841 3517 1955 3573 veri
1978 3517 2153 3574 nescit

576 3609 812 3664 deviare.
846 3608 1070 3664 Tribuat
1118 3610 1194 3664 illi
1237 3608 1500 3664 Dominus
1543 3617 1626 3677 ut,
1671 3610 1800 3680 quia
1833 3609 2002 3679 ceptis
2037 3609 2153 3664 suis

578 3700 762 3755 omnia
795 3702 1021 3756 adversa
1049 3701 1368 3772 responderi
1404 3701 1568 3768 videt,
1612 3717 1721 3756 non
1752 3700 1951 3756 adiciat
1985 3708 2045 3755 ut
2074 3701 2155 3756 sio-

579 3793 768 3850 mllem
800 3794 1064 3867 principio
1092 3795 1253 3850 tinem
1285 3792 1467 3863 faciat,
1507 3803 1589 3850 set
1623 3803 1802 3866 speret
1842 3794 1896 3848 in
1935 3793 2156 3849 nomine

580 3887 819 3955 Domini,
843 3904 950 3942 non
972 3889 1026 3942 in
1049 3888 1256 3945 incerto
1276 3887 1610 3955 divitiarum,
1634 3895 1689 3943 et
1710 3886 1973 3942 innitatur
1996 3900 2158 3962 super

582 3979 806 4035 domino
834 3978 944 4035 Deo
966 3996 1087 4035 suo.
1113 3979 1304 4035 Amen.

655 4071 723 4126 Et
743 4073 1003 4142 quoniam
1034 4072 1182 4128 viros
1219 4071 1436 4128 virtutis
1464 4072 1739 4127 memoria:
1776 4068 2159 4126 commendare

585 4163 957 4234 gratissimum
992 4165 1247 4219 omnibus
1271 4173 1325 4220 et
1347 4164 1480 4220 utile
1497 4163 1848 4231 arbitramur,
1868 4178 1980 4218 non
2007 4162 2077 4218 ab
2101 4177 2161 4216 re

584 4255 799 4310 videtur
821 4255 995 4322 nobis,
1024 4256 1070 4311 si
1100 4257 1274 4312 zelum
1291 4256 1488 4312 horum
1508 4255 1811 4328 legatorum
1841 4263 2031 4311 contra
2054 4253 2160 4309 im-

583 4347 1001 4418 pudicissimum
1025 4348 1257 4419 Philippi
1280 4350 1422 4421 regis
1446 4348 1782 4405 Francorum
1813 4347 2161 4412 adulterium,

586 4440 837 4495 secundae
870 4437 1176 4495 Jhezabelis
1200 4440 1477 4495 veneficiis
1506 4456 1536 4494 a
1567 4455 1697 4497 vero
1738 4447 1794 4494 et
1825 4438 1995 4510 justo,
2044 4436 2164 4495 utili

2245 3264 2356 3322 tur,
2394 3265 2450 3310 et
2486 3254 2592 3309 hoc
2639 3267 2736 3323 per
2772 3267 2971 3306 manus
3010 3249 3433 3322 episcoporum?
3468 3245 3724 3317 Nequius
3750 3244 3821 3297 hic
3872 3236 3873 3299 ξ

2251 3345 2459 3417 aliquid
2490 3344 2671 3410 video,
2697 3358 2861 3414 quam
2894 3342 2950 3396 in
2975 3349 3220 3412 tempore
3248 3339 3395 3396 beati
3423 3354 3588 3410 papa:
3600 3335 3822 3392 Nichoiai

2248 3436 2305 3492 in
2326 3436 2614 3505 Tietberga
2642 3434 2827 3506 regina
2860 3431 3143 3502 repudiata
3167 3441 3222 3487 et
3254 3429 3561 3484 Waldrada
3601 3428 3821 3484 adultera
3872 3440 3873 3506 ἦ

2250 3527 2666 3586 subintroducta
2691 3541 2721 3580 a
2757 3522 3037 3591 Lothario,
3074 3521 3320 3578 Lotharii
3364 3519 3726 3591 imperatoris
3749 3516 3823 3586 qui

2251 3621 2552 3678 monachus
2571 3618 2746 3674 factus
2764 3617 2989 3684 estfilio,
3004 3616 3153 3689 quia,
3169 3616 3272 3671 etsi
3288 3614 3361 3670 ibi
3379 3613 3553 3670 fallax
3569 3614 3826 3684 episcopo-
3872 3636 3873 3687 ξ

2251 3728 2376 3768 rum
2397 3711 2688 3784 judicium,
2719 3709 2765 3765 si
2793 3709 2993 3780 regina:
3015 3706 3323 3763 innocentis
3351 3705 3618 3775 dejectio,
3650 3704 3696 3759 si
3716 3704 3826 3770 legi-
3872 3692 3873 3769 ξ

2253 3803 2371 3859 timi
2403 3802 2545 3858 thori
2571 3800 2887 3864 divortium,
2919 3798 2965 3854 si
2994 3796 3183 3869 pelicis
3209 3796 3460 3850 exaltata‘.
3490 3793 3570 3826 “'
3594 3793 3734 3848 intra
3757 3806 3825 3844 re-
3872 3818 3873 3853 ι

2255 3894 2402 3968 gales
2422 3892 2576 3950 aulas
2608 3888 2997 3963 prostibulum,
3023 3904 3129 3944 non
3157 3887 3249 3948 illa
3287 3895 3468 3941 tamen
3493 3885 3623 3939 viro
3644 3883 3825 3954 juncta.

2255 4001 2368 4042 non
2392 4001 2423 4041 a
2451 3985 2620 4041 latere
2639 3983 2765 4052 viri,
2797 3979 3192 4053 consanguinei
3213 3987 3269 4035 et
3302 3977 3495 4033 militis
3525 3986 3709 4048 rapta,
3741 3990 3825 4027 non
3872 3972 3873 4027 ξ

2257 4078 2313 4133 in
2347 4094 2411 4134 ea
2448 4076 2762 4148 nuptiarum
2805 4073 3079 4143 utrimque
3105 4081 3237 4127 sunt
3269 4070 3453 4126 federa
3496 4069 3727 4133 violata,
3753 4064 3827 4118 sed
3872 4088 3873 4103 ι

2258 4168 2662 4224 coneubinaria:
2691 4163 3073 4253 oblectationis
3102 4162 3342 4253 antiquae
3374 4176 3583 4253 gurges
3611 4158 3825 4253 inexpie-
3872 4186 3873 4253 ι

2258 4259 2385 4316 bilis
2414 4259 2837 4329 intemperanter
2851 4252 3130 4310 memoria:
3147 4252 3427 4317 reductus,
3442 4249 3583 4305 dum
3601 4244 3827 4314 concupi-
3872 4244 3873 4297 ξ

2262 4351 2729 4407 scentiaezencrves
2753 4348 2901 4431 laxat
2916 4345 3180 4410 habenas,
3192 4358 3294 4397 nec
3306 4341 3412 4396 scit
3423 4354 3691 4395 revocare
3704 4336 3827 4392 solu-
3872 4336 3873 4359 ’

2262 4451 2370 4506 tas,
2402 4440 2506 4494 sibi
2553 4425 2813 4504 mortem,
2854 4450 3021 4506 regno
3051 4434 3357 4496 horrorem,
3393 4428 3682 4499 episcopis
3707 4425 3827 4481 cala-
3872 4426 3873 4497 ᾖ

585 4540 641 4589 et
660 4532 891 4587 honesto
915 4532 1211 4601 depravati,
1255 4531 1443 4600 paucis
1478 4531 1833 4601 explicemus.
1878 4529 1989 4585 Nec
2030 4529 2171 4585 indi—
2200 4525 2246 4580 D
2272 4531 2537 4595 mitatem,
2568 4528 2921 4598 optimatibus
2943 4520 3308 4579 miserabilem
3339 4518 3565 4573 induxit
3595 4530 3771 4571 necem
3790 4522 3830 4563 (ι
3872 4566 3873 4583 η

588 4633 785 4695 gnetur
815 4638 942 4695 erga
964 4638 1066 4679 nos
1088 4623 1389 4693 quispiam,
1416 4622 1562 4693 quod
1588 4622 1747 4693 quasi
1773 4621 1920 4694 regia
1948 4637 1979 4677 a
2009 4621 2166 4679 nobis

589 4724 851 4784 carpatur
878 4715 1009 4782 vita,
1041 4723 1137 4770 aut
1157 4715 1421 4771 laceretur
1442 4723 1606 4771 tautae
1630 4714 1929 4786 majestatis
1952 4714 2036 4771 vel
2067 4729 2166 4769 no-

590 4806 756 4866 minis
777 4806 1048 4863 excellens
1078 4807 1394 4863 auetoritas.
1425 4805 1546 4863 Non
1571 4815 1656 4864 est
1688 4815 1890 4863 nostra:
1913 4807 2166 4863 volunta-

594 4898 660 4959 iis
688 4908 781 4954 aut
805 4900 991 4967 studii,
1022 4900 1076 4956 in
1109 4899 1196 4955 his
1224 4900 1307 4955 vel
1345 4894 1561 4970 tempus
1589 4899 1891 4970 expendere
1931 4898 2016 4954 vel
2051 4906 2169 4953 stu-

590 4990 743 5045 dium
771 5000 1037 5061 atterere;
1071 4992 1167 5047 sed
1201 4991 1444 5047 virorum
1488 4990 1627 5048 facta
1672 4990 1862 5059 fortia,
1899 5006 2022 5062 qua:
2049 4989 2169 5047 sine

591 5082 722 5147 illis,
752 5098 986 5154 quorum
1016 5085 1423 5156 comparatione
1452 5082 1611 5141 fortia
1631 5092 1779 5153 sunt,
1807 5093 1862 5140 et
1891 5100 2016 5140 cum
2040 5084 2166 5157 qui-

591 5173 696 5233 bus
718 5173 1049 5232 decertatum
1080 5185 1186 5245 est,
1207 5176 1500 5233 memorari
1520 5184 1614 5232 aut
1632 5177 1721 5232 vix
1745 5185 1839 5231 aut
1860 5176 2167 5235 nullatenus

592 5276 842 5339 possunt,
879 5282 909 5324 a
933 5277 1121 5326 nostro
1150 5285 1259 5324 non
1287 5270 1526 5341 patimur
1550 5266 1781 5325 alienari
1800 5270 2016 5338 labore,
2034 5278 2096 5325 ut
2121 5268 2166 5325 si

592 5360 755 5419 fortia
780 5361 979 5418 audere
1002 5362 1312 5432 nequimus,
1339 5362 1519 5419 saltim
1547 5360 1770 5418 fortium
1791 5362 1929 5417 bene
1956 5369 2078 5417 acta
2100 5359 2176 5415 ri-

593 5467 828 5512 mcmur.
860 5451 964 5525 (Cf.
992 5451 1117 5524 Leg.
1153 5468 1191 5520 ι,
1216 5451 1363 5524 196.)
1392 5451 1452 5508 Si
1477 5453 1635 5509 sileat
1659 5452 1898 5519 scedula,
1925 5461 2177 5507 totaeon-

596 5543 852 5599 clamabit
886 5544 1136 5612 Francia,
1175 5545 1341 5599 immo
1368 5552 1513 5601 totus
1541 5543 1807 5599 Occidens
1828 5559 1936 5598 una
1965 5543 2179 5597 intona-

593 5635 675 5719 bit
699 5635 842 5691 fama
884 5638 1030 5709 quod
1077 5654 1194 5704 rex,
1237 5637 1478 5710 legitimo
1514 5636 1763 5693 abdicato
1806 5634 2177 5699 matrimonio,

2269 4621 2668 4680 confusionem.
2699 4617 2799 4674 Hic
2836 4615 3021 4672 omnia
3054 4611 3303 4677 confusa,
3336 4608 3526 4667 omnia
3556 4606 3828 4664 horrentia.
3872 4662 3873 4667 η

2271 4714 2454 4770 omnia
2483 4712 2751 4767 diabolico
2778 4718 2901 4765 astu
2933 4715 2989 4787 et
3010 4703 3345 4776 malignitate
3369 4708 3659 4769 corrupta.
3701 4696 3829 4787 [me
3872 4728 3873 4739 ι

2274 4805 2374 4874 nit,
2411 4805 2655 4876 inquam,
2687 4820 2783 4858 rex
2815 4802 2919 4857 iste
2960 4800 3015 4854 in
3039 4795 3330 4868 episcopis,
3374 4806 3519 4862 quos
3545 4790 3654 4846 sibi
3680 4786 3828 4843 socia-
3872 4816 3873 4841 ;

2270 4908 2376 4965 ret,
2406 4912 2548 4965 quos
2577 4895 2713 4952 tanti
2739 4891 3007 4963 sacrilegii
3034 4888 3321 4944 ministros
3353 4884 3617 4951 clliceret,
3658 4879 3831 4945 Philip-
3872 4908 3873 4925 ι

2271 5007 2401 5065 pum
2432 4990 2759 5046 Trecensem
2805 4984 3144 5055 episcopum,
3176 4989 3231 5034 et
3258 4974 3589 5031 Walterium
3624 4970 3828 5066 Helden-
3872 4988 3873 4997 ι

2272 5061 2419 5150 sem;
2449 5081 2537 5136 cui
2571 5080 2644 5135 ob
2682 5080 2784 5133 hoc
2806 5076 3184 5147 episcopatum
3224 5067 3391 5131 dedit,
3421 5072 3484 5121 ut
3529 5061 3828 5120 sacrationi.

2274 5174 2432 5246 cujus
2467 5170 2757 5227 Trecensis
2788 5175 2935 5224 esset
2964 5171 3239 5235 operator,
3269 5160 3360 5214 hic
3390 5157 3533 5213 foret
3568 5160 3830 5210 consenta-

2274 5282 2409 5323 neus
2430 5273 2484 5321 et
2502 5263 2771 5319 minister.
2814 5257 2919 5313 Sed
2959 5254 3092 5327 quid
3128 5264 3519 5317 succensemus
3547 5247 3826 5316 episcopm.

2272 5357 2473 5429 quibus
2496 5354 2670 5426 pietas
2692 5348 2989 5422 apostolica
3023 5345 3188 5402 errati
3221 5341 3414 5398 tribuit
3435 5330 3829 5393 remissionem?

2273 5448 2441 5502 Multa
2464 5446 2543 5501 bii
2566 5461 2597 5499 a
2623 5443 2827 5498 domno
2851 5439 3105 5513 episcopo
3127 5430 3477 5508 Lugdunensi
3501 5439 3635 5483 tunc
3651 5434 3825 5491 tempo-
3872 5478 3873 5481 η

2275 5541 2354 5596 ris
2397 5540 2575 5611 legato
2634 5534 2897 5590 Romana:
2958 5528 3207 5586 ecclesia:
3255 5522 3479 5582 coerciti
3527 5516 3825 5611 invectionr,

2280 5608 2473 5697 multa,
2508 5628 2615 5683 nisi
2648 5626 2748 5698 ipsi
2778 5623 2880 5680 sibi
2907 5619 3315 5697 praecavissent,
3363 5612 3577 5673 multati
3627 5608 3826 5665 fuissrnt

1896 5723 2130 5787 VABIAS
2176 5719 2557 5780 LECTIUNIS

671 5800 744 5831 ⁸⁸³
768 5801 1060 5861 cxaltatam
1091 5803 1262 5871 primo
1284 5800 1537 5870 scriptum
1577 5799 1739 5869 fuisse
1770 5799 1991 5853 videtur.
