3878 6310
88 313 172 390 3.85

1237 293 1650 353 cnnorucou.
1694 325 1760 336 -
1797 293 1925 349 us.
1961 278 2028 349 n.‘

3180 283 3298 354 ’586
3325 290 3330 294 ⁷

89 425 353 482 mel-ium.
392 417 514 486 Sed,
542 424 603 471 ut
621 413 834 486 praelati
865 427 1079 478 sumus,
1103 409 1347 465 Romana
1370 409 1546 479 pietas
1571 417 1625 462 et
1653 414 1698 469 Α
1722 416 1826 472 tes,
1850 421 1949 461 nec
1977 404 2271 476 aliquando
2287 419 2322 458 'a
2346 402 2506 458 laude
2536 402 2629 458 Dei
2649 411 2705 458 et
2733 403 3121 473 praedicatione
3152 409 3299 460 veri-

90 523 238 574 errata
261 509 474 567 donavit
512 518 567 563 et
607 504 928 561 remissione
957 517 1054 557 sua
1085 499 1368 554 infamiam
1396 512 1623 567 supera-

88 609 164 660 vit.
194 604 328 657 Adeo
358 609 417 654 ut
452 595 868 665 compelleretur
914 589 1361 659 archiepiscopus
1405 586 1548 642 datis
1592 601 1624 639 a

91 699 231 752 Roma
255 693 353 748 sibi
381 689 597 753 litteris,
623 695 918 754 utrumque
939 681 1327 737 communione
1348 679 1626 748 suscipere

88 802 129 844 et
146 788 331 844 osculo.
377 783 532 849 Quod
580 796 646 835 ex
694 793 807 848 quo
849 777 1066 846 pietatis
1107 773 1256 829 fonte
1300 771 1623 838 manaverit,

89 888 247 950 querat
265 876 353 946 qui
375 874 536 938 volet,
560 871 681 926 etsi
721 879 900 940 potest
921 869 1203 938 intelligat.
1244 865 1445 936 Regem
1483 879 1626 934 quo-

88 988 174 1043 que
215 972 381 1040 ipsum
428 965 617 1036 pelieis
658 979 772 1018 sum
811 961 1198 1031 prostitutione
1246 958 1563 1027 superbum,
1593 971 1626 1009 a

92 1062 282 1132 rcproba
308 1059 547 1128 ejusdem
587 1053 973 1124 conjunctione
1005 1059 1353 1120 sequestrare
1392 1054 1626 1116 tempta-

90 1156 166 1219 vit,
189 1151 457 1206 interdicta
485 1148 561 1202 illi
601 1160 806 1201 corona
848 1143 957 1198 nisi
994 1142 1255 1196 obediret.
1292 1137 1476 1209 (1094)
1520 1137 1628 1192 Sed

91 1244 232 1300 nescit
255 1241 496 1312 impietas
518 1237 659 1292 mala
694 1251 817 1306 quae
837 1233 984 1299 fecit,
1015 1232 1122 1288 nisi
1152 1247 1276 1284 cum
1296 1243 1395 1300 pro
1423 1228 1628 1282 eisdem

91 1333 296 1404 peccatis
337 1331 557 1400 cmperit
579 1329 693 1399 jam
716 1326 922 1397 puniri.
964 1323 1148 1395 (1095)
1180 1321 1283 1376 Diu
1305 1321 1372 1375 de
1401 1320 1486 1374 his
1514 1331 1629 1372 tra-

91 1435 257 1479 ctatum
286 1433 384 1488 est,
419 1421 525 1475 Sed
553 1419 735 1473 renuit
777 1415 1075 1487 apostolico
1117 1413 1322 1468 mederi
1362 1410 1627 1475 antidoto,

91 1518 159 1571 cui
187 1515 376 1571 veritas
402 1521 458 1568 et
499 1511 766 1580 judicium
807 1509 876 1563 ad
905 1505 1190 1562 arbitrium
1236 1503 1432 1573 pendet
1475 1501 1632 1555 femi-

91 1625 252 1669 neum;
277 1619 564 1675 usquequo
603 1599 826 1657 Urbano
857 1613 996 1668 papa
1035 1596 1330 1651 decedente
1351 1591 1632 1647 Paschalis

1723 495 1850 551 tatis
1875 496 2187 560 reticentes,
2230 492 2378 563 quod
2429 507 2564 547 voce
2589 479 2912 563 prosequuti
2949 501 3124 558 erant,
3168 508 3299 548 san-

1723 587 1886 660 guine
1899 585 2244 650 conﬁrmare,
2270 584 2316 638 si
2339 585 2411 638 sit
2440 597 2686 649 necesse,
2716 583 3027 653 gestientes.
3054 582 3300 650 Quorum

1723 677 2030 732 constantia
2057 676 2252 730 devota
2278 685 2333 730 et
2367 675 2582 730 devotio
2622 675 3065 730 constantissima
3112 674 3301 728 furens

1724 768 1862 823 tium
1887 764 2028 821 facta
2061 773 2147 820 est
2167 765 2442 834 repressio
2470 772 2524 819 et
2561 761 2630 818 ad
2664 763 3018 833 penitentiam
3053 765 3302 821 cordiz'm

1724 858 2026 914 inclinatio.
2062 857 2211 912 Adeo
2233 864 2292 910 ut
2313 857 2543 912 comites
2569 864 2625 911 et
2663 865 2929 925 quotquot
2957 865 3114 911 antea
3151 872 3303 927 graso

1724 951 1990 1006 sabantur
2057 947 2112 1002 in
2165 945 2493 1002 confusione
2547 961 2742 1002 eorum
2788 946 3060 1001 humiliati
3080 948 3190 1001 sint
3245 948 3302 1000 in

1725 1049 2020 1111 conspectu
2079 1039 2299 1094 illorum
2345 1037 2719 1094 satisfactione
2760 1039 3040 1108 praemissa
3072 1049 3126 1093 et
3164 1053 3304 1106 prata

1725 1138 1874 1186 tenta
1895 1127 2224 1184 obedientia.

1797 1219 2112 1274 Tractatum
2132 1216 2294 1272 estin
2317 1214 2550 1270 concilio
2572 1215 2761 1269 eodem
2783 1214 2851 1269 de
2871 1213 3188 1284 expulsione
3209 1214 3305 1268 ab—~

1727 1311 1869 1366 batis
1903 1309 2080 1364 sancti
2107 1307 2341 1378 Remigii
2375 1305 2580 1375 injusta
2615 1313 2669 1358 et
2702 1304 3001 1358 Burchardi
3035 1303 3304 1358 substitu-

1729 1403 1877 1456 tione
1914 1400 2125 1466 illicita,
2164 1407 2219 1453 et
2257 1412 2382 1452 cum
2432 1397 2525 1450 diu
2563 1409 2624 1450 re
2662 1394 2917 1448 ventilata
2966 1393 3308 1448 conversatio

1728 1493 1848 1562 ejus
1873 1500 2086 1558 sancta,
2123 1489 2380 1544 introitus
2401 1487 2697 1557 legitimus,
2729 1483 3001 1554 promotio
3025 1491 3188 1554 atque
3213 1499 3306 1538 sa-

1730 1584 1904 1639 cratio
1945 1583 2162 1637 inventa
2203 1580 2399 1634 fuisset
2441 1575 2715 1631 autentica
2762 1584 2817 1628 et
2858 1574 3141 1639 canonica,
3187 1590 3311 1642 quae

91 1660 382 1760 succederet:
527 1693 628 1746 has
673 1660 945 1745 ecclesiae-
981 1685 1266 1742 columnas
1315 1683 1383 1737 de
1429 1679 1632 1750 quibus
1663 1753 1699 1760 _
1731 1675 1895 1730 etiam
1925 1671 2119 1727 litteris
2139 1669 2328 1726 domni
2357 1682 2511 1736 papae
2538 1663 2746 1720 Urbani
2772 1662 3157 1727 roborabatur,
3181 1660 3308 1730 qui-

92 1789 252 1857 agitur,
275 1787 338 1840 ad
377 1784 581 1839 Gallias
625 1781 942 1845 destinaret,
996 1791 1136 1846 quos
1171 1774 1296 1844 jure
1345 1773 1630 1829 columas
1663 1753 1704 1812 Β
1731 1767 1835 1822 bus
1854 1763 2051 1820 merito
2085 1761 2221 1817 ﬁdes
2257 1759 2628 1823 adhiberetur,
2670 1770 2795 1810 cum
2830 1754 2944 1824 jam
2991 1752 3108 1820 ipsa
3148 1751 3312 1805 etiam

90 1877 311 1933 ecclesiae
350 1876 527 1930 dictos
557 1888 622 1928 ex
654 1873 773 1941 ipsa
820 1869 908 1925 sui
961 1866 1280 1924 inﬁrmitate
1334 1873 1392 1920 et
1436 1864 1632 1918 incon-

90 1984 223 2023 cussa
244 1967 403 2021 animi
427 1965 643 2030 virtute,
668 1962 763 2032 qui
793 1974 957 2030 opera
993 1972 1182 2013 eorum
1206 1956 1434 2011 solerter
1461 1954 1633 2008 intue-

91 2069 179 2124 tur,
205 2059 448 2128 colligere
480 2064 673 2126 potest.
709 2052 797 2107 liii
820 2059 943 2122 post
965 2048 1258 2105 concilium
1279 2045 1631 2103 Valentinum

91 2167 168 2220 per
189 2166 240 2204 se
266 2151 409 2218 ipsos
439 2161 564 2217 rege
588 2151 878 2208 convento,
924 2155 1051 2196 cum
1094 2139 1299 2193 nullam
1349 2137 1406 2191 in
1452 2135 1633 2191 verbis

92 2242 158 2294 vel
181 2241 381 2295 actibus
425 2239 547 2308 ejus
575 2235 973 2305 correptionem
1018 2231 1102 2286 vel
1130 2229 1503 2300 penitentiam,
1549 2225 1634 2281 fo-

90 2332 254 2385 diendo
301 2331 446 2384 circa
496 2328 745 2382 arborem
790 2321 1188 2379 infructuosam
1243 2326 1298 2374 et
1339 2317 1634 2388 cophinum

93 2423 314 2476 stercoris
340 2418 702 2491 aggregando,
727 2414 1093 2484 reperissent;
1116 2426 1225 2464 non
1249 2409 1396 2479 passi
1427 2417 1634 2462 tantam

94 2512 246 2565 videre
288 2511 339 2564 in
361 2508 610 2564 azcclesia
655 2504 924 2560 catholica
959 2499 1316 2571 ignominiam
1341 2506 1395 2551 et
1415 2496 1638 2552 concul-

95 2603 352 2666 rationem,
409 2599 700 2655 menbrum
749 2595 1027 2667 pntridum
1065 2593 1122 2646 in
1167 2588 1402 2646 concilio
1458 2587 1637 2641 Picta-

95 2695 222 2748 vensi
248 2709 277 2746 a
302 2688 565 2761 compage
592 2687 839 2757 corporis
864 2683 1070 2740 Christi
1098 2680 1278 2752 gladio
1314 2678 1636 2732 anathema-

97 2784 152 2838 tis
175 2783 456 2852 prmcidere
481 2795 592 2835 non
620 2783 947 2834 metuerunt.
980 2772 1160 2846 (1100,
1191 2769 1314 2826 Oct.
1350 2768 1466 2835 (ΞΟ.)
1505 2767 1640 2822 Ade-

99 2886 164 2929 rat
184 2876 247 2929 ibi
273 2889 459 2930 comes
494 2869 851 2936 Pictavensis,
883 2881 1097 2924 summa
1142 2878 1302 2935 prece
1336 2875 1432 2917 eos
1469 2860 1638 2929 depo-

98 2982 229 3021 sccns
258 2983 322 3021 ne
357 2964 648 3021 dominum
687 2977 849 3018 suum
897 2956 1452 3015 excommunicarent.
1493 2951 1638 3007 Ade-

99 3067 199 3112 rant
233 3066 284 3112 et
310 3056 555 3128 episcopi
607 3053 900 3111 identidem
936 3049 1221 3115 facientes,
1261 3055 1316 3101 et
1360 3058 1487 3100 cum
1528 3057 1639 3098 non

99 3149 418 3218 impetrarent
451 3145 599 3217 quod
627 3145 898 3210 volebant,
922 3157 954 3196 a
987 3154 1248 3197 consessu
1283 3145 1339 3192 et
1365 3136 1486 3191 loco
1512 3149 1644 3190 con-

99 3240 207 3306 cilii,
248 3241 385 3296 idem
412 3253 602 3296 comes
641 3245 695 3292 et
747 3235 833 3291 sui
876 3234 1055 3288 minas
1095 3229 1443 3293 intendendo,
1477 3226 1669 3296 aliqui.

100 3348 286 3403 quoque
312 3349 378 3387 ex
421 3330 714 3402 episcopis,
765 3327 922 3382 multi
966 3341 1033 3381 ex
1066 3323 1300 3391 clericis,
1331 3322 1646 3376 innumera-

101 3423 213 3480 biles
251 3440 315 3478 cx
358 3423 530 3496 laycis
565 3421 834 3476 exierunt.
883 3417 974 3473 Sic
1015 3415 1207 3472 ordine
1242 3413 1481 3478 turbato,
1516 3425 1648 3480 paco

101 3515 143 3568 in
171 3517 392 3571 tumultu
422 3529 604 3581 versa,
639 3513 718 3567 illi
765 3515 1150 3567 remanserunt
1183 3506 1277 3577 qui
1322 3504 1516 3559 Finees
1559 3517 1649 3558 ze-

101 3605 194 3662 lum
221 3609 415 3663 imitari
447 3605 782 3679 gestiebant;
807 3611 860 3658 et
883 3601 1025 3657 sicut
1057 3600 1146 3654 ille
1171 3605 1414 3653 scortum
1450 3593 1647 3648 Zama-

100 3700 179 3754 ria:
203 3716 318 3755 cum
346 3697 612 3754 Cborami
658 3693 949 3751 Madianita
993 3691 1169 3765 gladio
1205 3688 1450 3760 pupugit,
1497 3685 1649 3742 furo-

101 3802 298 3860 remque
328 3787 546 3844 Domini
592 3785 843 3857 placavit,
869 3782 950 3839 sic
984 3791 1038 3836 et
1062 3781 1173 3846 isti,
1207 3795 1315 3836 non
1344 3776 1498 3834 veriti
1535 3775 1647 3831 fre-

101 3878 268 3933 mitum
311 3876 788 3950 perstrepentium,
847 3873 1244 3944 adulterantem
1288 3884 1468 3940 regem
1523 3883 1651 3922 cum

101 3967 316 4022 adultera
331 3984 494 4038 quem
514 3966 782 4035 corrigere
799 3961 1190 4033 nequiverunt,
1207 3957 1638 4012 excommunica-

103 4059 243 4112 tionis
269 4059 504 4130 pugione
529 4055 856 4127 perlossum,
881 4054 1024 4119 vita),
1060 4065 1182 4121 quae
1217 4051 1271 4103 in
1304 4048 1524 4102 Christo
1547 4063 1649 4114 εει,

103 4161 346 4205 extorrem
365 4150 737 4206 reddiderunt.
755 4145 870 4201 Hoc
892 4154 1072 4200 autem
1095 4152 1276 4198 actum
1296 4134 1398 4206 est,
1434 4139 1652 4208 quando

100 4241 193 4307 jam
221 4250 331 4296 erat
372 4241 693 4297 solvendum
723 4238 1034 4295 concilium.
1060 4235 1290 4304 Jamque
1310 4233 1428 4286 laus
1450 4229 1653 4284 Christi

104 4333 148 4385 in
178 4351 261 4390 ore
281 4352 471 4391 eorum
495 4336 962 4406 quiastabantpro
984 4331 1306 4387 dimissione
1331 4325 1570 4392 concilii,
1593 4332 1655 4379 ut

1732 1873 1860 1929 pars
1898 1854 2118 1910 inimica
2157 1850 2610 1907 restaurationem
2641 1847 2762 1917 ejus
2802 1859 2912 1899 non
2953 1841 3310 1912 reprobaret:

1732 1965 1830 2022 pro
1853 1946 2182 2019 quibusdam
2212 1942 2411 2000 litteris
2450 1939 2719 2004 confictis,
2757 1935 2916 2007 quasi
2945 1951 2978 1989 a
3012 1935 3139 1989 sede
3179 1948 3314 2002 apo-

1732 2041 1923 2097 stolica
1943 2037 2189 2103 directis,
2213 2036 2267 2090 in
2291 2033 2494 2105 quibus
2529 2029 2836 2086 cardinales
2858 2041 2960 2082 nec
2983 2025 3168 2080 stilum
3201 2023 3314 2078 Ro-

1733 2145 1957 2186 manum
1994 2113 2515 2198 nec‘pergamenum
2565 2120 2874 2176 Romanum
2920 2114 3312 2188 agnoscebant,

1733 2221 1970 2276 maxime
1996 2234 2120 2273 cum
2146 2218 2201 2272 in
2236 2216 2343 2270 ﬁne
2367 2228 2558 2269 earum
2593 2208 2961 2278 subscriptum
2996 2205 3170 2260 foret:
3206 2202 3315 2258 Va-

1734 2309 2038 2382 lete,.quod
2075 2308 2320 2364 Romana
2344 2321 2454 2360 non
2496 2303 2660 2358 habet
2700 2299 3022 2365 auctoritas,
3065 2313 3165 2368 pro
3210 2297 3318 2352 illis

1735 2403 1958 2474 inquam
1975 2398 2324 2456 confutandis
2338 2396 2643 2467 judicatum
2665 2400 2750 2448 est
2769 2391 2837 2446 ad
2867 2390 3052 2446 sedem
3076 2387 3316 2443 eundum

1735 2494 2113 2564 apostOlicam,
2163 2488 2494 2562 quibusdam
2535 2485 2630 2556 qui
2673 2484 2852 2555 primo
2894 2481 3316 2550 appellaverant,

1734 2599 1837 2638 nec
1859 2595 2185 2638 concessum
2221 2585 2342 2634 erat
2368 2577 2472 2643 eis,
2502 2574 2557 2629 id
2589 2587 2720 2644 egre
2751 2569 3086 2634 ferentibus;
3118 2566 3318 2638 quibus

1735 2683 1918 2729 tamen
1957 2671 2194 2728 evidenti
2215 2669 2427 2725 ratione
2455 2677 2780 2736 responsum
2812 2669 2922 2728 est,
2953 2659 3058 2716 etsi
3093 2656 3318 2714 satisfa-

1738 2777 1888 2824 ctum
1908 2780 2019 2820 non
2039 2771 2144 2819 εει.

1810 2876 2082 2944 Quantam
2119 2881 2304 2929 autem
2346 2869 2471 2927 ﬁdei
2515 2868 2727 2940 frugem
2765 2863 2956 2922 virilis
2977 2862 3072 2918 illa
3112 2875 3320 2932 propu-

1741 2968 2016 3042 gnationis
2051 2965 2291 3022 caelestis
2326 2977 2480 3035 seges
2519 2959 2783 3025 attulerit,
2835 2957 2968 3012 hinc
3005 2952 3188 3024 colligi
3217 2966 3320 3022 po-

1669 3093 1712 3153 C
1744 3069 1850 3116 test
1881 3058 2029 3130 quod
2068 3064 2282 3128 postea,
2321 3069 2447 3109 cum
2474 3053 2633 3153 ‘apud
2667 3049 2861 3106 urbem
2905 3046 3184 3153 Senonum
3225 3057 3320 3098 rex

1743 3167 1870 3206 cum
1892 3149 2081 3220 regina
2123 3163 2223 3203 sua
2249 3158 2346 3216 per
2381 3144 2448 3198 15
2470 3142 2584 3198 fere
2616 3141 2736 3198 dies
2766 3146 3074 3196 remoratus
3106 3133 3320 3198 fuisset,

1743 3243 1946 3299 clausis
1975 3249 2087 3298 tota
2120 3239 2257 3294 urbe
2296 3235 2577 3302 tecclesiis,
2611 3233 2760 3288 nulla
2791 3232 2933 3285 facta
2966 3235 3054 3284 est
3086 3227 3138 3281 ei
3175 3223 3326 3280 chri~

1743 3335 1992 3391 stianitas
2023 3331 2194 3404 (216),
2234 3331 2289 3384 in
2331 3337 2541 3383 tantum
2575 3335 2635 3382 ut
2672 3322 2976 3380 Jhezabelis
3015 3319 3166 3375 furor
3189 3331 3324 3372 usus

1744 3427 1986 3481 novitate
2020 3423 2248 3494 profana
2279 3437 2476 3476 manus
2505 3418 2702 3488 impias
2735 3416 2792 3471 in
2816 3414 2986 3469 Deum
3003 3409 3321 3474 extendens,

1747 3518 1932 3573 missis
1969 3514 2373 3586 apparitoribus
2411 3510 2711 3566 secclesiam
2747 3506 3045 3577 frangeret,
3081 3509 3137 3555 et
3176 3500 3233 3553 in
3259 3511 3326 3553 ea

1746 3609 1849 3666 sibi
1881 3608 2106 3662 missam
2139 3620 2170 3659 a
2193 3603 2278 3659 sui
2302 3601 2573 3658 similibus
2607 3597 2714 3652 dici
2745 3601 2983 3664 cogeret.
3017 3589 3096 3644 Ve
3131 3589 3326 3642 huma-

1749 3717 1833 3756 me
1867 3697 2249 3768 impudentiae!
2302 3691 2612 3756 lnerubida,
2667 3686 2882 3743 servilis
2941 3691 2997 3738 et
3031 3696 3140 3736 non
3190 3675 3326 3748 regii

1749 3791 1917 3847 animi
1952 3787 2244 3853 cavillatio,
2282 3784 2529 3838 Romana
2551 3795 2650 3836 usa
2692 3777 2931 3841 levitate,
2965 3788 3114 3828 nunc
3152 3784 3329 3840 usque

1750 3881 1996 3951 reginam
2044 3891 2200 3931 suam
2252 3881 2454 3937 tuetur,
2497 3879 2552 3925 et
2597 3863 2946 3922 dedecorosis
2986 3856 3328 3929 amplexibus

1749 3971 1952 4029 erroris
1973 3977 2028 4024 et
2048 3965 2400 4038 impudicitiae
2440 3961 2647 4017 estibus
2673 3971 2958 4021 succensa,
2991 3965 3210 4008 corona:
3241 3947 3328 4001 di-

1751 4064 2012 4133 gnitatem
2052 4058 2371 4122 dedecorat;
2413 4061 2470 4108 et
2529 4066 2655 4106 cum
2695 4049 2825 4104 olim
2878 4046 2945 4100 ad
2991 4041 3330 4099 exorandum

1751 4132 1921 4207 Deum
1961 4149 2191 4221 gentiles
2214 4161 2390 4216 reges,
2421 4151 2476 4197 et
2497 4143 2700 4210 absque
2724 4141 2855 4209 jugo
2886 4137 3032 4207 leges
3060 4132 3328 4196 dederint,

1751 4250 1806 4296 et
1839 4219 2371 4308 blasphematoribus
2401 4246 2499 4286 seu
2522 4227 2988 4296 contemptoribus
3024 4222 3120 4276 Dei
3147 4219 3329 4274 vindi-

1753 4339 1895 4386 ctam
1917 4324 2323 4390 intentaverint,
2339 4323 2428 4376 hic
2444 4319 2596 4392 regni
2621 4318 2953 4372 Francorum
2977 4320 3330 4384 propagator,

106 4426 250 4481 moris
267 4435 366 4494 est,
390 4426 706 4492 resonabat,
731 4433 785 4480 et
809 4403 975 4480 atStus
1003 4421 1174 4476 turba:
1202 4416 1581 4474 tumultuantis
1596 4424 1651 4470 ut
1685 4442 1730 4495 Ι)
1755 4422 2066 4478 Christianas,
2110 4419 2244 4489 legis
2284 4421 2675 4487 propugnator,
2733 4407 3008 4465 contraria
3051 4403 3334 4476 praeeptis

106 4513 262 4571 fervor
291 4519 462 4573 maris
497 4516 913 4572 incandescebat
933 4529 1031 4584 pro
1057 4511 1259 4566 domini
1285 4509 1368 4566 sui
1393 4507 1537 4578 regis
1559 4521 1653 4562 ex-

105 4607 927 4674 communicationeinsanientis,
945 4621 1070 4660 cum
1096 4605 1315 4675 quidam
1329 4617 1358 4656 e
1377 4600 1578 4671 populo
1596 4601 1652 4657 in

107 4701 454 4767 superioribus
486 4701 795 4756 consistens
820 4697 1079 4754 a-cclcsize
1106 4698 1338 4768 lapidem
1356 4698 1510 4768 jecit,
1534 4714 1656 4754 car-

106 4789 289 4848 dinales
313 4791 478 4848 ferire
499 4793 706 4858 volens,
735 4791 892 4861 cujus
920 4790 1032 4844 ictu
1057 4789 1285 4844 clericus
1313 4790 1536 4859 quidam
1561 4789 1658 4859 qui

108 4881 294 4935 astabat
345 4882 526 4950 capite
571 4880 710 4935 illiso
770 4878 1147 4950 prosternitur.
1212 4876 1487 4949 Sanguine
1535 4895 1656 4933 ma-

110 4980 220 5026 nent
246 4972 311 5004 δ³⁸
348 4973 680 5043 pavimenta,
717 4971 954 5027 clamore
988 4967 1217 5026 confuso
1237 4969 1430 5024 domus
1460 4969 1656 5039 imple-

111 5066 200 5127 tur,
221 5059 402 5118 furore
427 5071 484 5118 et
511 5063 724 5118 insania
758 5061 904 5118 intus
927 5069 980 5115 et
1013 5068 1166 5114 extra
1196 5059 1431 5114 ministri
1455 5068 1660 5115 satana:

111 5150 480 5210 dcbachantur.
530 5154 749 5209 Manent
788 5153 1036 5210 eolunna:
1076 5151 1278 5207 Christi
1328 5151 1657 5220 immobiles,

113 5253 320 5298 mortem
348 5246 395 5300 si
418 5243 684 5299 Dominus
707 5244 895 5315 jubeat
919 5243 1171 5314 intrepidi
1210 5243 1573 5312 opperientes,
1605 5251 1662 5298 et

114 5328 170 5382 ad
191 5346 310 5388 saxa
341 5334 582 5391 volantia
610 5335 786 5391 mitris
813 5335 1007 5390 ablatis
1033 5333 1210 5403 capita
1236 5333 1380 5388 nuda
1408 5343 1658 5402 retegen-

1754 4513 2213 4584 praedecessorum
2235 4507 2466 4580 peragit,
2489 4504 2624 4576 legis
2645 4509 2847 4559 sanctae
2877 4510 2930 4556 ct
2958 4498 3334 4553 Romanorum

1758 4583 2074 4674 pontiﬁcum
2105 4608 2307 4656 statuta
2335 4597 2625 4660 convellit;
2653 4600 2728 4659 et,
2755 4591 2900 4662 quod
2923 4589 3078 4659 pejus
3099 4593 3204 4650 est,
3222 4583 3333 4638 eis-

1758 4696 1882 4751 dem
1911 4692 2403 4771 patrocinantibus,
2439 4690 2487 4744 si
2510 4687 2619 4743 dici
2647 4685 2773 4740 licet
2793 4682 2939 4753 quod
2965 4680 3147 4751 pudet,
3180 4675 3335 4745 igno-

1760 4788 1944 4844 miniae
1967 4801 2079 4842 sua:
2107 4783 2347 4840 defendit
2371 4795 2588 4846 causas,
2614 4775 2992 4832 excusationes
3028 4765 3333 4839 praetendit,

1761 4885 1818 4933 et
1849 4893 1878 4932 a
1912 4877 2114 4947 quibus
2159 4875 2280 4947 cogi
2319 4873 2581 4928 debuerat
2625 4880 2686 4923 ut
2724 4866 3088 4935 resipiscerct,
3128 4857 3334 4913 eisdem

1762 4967 2071 5024 faventibus
2117 4967 2443 5022 admonetur
2491 4972 2554 5018 ut
2615 4961 2672 5016 in
2728 4957 3016 5028 iniquitate
3057 4953 3330 5023 perduret.

1761 5061 1887 5131 Agit
1909 5061 2013 5116 hoc
2041 5058 2302 5115 Romana
2346 5057 2417 5089 ⁸³⁸
2443 5053 2695 5110 avariciat
2730 5063 2929 5121 gurges
2973 5040 3334 5114 inexplebilis,

1764 5154 1860 5222 qui
1885 5153 2014 5208 dum
2049 5150 2238 5221 nequit
2266 5147 2490 5219 expleri,
2530 5144 2681 5201 novit
2714 5139 3007 5198 rcsccanda
3038 5135 3194 5192 tueri.
3233 5131 3348 5186 Vc—

1766 5257 1888 5299 rum
1911 5242 1978 5296 de
2007 5241 2092 5296 his
2115 5241 2220 5296 ista
2241 5237 2528 5295 suﬁiciant.

1836 5333 1975 5405 (Fol.
2021 5335 2167 5405 145.)
2199 5333 2356 5388 Anno
2392 5330 2499 5385 inc.
2532 5327 2680 5384 dom.
2724 5320 3182 5392 ll0!,Johanncs
3228 5310 3339 5368 Tir-

1381 5423 1610 5480 VAllle
1646 5423 2050 5482 LECTIONES.

175 5511 346 5572 “Liui
379 5535 430 5573 ε.
471 5518 585 5574 loco
614 5528 857 5576 manant.

944 5519 1011 5552 ⁸⁸⁸
1041 5533 1138 5573 vox
1174 5535 1207 5572 α
1230 5515 1435 5571 Labbeo
1470 5516 1843 5571 nmtermissa.

1585 5605 1815 5664 ΝΟΤᾹΞ.

183 5697 320 5773 (216)
353 5702 396 5759 l.
421 5719 475 5760 e.
503 5706 681 5763 missa.
