3878 6310
539 268 643 323 587

1554 266 1863 329 ΗυΟΟΝΙΒ,
1892 268 2185 325 ABBATIS
2222 265 2803 332 FLAVINIACENSIS'

3694 278 3786 345 ξω

537 380 797 439 scolanus
826 381 1118 450 episcopus
1153 396 1183 435 a
1222 394 1360 450 papa
1407 379 1461 434 in
1510 380 1756 451 Angliam
1801 382 2006 438 missus
2048 393 2130 438 est
2160 389 2202 444 Α
2300 384 2376 440 Ea
2400 386 2567 457 igitur
2586 400 2840 460 suscepta
2868 393 3210 462 purgatione,
3242 395 3508 465 prefams
3535 397 3785 458 labantia

536 481 758 541 propter
792 488 1017 528 censum
1052 472 1193 527 beati
1237 470 1401 527 Petri.
1450 470 1547 526 Hic
1590 473 1890 527 canonicus
1935 472 2122 528 Sancti

536 563 786 630 Quintilii
817 562 1164 619 Belvacensis
1201 562 1487 632 regularis,
1527 561 1869 631 professione
1897 563 2118 631 violata,

535 654 728 709 habitu
752 653 1016 724 deposito,
1044 653 1112 708 ad
1139 653 1385 708 seculum
1420 653 1609 721 rediit;
1659 663 1715 708 et
1744 670 1870 710 cuin
1909 655 2119 725 impro-

461 754 466 758 '
533 745 748 815 perium
772 745 915 801 lerre
943 742 1212 813 nequiret,
1244 743 1401 799 Becci
1434 745 1739 800 monachus
1765 745 1963 814 factus,
1993 763 2120 802 cum

534 842 681 890 esset
704 835 922 889 natione
957 832 1257 897 Romanus,
1292 850 1433 904 papa
1460 832 1682 889 Urbano
1712 836 1779 890 ad
1801 836 2005 893 Gallias
2027 853 2121 893 ve-

534 932 736 990 niente,
769 923 1202 981 familiaritatem
1225 924 1345 994 ejus
1382 926 1612 995 adeptus
1639 934 1745 992 est,
1778 925 2120 998 Romamque

534 1016 810 1079 reductus,
836 1023 889 1069 et
910 1014 1168 1089 defuncto
1192 1014 1472 1071 Lavicano
1507 1018 1789 1088 episcopo,
1837 1034 1963 1073 cum
2001 1020 2117 1089 jam

529 1106 595 1160 de
614 1105 828 1159 abbatia
854 1106 1090 1174 quadam
1121 1114 1445 1160 muneratus
1474 1109 1897 1174 esset,.demum
1927 1110 1993 1166 de
2020 1111 2121 1166 ab-

528 1196 651 1250 bate
688 1196 742 1249 in
770 1196 1087 1266 episcopum
1127 1206 1413 1266 promotus
1432 1192 1544 1252 est.
1576 1198 1697 1253 Jam
1732 1199 1964 1255 Romam
1991 1195 2115 1256 eai-

526 1286 735 1341 dinales
758 1287 1055 1352 redierant,
1088 1288 1419 1342 sententiam
1454 1288 1816 1358 depositionis
1837 1289 2037 1346 factam
2060 1291 2117 1345 in

522 1376 834 1432 Eduensem
861 1378 1172 1432 invasorem
1202 1378 1384 1447 palam
1423 1379 1838 1448 confirmantes,
1877 1391 1934 1437 et
1964 1383 2119 1437 testi-

522 1468 730 1523 moniis
765 1468 1099 1524 authenticis
1137 1470 1459 1525 canonicam
1498 1487 1620 1527 eam
1667 1481 2113 1544 pronunclantes,

520 1574 647 1613 cum
678 1576 709 1613 a
737 1559 941 1614 domno
981 1559 1346 1630 Lugdunense
1380 1562 1487 1617 hoc
1535 1577 1727 1618 eorum
1761 1563 1965 1621 factum
2013 1566 2116 1620 im-

519 1655 850 1723 probaretur
898 1653 1079 1722 palam
1126 1662 1181 1709 et
1228 1655 1460 1723 publice.
1518 1654 1676 1712 Hunc
1729 1654 2113 1715 Ierosolimam

2225 475 2558 533 Eduensem
2609 496 2797 535 secum
2841 485 3061 539 reduxit
3084 526 3099 550 ,
3146 485 3519 560 Lugdunense
3580 488 3785 547 Romam
3828 517 3832 520 λ

2223 567 2497 636 tendente,
2538 571 2634 626 ubi
2673 581 2729 626 et
2769 576 3163 632 canonicornm
3211 578 3553 637 Eduensium
3597 584 3786 653 aliquos

2221 654 2430 711 invenit
2474 674 2701 715 causam
2747 678 2903 717 suam
2934 674 3177 736 agentes.
3225 666 3785 728 Excommunicaverat

2220 746 2368 801 enim
2389 762 2485 805 eos
2512 749 2656 806 idem
2679 762 2802 822 post
2840 755 3146 812 discessum
3174 760 3561 827 cardinalium,
3596 764 3717 834 quia
3737 780 3784 820 se

2220 834 2452 897 d‘imisso
2489 845 2632 913 apud
2664 845 2942 903 Romanos
2977 850 3194 920 judices
3220 853 3632 910 accusationem
3665 867 3784 912 retu-

2218 931 2417 1000 lerant,
2440 944 2495 989 et
2527 938 2657 1006 quia
2688 938 2830 994 bona
2871 941 3135 997 aecclesiae
3161 958 3260 1013 pro
3302 943 3411 1001 hac
3440 946 3781 1017 dissensione,

2218 1022 2349 1077 dum
2380 1028 2526 1095 quod
2555 1039 2811 1099 ceperant
2853 1032 2920 1087 ad
2966 1032 3271 1103 perfectum
3313 1036 3605 1093 elaborant
3638 1039 3784 1095 dedu-

2218 1127 2360 1182 cere,
2391 1117 2794 1186 aliquantulum
2832 1121 3222 1193 distraxerant,
3260 1136 3314 1182 et
3344 1128 3476 1198 quia
3501 1129 3571 1183 de
3598 1130 3684 1186 his
3708 1149 3788 1185 vo-

2218 1204 2323 1258 cati
2358 1207 2425 1261 ad
2450 1207 2738 1278 judicium,
2765 1213 3098 1270 audientiam
3133 1218 3276 1288 ejus,
3306 1235 3474 1289 quem
3497 1221 3601 1279 sibi
3630 1225 3789 1281 inimi-

2217 1297 2331 1351 cari
2353 1302 2778 1371 cognoscebant,
2857 1322 2966 1363 non
3037 1320 3379 1380 receperant,
3444 1316 3651 1384 etquis
3703 1318 3790 1372 do-

2216 1402 2368 1442 mum
2426 1390 2790 1463 episcopalem
2844 1398 2951 1452 sibi
3022 1401 3248 1456 reddere
3311 1405 3594 1463 nolebant.
3653 1405 3790 1463 Unde

2217 1479 2405 1538 Romae
2448 1487 2737 1554 questione
2798 1489 2983 1546 habita
3014 1534 3029 1559 ,
3087 1502 3142 1549 et
3186 1495 3294 1566 ipsi
3354 1513 3388 1553 a
3444 1514 3587 1571 papa
3641 1502 3790 1557 abso-

2214 1572 2315 1627 luti
2374 1580 2713 1645 pronuntiati
2781 1592 2954 1651 sunt,
3013 1595 3067 1642 et
3127 1588 3356 1644 domum
3413 1607 3544 1648 cum
3607 1594 3789 1653 litteris

2215 1670 2532 1737 apostolicis
2602 1674 2885 1744 remissi,
2968 1676 3326 1750 Lugdunensi
3402 1698 3532 1740 cum
3616 1684 3789 1743 Diemi

519 1752 742 1799 euntem
786 1744 1080 1813 praedictus
1118 1744 1463 1800 Tuscolanus
1501 1747 1616 1802 sive
1661 1745 1971 1804 Labicanus
1994 1749 2112 1820 epi-
2142 1748 2186 1806 B
2212 1756 2595 1818 Jerosolimam
2625 1766 3023 1834 proﬁciscente.
3051 1744 3399 1843 iorigaudus
3439 1791 3574 1832 vero
3592 1776 3788 1833 Eduan

519 1849 721 1905 scopus
744 1834 1027 1891 invenitin
1063 1836 1260 1892 itinere
1298 1837 1447 1908 (217)
1490 1853 1618 1893 cum
1662 1837 2026 1896 Cabilonense
2058 1848 2113 1897 et

517 1926 641 1996 ipso
669 1924 941 1984 Eduensis
963 1928 1207 1983 ecclesiae
1231 1927 1506 1995 invasere,
1530 1937 1586 1984 et
1615 1929 1935 1986 absentibus
1956 1948 2113 1989 accu-

515 2017 865 2074 eusatoribus
885 2026 1038 2073 extra
1064 2019 1404 2090 provinciam
1432 2022 1811 2092 purgationem
1836 2021 2111 2080 Eduensis

514 2110 774 2179 suscepit,
802 2108 1156 2181 Lugdunensi
1203 2121 1593 2182 prosequente,
1631 2121 1687 2169 et
1715 2113 2113 2183 juramentum-

513 2202 637 2271 ejus
685 2203 758 2257 ita
817 2202 1181 2258 conﬁrmante
1239 2222 1253 2258 :
1313 2203 1483 2260 Credo
1527 2204 1899 2276 Norigaudum
1946 2208 2110 2261 istum

520 2290 813 2347 Eduensem
837 2294 1139 2365 episcopum
1162 2311 1285 2349 vera
1307 2294 1523 2364 jurasse
1554 2297 1695 2350 sicut
1724 2314 1805 2353 me
1839 2298 1981 2353 Deus
2007 2299 2108 2352 ad-

503 2383 674 2452 juvet,
695 2382 1044 2440 Cabilonensi
1070 2400 1292 2457 quoque
1317 2385 1439 2442 inid
1466 2388 1865 2457 consentiente,
1890 2399 1945 2444 et
1962 2390 2106 2449 idem

519 2472 761 2542 jurante.
810 2472 924 2545 Ego
949 2474 1120 2530 miror
1146 2477 1466 2546 gravitatem
1495 2478 1633 2532 tanti
1666 2480 1791 2546 viri,
1828 2495 1928 2550 pro
1956 2481 2107 2553 inge-

510 2562 627 2616 nita
643 2563 747 2617 sibi
774 2563 1020 2619 bonitate
1047 2573 1102 2619 et
1123 2565 1411 2621 honestate
1434 2565 1577 2621 fama
1594 2568 1799 2639 ubique
1819 2570 2100 2637 celebrati,

507 2653 669 2724 cujus
694 2655 1027 2710 inadulatam
1070 2657 1439 2712 constantiam
1483 2657 1766 2731 Gallicana
1807 2675 2103 2718 veneratur

507 2744 778 2812 aecclesia,
806 2746 881 2800 ita
910 2745 979 2800 ab
1000 2761 1112 2801 uno
1143 2745 1362 2802 homine
1384 2748 1627 2818 potuisse
1655 2750 1853 2820 decipi,
1873 2759 1934 2805 ut
1954 2768 2101 2807 nunc

506 2849 695 2904 usque
723 2845 904 2904 partes
945 2835 1092 2891 illius
1138 2853 1305 2892 manu
1330 2848 1534 2906 teneat,
1570 2848 1790 2924 tueatur
1832 2850 1887 2897 et
1926 2852 2103 2923 prote—

504 3287 613 3344 hoc
633 3288 920 3357 miraculo,
945 3292 1098 3361 quia,
1124 3307 1249 3347 cum
1273 3302 1399 3350 ante
1423 3296 1822 3353 ordinationem
1845 3300 1990 3357 illius
2013 3301 2097 3356 in-

501 3377 738 3436 faustam
769 3383 1051 3438 venissent
1079 3385 1145 3440 ad
1181 3401 1308 3441 eum
1337 3386 1496 3444 bona)
1540 3392 1820 3447 memoriae
1857 3393 2093 3450 domnus

501 3468 661 3544 Hugo
702 3474 872 3530 abbas
919 3473 1107 3532 Sancti
1165 3477 1385 3533 Martini
1435 3479 1726 3549 Eduensis,
1769 3485 2093 3554 praepositus

500 3579 722 3635 quoque
743 3565 987 3635 ejusdem
1016 3566 1286 3625 Eduensis
1306 3569 1570 3639 ecclesia},
1605 3574 2093 3631 etarchidiaconus

503 3653 749 3727 Signius,
781 3666 837 3713 et
859 3658 1183 3715 electionem
1217 3661 1362 3718 illam
1414 3665 1727 3734 symoniace
1767 3667 1969 3724 factam
1999 3686 2093 3740 ap-

498 3746 846 3816 probassent,
891 3748 1141 3818 decania,
1190 3753 1618 3823 archidiaconia,
1657 3768 1994 3828 praecentura
2036 3772 2091 3817 et

498 3837 624 3894 aliis
653 3839 982 3910 quibusdam
1023 3844 1428 3903 atcclesiasticis
1469 3849 1661 3906 ciliciis
1708 3854 1996 3921 promissis
2035 3866 2090 3911 et

498 3931 663 3997 datis,
696 3941 757 3987 ut
784 3949 932 3990 nunc
966 3936 1110 4006 potis
1140 3946 1226 3993 est
1269 3954 1549 4010 apparere,
1581 3945 1745 4000 verba
1784 3946 1923 4002 dixit
1967 3964 2089 4005 esse

498 4036 566 4074 ex
608 4022 721 4077 odii
746 4020 897 4079 fonte
925 4027 1233 4094 manantia,
1261 4031 1549 4102 coegitque
1578 4034 1725 4091 viros
1772 4038 1841 4093 ab
1870 4038 2087 4109 incepto

498 4112 719 4173 interim
744 4115 923 4184 silere,
954 4119 1086 4174 dum
1123 4121 1245 4177 voci
1281 4122 1502 4179 illorum
1540 4129 1723 4183 renuit
1761 4146 1951 4187 aurem
1989 4149 2085 4189 ac-

499 4209 868 4264 commodare.
896 4211 1059 4268 Adeo
1082 4222 1144 4269 ut
1171 4230 1268 4271 eos
1297 4216 1464 4273 etiam
1500 4218 1893 4280 feceritcidem
1932 4227 2083 4282 ordi-

499 4308 628 4353 nato
649 4299 1047 4369 professionem
1088 4304 1289 4376 facere,
1337 4326 1500 4380 quem
1539 4313 1833 4384 culpabant
1856 4317 1925 4373 de
1969 4327 2083 4374 tam

495 4391 786 4448 manifesta
842 4397 1173 4467 ambitione;
1220 4403 1569 4472 promittens,
1616 4406 1663 4461 si
1701 4410 1949 4480 symonia
1992 4412 2084 4468 illa

493 4482 710 4538 effectui
740 4487 1167 4558 manciparetur,
1209 4507 1269 4548 se
1314 4495 1472 4550 aliter
1513 4496 1902 4569 loquuturum;
1935 4519 2083 4562 nunc

493 4763 638 4811 ctam
666 4756 1019 4830 improbaret,
1051 4765 1277 4820 eandem
1326 4768 1744 4842 professionem,
1786 4793 1953 4846 quam
1996 4779 2076 4837 illi

494 4842 755 4915 fecerant,
782 4864 975 4907 omnes
1008 4855 1302 4912 canonicos
1332 4859 1427 4928 qui
1461 4875 1828 4920 convenerant
1853 4870 2078 4937 promit-

494 4943 609 4991 tere
634 4936 779 5005 fecit,
802 4950 856 4996 et
882 4957 979 4999 eos
1000 4946 1095 5015 qui
1138 4947 1284 5004 domi
1315 4964 1696 5009 remanserant
1724 4936 1867 5013 idem
1915 4976 2076 5032 agere

496 5027 796 5098 mandavit,
830 5050 955 5088 eum
974 5036 1030 5089 in
1078 5039 1379 5108 primordio
1422 5045 1677 5102 elcctioni
1725 5048 2071 5108 eidem'om-

494 5120 627 5175 nino
650 5122 970 5194 obstitisset,
1009 5132 1134 5199 quia
1166 5147 1380 5205 semper
1403 5140 1683 5196 canonicis
1718 5156 2074 5214 repugnasset

492 5211 747 5281 decretis,
776 5215 830 5271 in
867 5219 1079 5277 duabus
1113 5226 1376 5283 mcclesiis
1408 5211 1794 5300 praelationem
1818 5211 2069 5305 optinen-

491 5302 594 5370 do,
626 5306 832 5363 scilicet
854 5310 1290 5375 archidiacbnias
1309 5320 1468 5389 duas,
1493 5339 1616 5378 cum
1644 5342 1751 5380 non
1784 5329 2065 5386 essetdia-

491 5409 685 5461 conus,
722 5414 822 5455 nec
855 5416 975 5458 esse
1000 5406 1176 5474 vellet,
1205 5419 1259 5465 et
1291 5416 1532 5470 cantoris
1554 5414 1811 5472 ollicium.

2208 1849 2437 1906 veniens
2472 1868 2598 1908 cum
2645 1853 2915 1924 Johanne,
2970 1860 3116 1929 apud
3176 1860 3440 1920 Sanctum
3506 1865 3787 1924 Martinam

2211 1938 2539 2011 hospitatus,
2576 1960 2608 2000 a
2630 1948 2912 2004 canonicis
2935 1959 3222 2021 susceptus
3244 1952 3357 2009 non
3381 1967 3467 2012 est
3490 1976 3505 2024 ;
3532 1958 3590 2013 in
3614 1961 3785 2017 eodem

2208 2038 2392 2086 tamen
2432 2035 2685 2090 emnobio
2728 2038 2929 2094 missas
2963 2041 3222 2110 celebrat,
3271 2045 3475 2101 crisma
3526 2046 3678 2117 fecit,
3745 2061 3788 2106 et

2208 2122 2574 2179 ministerium
2604 2128 2941 2185 sacerdotale
2959 2139 3283 2202 attemptare
3304 2150 3415 2193 non
3456 2139 3664 2207 timuit,
3686 2158 3789 2211 par-

2207 2212 2505 2284 vipentlens
2527 2217 2794 2289 quidquid
2817 2222 3128 2280 cardinales
3148 2226 3206 2280 in
3226 2242 3354 2283 eum
3376 2228 3783 2301 intentaverant.

2205 2309 2349 2364 etde
2368 2311 2597 2367 tuitione
2617 2314 3014 2388 archiepiscopi
3036 2327 3090 2375 et
3097 2320 3298 2391 pietate
3317 2326 3611 2393 apostolici
3630 2334 3687 2383 et
3703 2343 3783 2383 sua

2204 2401 2531 2460 liberalitate
2553 2406 2852 2465 conﬁdens.
2876 2408 2946 2465 At
2977 2425 3109 2468 vero
3129 2412 3436 2471 cardinales
3458 2416 3514 2471 in
3551 2433 3655 2472 sua
3678 2434 3783 2474 sen-

2204 2497 2279 2551 tia
2302 2507 2710 2568 permanentes,
2775 2502 2923 2571 quod
2965 2502 3169 2559 factum
3189 2514 3309 2561 erat
3354 2509 3577 2578 publice
3614 2527 3781 2582 repre-

2204 2587 2534 2655 hendebant,
2571 2591 2718 2659 quod
2761 2607 2873 2648 non
2908 2603 3053 2650 esset
3099 2597 3450 2667 canonicum,
3492 2603 3595 2658 sed
3640 2604 3781 2658 aba-

2203 2676 2411 2747 quitate
2432 2676 2579 2733 Petri
2607 2680 2879 2749 alienum;
2908 2691 2962 2738 et
2986 2685 3056 2739 ob
3078 2686 3132 2741 id
3157 2702 3188 2741 a
3206 2686 3584 2748 familiaritate
3601 2704 3782 2749 etma-

2200 2766 2326 2823 sih‘o
2353 2785 2505 2840 papa:
2531 2786 2591 2825 se
2621 2773 3032 2841 subtraxerunt,
3081 2778 3156 2833 ita
3192 2787 3252 2834 ut
3283 2779 3589 2851 Johannes,
3627 2788 3778 2841 Roma

2200 2860 2413 2925 relicta,
2458 2861 2641 2932 Papiae
2700 2866 2869 2921 etiam
2909 2883 3057 2924 nunc
3099 2881 3426 2942 remoretur,
3474 2876 3711 2942 regulari

2194 3229 2273 3283 vit
2297 3230 2633 3300 improbans.
2650 3232 2726 3288 ita
2752 3235 2965 3291 turbata
2992 3235 3239 3295 Eduense
3259 3242 3777 3317 meclesiaﬁorgau—

2193 3321 2296 3378 dus
2314 3322 2688 3381 Flaviniacum
2714 3327 2828 3395 ivit,
2843 3336 2896 3383 et
2917 3328 3225 3401 Gyrardum
3236 3333 3535 3404 aliquando
3550 3338 3774 3406 priorem

2192 3412 2556 3471 Colticensem
2588 3427 2779 3475 contra
2832 3420 3181 3478 interdictum
3236 3428 3461 3497 capituli
3516 3427 3774 3487 Eduensis

2193 3504 2267 3559 ibi
2292 3506 2540 3562 abbatem
2571 3510 2875 3579 constituit,
2912 3516 3217 3572 mercedem
3246 3519 3571 3589 pertinacia
3598 3537 3709 3577 suae
3723 3523 3770 3577 in

2192 3596 2298 3653 hoc
2320 3601 2483 3655 etiam
2507 3614 2900 3675 consequutus,
2936 3617 2998 3663 ut
3022 3611 3208 3667 omnia
3235 3613 3437 3670 'diebus
3466 3617 3594 3673 suis
3614 3617 3668 3673 in
3692 3632 3771 3689 pe-

2185 3688 2278 3759 jus
2303 3692 2451 3763 vcrgi
2481 3694 2707 3764 videret,
2741 3698 2885 3755 sicut
2917 3709 2973 3755 et
2994 3702 3059 3757 de
3086 3704 3321 3761 ecclesia
3363 3709 3547 3763 sancti
3569 3708 3770 3766 Martini

2189 3781 2509 3852 religionem
2562 3788 2891 3858 exturbavit,
2938 3801 2992 3848 et
3037 3796 3443 3854 secularitatem
3479 3800 3769 3858 introduxit

2187 3887 2314 3928 eum
2338 3875 2410 3931 ibi
2441 3878 2724 3949 ordinans,
2780 3898 2943 3954 quem
2975 3887 3196 3944 nomine
3229 3897 3387 3948 tenus
3421 3892 3665 3951 (ιοωιιιις
3688 3908 3769 3950 ar-

2187 3961 2571 4037 chiepiscopus
2599 3968 2911 4041 interdixit;
2941 3975 3021 4032 sic
3054 3987 3109 4032 et
3131 3978 3185 4033 in
3210 3979 3315 4037 hac
3336 3997 3617 4042 summam
3644 3985 3766 4041 infe-

2185 4051 2447 4111 licitatem
2482 4059 2550 4114 de
2570 4060 2972 4132 dispersioneet
2993 4069 3363 4130 destructione
3398 4078 3615 4134 ordinis
3646 4094 3764 4135 con-

2186 4158 2471 4218 sequutus,
2498 4168 2608 4208 non
2637 4153 2939 4233 intelligens
2970 4164 3116 4231 quod
3143 4165 3345 4222 dicitur
3372 4168 3430 4224 in
3454 4169 3766 4229 Sardicense

2185 4238 2549 4333 conciliocap.
2586 4244 2620 4298 4
2651 4263 2663 4299 :
2697 4244 2829 4301 Cum
2859 4248 3056 4321 aliquis
3077 4256 3349 4327 episcopus
3371 4259 3645 4330 depositus
3662 4264 3765 4333 [Ile-

2185 4329 2258 4381 rit
2278 4320 2846 4408 eorum‘episwporum
2880 4341 3091 4410 judicio
3145 4349 3237 4419 qui
3292 4350 3349 4405 in
3402 4353 3593 4409 ricini:
3646 4357 3762 4409 locis

2114 4450 2161 4507 Β
2185 4434 2611 4506 commorantur,
2641 4437 2690 4481 et
2724 4428 3131 4499 proclamaverit
3171 4440 3431 4509 agendum
3478 4443 3587 4498 sibi
3615 4461 3760 4516 nego—

2183 4511 2325 4565 cium
2349 4513 2405 4567 in
2426 4515 2553 4570 urbe
2570 4517 2761 4587 ficum,
2814 4523 3089 4596 episcopus
3120 4529 3176 4581 in
3215 4531 3329 4600 ejus
3363 4534 3620 4590 cathedra

2183 4604 2590 4695 appellationem
2621 4610 2735 4681 ejus
2755 4615 2847 4684 qui
2872 4617 3080 4672 videtur
3099 4637 3209 4676 esse
3233 4623 3534 4697 depositus,
3560 4604 3758 4683 omni»
3792 4644 3795 4649 '

2182 4711 2286 4749 non
2309 4689 2601 4770 ordinetur,
2626 4705 2731 4758 nisi
2778 4722 2942 4762 causa
2968 4710 3132 4780 fuerit
3154 4689 3367 4783 judicio
3395 4689 3630 4775 Romani
3659 4723 3759 4791 epi-

2178 4778 2322 4856 mu
2346 4792 2648 4847 terminata.
2688 4793 2764 4850 ita
2791 4778 3573 4877 Norigaudus'indiscussum,
3610 4813 3756 4867 inau-

2177 5060 2512 5131 admitterer,
2543 5067 2773 5126 Romam
2817 5075 2980 5132 etiam
3033 5080 3415 5150 appellantem,
3440 5093 3493 5139 et
3513 5101 3582 5141 ea
3614 5100 3752 5157 parte

2177 5150 2273 5207 Dei
2293 5162 2348 5208 et
2377 5157 2518 5212 beati
2549 5159 2695 5217 Petri
2717 5172 2771 5219 et
2793 5181 2947 5238 papae
2993 5171 3325 5229 ordinationi
3372 5176 3448 5230 illi
3488 5150 3752 5233 contradi-

2174 5253 2406 5314 centem,
2426 5262 2688 5318 quantum
2714 5256 2769 5309 in
2797 5271 2857 5312 se
2880 5258 3206 5332 fuitdejecit,
3228 5276 3283 5322 et
3314 5268 3428 5339 ipse
3446 5272 3595 5340 quod
3621 5287 3746 5342 que-

2168 5333 2295 5390 sivit
2322 5336 2543 5396 invenit.
2581 5341 2737 5401 Nunc
2782 5347 2946 5420 igitur
2975 5352 3021 5407 si
3045 5354 3214 5423 juste,
3242 5359 3287 5413 si
3332 5333 3599 5417 canonice
3626 5333 3743 5434 egit.

2170 5427 2367 5487 letetur
2400 5434 2454 5488 in
2482 5446 2703 5505 pastore
2733 5459 2896 5513 quem
2917 5449 3221 5517 constituit,
3259 5461 3316 5508 et
3352 5453 3409 5508 iu
3453 5469 3620 5527 grege

2025 5536 2251 5595 NOTAE.

491 5613 704 5739 mgni)
747 5615 1022 5691 Hugonem
1057 5633 1180 5693 post
1224 5643 1275 5681 tv
1324 5628 1398 5685 Id.
1432 5631 1611 5706 Mart.,
1645 5654 1793 5697 anno
1832 5644 1983 5715 llOl,
2033 5649 2134 5706 iter
2169 5634 2474 5729 ingressum
2544 5678 2667 5719 esse
2718 5666 2876 5722 docet
2937 5669 3125 5724 charta
3182 5671 3321 5731 Gali.
3384 5672 3588 5730 Christ.
3648 5675 3735 5738 li.
